4434 6452
308 381 444 438 1489

1717 376 2249 435 TESTAMENTUM.

3525 380 3666 437 1490

297 501 565 579 κερδανεῖς
606 501 776 558 πλέον.
842 499 1094 555 Ἐνταύθά
1142 519 1231 574 μοι
1274 504 1494 556 κένωσον
1549 505 1639 554 καὶ
1690 504 1748 553 τό
1786 501 1900 573 ἐμοὶ
1934 527 1971 576 Α

2015 501 2241 574 utrique
2280 501 2550 571 debetur,
2591 505 2724 576 post
2786 517 2980 558 meam
3021 504 3295 570 mortem,
3335 503 3508 558 matri
3548 511 3663 558 ture

299 593 590 657 έπιϐοίλλον,
636 597 725 642 καὶ
781 597 880 643 πᾶν
941 595 996 642 τό
1060 611 1191 665 προς
1249 590 1590 663 ἀμφοτέρους,
1659 599 1749 642 του
1802 609 1901 641 πα-

295 683 413 756 τρὸς
457 681 826 745 ύπεκστάντος,
881 687 941 751 τῇ
1012 685 1174 752 μητρὶ
1223 680 1437 751 πρᾶξον,
1505 680 1899 751 εὐγνωμοσύνην

297 769 564 824 ἀνόθευτον
621 767 704 820 ἐπὶ
757 770 974 832 τούτοις,
1035 770 1267 825 ύπακοην
1325 771 1580 842 πρόσθες,
1640 767 1898 841 ἐκπληρω-

302 877 385 912 σιν
455 857 800 929 ένταλμάτων,
860 860 916 908 τὸ
973 857 1125 909 πάνθ’
1212 859 1414 929 ἕτοιμον
1487 855 1615 909 εἶναι
1667 858 1892 927 τοσαύτη

298 953 390 998 καὶ
445 949 660 1017 τοιαύτη
735 943 954 1016 θεοφιλεῖ
1017 949 1180 1018 μητρὶ
1266 947 1573 1016 πειθαρχεῖν
1622 950 1710 996 καὶ
1749 942 1897 1014 φιλό-

297 1031 476 1096 παιδε,
525 1038 608 1085 σοὶ
647 1040 848 1106 πρῶτον
895 1037 984 1090 τὴν
1024 1037 1203 1090 ὄνησιν
1252 1035 1445 1104 ἔχοντα
1496 1033 1745 1090 πλείστην
1809 1036 1898 1083 καὶ

296 1128 576 1196 μεγίστην.
620 1122 786 1174 Καλόν
828 1141 908 1174 σοι
963 1127 1052 1174 καὶ
1099 1123 1240 1194 μάλα
1269 1142 1319 1174 τι
1359 1130 1599 1175 συνοῖσον
1638 1120 1899 1175 εύσέϐειαν

297 1218 559 1284 μητρικήν
640 1210 988 1276 εὐλαϐεῖσθαι,
1049 1217 1138 1264 καὶ
1223 1217 1316 1270 τήν
1375 1213 1564 1270 πολλὴν
1629 1211 1788 1270 αύτῆς
1852 1210 1899 1262 ἐν

299 1308 431 1354 πᾶσι
486 1303 784 1373 θεραπεύειν
822 1299 1108 1354 εὐλάϐειαν.
1163 1307 1342 1352 Ταῦτα
1394 1297 1461 1358 δὴ
1518 1306 1713 1372 πρᾶττε
1746 1321 1758 1333 ·
1809 1304 1900 1351 καὶ

297 1396 406 1450 τοῖς
475 1386 718 1461 ἀδελφοῖς
775 1387 888 1440 ἀντί
945 1393 1136 1462 πατρός
1189 1393 1298 1457 ἔσο,
1343 1389 1586 1460 φιλόπαις
1639 1391 1769 1462 όμού
1807 1392 1896 1440 καὶ

1330 1479 1498 1530 αύτων
1554 1483 1642 1530 καὶ
1693 1479 1896 1530 πάντων

1653 1566 1714 1624 ἣν
1768 1570 1896 1626 Θεὸς

1781 1655 1896 1707 κατ’

298 1475 622 1552 φιλάδελφος,
699 1478 904 1549 εἰρήνην
982 1483 1078 1536 τὴν
1136 1478 1247 1550 μετ’

295 1563 650 1639 μεταδιώκων,
715 1565 923 1636 ἀγάπην
983 1565 1030 1618 ἐν
1084 1567 1328 1623 εύθύτητι
1393 1567 1574 1638 ψυχῆς

296 1653 635 1725 έγκελεύεται.

296 1739 504 1804 ούδενὸς
531 1747 621 1815 μὲν
653 1751 752 1795 τῶν
800 1743 984 1805 ἄλλων,
1016 1744 1126 1795 κατ’
1172 1743 1335 1806 αὐτῆς
1376 1740 1435 1796 δὲ
1460 1748 1548 1795 καὶ
1592 1748 1747 1816 μόνης
1777 1743 1897 1805 ὅλας

704 1655 1099 1728 Ὑπερηφανείας
1163 1657 1514 1729 ύπερφονητής
1561 1657 1694 1716 ἴσθι,

295 1834 388 1893 τάς
439 1833 593 1903 ὀφρύς
651 1830 948 1902 ἐπηρμένος,
1009 1836 1096 1882 καὶ
1157 1836 1386 1902 γενναῖος
1442 1851 1518 1892 τις
1560 1835 1683 1905 πρὸς
1736 1832 1896 1890 αύτὴν
1931 1869 1972 1922 Β

295 1918 375 1971 ἀεὶ
456 1924 926 1994 παρατεταγμένος,
1007 1923 1140 1972 ὥστε
1197 1926 1264 1993 μή
1327 1940 1377 1972 τι
1436 1929 1650 1992 φανῆναι
1730 1921 1893 1992 ταύτῃ

298 2004 711 2080 δεδουλωμένος.
745 2006 986 2061 Ἀδικίαν
1017 2008 1069 2072 ἐξ
1115 2010 1232 2070 ὅλης
1286 2009 1468 2081 ψυχῆς
1522 2007 1896 2082 βδελυξάμενος

291 2101 546 2169 μίσησον.
610 2101 709 2150 Καί
736 2097 810 2168 γ’,
870 2101 918 2150 ἐν
965 2101 1165 2158 τούτοις
1220 2102 1356 2168 ἔχων
1409 2103 1497 2150 καὶ
1550 2101 1894 2163 κατευθύνων,

289 2191 452 2238 πᾶσιν
503 2184 552 2237 έν
584 2183 802 2256 ἀγαθοῖς
835 2187 978 2252 ζῆθι,
1020 2191 1110 2238 καὶ
1155 2195 1254 2239 τῶν
1298 2195 1388 2238 τού
1445 2196 1672 2258 πονηρού
1711 2195 1894 2238 πασῶν

290 2282 547 2346 μηχανῶν
656 2272 904 2347 ἀνώτερος
997 2279 1088 2326 καὶ
1163 2274 1472 2348 ὑψηλότερος
1575 2279 1893 2347 περισὼζου,

291 2359 458 2435 μηδεν
503 2369 612 2423 τοῖς
666 2362 826 2414 αὐτού
885 2367 1117 2438 κέντροις
1160 2370 1290 2435 μήτε
1337 2362 1718 2434 πλησσόμενος,
1775 2370 1897 2436 μήτε

292 2449 666 2524 βλαπτόμενος.
721 2451 916 2522 Βλάτζιοι
958 2471 1015 2505 σε
1073 2449 1131 2505 δὲ
1189 2459 1278 2504 καὶ
1335 2449 1522 2524 μηδείς
1579 2456 1740 2526 ἐτρος,
1788 2462 1898 2513 ταῖς

292 2539 480 2593 ἆκεένου
511 2537 809 2612 μεθοδεέαις
859 2541 935 2609 (1)
993 2546 1081 2592 καὶ
1139 2545 1349 2612 τέχναις
1401 2546 1743 2613 κεχρημένος,
1809 2546 1900 2593 καί

1799 2637 1899 2683 Καί

1422 2737 1511 2770 και
1590 2727 1898 2770 καταπατών

289 2647 349 2700 γε
399 2637 621 2703 φανερῶς
675 2628 1016 2681 ἐπιϐουλεύων
1079 2632 1106 2688 ἦ
1185 2628 1389 2701 ἀφανῶς
1445 2629 1711 2702 βλάπτων.

293 2719 510 2769 ἔντειναι
577 2738 666 2769 και
731 2719 1006 2790 κατόρθου,
1086 2717 1362 2770 έπιϐαένων

293 2825 383 2857 και
435 2804 700 2880 δράκοντα
757 2811 848 2879 μεν
925 2807 1134 2859 σκολιόν
1191 2807 1374 2860 σκολιά
1427 2827 1513 2860 σοι
1563 2809 1899 2880 σοφιζόμενον

296 2913 385 2946 και
431 2894 754 2964 ἐπινοοῦντα,
810 2895 940 2951 ἀλλά
989 2916 1080 2948 και
1122 2897 1299 2949 λέοντα
1345 2898 1419 2966 (2)
1478 2897 1764 2971 ὠρυόμενον
1811 2916 1901 2948 και

291 2983 545 3057 ἅρπαγμα
577 3005 666 3037 και
707 2984 911 3059 βρῶσιν
947 2990 1041 3044 τὴν
1074 2991 1171 3044 σὴν
1201 2986 1388 3058 ψυχὴν
1435 2985 1755 3047 ἐκζητούντα
1799 2987 1897 3056 (3).

291 3078 476 3148 Στέργε
533 3093 624 3126 και
676 3077 796 3127 ὅσον
851 3075 1039 3147 ἔλαχες
1113 3076 1185 3137 εἰς
1231 3077 1442 3151 κλῆρον,
1493 3079 1638 3149 ημῶν
1709 3078 1902 3151 προῖκά

292 3179 378 3213 σοι
437 3181 528 3213 και
599 3164 922 3237 μερισάντων
980 3182 1070 3214 και
1135 3162 1314 3226 τελέως
1367 3163 1746 3218 ἀποτισάντων.
1806 3170 1902 3216 Καί

290 3258 383 3301 νῦν
441 3246 500 3302 δὲ
553 3249 846 3303 τελευταῖον
900 3256 1056 3324 μέρος
1119 3251 1282 3326 χάριν
1345 3252 1519 3328 ἑτέραν
1577 3251 1866 3325 ἀπειληφὼς
1924 3255 2035 3324 ἔχε,
2101 3255 2404 3324 νομίσματα
2465 3255 2674 3322 χρυσοῦ

294 3346 397 3390 τῶν
429 3340 689 3411 ἡμετέρων
707 3347 959 3392 τοσοῦτον
985 3339 1045 3391 ἄν
1068 3339 1294 3413 ἀποτιμη
1306 3343 1437 3405 θείη,
1467 3340 1681 3413 ἀγαπῶν
1703 3346 1752 3394 ἐν
1781 3345 1971 3414 τούτῳ.

368 3427 444 3479 Ού
505 3433 604 3500 μην
645 3426 754 3479 ἀλλ’
808 3433 1174 3503 ἐπιστρεπτέον
1229 3426 1335 3489 ῆὸη
1386 3451 1476 3483 και
1525 3435 1652 3503 πρός
1689 3436 1746 3484 σέ
1809 3451 1899 3504 μοι
1931 3433 1970 3487 C

297 3521 384 3568 τόν
414 3513 655 3590 δεύτερον
685 3521 776 3589 μὲν
810 3526 882 3588 τῷ
922 3524 1100 3592 χρόνῳ
1134 3563 1149 3588 ,
1189 3516 1355 3591 μηδὲν
1415 3517 1466 3572 δ’
1514 3521 1667 3578 ἧττον
1717 3520 1899 3594 ἀποφε-

293 3609 506 3679 ρόμενον
568 3613 793 3676 στοργῆς
867 3609 1014 3678 ἡμῶν
1073 3627 1164 3659 και
1237 3608 1468 3682 φίλτρου,
1550 3610 1640 3662 ἅτε
1689 3605 1756 3668 δὴ
1811 3629 1902 3662 και

291 3690 460 3768 μηδὲν
533 3695 686 3752 ἧττον
739 3703 836 3757 τῆς
877 3705 1136 3770 πατρικῆς
1185 3702 1478 3769 μετέχοντα
1524 3704 1755 3770 σχέσεως
1812 3719 1903 3750 και

289 3792 388 3836 τῶν
453 3786 616 3856 ταύτῃ
672 3790 1067 3859 προσηκόντων,
1120 3786 1209 3848 Ὠς
1266 3795 1390 3857 γοῦν
1443 3791 1568 3862 πρός
1623 3789 1904 3860 ὁμοτίμους

291 3876 432 3934 ὄντος
472 3891 563 3944 μοι
592 3882 685 3926 τού
733 3873 912 3946 λόγου,
963 3879 1058 3932 τὴν
1100 3877 1248 3948 ἴσην]
1269 3896 1358 3928 και
1403 3881 1534 3950 πρὸς
1583 3876 1906 3950 ἀμφοτέρους

1805 3974 1904 4020 Καί

291 4049 552 4124 βούλομαί
593 4071 677 4105 σοι
703 4072 794 4105 και
847 4056 1142 4126 έπεύχόμαι
1188 4057 1287 4107 ὃσα
1320 4052 1387 4114 δὴ
1435 4075 1526 4108 και
1574 4060 1778 4131 εἴρηται
1817 4076 1904 4108 και

290 4148 364 4210 τῷ
427 4145 530 4215 πρό
599 4149 696 4194 σοῦ
753 4145 1044 4214 γεννηθέντι
1123 4144 1500 4218 συνταξάμενος
1535 4195 1542 4204 ,
1575 4146 1900 4217 ἐπηυξάμην.

297 4234 398 4282 Καί
448 4233 557 4293 εἴης
607 4229 658 4282 έν
718 4235 809 4304 μεν
855 4238 962 4292 τοῖς
1005 4231 1183 4296 καλοῖς
1234 4253 1324 4284 και
1391 4233 1626 4306 ἀμεινοσι
1683 4231 1904 4307 μηδενός

289 3964 582 4032 νουθεσίαν,
645 3967 766 4026 ῖσας
817 3960 878 4016 δὲ
955 3984 1042 4016 και
1092 3967 1182 4026 τὰς
1244 3966 1404 4038 εύχάς
1450 3975 1722 4039 ποιούμαι.

296 4321 437 4376 ἦττω
479 4327 668 4391 μοῖραν
718 4319 1211 4392 ἀποκεκομισμένος,
1259 4319 1453 4386 reddi
1481 4329 1720 4397 χείρονος
1769 4344 1904 4376 παν-

296 4410 389 4470 τὸς
425 4412 534 4470 εἴης
599 4413 867 4483 κρείττων,
924 4407 1146 4482 μηδενός
1193 4415 1446 4484 μετέχων,
1512 4433 1601 4464 και
1643 4433 1699 4466 σε
1745 4419 1905 4465 κακία

293 4493 534 4570 μηδεμία
585 4494 848 4571 μηδαμῶς
879 4503 930 4551 έν
983 4497 1158 4552 οὐδενί
1207 4507 1465 4576 κρατήσοι
1509 4507 1902 4575 χειρωσαμένη,

289 4588 339 4638 έν
389 4583 439 4638 δ’
502 4584 712 4659 ἀρεταῖς
785 4588 1021 4650 ἀπάσάις
1104 4593 1190 4642 τὸν
1260 4593 1469 4663 εύρετην
1546 4595 1742 4654 ταύτης
1815 4613 1906 4646 και

291 4680 549 4748 σόφιστὴν
603 4683 818 4747 νικῴης,
849 4697 940 4729 και
983 4685 1171 4750 νικῲης
1228 4687 1344 4744 ταῖς
1397 4689 1669 4756 μετρικαῖς
1717 4682 1906 4754 εύχαῖς

2007 589 2612 649 tribuas:sinceram
2677 591 3125 661 gratitudinem,
3193 607 3302 663 pro
3363 591 3666 648 beneficiis

2007 680 2183 734 tantis
2233 679 2636 737 obedientiam
2693 696 2935 753 quoque
2971 679 3186 741 addas.
3230 679 3658 736 mandatorum

2007 766 2496 839 adimpletionem
2525 787 2537 835 ;
2567 769 2628 824 in
2665 769 2948 824 omnibus
2972 772 3148 822 tantce
3173 782 3242 823 ac
3266 767 3386 833 tali,
3423 774 3664 840 tamque

2005 855 2119 928 piae
2157 861 2212 911 et
2246 857 2504 913 filiorum
2532 857 2759 913 amanti
2796 856 2969 912 matri
2997 855 3242 910 obedire
3281 872 3517 927 semper
3553 873 3663 928 pa-

2005 949 2169 1000 ratus
2208 945 2308 1009 sis,
2348 951 2405 1001 et
2437 945 2574 1001 inde
2613 945 2932 1017 plurimam
2971 960 3040 1000 ac
3078 945 3408 999 maximam
3443 945 3661 1001 utilita-

2007 1035 2128 1088 tem
2154 1033 2464 1105 percipies.
2489 1033 2805 1089 Pulchrum
2839 1033 2938 1088 tibi
2975 1038 3138 1087 estet
3161 1032 3334 1086 valde
3364 1033 3500 1087 utile
3536 1050 3665 1089 mu-

2008 1122 2110 1176 tris
2145 1122 2426 1193 pietatem
2462 1123 2751 1190 venerari,
2785 1126 2842 1177 et
2876 1137 3062 1193 quam
3095 1121 3355 1176 maxime
3390 1122 3446 1175 iu
3471 1123 3664 1176 omni-

2006 1210 2122 1266 bus
2173 1211 2353 1282 hujus
2381 1213 2775 1268 reverentiam
2831 1226 3060 1266 curare.
3126 1213 3254 1265 Haec
3293 1211 3468 1277 igitur
3503 1227 3614 1275 age
3649 1229 3662 1266 :

2006 1305 2064 1354 et
2083 1298 2363 1354 fratribus
2389 1300 2468 1355 sis
2495 1316 2604 1371 pro
2628 1305 2792 1372 patre
2827 1319 2839 1355 :
2868 1304 3118 1371 paterno
3146 1298 3322 1352 simul
3355 1314 3424 1353 ac
3453 1298 3664 1354 frater-

2006 1403 2086 1443 no
2123 1403 2328 1442 amore
2356 1388 2590 1460 plenus,
2622 1403 2835 1459 pacem
2866 1403 3003 1442 cum
3027 1387 3096 1441 iis
3132 1392 3188 1440 et
3215 1401 3354 1441 cum
3377 1387 3662 1441 omnibus

2004 1475 2260 1543 habens,
2287 1475 2716 1547 caritatemque
2753 1491 2889 1531 eam
2928 1475 2985 1529 in
3027 1474 3245 1529 animos
3286 1474 3668 1542 rectitudine,

2005 1569 2070 1620 ut
2099 1564 2270 1634 jubet
2299 1567 2478 1621 Deus.
2509 1563 2864 1635 Superbiam
2890 1567 3264 1626 contemnas,
3290 1567 3498 1616 contra
3520 1562 3664 1617 nihil

2005 1653 2188 1718 aliud,
2225 1657 2434 1708 contra
2467 1667 2603 1707 eam
2643 1668 2784 1708 vero
2819 1651 3009 1706 solam
3063 1655 3182 1706 tota
3219 1650 3537 1721 supercilia
3571 1656 3657 1707 at-

2005 1740 2236 1809 tollens,
2251 1755 2660 1813 generoseque
2676 1742 2734 1795 in
2755 1757 2888 1796 eam
2907 1745 3197 1810 tauquam
3217 1739 3343 1793 acie
3359 1754 3662 1810 pugnans,

2004 1829 2086 1886 ita
2143 1835 2206 1884 ut
2239 1844 2554 1901 nunquam
2607 1830 2656 1884 ei
2697 1830 2916 1884 servire
2953 1827 3230 1883 videaris.
3299 1827 3662 1896 lnjustitiam

2004 1925 2127 1975 toto
2157 1919 2335 1974 corde
2371 1917 2752 1973 abominatus
2776 1917 2895 1972 odi.
2931 1918 3060 1971 llaec
3096 1916 3428 1971 observans
3465 1922 3518 1971 et
3561 1917 3662 1971 ad-

2004 2008 2282 2080 implens,
2320 2007 2380 2062 in
2415 2006 2700 2062 omnibus
2738 2007 2911 2062 bonis
2946 2006 3098 2075 vive,
3138 2011 3193 2060 et
3231 2020 3415 2076 supra
3449 2020 3661 2059 omnes

2003 2095 2251 2165 maligni
2265 2095 2565 2151 machinas
2582 2110 2926 2162 assurgens,
2947 2109 3016 2150 ac
3035 2093 3388 2149 excelsiorin
3408 2093 3655 2148 effectus

2005 2191 2359 2257 stes,neque
2395 2187 2522 2254 ejus
2561 2184 2781 2239 aculeis
2816 2185 3017 2242 lassus.
3045 2199 3240 2255 neque
3274 2182 3442 2238 ictus.
3482 2185 3666 2239 Nemo

2007 2279 2206 2330 autem
2262 2273 2415 2328 alius
2459 2278 2511 2328 te
2563 2272 2761 2336 ltedat,
2793 2273 2962 2327 istius
2992 2271 3146 2326 dolis
3179 2277 3235 2325 et
3267 2269 3495 2325 artibus
3522 2287 3666 2323 usus

2007 2363 2128 2418 sive
2149 2367 2348 2434 aperte
2365 2361 2694 2426 insidietur,
2717 2361 2838 2416 sive
2851 2361 3104 2416 obscure
3122 2358 3435 2414 laedatSed
3455 2358 3666 2414 firmus

2009 2468 2078 2506 ac
2093 2455 2285 2506 rectus
2304 2465 2868 2522 maneas,premens
2887 2447 3318 2504 etconculcans
3335 2447 3663 2503 draconem

2010 2541 2190 2596 istum
2216 2539 2533 2611 obliquum
2595 2539 2840 2611 obliqua
2907 2539 3011 2593 tibi
3069 2537 3472 2592 insinuantem
3531 2553 3670 2591 sua-

2010 2627 2516 2700 dentemque,sed
2545 2632 2601 2682 et
2625 2627 2862 2682 leonem
2899 2626 3234 2696 rugientem
3259 2628 3316 2680 et
3352 2629 3514 2680 tuam
3543 2625 3669 2680 aui-

2013 2734 2178 2774 mam
2199 2733 2408 2789 rapere
2440 2732 2510 2772 ac
2538 2732 2750 2772 vorare
2777 2721 3168 2788 quaerentem.
3200 2716 3350 2769 Ama
3371 2713 3670 2786 quidquid

2011 2808 2073 2862 iu
2109 2804 2517 2861 hmreditatem
2541 2804 2782 2860 sortitus
2813 2821 2874 2857 es
2895 2819 2929 2858 a
2947 2802 3117 2858 nobis
3142 2802 3244 2874 qui
3273 2800 3456 2856 tibiid
3487 2802 3673 2871 gratis

2011 2894 2450 2968 impertivimus
2483 2899 2541 2948 et
2562 2892 2817 2966 perfecte
2851 2891 3264 2964 rependimus.
3302 2893 3362 2944 Iit
3386 2905 3547 2945 nunc
3562 2890 3674 2945 ult-

2013 3000 2180 3040 mam
2241 2987 2495 3055 partem,
2537 2981 2794 3051 gratiam
2856 2980 3102 3036 alteram
3141 2977 3344 3050 accipe
3383 2992 3451 3034 ac
3488 2979 3674 3034 retine

2011 3086 2298 3128 nummos
2320 3085 2536 3126 aureos
2695 3072 2760 3124 Et
2788 3068 2835 3124 si
2851 3068 2996 3141 quid
3022 3065 3184 3123 dliud
3207 3066 3509 3121 bonorum
3531 3081 3673 3122 nos-

2015 3167 2242 3219 trorum
2277 3161 2419 3216 tanti
2457 3160 2784 3214 aestimetur
2800 3158 2914 3214 hoc
2950 3160 3265 3212 contentus
3291 3154 3392 3211 sis.

3135 3287 3149 3310 ,
3200 3246 3229 3304 η
3293 3246 3338 3296 εἴ
3392 3263 3445 3296 τι
3508 3244 3676 3318 ἕτερον

2084 3428 2198 3486 Sed
2251 3431 2454 3484 tamen
2507 3441 2670 3482 nunc
2724 3428 2960 3497 oportet
2999 3439 3096 3480 me
3134 3421 3212 3478 ad
3281 3426 3337 3478 te
3373 3421 3668 3488 converti;

2009 3519 2114 3592 qui
2141 3517 2286 3574 mihi
2341 3520 2513 3572 aetate
2555 3515 2802 3588 quidem
2859 3512 3161 3569 secundus
3220 3527 3306 3578 es,
3371 3525 3495 3566 non
3572 3511 3681 3566 mi-

2010 3625 2124 3665 nus
2178 3612 2381 3662 autem
2462 3605 2794 3661 dilectionis
2857 3608 2912 3658 ct
2979 3603 3203 3658 amoris
3272 3617 3309 3656 a
3375 3615 3472 3657 me
3530 3599 3681 3656 obti-

2011 3715 2142 3762 nes,
2183 3697 2408 3770 quippe
2437 3695 2541 3768 qui
2570 3709 2689 3750 non
2721 3694 2920 3748 minus
2945 3691 3173 3748 habeas
3213 3693 3528 3762 paternam
3559 3689 3674 3744 for-

2014 3803 2178 3844 mam
2199 3791 2255 3842 et
2274 3802 2410 3858 quae
2435 3785 2514 3840 ad
2539 3800 2672 3840 eam
2699 3783 3055 3856 pertineant.
3089 3785 3236 3837 Cum
3265 3779 3446 3849 igitur
3474 3780 3552 3833 ad
3576 3793 3676 3834 eos

2013 3877 2114 3948 qui
2144 3876 2274 3949 pari
2301 3875 2466 3948 apud
2497 3891 2593 3930 me
2620 3873 2832 3929 honori
2865 3877 3022 3938 sunt,
3049 3883 3370 3926 sermonen
3392 3867 3676 3936 habeam,

2013 3967 2091 4023 ad
2140 3972 2462 4038 utrumque
2509 3963 2725 4020 eadem
2760 3961 3009 4018 consilia
3055 3959 3423 4031 easdemque
3458 3971 3670 4030 preces

2013 4056 2291 4124 dirigam,
2316 4071 2386 4111 ac
2408 4053 2510 4110 tibi
2540 4057 2682 4126 opto
2714 4065 3045 4125 percorque
3080 4063 3482 4122 quascumque
3513 4047 3684 4102 dicta.

2016 4151 2158 4201 sunt
2186 4150 2243 4201 et
2268 4147 2320 4199 ei
2374 4145 2477 4216 qui
2533 4144 2696 4215 prior
2723 4147 2774 4198 te
2812 4141 3046 4210 genitus
3075 4145 3182 4206 est,
3203 4141 3481 4210 precatus
3504 4151 3669 4192 sum.

2016 4239 2218 4306 Neque
2249 4233 2542 4289 minorem
2583 4232 2642 4287 in
2678 4229 2946 4304 pulchris
2981 4227 3282 4298 bonisque
3321 4229 3556 4298 partem
3593 4240 3682 4281 re-

2015 4324 2172 4380 feras
2201 4342 2214 4390 ;
2247 4321 2543 4395 quidquid
2567 4337 2709 4376 vero
2733 4319 2957 4375 malum
2982 4323 3378 4389 est,superes,
3397 4314 3545 4370 nihil
3570 4314 3685 4369 tale

2015 4414 2344 4486 experiens,
2377 4427 2571 4484 neque
2595 4410 2716 4466 ulla
2741 4409 2968 4465 malitia
2992 4413 3043 4463 te
3068 4408 3263 4462 vincat
3284 4405 3686 4475 domitetque,

2015 4504 2072 4559 in
2102 4502 2384 4559 omnibus
2414 4517 2549 4556 vero
2573 4499 2893 4555 virtutibus
2931 4497 3172 4553 malitiae
3208 4497 3586 4552 inventorem
3623 4497 3686 4549 et

2017 4598 2323 4648 auctorem
2354 4591 2585 4656 vincas,
2621 4594 2677 4645 et
2707 4589 2915 4644 vincas
2937 4588 3146 4642 matris
3175 4584 3456 4657 precibus
3489 4598 3686 4639 arma-

2017 4686 2114 4738 tus
2151 4685 2209 4737 et
2235 4680 2525 4736 adversus
2553 4679 2683 4750 ejus
2719 4676 2996 4742 insidias,
3035 4675 3156 4730 sive
3182 4689 3288 4746 per
3310 4689 3374 4727 se
3403 4672 3684 4727 inimicus

291 4765 798 4839 έγκαθωπλισμένος,
877 4787 968 4820 και
1016 4773 1148 4842 πρός
1225 4773 1316 4831 τὰς
1399 4771 1697 4838 ἐπιϐουλὰς,
1749 4774 1777 4832 ἡ
1833 4769 1906 4823 δι’
1945 4784 1971 4838 [

2019 4774 2220 4840 tentet,
2257 4769 2381 4824 sive
2414 4784 2523 4842 per
2557 4766 2709 4824 alios
2744 4765 2996 4821 artificia
3049 4767 3256 4834 struat,
3297 4766 3584 4818 constans
3620 4775 3692 4816 ac

289 4854 474 4908 ἑαυτοῦ
573 4863 666 4908 τοῦ
758 4855 1009 4930 πολεμίου
1081 4863 1398 4932 πειρωμένου
1475 4861 1504 4919 ἡ
1576 4858 1648 4914 δι’
1726 4861 1906 4934 ἑτέρων

292 4947 703 5018 μηχανωμένου,
773 4943 1143 5020 ἀπερίτρεπτός
1207 4967 1284 5008 τις
1354 4969 1443 5000 και
1511 4954 1756 5024 κραταιός
1801 4971 1910 5003 πα-

289 5032 612 5106 ρεμϐάλλων.
693 5034 996 5109 Ἐπαρηξει,
1089 5033 1144 5089 εὖ
1243 5033 1386 5106 οῖδα,
1475 5043 1676 5114 μητρός
1745 5042 1906 5114 θερμὴ

289 5126 492 5188 πίστις,
559 5127 690 5175 Θεὸν
751 5123 976 5198 ἰσχυρόν
1016 5144 1107 5176 και
1163 5127 1512 5189 έξουσιαστην
1561 5133 1694 5181 κατά
1731 5132 1910 5192 πάσης

693 5034 996 5109 Ἐπαρηξει,

292 5210 655 5283 ἀντικειμένης
713 5209 983 5285 δυνάμεως
1039 5212 1241 5288 ἀρωγόν
1281 5216 1657 5290 ἐπικαλουμένη
1725 5223 1815 5270 καί
1851 5239 1910 5291 γε

290 5302 724 5374 παρεχομένη,
785 5299 854 5361 δὴ
905 5322 996 5354 και
1045 5301 1197 5356 οὐδὲν
1255 5306 1418 5367 οὕτως
1460 5303 1612 5364 ἣδιον
1663 5310 1730 5370 ὡς
1799 5311 1911 5370 uio;

292 5515 574 5643 Ῠι(Ι¹)¹Ί“ἀς
616 5513 900 5590 μεθοδείας
928 5517 1147 5575 diaboli
1179 5519 1327 5576 dixit
1378 5521 1597 5578 Paulus
1629 5523 1709 5580 ad
1760 5525 1911 5597 Eph.

361 5628 732 5730 ’(2l)-.Psalm.
799 5670 890 5732 xc,”
948 5666 1007 5719 l3
1053 5678 1065 5718 :
1118 5657 1522 5726 Καταπατήσεις
1570 5665 1748 5722 λέοντα
1825 5687 1916 5721 και

295 5723 587 5803 δράκοντα.

2018 4859 2184 4916 fortis
2227 4857 2505 4914 resistas!
2540 4856 2666 4913 Tibi
2728 4853 3138 4921 auxiliabitur,
3191 4857 3255 4908 ut
3293 4851 3437 4921 scio,
3478 4850 3687 4905 matris

2019 4948 2421 5012 ardenstides,
2439 4948 2625 5002 Deum
2649 4945 2858 5001 fortem
2876 4959 2944 5000 ac
2971 4943 3450 5014 omnipotentem
3469 4938 3679 4996 adver-

2021 5057 2126 5095 sus
2171 5053 2417 5094 omnem
2461 5036 2807 5110 Oppositum
2847 5037 3206 5106 potestatem
3237 5031 3578 5101 adjutorem
3603 5028 3689 5084 in-

2018 5143 2246 5184 vocans
2275 5133 2333 5183 et
2362 5131 2675 5199 prmstans,
2701 5124 2795 5179 cui
2834 5138 2981 5178 sane
3014 5121 3162 5178 nihil
3191 5125 3313 5176 tam
3346 5117 3690 5190 jucundum

2021 5223 2315 5290 estquam
2354 5215 2515 5271 ﬁlius
2547 5220 2803 5270 matrem
2849 5211 3184 5280 lretificans,
3217 5215 3277 5266 et
3301 5209 3475 5280 juxta
3500 5205 3692 5279 ipsius

2021 5305 2316 5363 mandata
2353 5306 2509 5362 hanc
2546 5302 2695 5372 legis
2735 5307 2994 5376 partem,
3020 5315 3209 5374 quam
3269 5295 3691 5368 diligentissim

2095 5524 2173 5593 (3)
2237 5522 2652 5595 Petr.IEpist.
2719 5537 2774 5585 ν,
2837 5523 2868 5575 8
2931 5519 2990 5571 Ὀ
3028 5513 3294 5579 ἀντίδικος
3346 5515 3496 5595 ¹ύμῶν
3571 5508 3692 5595 dir/:-

2026 5587 2190 5664 ϐολος,
2261 5597 2329 5658 ὡς
2395 5587 2538 5648 λέγων’
2579 5595 2889 5665 ὠρυόμενος,
2972 5595 3267 5663 περιπατεῖ,
3342 5587 3516 5648 ζητῶν
3578 5588 3696 5634 τίνα

2027 5671 2256 5720 autem“:
2270 5707 2283 5722 .
