  <div class='ocr_page' id='page_1' title='image "/cluster/home/n/w/nwhite01/storage/ocr_20150623/140/nnc1.0046979905/761.png"; bbox 0 0 4434 6452; ppageno 0'>
   <div class='ocr_carea' id='block_1_1' title="bbox 785 380 918 434">
    <p class='ocr_par' dir='ltr' id='par_1_1' title="bbox 785 380 918 434">
     <span class='ocr_line' id='line_1_1' title="bbox 785 380 918 434; baseline 0.038 -5"><span class='ocrx_word' id='word_1_1' title='bbox 785 380 918 434; x_wconf 74' lang='grc'>4491</span> 
     </span>
    </p>
   </div>
   <div class='ocr_carea' id='block_1_2' title="bbox 781 592 2420 661">
    <p class='ocr_par' dir='ltr' id='par_1_2' title="bbox 781 592 2420 661">
     <span class='ocr_line' id='line_1_2' title="bbox 781 592 2420 661; baseline -0.002 -12"><span class='ocrx_word' id='word_1_2' title='bbox 781 594 1070 657; x_wconf 77' lang='lat' dir='ltr'>tribuens,</span> <span class='ocrx_word' id='word_1_3' title='bbox 1111 592 1191 645; x_wconf 88' lang='lat' dir='ltr'>ita</span> <span class='ocrx_word' id='word_1_4' title='bbox 1229 598 1307 659; x_wconf 79' lang='lat' dir='ltr'>ut,</span> <span class='ocrx_word' id='word_1_5' title='bbox 1345 596 1586 661; x_wconf 84' lang='lat' dir='ltr'>propter</span> <span class='ocrx_word' id='word_1_6' title='bbox 1632 595 1837 655; x_wconf 87' lang='lat' dir='ltr'>Deum,</span> <span class='ocrx_word' id='word_1_7' title='bbox 1874 599 1931 649; x_wconf 93' lang='lat' dir='ltr'>et</span> <span class='ocrx_word' id='word_1_8' title='bbox 1979 594 2128 648; x_wconf 81' lang='lat' dir='ltr'>meis</span> <span class='ocrx_word' id='word_1_9' title='bbox 2165 593 2420 648; x_wconf 89' lang='lat' dir='ltr'>adhorta</span> 
     </span>
    </p>
   </div>
   <div class='ocr_carea' id='block_1_3' title="bbox 783 680 2443 753">
    <p class='ocr_par' dir='ltr' id='par_1_3' title="bbox 783 680 2443 753">
     <span class='ocr_line' id='line_1_3' title="bbox 783 680 2443 753; baseline -0.002 -15"><span class='ocrx_word' id='word_1_10' title='bbox 783 682 1050 738; x_wconf 76' lang='lat' dir='ltr'>tionibus</span> <span class='ocrx_word' id='word_1_11' title='bbox 1065 680 1335 746; x_wconf 89' lang='lat' dir='ltr'>obedias,</span> <span class='ocrx_word' id='word_1_12' title='bbox 1348 680 1515 750; x_wconf 91' lang='lat' dir='ltr'>quod</span> <span class='ocrx_word' id='word_1_13' title='bbox 1531 680 1785 737; x_wconf 86' lang='lat' dir='ltr'>voluerit</span> <span class='ocrx_word' id='word_1_14' title='bbox 1798 682 2076 753; x_wconf 81' lang='lat' dir='ltr'>mater,id</span> <span class='ocrx_word' id='word_1_15' title='bbox 2095 680 2443 752; x_wconf 79' lang='lat' dir='ltr'>exsequeris</span> 
     </span>
    </p>
   </div>
   <div class='ocr_carea' id='block_1_4' title="bbox 785 771 2444 843">
    <p class='ocr_par' dir='ltr' id='par_1_4' title="bbox 785 771 2444 843">
     <span class='ocr_line' id='line_1_4' title="bbox 785 771 2444 843; baseline -0.003 -15"><span class='ocrx_word' id='word_1_16' title='bbox 785 779 842 828; x_wconf 91' lang='lat' dir='ltr'>et</span> <span class='ocrx_word' id='word_1_17' title='bbox 876 772 1154 828; x_wconf 80' lang='lat' dir='ltr'>ardenter</span> <span class='ocrx_word' id='word_1_18' title='bbox 1207 785 1475 841; x_wconf 83' lang='lat' dir='ltr'>sequere.</span> <span class='ocrx_word' id='word_1_19' title='bbox 1541 774 1601 826; x_wconf 87' lang='lat' dir='ltr'>Et</span> <span class='ocrx_word' id='word_1_20' title='bbox 1632 771 1735 827; x_wconf 84' lang='lat' dir='ltr'>tibi</span> <span class='ocrx_word' id='word_1_21' title='bbox 1766 773 1927 843; x_wconf 88' lang='lat' dir='ltr'>apud</span> <span class='ocrx_word' id='word_1_22' title='bbox 1977 775 2161 827; x_wconf 91' lang='lat' dir='ltr'>Deum</span> <span class='ocrx_word' id='word_1_23' title='bbox 2189 772 2297 826; x_wconf 92' lang='lat' dir='ltr'>erit</span> <span class='ocrx_word' id='word_1_24' title='bbox 2335 786 2444 840; x_wconf 89' lang='lat' dir='ltr'>pro</span> 
     </span>
    </p>
   </div>
   <div class='ocr_carea' id='block_1_5' title="bbox 786 859 2444 933">
    <p class='ocr_par' dir='ltr' id='par_1_5' title="bbox 786 859 2444 933">
     <span class='ocr_line' id='line_1_5' title="bbox 786 859 2444 933; baseline -0.002 -16"><span class='ocrx_word' id='word_1_25' title='bbox 786 861 1061 917; x_wconf 85' lang='lat' dir='ltr'>mercede</span> <span class='ocrx_word' id='word_1_26' title='bbox 1084 860 1293 929; x_wconf 81' lang='lat' dir='ltr'>gloria,</span> <span class='ocrx_word' id='word_1_27' title='bbox 1314 866 1370 914; x_wconf 88' lang='lat' dir='ltr'>et</span> <span class='ocrx_word' id='word_1_28' title='bbox 1387 860 1549 931; x_wconf 90' lang='lat' dir='ltr'>apud</span> <span class='ocrx_word' id='word_1_29' title='bbox 1564 877 1773 915; x_wconf 90' lang='lat' dir='ltr'>omnes</span> <span class='ocrx_word' id='word_1_30' title='bbox 1796 862 2097 926; x_wconf 81' lang='lat' dir='ltr'>nomines,</span> <span class='ocrx_word' id='word_1_31' title='bbox 2113 859 2444 933; x_wconf 60' lang='lat' dir='ltr'>praesertim</span> 
     </span>
    </p>
   </div>
   <div class='ocr_carea' id='block_1_6' title="bbox 784 947 2443 1021">
    <p class='ocr_par' dir='ltr' id='par_1_6' title="bbox 784 947 2443 1021">
     <span class='ocr_line' id='line_1_6' title="bbox 784 947 2443 1021; baseline -0.002 -16"><span class='ocrx_word' id='word_1_32' title='bbox 784 966 925 1005; x_wconf 83' lang='lat' dir='ltr'>vero</span> <span class='ocrx_word' id='word_1_33' title='bbox 963 948 1127 1021; x_wconf 91' lang='lat' dir='ltr'>apud</span> <span class='ocrx_word' id='word_1_34' title='bbox 1185 948 1340 1019; x_wconf 90' lang='lat' dir='ltr'>pios,</span> <span class='ocrx_word' id='word_1_35' title='bbox 1393 948 1710 1019; x_wconf 88' lang='lat' dir='ltr'>splendida</span> <span class='ocrx_word' id='word_1_36' title='bbox 1766 965 1838 1005; x_wconf 88' lang='lat' dir='ltr'>ac</span> <span class='ocrx_word' id='word_1_37' title='bbox 1892 950 2292 1021; x_wconf 87' lang='lat' dir='ltr'>pulcherrima</span> <span class='ocrx_word' id='word_1_38' title='bbox 2340 947 2443 1002; x_wconf 88' lang='lat' dir='ltr'>tibi</span> 
     </span>
    </p>
   </div>
   <div class='ocr_carea' id='block_1_7' title="bbox 785 1036 2439 1109">
    <p class='ocr_par' dir='ltr' id='par_1_7' title="bbox 785 1036 2439 1109">
     <span class='ocr_line' id='line_1_7' title="bbox 785 1036 2439 1109; baseline -0.002 -16"><span class='ocrx_word' id='word_1_39' title='bbox 785 1037 1175 1109; x_wconf 86' lang='lat' dir='ltr'>adoptabitur</span> <span class='ocrx_word' id='word_1_40' title='bbox 1234 1036 1434 1105; x_wconf 77' lang='lat' dir='ltr'>gloriae</span> <span class='ocrx_word' id='word_1_41' title='bbox 1495 1053 1739 1104; x_wconf 83' lang='lat' dir='ltr'>corona,</span> <span class='ocrx_word' id='word_1_42' title='bbox 1777 1038 1984 1093; x_wconf 89' lang='lat' dir='ltr'>dulces</span> <span class='ocrx_word' id='word_1_43' title='bbox 2016 1054 2087 1094; x_wconf 90' lang='lat' dir='ltr'>ac</span> <span class='ocrx_word' id='word_1_44' title='bbox 2109 1052 2321 1092; x_wconf 78' lang='lat' dir='ltr'>suaves</span> <span class='ocrx_word' id='word_1_45' title='bbox 2350 1036 2439 1090; x_wconf 88' lang='lat' dir='ltr'>vel</span> 
     </span>
    </p>
   </div>
   <div class='ocr_carea' id='block_1_8' title="bbox 785 1125 2444 1197">
    <p class='ocr_par' dir='ltr' id='par_1_8' title="bbox 785 1125 2444 1197">
     <span class='ocr_line' id='line_1_8' title="bbox 785 1125 2444 1197; baseline -0.001 -16"><span class='ocrx_word' id='word_1_46' title='bbox 785 1126 877 1181; x_wconf 91' lang='lat' dir='ltr'>his</span> <span class='ocrx_word' id='word_1_47' title='bbox 903 1126 963 1181; x_wconf 89' lang='lat' dir='ltr'>in</span> <span class='ocrx_word' id='word_1_48' title='bbox 1025 1125 1191 1180; x_wconf 87' lang='lat' dir='ltr'>terris</span> <span class='ocrx_word' id='word_1_49' title='bbox 1254 1126 1339 1179; x_wconf 89' lang='lat' dir='ltr'>tui</span> <span class='ocrx_word' id='word_1_50' title='bbox 1398 1126 1620 1181; x_wconf 90' lang='lat' dir='ltr'>amoris</span> <span class='ocrx_word' id='word_1_51' title='bbox 1653 1126 1879 1182; x_wconf 85' lang='lat' dir='ltr'>fructus</span> <span class='ocrx_word' id='word_1_52' title='bbox 1904 1127 2171 1197; x_wconf 83' lang='lat' dir='ltr'>carpenti</span> <span class='ocrx_word' id='word_1_53' title='bbox 2208 1144 2225 1195; x_wconf 85' lang='lat'>_;</span> <span class='ocrx_word' id='word_1_54' title='bbox 2260 1125 2365 1179; x_wconf 91' lang='lat' dir='ltr'>sed</span> <span class='ocrx_word' id='word_1_55' title='bbox 2387 1128 2444 1179; x_wconf 90' lang='lat' dir='ltr'>et</span> 
     </span>
    </p>
   </div>
   <div class='ocr_carea' id='block_1_9' title="bbox 782 1212 2441 1285">
    <p class='ocr_par' dir='ltr' id='par_1_9' title="bbox 782 1212 2441 1285">
     <span class='ocr_line' id='line_1_9' title="bbox 782 1212 2441 1285; baseline -0.002 -16"><span class='ocrx_word' id='word_1_56' title='bbox 782 1215 843 1269; x_wconf 91' lang='lat' dir='ltr'>in</span> <span class='ocrx_word' id='word_1_57' title='bbox 891 1215 1085 1269; x_wconf 80' lang='lat' dir='ltr'>futura</span> <span class='ocrx_word' id='word_1_58' title='bbox 1137 1229 1207 1268; x_wconf 88' lang='lat' dir='ltr'>ac</span> <span class='ocrx_word' id='word_1_59' title='bbox 1256 1219 1481 1268; x_wconf 66' lang='lat' dir='ltr'>aeterna</span> <span class='ocrx_word' id='word_1_60' title='bbox 1535 1214 1679 1279; x_wconf 81' lang='lat' dir='ltr'>vita,</span> <span class='ocrx_word' id='word_1_61' title='bbox 1711 1214 1922 1285; x_wconf 86' lang='lat' dir='ltr'>quales</span> <span class='ocrx_word' id='word_1_62' title='bbox 1973 1229 2169 1285; x_wconf 90' lang='lat' dir='ltr'>neque</span> <span class='ocrx_word' id='word_1_63' title='bbox 2231 1212 2441 1268; x_wconf 86' lang='lat' dir='ltr'>oculus</span> 
     </span>
    </p>
   </div>
   <div class='ocr_carea' id='block_1_10' title="bbox 785 1301 2442 1373">
    <p class='ocr_par' dir='ltr' id='par_1_10' title="bbox 785 1301 2442 1373">
     <span class='ocr_line' id='line_1_10' title="bbox 785 1301 2442 1373; baseline -0.002 -16"><span class='ocrx_word' id='word_1_64' title='bbox 785 1302 950 1371; x_wconf 87' lang='lat' dir='ltr'>vidit,</span> <span class='ocrx_word' id='word_1_65' title='bbox 983 1317 1179 1373; x_wconf 91' lang='lat' dir='ltr'>neque</span> <span class='ocrx_word' id='word_1_66' title='bbox 1236 1302 1401 1355; x_wconf 89' lang='lat' dir='ltr'>auris</span> <span class='ocrx_word' id='word_1_67' title='bbox 1452 1301 1681 1356; x_wconf 81' lang='lat' dir='ltr'>audivit</span> <span class='ocrx_word' id='word_1_68' title='bbox 1724 1318 1919 1373; x_wconf 92' lang='lat' dir='ltr'>neque</span> <span class='ocrx_word' id='word_1_69' title='bbox 1948 1303 2009 1357; x_wconf 90' lang='lat' dir='ltr'>in</span> <span class='ocrx_word' id='word_1_70' title='bbox 2049 1317 2153 1357; x_wconf 93' lang='lat' dir='ltr'>cor</span> <span class='ocrx_word' id='word_1_71' title='bbox 2182 1301 2442 1356; x_wconf 86' lang='lat' dir='ltr'>hominis</span> 
     </span>
    </p>
   </div>
   <div class='ocr_carea' id='block_1_11' title="bbox 789 1390 2440 1446">
    <p class='ocr_par' dir='ltr' id='par_1_11' title="bbox 789 1390 2440 1446">
     <span class='ocr_line' id='line_1_11' title="bbox 789 1390 2440 1446; baseline -0.001 -2"><span class='ocrx_word' id='word_1_72' title='bbox 789 1390 1186 1445; x_wconf 74' lang='lat' dir='ltr'>ascenderunt</span> <span class='ocrx_word' id='word_1_73' title='bbox 1236 1390 1480 1444; x_wconf 87' lang='lat' dir='ltr'>sinceris</span> <span class='ocrx_word' id='word_1_74' title='bbox 1540 1390 1768 1445; x_wconf 90' lang='lat' dir='ltr'>deliciis</span> <span class='ocrx_word' id='word_1_75' title='bbox 1802 1390 2036 1446; x_wconf 83' lang='lat' dir='ltr'>frueris.</span> <span class='ocrx_word' id='word_1_76' title='bbox 2061 1394 2107 1442; x_wconf 81' lang='grc' dir='ltr'><strong>Α</strong></span> <span class='ocrx_word' id='word_1_77' title='bbox 2140 1390 2315 1444; x_wconf 84' lang='lat' dir='ltr'>nobis</span> <span class='ocrx_word' id='word_1_78' title='bbox 2341 1406 2440 1443; x_wconf 90' lang='lat' dir='ltr'>au-</span> 
     </span>
    </p>
   </div>
   <div class='ocr_carea' id='block_1_12' title="bbox 788 1476 2442 1549">
    <p class='ocr_par' dir='ltr' id='par_1_12' title="bbox 788 1476 2442 1549">
     <span class='ocr_line' id='line_1_12' title="bbox 788 1476 2442 1549; baseline -0.002 -16"><span class='ocrx_word' id='word_1_79' title='bbox 788 1483 928 1543; x_wconf 88' lang='lat' dir='ltr'>tem,</span> <span class='ocrx_word' id='word_1_80' title='bbox 988 1477 1134 1549; x_wconf 92' lang='lat' dir='ltr'>quid</span> <span class='ocrx_word' id='word_1_81' title='bbox 1194 1476 1294 1532; x_wconf 92' lang='lat' dir='ltr'>tibi</span> <span class='ocrx_word' id='word_1_82' title='bbox 1350 1476 1504 1531; x_wconf 87' lang='lat' dir='ltr'>bene</span> <span class='ocrx_word' id='word_1_83' title='bbox 1542 1478 1797 1547; x_wconf 88' lang='lat' dir='ltr'>sapienti</span> <span class='ocrx_word' id='word_1_84' title='bbox 1834 1478 2091 1549; x_wconf 86' lang='lat' dir='ltr'>amplius</span> <span class='ocrx_word' id='word_1_85' title='bbox 2123 1478 2227 1531; x_wconf 88' lang='lat' dir='ltr'>erit</span> <span class='ocrx_word' id='word_1_86' title='bbox 2256 1492 2442 1548; x_wconf 90' lang='lat' dir='ltr'>quam</span> 
     </span>
    </p>
   </div>
   <div class='ocr_carea' id='block_1_13' title="bbox 787 1565 2444 1638">
    <p class='ocr_par' dir='ltr' id='par_1_13' title="bbox 787 1565 2444 1638">
     <span class='ocr_line' id='line_1_13' title="bbox 787 1565 2444 1638; baseline -0.001 -17"><span class='ocrx_word' id='word_1_87' title='bbox 787 1583 858 1621; x_wconf 91' lang='lat' dir='ltr'>ea</span> <span class='ocrx_word' id='word_1_88' title='bbox 881 1582 1018 1638; x_wconf 69' lang='lat' dir='ltr'>quae</span> <span class='ocrx_word' id='word_1_89' title='bbox 1045 1566 1212 1637; x_wconf 89' lang='lat' dir='ltr'>prius</span> <span class='ocrx_word' id='word_1_90' title='bbox 1263 1566 1559 1636; x_wconf 88' lang='lat' dir='ltr'>accepisti,</span> <span class='ocrx_word' id='word_1_91' title='bbox 1597 1572 1653 1620; x_wconf 91' lang='lat' dir='ltr'>et</span> <span class='ocrx_word' id='word_1_92' title='bbox 1679 1582 1750 1620; x_wconf 92' lang='lat' dir='ltr'>ea</span> <span class='ocrx_word' id='word_1_93' title='bbox 1781 1572 1919 1621; x_wconf 89' lang='lat' dir='ltr'>vota</span> <span class='ocrx_word' id='word_1_94' title='bbox 1954 1582 2090 1637; x_wconf 75' lang='lat' dir='ltr'>quae</span> <span class='ocrx_word' id='word_1_95' title='bbox 2122 1582 2280 1620; x_wconf 91' lang='lat' dir='ltr'>nunc</span> <span class='ocrx_word' id='word_1_96' title='bbox 2307 1565 2444 1619; x_wconf 87' lang='lat' dir='ltr'>faci-</span> 
     </span>
    </p>
   </div>
   <div class='ocr_carea' id='block_1_14' title="bbox 786 1653 2441 1725">
    <p class='ocr_par' dir='ltr' id='par_1_14' title="bbox 786 1653 2441 1725">
     <span class='ocr_line' id='line_1_14' title="bbox 786 1653 2441 1725; baseline -0.001 -15"><span class='ocrx_word' id='word_1_97' title='bbox 786 1671 923 1710; x_wconf 91' lang='lat' dir='ltr'>mus</span> <span class='ocrx_word' id='word_1_98' title='bbox 956 1655 982 1709; x_wconf 86' lang='lat'><strong>?</strong></span> <span class='ocrx_word' id='word_1_99' title='bbox 1015 1655 1069 1710; x_wconf 91' lang='lat' dir='ltr'>Si</span> <span class='ocrx_word' id='word_1_100' title='bbox 1093 1654 1238 1725; x_wconf 91' lang='lat' dir='ltr'>quid</span> <span class='ocrx_word' id='word_1_101' title='bbox 1280 1653 1540 1724; x_wconf 86' lang='lat' dir='ltr'>amplius</span> <span class='ocrx_word' id='word_1_102' title='bbox 1566 1654 1636 1708; x_wconf 92' lang='lat' dir='ltr'>iis</span> <span class='ocrx_word' id='word_1_103' title='bbox 1679 1654 2133 1724; x_wconf 88' lang='lat' dir='ltr'>addioporteat,</span> <span class='ocrx_word' id='word_1_104' title='bbox 2168 1654 2441 1709; x_wconf 87' lang='lat' dir='ltr'>ultimum</span> 
     </span>
    </p>
   </div>
   <div class='ocr_carea' id='block_1_15' title="bbox 786 1741 2442 1813">
    <p class='ocr_par' dir='ltr' id='par_1_15' title="bbox 786 1741 2442 1813">
     <span class='ocr_line' id='line_1_15' title="bbox 786 1741 2442 1813; baseline -0.002 -15"><span class='ocrx_word' id='word_1_105' title='bbox 786 1759 930 1798; x_wconf 85' lang='lat' dir='ltr'>sane</span> <span class='ocrx_word' id='word_1_106' title='bbox 984 1744 1214 1798; x_wconf 90' lang='lat' dir='ltr'>donum</span> <span class='ocrx_word' id='word_1_107' title='bbox 1270 1748 1326 1797; x_wconf 88' lang='lat' dir='ltr'>et</span> <span class='ocrx_word' id='word_1_108' title='bbox 1377 1742 1629 1811; x_wconf 79' lang='lat' dir='ltr'>gratiam</span> <span class='ocrx_word' id='word_1_109' title='bbox 1681 1742 1983 1809; x_wconf 88' lang='lat' dir='ltr'>addimus,</span> <span class='ocrx_word' id='word_1_110' title='bbox 2022 1742 2167 1797; x_wconf 89' lang='lat' dir='ltr'>nihil</span> <span class='ocrx_word' id='word_1_111' title='bbox 2196 1741 2442 1813; x_wconf 88' lang='lat' dir='ltr'>quidem</span> 
     </span>
    </p>
   </div>
   <div class='ocr_carea' id='block_1_16' title="bbox 784 1830 2064 1902">
    <p class='ocr_par' dir='ltr' id='par_1_16' title="bbox 784 1830 2064 1902">
     <span class='ocr_line' id='line_1_16' title="bbox 784 1830 2064 1902; baseline 0.002 -16"><span class='ocrx_word' id='word_1_112' title='bbox 784 1847 1008 1898; x_wconf 81' lang='lat' dir='ltr'>minus,</span> <span class='ocrx_word' id='word_1_113' title='bbox 1030 1830 1131 1885; x_wconf 88' lang='lat' dir='ltr'>sed</span> <span class='ocrx_word' id='word_1_114' title='bbox 1157 1830 1363 1885; x_wconf 89' lang='lat' dir='ltr'>omnio</span> <span class='ocrx_word' id='word_1_115' title='bbox 1390 1830 1788 1902; x_wconf 75' lang='lat' dir='ltr'>primogenito</span> <span class='ocrx_word' id='word_1_116' title='bbox 1815 1831 2064 1902; x_wconf 74' lang='lat' dir='ltr'>zequale.</span> 
     </span>
    </p>
   </div>
   <div class='ocr_carea' id='block_1_17' title="bbox 784 1916 1364 1989">
    <p class='ocr_par' dir='ltr' id='par_1_17' title="bbox 784 1916 1364 1989">
     <span class='ocr_line' id='line_1_17' title="bbox 784 1916 1364 1989; baseline -0.002 -19"><span class='ocrx_word' id='word_1_117' title='bbox 784 1928 872 1971; x_wconf 82' lang='grc' dir='ltr'>νῦν</span> <span class='ocrx_word' id='word_1_118' title='bbox 926 1916 986 1971; x_wconf 76' lang='grc' dir='ltr'>δὲ</span> <span class='ocrx_word' id='word_1_119' title='bbox 1028 1927 1128 1969; x_wconf 86' lang='grc' dir='ltr'>τῶν</span> <span class='ocrx_word' id='word_1_120' title='bbox 1173 1918 1364 1989; x_wconf 74' lang='grc' dir='ltr'>εὐχῶν,</span> 
     </span>
    </p>
   </div>
   <div class='ocr_carea' id='block_1_18' title="bbox 2133 377 2800 435">
    <p class='ocr_par' dir='ltr' id='par_1_18' title="bbox 2133 377 2800 435">
     <span class='ocr_line' id='line_1_18' title="bbox 2133 377 2800 435; baseline -0.001 -1"><span class='ocrx_word' id='word_1_121' title='bbox 2133 379 2506 435; x_wconf 81' lang='lat' dir='ltr'>NICEPHORI</span> <span class='ocrx_word' id='word_1_122' title='bbox 2535 377 2800 435; x_wconf 78' lang='lat' dir='ltr'>CHUMNI</span> 
     </span>
    </p>
   </div>
   <div class='ocr_carea' id='block_1_19' title="bbox 785 500 2536 575">
    <p class='ocr_par' dir='ltr' id='par_1_19' title="bbox 785 500 2521 575">
     <span class='ocr_line' id='line_1_19' title="bbox 785 500 2521 575; baseline 0 -18"><span class='ocrx_word' id='word_1_123' title='bbox 785 504 1136 568; x_wconf 72' lang='lat' dir='ltr'>ob~ervans,</span> <span class='ocrx_word' id='word_1_124' title='bbox 1154 504 1331 571; x_wconf 87' lang='lat' dir='ltr'>atque</span> <span class='ocrx_word' id='word_1_125' title='bbox 1347 500 1631 571; x_wconf 89' lang='lat' dir='ltr'>deinceps</span> <span class='ocrx_word' id='word_1_126' title='bbox 1642 503 1938 575; x_wconf 89' lang='lat' dir='ltr'>quidquid</span> <span class='ocrx_word' id='word_1_127' title='bbox 1953 503 2123 559; x_wconf 85' lang='lat' dir='ltr'>decet</span> <span class='ocrx_word' id='word_1_128' title='bbox 2137 504 2251 574; x_wconf 69' lang='lat' dir='ltr'>pias</span> <span class='ocrx_word' id='word_1_129' title='bbox 2269 502 2442 557; x_wconf 87' lang='lat' dir='ltr'>matri</span> <span class='ocrx_word' id='word_1_130' title='bbox 2476 515 2521 566; x_wconf 82' lang='grc' dir='ltr'><strong>Α</strong></span> 
     </span>
    </p>
   </div>
   <div class='ocr_carea' id='block_1_20' title="bbox 1847 500 3598 575">
    <p class='ocr_par' dir='ltr' id='par_1_20' title="bbox 1847 502 3598 574">
     <span class='ocr_line' id='line_1_20' title="bbox 1847 502 3598 574; baseline -0.002 -16"><span class='ocrx_word' id='word_1_131' title='bbox 1847 502 2442 574; x_wconf 67' lang='lat' dir='ltr'>uiddecetpiaamatri</span> <span class='ocrx_word' id='word_1_132' title='bbox 2476 515 2521 566; x_wconf 83' lang='grc' dir='ltr'><strong>Α</strong></span> <span class='ocrx_word' id='word_1_133' title='bbox 2553 502 2838 573; x_wconf 68' lang='grc' dir='ltr'>εὐφραίνων</span> <span class='ocrx_word' id='word_1_134' title='bbox 2890 506 3109 572; x_wconf 78' lang='grc' dir='ltr'>μητέρα,</span> <span class='ocrx_word' id='word_1_135' title='bbox 3171 507 3261 553; x_wconf 81' lang='lat' dir='ltr'>xui</span> <span class='ocrx_word' id='word_1_136' title='bbox 3321 504 3455 553; x_wconf 84' lang='grc' dir='ltr'>κατὰ</span> <span class='ocrx_word' id='word_1_137' title='bbox 3510 504 3598 563; x_wconf 83' lang='grc' dir='ltr'>τὰς</span> 
     </span>
    </p>
   </div>
   <div class='ocr_carea' id='block_1_21' title="bbox 1447 1919 2557 1990">
    <p class='ocr_par' dir='ltr' id='par_1_21' title="bbox 1447 1919 2557 1990">
     <span class='ocr_line' id='line_1_21' title="bbox 1447 1919 2557 1990; baseline -0.002 -20"><span class='ocrx_word' id='word_1_138' title='bbox 1447 1924 1498 1970; x_wconf 85' lang='grc' dir='ltr'>τί</span> <span class='ocrx_word' id='word_1_139' title='bbox 1550 1919 1700 1971; x_wconf 82' lang='grc' dir='ltr'>πλέον</span> <span class='ocrx_word' id='word_1_140' title='bbox 1780 1923 1893 1971; x_wconf 82' lang='grc' dir='ltr'>ἔστι</span> <span class='ocrx_word' id='word_1_141' title='bbox 1949 1939 2033 1971; x_wconf 89' lang='grc' dir='ltr'>σοι</span> <span class='ocrx_word' id='word_1_142' title='bbox 2086 1920 2490 1990; x_wconf 83' lang='grc' dir='ltr'>εύγνωμονοῡντι</span> <span class='ocrx_word' id='word_1_143' title='bbox 2545 1934 2557 1985; x_wconf 78' lang='lat'>;</span> 
     </span>
    </p>
   </div>
   <div class='ocr_carea' id='block_1_22' title="bbox 4018 381 4155 435">
    <p class='ocr_par' dir='ltr' id='par_1_22' title="bbox 4018 381 4155 435">
     <span class='ocr_line' id='line_1_22' title="bbox 4018 381 4155 435; baseline 0 -1"><span class='ocrx_word' id='word_1_144' title='bbox 4018 381 4155 435; x_wconf 76' lang='grc'>1492</span> 
     </span>
    </p>
   </div>
   <div class='ocr_carea' id='block_1_23' title="bbox 3694 502 4155 565">
    <p class='ocr_par' dir='ltr' id='par_1_23' title="bbox 3694 502 4155 565">
     <span class='ocr_line' id='line_1_23' title="bbox 3694 502 4155 565; baseline 0.002 -11"><span class='ocrx_word' id='word_1_145' title='bbox 3694 502 3885 555; x_wconf 83' lang='grc' dir='ltr'>ἐκείνου</span> <span class='ocrx_word' id='word_1_146' title='bbox 3951 503 4155 565; x_wconf 78' lang='grc' dir='ltr'>ἐντολὰς</span> 
     </span>
    </p>
   </div>
   <div class='ocr_carea' id='block_1_24' title="bbox 2552 586 4153 663">
    <p class='ocr_par' dir='ltr' id='par_1_24' title="bbox 2552 586 4153 663">
     <span class='ocr_line' id='line_1_24' title="bbox 2552 586 4153 663; baseline 0.001 -22"><span class='ocrx_word' id='word_1_147' title='bbox 2552 596 2641 641; x_wconf 84' lang='lat' dir='ltr'>xui</span> <span class='ocrx_word' id='word_1_148' title='bbox 2697 598 2849 641; x_wconf 89' lang='grc' dir='ltr'>τοῦτο</span> <span class='ocrx_word' id='word_1_149' title='bbox 2894 586 2961 646; x_wconf 79' lang='grc' dir='ltr'>δὴ</span> <span class='ocrx_word' id='word_1_150' title='bbox 3027 593 3085 640; x_wconf 91' lang='grc' dir='ltr'>τό</span> <span class='ocrx_word' id='word_1_151' title='bbox 3133 594 3283 663; x_wconf 82' lang='grc' dir='ltr'>μέρος</span> <span class='ocrx_word' id='word_1_152' title='bbox 3342 590 3423 641; x_wconf 77' lang='grc' dir='ltr'>ἐπὶ</span> <span class='ocrx_word' id='word_1_153' title='bbox 3494 591 3737 643; x_wconf 84' lang='grc' dir='ltr'>πλεῖστον</span> <span class='ocrx_word' id='word_1_154' title='bbox 3782 594 3902 643; x_wconf 84' lang='grc' dir='ltr'>ὅσον</span> <span class='ocrx_word' id='word_1_155' title='bbox 3948 592 4153 643; x_wconf 80' lang='grc' dir='ltr'>πεπολιο</span> 
     </span>
    </p>
   </div>
   <div class='ocr_carea' id='block_1_25' title="bbox 2551 679 4158 752">
    <p class='ocr_par' dir='ltr' id='par_1_25' title="bbox 2551 679 4158 752">
     <span class='ocr_line' id='line_1_25' title="bbox 2551 679 4158 752; baseline 0.001 -22"><span class='ocrx_word' id='word_1_156' title='bbox 2551 683 2809 750; x_wconf 80' lang='grc' dir='ltr'>τευμένος.</span> <span class='ocrx_word' id='word_1_157' title='bbox 2891 684 2989 730; x_wconf 81' lang='grc' dir='ltr'>Καὶ</span> <span class='ocrx_word' id='word_1_158' title='bbox 3064 686 3189 748; x_wconf 85' lang='grc' dir='ltr'>γοῦν</span> <span class='ocrx_word' id='word_1_159' title='bbox 3246 683 3303 730; x_wconf 90' lang='grc' dir='ltr'>τό</span> <span class='ocrx_word' id='word_1_160' title='bbox 3377 679 3512 739; x_wconf 83' lang='grc' dir='ltr'>εἰκός</span> <span class='ocrx_word' id='word_1_161' title='bbox 3562 686 3663 731; x_wconf 87' lang='grc' dir='ltr'>πᾶν</span> <span class='ocrx_word' id='word_1_162' title='bbox 3714 680 3929 751; x_wconf 84' lang='grc' dir='ltr'>θεοφιλει</span> <span class='ocrx_word' id='word_1_163' title='bbox 3992 685 4158 752; x_wconf 81' lang='grc' dir='ltr'>μητρὶ</span> 
     </span>
    </p>
   </div>
   <div class='ocr_carea' id='block_1_26' title="bbox 2552 766 4161 841">
    <p class='ocr_par' dir='ltr' id='par_1_26' title="bbox 2552 766 4161 841">
     <span class='ocr_line' id='line_1_26' title="bbox 2552 766 4161 841; baseline 0.001 -22"><span class='ocrx_word' id='word_1_164' title='bbox 2552 768 2876 840; x_wconf 81' lang='grc' dir='ltr'>περισώζων,</span> <span class='ocrx_word' id='word_1_165' title='bbox 2902 770 3037 819; x_wconf 80' lang='grc' dir='ltr'>ὥστε</span> <span class='ocrx_word' id='word_1_166' title='bbox 3074 772 3167 818; x_wconf 82' lang='grc' dir='ltr'>καὶ</span> <span class='ocrx_word' id='word_1_167' title='bbox 3200 775 3333 821; x_wconf 87' lang='grc' dir='ltr'>Θεοῦ</span> <span class='ocrx_word' id='word_1_168' title='bbox 3364 771 3525 841; x_wconf 82' lang='grc' dir='ltr'>χάριν</span> <span class='ocrx_word' id='word_1_169' title='bbox 3577 788 3666 821; x_wconf 91' lang='grc' dir='ltr'>και</span> <span class='ocrx_word' id='word_1_170' title='bbox 3732 776 3850 829; x_wconf 88' lang='grc' dir='ltr'>ταῖς</span> <span class='ocrx_word' id='word_1_171' title='bbox 3896 768 4043 840; x_wconf 83' lang='grc' dir='ltr'>ἐμαῖς</span> <span class='ocrx_word' id='word_1_172' title='bbox 4099 766 4161 821; x_wconf 68' lang='grc' dir='ltr'>δὲ</span> 
     </span>
    </p>
   </div>
   <div class='ocr_carea' id='block_1_27' title="bbox 2552 854 4161 931">
    <p class='ocr_par' dir='ltr' id='par_1_27' title="bbox 2552 854 4161 931">
     <span class='ocr_line' id='line_1_27' title="bbox 2552 854 4161 931; baseline 0.002 -26"><span class='ocrx_word' id='word_1_173' title='bbox 2552 858 2918 927; x_wconf 78' lang='grc' dir='ltr'>παραινέσεσιν</span> <span class='ocrx_word' id='word_1_174' title='bbox 2985 859 3152 921; x_wconf 81' lang='grc' dir='ltr'>εἴκων,</span> <span class='ocrx_word' id='word_1_175' title='bbox 3188 856 3336 907; x_wconf 82' lang='grc' dir='ltr'>πάντ’</span> <span class='ocrx_word' id='word_1_176' title='bbox 3393 859 3481 908; x_wconf 82' lang='grc' dir='ltr'>ἔσο</span> <span class='ocrx_word' id='word_1_177' title='bbox 3538 861 3700 929; x_wconf 84' lang='grc' dir='ltr'>μητρὶ</span> <span class='ocrx_word' id='word_1_178' title='bbox 3737 861 3869 931; x_wconf 87' lang='grc' dir='ltr'>πρὸς</span> <span class='ocrx_word' id='word_1_179' title='bbox 3899 858 3933 908; x_wconf 84' lang='grc' dir='ltr'>οἷ</span> <span class='ocrx_word' id='word_1_180' title='bbox 3967 854 4001 909; x_wconf 87' lang='grc' dir='ltr'><em>δ</em></span> <span class='ocrx_word' id='word_1_181' title='bbox 4008 863 4033 915; x_wconf 74' lang='grc' dir='ltr'>η</span> <span class='ocrx_word' id='word_1_182' title='bbox 4067 862 4161 909; x_wconf 84' lang='lat' dir='ltr'>xui.</span> 
     </span>
    </p>
   </div>
   <div class='ocr_carea' id='block_1_28' title="bbox 2554 942 4155 1017">
    <p class='ocr_par' dir='ltr' id='par_1_28' title="bbox 2554 942 4155 1017">
     <span class='ocr_line' id='line_1_28' title="bbox 2554 942 4155 1017; baseline 0 -23"><span class='ocrx_word' id='word_1_183' title='bbox 2554 942 2796 1014; x_wconf 79' lang='grc' dir='ltr'>βούλοιτο</span> <span class='ocrx_word' id='word_1_184' title='bbox 2860 944 3278 1015; x_wconf 81' lang='grc' dir='ltr'>ὑποτασσόμενος</span> <span class='ocrx_word' id='word_1_185' title='bbox 3338 950 3429 996; x_wconf 83' lang='grc' dir='ltr'>καὶ</span> <span class='ocrx_word' id='word_1_186' title='bbox 3470 944 3773 1017; x_wconf 78' lang='grc' dir='ltr'>ἐφεπόμενος</span> <span class='ocrx_word' id='word_1_187' title='bbox 3828 948 4111 1016; x_wconf 82' lang='grc' dir='ltr'>προθύμως</span> <span class='ocrx_word' id='word_1_188' title='bbox 4141 966 4155 978; x_wconf 89' lang='grc'><strong>·</strong></span> 
     </span>
    </p>
   </div>
   <div class='ocr_carea' id='block_1_29' title="bbox 2550 1029 4160 1107">
    <p class='ocr_par' dir='ltr' id='par_1_29' title="bbox 2550 1029 4160 1107">
     <span class='ocr_line' id='line_1_29' title="bbox 2550 1029 4160 1107; baseline 0 -25"><span class='ocrx_word' id='word_1_189' title='bbox 2550 1037 2641 1083; x_wconf 88' lang='lat' dir='ltr'>xui</span> <span class='ocrx_word' id='word_1_190' title='bbox 2664 1036 2894 1084; x_wconf 89' lang='grc' dir='ltr'>κείσεται</span> <span class='ocrx_word' id='word_1_191' title='bbox 2925 1036 3014 1102; x_wconf 84' lang='grc' dir='ltr'>μέν</span> <span class='ocrx_word' id='word_1_192' title='bbox 3053 1051 3137 1084; x_wconf 90' lang='grc' dir='ltr'>σοι</span> <span class='ocrx_word' id='word_1_193' title='bbox 3169 1029 3301 1094; x_wconf 81' lang='grc' dir='ltr'>δόξα</span> <span class='ocrx_word' id='word_1_194' title='bbox 3362 1036 3503 1107; x_wconf 89' lang='grc' dir='ltr'>παρά</span> <span class='ocrx_word' id='word_1_195' title='bbox 3548 1041 3682 1086; x_wconf 80' lang='grc' dir='ltr'>Θεοῦ</span> <span class='ocrx_word' id='word_1_196' title='bbox 3741 1037 3869 1107; x_wconf 87' lang='grc' dir='ltr'>πρός</span> <span class='ocrx_word' id='word_1_197' title='bbox 3933 1032 4160 1104; x_wconf 77' lang='grc' dir='ltr'>ἀμοιϐὴν</span> 
     </span>
    </p>
   </div>
   <div class='ocr_carea' id='block_1_30' title="bbox 2550 1119 4162 1195">
    <p class='ocr_par' dir='ltr' id='par_1_30' title="bbox 2550 1119 4162 1195">
     <span class='ocr_line' id='line_1_30' title="bbox 2550 1119 4162 1195; baseline 0.001 -24"><span class='ocrx_word' id='word_1_198' title='bbox 2550 1125 2846 1192; x_wconf 70' lang='grc' dir='ltr'>γιγνομένη,</span> <span class='ocrx_word' id='word_1_199' title='bbox 2911 1119 3038 1171; x_wconf 85' lang='grc' dir='ltr'>ἀλλά</span> <span class='ocrx_word' id='word_1_200' title='bbox 3116 1126 3204 1172; x_wconf 84' lang='grc' dir='ltr'>καὶ</span> <span class='ocrx_word' id='word_1_201' title='bbox 3273 1124 3417 1195; x_wconf 85' lang='grc' dir='ltr'>παρά</span> <span class='ocrx_word' id='word_1_202' title='bbox 3464 1127 3625 1173; x_wconf 88' lang='grc' dir='ltr'>πᾶσιν</span> <span class='ocrx_word' id='word_1_203' title='bbox 3698 1121 4002 1193; x_wconf 87' lang='grc' dir='ltr'>ἀνθρώποις,</span> <span class='ocrx_word' id='word_1_204' title='bbox 4069 1127 4162 1173; x_wconf 90' lang='lat' dir='ltr'>xui</span> 
     </span>
    </p>
   </div>
   <div class='ocr_carea' id='block_1_31' title="bbox 2551 1207 4161 1283">
    <p class='ocr_par' dir='ltr' id='par_1_31' title="bbox 2551 1207 4161 1283">
     <span class='ocr_line' id='line_1_31' title="bbox 2551 1207 4161 1283; baseline 0.003 -25"><span class='ocrx_word' id='word_1_205' title='bbox 2551 1208 2782 1279; x_wconf 77' lang='grc' dir='ltr'>μάλιστά</span> <span class='ocrx_word' id='word_1_206' title='bbox 2819 1227 2877 1278; x_wconf 87' lang='grc' dir='ltr'>γε</span> <span class='ocrx_word' id='word_1_207' title='bbox 2925 1216 3034 1269; x_wconf 90' lang='grc' dir='ltr'>τοῖς</span> <span class='ocrx_word' id='word_1_208' title='bbox 3115 1208 3406 1275; x_wconf 73' lang='grc' dir='ltr'>εὐσεϐοῦσι,</span> <span class='ocrx_word' id='word_1_209' title='bbox 3489 1210 3724 1283; x_wconf 80' lang='grc' dir='ltr'>λαμπρός</span> <span class='ocrx_word' id='word_1_210' title='bbox 3786 1211 3936 1269; x_wconf 74' lang='grc' dir='ltr'>οὗτος</span> <span class='ocrx_word' id='word_1_211' title='bbox 3994 1207 4161 1271; x_wconf 80' lang='grc' dir='ltr'>δόξης</span> 
     </span>
    </p>
   </div>
   <div class='ocr_carea' id='block_1_32' title="bbox 2551 1295 4160 1369">
    <p class='ocr_par' dir='ltr' id='par_1_32' title="bbox 2551 1295 4160 1369">
     <span class='ocr_line' id='line_1_32' title="bbox 2551 1295 4160 1369; baseline 0.002 -23"><span class='ocrx_word' id='word_1_212' title='bbox 2551 1301 2640 1347; x_wconf 83' lang='grc' dir='ltr'>καὶ</span> <span class='ocrx_word' id='word_1_213' title='bbox 2696 1296 2974 1358; x_wconf 75' lang='grc' dir='ltr'>κάλλιστος</span> <span class='ocrx_word' id='word_1_214' title='bbox 3033 1296 3483 1367; x_wconf 58' lang='grc' dir='ltr'>ἐπιρρωσθήσεται</span> <span class='ocrx_word' id='word_1_215' title='bbox 3538 1303 3799 1369; x_wconf 75' lang='grc' dir='ltr'>στέφανος,</span> <span class='ocrx_word' id='word_1_216' title='bbox 3861 1295 4005 1357; x_wconf 78' lang='grc' dir='ltr'>ἡδεῖς</span> <span class='ocrx_word' id='word_1_217' title='bbox 4067 1302 4160 1369; x_wconf 73' lang='grc' dir='ltr'>μὲν</span> 
     </span>
    </p>
   </div>
   <div class='ocr_carea' id='block_1_33' title="bbox 2550 1382 4162 1457">
    <p class='ocr_par' dir='ltr' id='par_1_33' title="bbox 2550 1382 4162 1457">
     <span class='ocr_line' id='line_1_33' title="bbox 2550 1382 4162 1457; baseline 0.002 -23"><span class='ocrx_word' id='word_1_218' title='bbox 2550 1388 2641 1435; x_wconf 81' lang='grc' dir='ltr'>καὶ</span> <span class='ocrx_word' id='word_1_219' title='bbox 2669 1384 2875 1453; x_wconf 88' lang='grc' dir='ltr'>γλυκεῖς</span> <span class='ocrx_word' id='word_1_220' title='bbox 2904 1383 3171 1435; x_wconf 78' lang='grc' dir='ltr'>κάνταῦθα</span> <span class='ocrx_word' id='word_1_221' title='bbox 3226 1382 3382 1436; x_wconf 82' lang='grc' dir='ltr'>τοῦδε</span> <span class='ocrx_word' id='word_1_222' title='bbox 3434 1393 3524 1437; x_wconf 79' lang='grc' dir='ltr'>τοῦ</span> <span class='ocrx_word' id='word_1_223' title='bbox 3557 1383 3973 1457; x_wconf 75' lang='grc' dir='ltr'>σπουδάσματος</span> <span class='ocrx_word' id='word_1_224' title='bbox 4036 1390 4162 1445; x_wconf 77' lang='grc' dir='ltr'>τοὺς</span> 
     </span>
    </p>
   </div>
   <div class='ocr_carea' id='block_1_34' title="bbox 2552 1472 4160 1545">
    <p class='ocr_par' dir='ltr' id='par_1_34' title="bbox 2552 1472 4160 1545">
     <span class='ocr_line' id='line_1_34' title="bbox 2552 1472 4160 1545; baseline 0.002 -24"><span class='ocrx_word' id='word_1_225' title='bbox 2552 1476 2784 1545; x_wconf 85' lang='grc' dir='ltr'>καρπούς</span> <span class='ocrx_word' id='word_1_226' title='bbox 2832 1481 3091 1543; x_wconf 82' lang='grc' dir='ltr'>τρυγῶντι</span> <span class='ocrx_word' id='word_1_227' title='bbox 3152 1493 3164 1505; x_wconf 91' lang='grc'><strong>·</strong></span> <span class='ocrx_word' id='word_1_228' title='bbox 3223 1472 3349 1523; x_wconf 69' lang='grc' dir='ltr'>ἀλλὰ</span> <span class='ocrx_word' id='word_1_229' title='bbox 3396 1478 3485 1525; x_wconf 80' lang='grc' dir='ltr'>καὶ</span> <span class='ocrx_word' id='word_1_230' title='bbox 3539 1474 3587 1524; x_wconf 85' lang='grc' dir='ltr'>ἐν</span> <span class='ocrx_word' id='word_1_231' title='bbox 3649 1482 3753 1534; x_wconf 87' lang='grc' dir='ltr'>τοίς</span> <span class='ocrx_word' id='word_1_232' title='bbox 3806 1476 3885 1525; x_wconf 80' lang='grc' dir='ltr'>ἀεὶ</span> <span class='ocrx_word' id='word_1_233' title='bbox 3942 1479 4160 1545; x_wconf 66' lang='grc' dir='ltr'>μένουσι</span> 
     </span>
    </p>
   </div>
   <div class='ocr_carea' id='block_1_35' title="bbox 2550 1559 4162 1634">
    <p class='ocr_par' dir='ltr' id='par_1_35' title="bbox 2550 1559 4162 1634">
     <span class='ocr_line' id='line_1_35' title="bbox 2550 1559 4162 1634; baseline 0.001 -22"><span class='ocrx_word' id='word_1_234' title='bbox 2550 1566 2641 1613; x_wconf 87' lang='grc' dir='ltr'>καὶ</span> <span class='ocrx_word' id='word_1_235' title='bbox 2690 1559 3011 1632; x_wconf 80' lang='grc' dir='ltr'>ἀπεράντοις,</span> <span class='ocrx_word' id='word_1_236' title='bbox 3087 1564 3155 1621; x_wconf 89' lang='grc' dir='ltr'>ώς</span> <span class='ocrx_word' id='word_1_237' title='bbox 3209 1560 3325 1612; x_wconf 78' lang='grc' dir='ltr'>οὗτε</span> <span class='ocrx_word' id='word_1_238' title='bbox 3395 1561 3653 1634; x_wconf 83' lang='grc' dir='ltr'>οφθαλμὸς</span> <span class='ocrx_word' id='word_1_239' title='bbox 3720 1559 3851 1614; x_wconf 76' lang='grc' dir='ltr'>εἶδεν</span> <span class='ocrx_word' id='word_1_240' title='bbox 3906 1568 3982 1631; x_wconf 81' lang='grc' dir='ltr'>(ί)</span> <span class='ocrx_word' id='word_1_241' title='bbox 4040 1567 4162 1614; x_wconf 74' lang='grc' dir='ltr'>οὔτε</span> 
     </span>
    </p>
   </div>
   <div class='ocr_carea' id='block_1_36' title="bbox 2552 1648 4158 1725">
    <p class='ocr_par' dir='ltr' id='par_1_36' title="bbox 2552 1648 4158 1725">
     <span class='ocr_line' id='line_1_36' title="bbox 2552 1648 4158 1725; baseline 0.001 -24"><span class='ocrx_word' id='word_1_242' title='bbox 2552 1648 2640 1710; x_wconf 85' lang='grc' dir='ltr'>ούς</span> <span class='ocrx_word' id='word_1_243' title='bbox 2696 1653 2939 1717; x_wconf 79' lang='grc' dir='ltr'>ἤκουσεν,</span> <span class='ocrx_word' id='word_1_244' title='bbox 3023 1653 3140 1702; x_wconf 74' lang='grc' dir='ltr'>οὔτε</span> <span class='ocrx_word' id='word_1_245' title='bbox 3207 1649 3359 1707; x_wconf 78' lang='grc' dir='ltr'>ἀνέϐη</span> <span class='ocrx_word' id='word_1_246' title='bbox 3419 1650 3502 1702; x_wconf 80' lang='grc' dir='ltr'>ἐπὶ</span> <span class='ocrx_word' id='word_1_247' title='bbox 3568 1648 3793 1725; x_wconf 79' lang='grc' dir='ltr'>καρδίαν</span> <span class='ocrx_word' id='word_1_248' title='bbox 3859 1650 4158 1721; x_wconf 82' lang='grc' dir='ltr'>ἀνθρώπου,</span> 
     </span>
    </p>
   </div>
   <div class='ocr_carea' id='block_1_37' title="bbox 2552 1737 4165 1813">
    <p class='ocr_par' dir='ltr' id='par_1_37' title="bbox 2552 1737 4165 1813">
     <span class='ocr_line' id='line_1_37' title="bbox 2552 1737 4165 1813; baseline 0 -23"><span class='ocrx_word' id='word_1_249' title='bbox 2552 1739 2683 1790; x_wconf 76' lang='grc' dir='ltr'>οὕτω</span> <span class='ocrx_word' id='word_1_250' title='bbox 2735 1742 2829 1795; x_wconf 82' lang='grc' dir='ltr'>τὴν</span> <span class='ocrx_word' id='word_1_251' title='bbox 2876 1742 3074 1809; x_wconf 78' lang='grc' dir='ltr'>τρυφὴν</span> <span class='ocrx_word' id='word_1_252' title='bbox 3122 1737 3383 1812; x_wconf 78' lang='grc' dir='ltr'>ἀκήρατον</span> <span class='ocrx_word' id='word_1_253' title='bbox 3438 1744 3743 1811; x_wconf 80' lang='grc' dir='ltr'>τρυγήσεις.</span> <span class='ocrx_word' id='word_1_254' title='bbox 3816 1740 3944 1813; x_wconf 85' lang='grc' dir='ltr'>Παρ’</span> <span class='ocrx_word' id='word_1_255' title='bbox 4011 1742 4165 1811; x_wconf 76' lang='grc' dir='ltr'>ἡμῶν</span> 
     </span>
    </p>
   </div>
   <div class='ocr_carea' id='block_1_38' title="bbox 2553 1823 4168 1899">
    <p class='ocr_par' dir='ltr' id='par_1_38' title="bbox 2553 1823 4168 1899">
     <span class='ocr_line' id='line_1_38' title="bbox 2553 1823 4168 1899; baseline 0.001 -20"><span class='ocrx_word' id='word_1_256' title='bbox 2553 1823 2633 1890; x_wconf 77' lang='grc' dir='ltr'>δὲ,</span> <span class='ocrx_word' id='word_1_257' title='bbox 2687 1828 2753 1877; x_wconf 84' lang='grc' dir='ltr'>ὧν</span> <span class='ocrx_word' id='word_1_258' title='bbox 2813 1831 2901 1877; x_wconf 89' lang='lat' dir='ltr'>xui</span> <span class='ocrx_word' id='word_1_259' title='bbox 2953 1826 3224 1899; x_wconf 76' lang='grc' dir='ltr'>προλαϐὼν</span> <span class='ocrx_word' id='word_1_260' title='bbox 3290 1830 3612 1899; x_wconf 81' lang='grc' dir='ltr'>πραγμάτων</span> <span class='ocrx_word' id='word_1_261' title='bbox 3690 1827 4010 1899; x_wconf 79' lang='grc' dir='ltr'>ἀπειλήφεις,</span> <span class='ocrx_word' id='word_1_262' title='bbox 4072 1834 4168 1880; x_wconf 85' lang='grc' dir='ltr'>καὶ</span> 
     </span>
    </p>
   </div>
   <div class='ocr_carea' id='block_1_39' title="bbox 2616 1912 4164 1990">
    <p class='ocr_par' dir='ltr' id='par_1_39' title="bbox 2616 1912 4164 1990">
     <span class='ocr_line' id='line_1_39' title="bbox 2616 1912 4164 1990; baseline 0.001 -25"><span class='ocrx_word' id='word_1_263' title='bbox 2616 1916 2677 1973; x_wconf 79' lang='grc' dir='ltr'>ἢν</span> <span class='ocrx_word' id='word_1_264' title='bbox 2764 1912 2823 1966; x_wconf 76' lang='grc' dir='ltr'>δέ</span> <span class='ocrx_word' id='word_1_265' title='bbox 2868 1935 2921 1966; x_wconf 88' lang='grc' dir='ltr'>τι</span> <span class='ocrx_word' id='word_1_266' title='bbox 2978 1920 3068 1967; x_wconf 85' lang='grc' dir='ltr'>καὶ</span> <span class='ocrx_word' id='word_1_267' title='bbox 3133 1915 3303 1968; x_wconf 83' lang='grc' dir='ltr'>πλεῖον</span> <span class='ocrx_word' id='word_1_268' title='bbox 3358 1913 3452 1989; x_wconf 78' lang='grc' dir='ltr'>δέη</span> <span class='ocrx_word' id='word_1_269' title='bbox 3500 1918 3873 1990; x_wconf 78' lang='grc' dir='ltr'>προστεθῆναι,</span> <span class='ocrx_word' id='word_1_270' title='bbox 3921 1919 4164 1975; x_wconf 74' lang='grc' dir='ltr'>ὑστάτην</span> 
     </span>
    </p>
   </div>
   <div class='ocr_carea' id='block_1_40' title="bbox 786 2003 3453 2080">
    <p class='ocr_par' dir='ltr' id='par_1_40' title="bbox 786 2003 3453 2080">
     <span class='ocr_line' id='line_1_40' title="bbox 786 2003 3453 2080; baseline -0.001 -21"><span class='ocrx_word' id='word_1_271' title='bbox 786 2005 1027 2065; x_wconf 84' lang='grc' dir='ltr'>δηλονότι</span> <span class='ocrx_word' id='word_1_272' title='bbox 1058 2003 1257 2079; x_wconf 78' lang='grc' dir='ltr'>δωρεὰν</span> <span class='ocrx_word' id='word_1_273' title='bbox 1278 2012 1366 2059; x_wconf 88' lang='lat' dir='ltr'>xui</span> <span class='ocrx_word' id='word_1_274' title='bbox 1398 2009 1560 2080; x_wconf 87' lang='grc' dir='ltr'>χάριν</span> <span class='ocrx_word' id='word_1_275' title='bbox 1599 2011 1943 2079; x_wconf 81' lang='grc' dir='ltr'>προστίθεμεν</span> <span class='ocrx_word' id='word_1_276' title='bbox 1974 2005 2102 2078; x_wconf 80' lang='grc' dir='ltr'>ἤδη,</span> <span class='ocrx_word' id='word_1_277' title='bbox 2138 2005 2303 2079; x_wconf 76' lang='grc' dir='ltr'>μηδὲν</span> <span class='ocrx_word' id='word_1_278' title='bbox 2332 2012 2421 2080; x_wconf 73' lang='grc' dir='ltr'>μὲν</span> <span class='ocrx_word' id='word_1_279' title='bbox 2451 2005 2708 2069; x_wconf 80' lang='grc' dir='ltr'>ἔλλαττον,</span> <span class='ocrx_word' id='word_1_280' title='bbox 2735 2012 2806 2074; x_wconf 82' lang='grc' dir='ltr'>τῷ</span> <span class='ocrx_word' id='word_1_281' title='bbox 2830 2010 3147 2078; x_wconf 85' lang='grc' dir='ltr'>πρωτοτόκῳ</span> <span class='ocrx_word' id='word_1_282' title='bbox 3171 2006 3285 2056; x_wconf 84' lang='grc' dir='ltr'>κατ’</span> <span class='ocrx_word' id='word_1_283' title='bbox 3316 2008 3453 2057; x_wconf 83' lang='grc' dir='ltr'>ἴσον.</span> 
     </span>
    </p>
   </div>
   <div class='ocr_carea' id='block_1_41' title="bbox 860 2095 2527 2168">
    <p class='ocr_par' dir='ltr' id='par_1_41' title="bbox 860 2095 2527 2168">
     <span class='ocr_line' id='line_1_41' title="bbox 860 2095 2527 2168; baseline 0 -19"><span class='ocrx_word' id='word_1_284' title='bbox 860 2098 924 2150; x_wconf 88' lang='lat' dir='ltr'>Et</span> <span class='ocrx_word' id='word_1_285' title='bbox 966 2095 1094 2150; x_wconf 58' lang='lat' dir='ltr'>haec</span> <span class='ocrx_word' id='word_1_286' title='bbox 1142 2096 1387 2167; x_wconf 88' lang='lat' dir='ltr'>quidem</span> <span class='ocrx_word' id='word_1_287' title='bbox 1441 2095 1615 2150; x_wconf 90' lang='lat' dir='ltr'>nobis</span> <span class='ocrx_word' id='word_1_288' title='bbox 1665 2097 1965 2151; x_wconf 84' lang='lat' dir='ltr'>vi-lentur.</span> <span class='ocrx_word' id='word_1_289' title='bbox 2020 2096 2300 2168; x_wconf 81' lang='lat' dir='ltr'>Reliquus</span> <span class='ocrx_word' id='word_1_290' title='bbox 2358 2100 2447 2150; x_wconf 87' lang='lat' dir='ltr'>est</span> <span class='ocrx_word' id='word_1_291' title='bbox 2489 2096 2527 2149; x_wconf 88' lang='grc' dir='ltr'><strong>Β</strong></span> 
     </span>
    </p>
   </div>
   <div class='ocr_carea' id='block_1_42' title="bbox 786 2184 1365 2255">
    <p class='ocr_par' dir='ltr' id='par_1_42' title="bbox 786 2184 1365 2255">
     <span class='ocr_line' id='line_1_42' title="bbox 786 2184 1365 2255; baseline -0.003 -15"><span class='ocrx_word' id='word_1_292' title='bbox 786 2184 1051 2240; x_wconf 85' lang='lat' dir='ltr'>ﬁliorum</span> <span class='ocrx_word' id='word_1_293' title='bbox 1090 2190 1365 2255; x_wconf 88' lang='lat' dir='ltr'>quartus.</span> 
     </span>
    </p>
   </div>
   <div class='ocr_carea' id='block_1_43' title="bbox 855 2272 2442 2339">
    <p class='ocr_par' dir='ltr' id='par_1_43' title="bbox 855 2272 2442 2339">
     <span class='ocr_line' id='line_1_43' title="bbox 855 2272 2442 2339; baseline 0.001 -12"><span class='ocrx_word' id='word_1_294' title='bbox 855 2273 965 2339; x_wconf 88' lang='lat' dir='ltr'>Qui</span> <span class='ocrx_word' id='word_1_295' title='bbox 996 2273 1155 2327; x_wconf 90' lang='lat' dir='ltr'>enim</span> <span class='ocrx_word' id='word_1_296' title='bbox 1179 2272 1237 2327; x_wconf 90' lang='lat' dir='ltr'>in</span> <span class='ocrx_word' id='word_1_297' title='bbox 1254 2273 1453 2327; x_wconf 90' lang='lat' dir='ltr'>medio</span> <span class='ocrx_word' id='word_1_298' title='bbox 1486 2278 1575 2328; x_wconf 91' lang='lat' dir='ltr'>est</span> <span class='ocrx_word' id='word_1_299' title='bbox 1601 2289 1670 2329; x_wconf 89' lang='lat' dir='ltr'>ac</span> <span class='ocrx_word' id='word_1_300' title='bbox 1707 2274 1930 2337; x_wconf 80' lang='lat' dir='ltr'>tertius,</span> <span class='ocrx_word' id='word_1_301' title='bbox 1965 2274 2216 2329; x_wconf 87' lang='lat' dir='ltr'>libenter</span> <span class='ocrx_word' id='word_1_302' title='bbox 2244 2273 2442 2339; x_wconf 87' lang='lat' dir='ltr'>omisi,</span> 
     </span>
    </p>
   </div>
   <div class='ocr_carea' id='block_1_44' title="bbox 782 2362 2447 2434">
    <p class='ocr_par' dir='ltr' id='par_1_44' title="bbox 782 2362 2447 2434">
     <span class='ocr_line' id='line_1_44' title="bbox 782 2362 2447 2434; baseline -0.001 -17"><span class='ocrx_word' id='word_1_303' title='bbox 782 2377 979 2434; x_wconf 89' lang='lat' dir='ltr'>neque</span> <span class='ocrx_word' id='word_1_304' title='bbox 1002 2377 1125 2432; x_wconf 91' lang='lat' dir='ltr'>qua</span> <span class='ocrx_word' id='word_1_305' title='bbox 1146 2376 1289 2430; x_wconf 89' lang='lat' dir='ltr'>erga</span> <span class='ocrx_word' id='word_1_306' title='bbox 1325 2376 1463 2416; x_wconf 90' lang='lat' dir='ltr'>eum</span> <span class='ocrx_word' id='word_1_307' title='bbox 1496 2362 1800 2417; x_wconf 86' lang='lat' dir='ltr'>voluntate</span> <span class='ocrx_word' id='word_1_308' title='bbox 1833 2363 1965 2428; x_wconf 89' lang='lat' dir='ltr'>sim,</span> <span class='ocrx_word' id='word_1_309' title='bbox 1992 2363 2116 2417; x_wconf 85' lang='lat' dir='ltr'>scio</span> <span class='ocrx_word' id='word_1_310' title='bbox 2147 2368 2204 2417; x_wconf 92' lang='lat' dir='ltr'>et</span> <span class='ocrx_word' id='word_1_311' title='bbox 2232 2378 2355 2434; x_wconf 92' lang='lat' dir='ltr'>quo</span> <span class='ocrx_word' id='word_1_312' title='bbox 2386 2363 2447 2417; x_wconf 90' lang='lat' dir='ltr'>in</span> 
     </span>
    </p>
   </div>
   <div class='ocr_carea' id='block_1_45' title="bbox 782 2450 2447 2522">
    <p class='ocr_par' dir='ltr' id='par_1_45' title="bbox 782 2450 2447 2522">
     <span class='ocr_line' id='line_1_45' title="bbox 782 2450 2447 2522; baseline -0.001 -15"><span class='ocrx_word' id='word_1_313' title='bbox 782 2450 992 2507; x_wconf 76' lang='lat' dir='ltr'>ordine</span> <span class='ocrx_word' id='word_1_314' title='bbox 1024 2465 1272 2521; x_wconf 88' lang='lat' dir='ltr'>ponam,</span> <span class='ocrx_word' id='word_1_315' title='bbox 1302 2450 1529 2521; x_wconf 89' lang='lat' dir='ltr'>quippe</span> <span class='ocrx_word' id='word_1_316' title='bbox 1565 2451 1668 2522; x_wconf 88' lang='lat' dir='ltr'>qui</span> <span class='ocrx_word' id='word_1_317' title='bbox 1704 2451 1837 2506; x_wconf 59' lang='lat' dir='ltr'>vita</span> <span class='ocrx_word' id='word_1_318' title='bbox 1874 2458 2278 2506; x_wconf 89' lang='lat' dir='ltr'>monstrosam</span> <span class='ocrx_word' id='word_1_319' title='bbox 2309 2466 2447 2506; x_wconf 89' lang='lat' dir='ltr'>con-</span> 
     </span>
    </p>
   </div>
   <div class='ocr_carea' id='block_1_46' title="bbox 780 2538 2447 2611">
    <p class='ocr_par' dir='ltr' id='par_1_46' title="bbox 780 2538 2447 2611">
     <span class='ocr_line' id='line_1_46' title="bbox 780 2538 2447 2611; baseline -0.001 -16"><span class='ocrx_word' id='word_1_320' title='bbox 780 2538 1078 2595; x_wconf 82' lang='lat' dir='ltr'>fusionem</span> <span class='ocrx_word' id='word_1_321' title='bbox 1128 2544 1186 2593; x_wconf 93' lang='lat' dir='ltr'>et</span> <span class='ocrx_word' id='word_1_322' title='bbox 1232 2539 1733 2594; x_wconf 89' lang='lat' dir='ltr'>inordinationem</span> <span class='ocrx_word' id='word_1_323' title='bbox 1775 2540 2035 2608; x_wconf 87' lang='lat' dir='ltr'>elegerit,</span> <span class='ocrx_word' id='word_1_324' title='bbox 2070 2556 2179 2611; x_wconf 89' lang='lat' dir='ltr'>pro</span> <span class='ocrx_word' id='word_1_325' title='bbox 2214 2556 2286 2595; x_wconf 90' lang='lat' dir='ltr'>ea</span> <span class='ocrx_word' id='word_1_326' title='bbox 2325 2539 2447 2594; x_wconf 89' lang='lat' dir='ltr'>vita</span> 
     </span>
    </p>
   </div>
   <div class='ocr_carea' id='block_1_47' title="bbox 782 2628 2448 2700">
    <p class='ocr_par' dir='ltr' id='par_1_47' title="bbox 782 2628 2448 2700">
     <span class='ocr_line' id='line_1_47' title="bbox 782 2628 2448 2700; baseline 0 -17"><span class='ocrx_word' id='word_1_327' title='bbox 782 2644 919 2700; x_wconf 66' lang='lat' dir='ltr'>qua:</span> <span class='ocrx_word' id='word_1_328' title='bbox 969 2628 1134 2700; x_wconf 88' lang='lat' dir='ltr'>prius</span> <span class='ocrx_word' id='word_1_329' title='bbox 1178 2628 1454 2683; x_wconf 90' lang='lat' dir='ltr'>ordinata</span> <span class='ocrx_word' id='word_1_330' title='bbox 1503 2632 1630 2683; x_wconf 88' lang='lat' dir='ltr'>erat</span> <span class='ocrx_word' id='word_1_331' title='bbox 1662 2632 1719 2683; x_wconf 90' lang='lat' dir='ltr'>et</span> <span class='ocrx_word' id='word_1_332' title='bbox 1769 2628 2009 2699; x_wconf 85' lang='lat' dir='ltr'>sapiens</span> <span class='ocrx_word' id='word_1_333' title='bbox 2032 2635 2090 2683; x_wconf 90' lang='lat' dir='ltr'>et</span> <span class='ocrx_word' id='word_1_334' title='bbox 2114 2629 2289 2684; x_wconf 88' lang='lat' dir='ltr'>nobis</span> <span class='ocrx_word' id='word_1_335' title='bbox 2321 2628 2448 2699; x_wconf 89' lang='lat' dir='ltr'>pla-</span> 
     </span>
    </p>
   </div>
   <div class='ocr_carea' id='block_1_48' title="bbox 787 2717 2446 2788">
    <p class='ocr_par' dir='ltr' id='par_1_48' title="bbox 787 2717 2446 2788">
     <span class='ocr_line' id='line_1_48' title="bbox 787 2717 2446 2788; baseline -0.001 -16"><span class='ocrx_word' id='word_1_336' title='bbox 787 2731 931 2773; x_wconf 90' lang='lat' dir='ltr'>cens</span> <span class='ocrx_word' id='word_1_337' title='bbox 960 2734 972 2784; x_wconf 92' lang='lat'><strong>;</strong></span> <span class='ocrx_word' id='word_1_338' title='bbox 999 2723 1198 2772; x_wconf 89' lang='lat' dir='ltr'>utrum</span> <span class='ocrx_word' id='word_1_339' title='bbox 1258 2733 1395 2772; x_wconf 89' lang='lat' dir='ltr'>cum</span> <span class='ocrx_word' id='word_1_340' title='bbox 1442 2717 1514 2771; x_wconf 89' lang='lat' dir='ltr'>iis</span> <span class='ocrx_word' id='word_1_341' title='bbox 1556 2718 1661 2788; x_wconf 88' lang='lat' dir='ltr'>qui</span> <span class='ocrx_word' id='word_1_342' title='bbox 1702 2717 1983 2773; x_wconf 89' lang='lat' dir='ltr'>eamdem</span> <span class='ocrx_word' id='word_1_343' title='bbox 2033 2718 2166 2773; x_wconf 68' lang='lat' dir='ltr'>vitae</span> <span class='ocrx_word' id='word_1_344' title='bbox 2188 2717 2446 2773; x_wconf 81' lang='lat' dir='ltr'>formam</span> 
     </span>
    </p>
   </div>
   <div class='ocr_carea' id='block_1_49' title="bbox 792 2806 2445 2879">
    <p class='ocr_par' dir='ltr' id='par_1_49' title="bbox 792 2806 2445 2879">
     <span class='ocr_line' id='line_1_49' title="bbox 792 2806 2445 2879; baseline 0 -18"><span class='ocrx_word' id='word_1_345' title='bbox 792 2811 1028 2876; x_wconf 89' lang='lat' dir='ltr'>gerunt,</span> <span class='ocrx_word' id='word_1_346' title='bbox 1062 2807 1156 2861; x_wconf 91' lang='lat' dir='ltr'>cui</span> <span class='ocrx_word' id='word_1_347' title='bbox 1213 2812 1268 2861; x_wconf 85' lang='lat' dir='ltr'>et</span> <span class='ocrx_word' id='word_1_348' title='bbox 1298 2806 1428 2877; x_wconf 90' lang='lat' dir='ltr'>ipse</span> <span class='ocrx_word' id='word_1_349' title='bbox 1454 2822 1489 2861; x_wconf 90' lang='lat' dir='ltr'>a</span> <span class='ocrx_word' id='word_1_350' title='bbox 1527 2806 1743 2861; x_wconf 90' lang='lat' dir='ltr'>teneris</span> <span class='ocrx_word' id='word_1_351' title='bbox 1777 2806 1970 2862; x_wconf 91' lang='lat' dir='ltr'>libens</span> <span class='ocrx_word' id='word_1_352' title='bbox 2014 2822 2078 2861; x_wconf 92' lang='lat' dir='ltr'>se</span> <span class='ocrx_word' id='word_1_353' title='bbox 2105 2808 2301 2879; x_wconf 89' lang='lat' dir='ltr'>ipsum</span> <span class='ocrx_word' id='word_1_354' title='bbox 2333 2812 2445 2861; x_wconf 91' lang='lat' dir='ltr'>tra-</span> 
     </span>
    </p>
   </div>
   <div class='ocr_carea' id='block_1_50' title="bbox 785 2894 2447 2967">
    <p class='ocr_par' dir='ltr' id='par_1_50' title="bbox 785 2894 2447 2967">
     <span class='ocr_line' id='line_1_50' title="bbox 785 2894 2447 2967; baseline 0 -17"><span class='ocrx_word' id='word_1_355' title='bbox 785 2894 956 2965; x_wconf 86' lang='lat' dir='ltr'>didit,</span> <span class='ocrx_word' id='word_1_356' title='bbox 1017 2894 1153 2950; x_wconf 92' lang='lat' dir='ltr'>etin</span> <span class='ocrx_word' id='word_1_357' title='bbox 1176 2910 1300 2966; x_wconf 90' lang='lat' dir='ltr'>qua</span> <span class='ocrx_word' id='word_1_358' title='bbox 1321 2895 1500 2950; x_wconf 89' lang='lat' dir='ltr'>etiam</span> <span class='ocrx_word' id='word_1_359' title='bbox 1536 2910 1693 2950; x_wconf 90' lang='lat' dir='ltr'>nunc</span> <span class='ocrx_word' id='word_1_360' title='bbox 1729 2901 2010 2961; x_wconf 73' lang='lat' dir='ltr'>versatur,</span> <span class='ocrx_word' id='word_1_361' title='bbox 2046 2896 2291 2951; x_wconf 87' lang='lat' dir='ltr'>minime</span> <span class='ocrx_word' id='word_1_362' title='bbox 2316 2896 2447 2967; x_wconf 88' lang='lat' dir='ltr'>qui-</span> 
     </span>
    </p>
   </div>
   <div class='ocr_carea' id='block_1_51' title="bbox 784 2983 2447 3049">
    <p class='ocr_par' dir='ltr' id='par_1_51' title="bbox 784 2983 2447 3049">
     <span class='ocr_line' id='line_1_51' title="bbox 784 2983 2447 3049; baseline 0 -10"><span class='ocrx_word' id='word_1_363' title='bbox 784 2985 927 3040; x_wconf 88' lang='lat' dir='ltr'>dem</span> <span class='ocrx_word' id='word_1_364' title='bbox 994 2983 1283 3049; x_wconf 89' lang='lat' dir='ltr'>moribus,</span> <span class='ocrx_word' id='word_1_365' title='bbox 1334 2983 1436 3038; x_wconf 90' lang='lat' dir='ltr'>sed</span> <span class='ocrx_word' id='word_1_366' title='bbox 1478 2983 1606 3039; x_wconf 92' lang='lat' dir='ltr'>solo</span> <span class='ocrx_word' id='word_1_367' title='bbox 1645 2983 1855 3039; x_wconf 85' lang='lat' dir='ltr'>habitu</span> <span class='ocrx_word' id='word_1_368' title='bbox 1908 3001 1980 3039; x_wconf 89' lang='lat' dir='ltr'>ac</span> <span class='ocrx_word' id='word_1_369' title='bbox 2014 2985 2367 3040; x_wconf 84' lang='lat' dir='ltr'>vestimento</span> <span class='ocrx_word' id='word_1_370' title='bbox 2390 2988 2447 3039; x_wconf 91' lang='lat' dir='ltr'>et</span> 
     </span>
    </p>
   </div>
   <div class='ocr_carea' id='block_1_52' title="bbox 787 3055 2443 3146">
    <p class='ocr_par' dir='ltr' id='par_1_52' title="bbox 787 3055 2443 3146">
     <span class='ocr_line' id='line_1_52' title="bbox 787 3055 2443 3146; baseline 0.001 -20"><span class='ocrx_word' id='word_1_371' title='bbox 787 3088 929 3127; x_wconf 81' lang='lat' dir='ltr'>sane</span> <span class='ocrx_word' id='word_1_372' title='bbox 956 3072 1197 3143; x_wconf 89' lang='lat' dir='ltr'>invitus,</span> <span class='ocrx_word' id='word_1_373' title='bbox 1235 3089 1270 3127; x_wconf 90' lang='lat' dir='ltr'>a</span> <span class='ocrx_word' id='word_1_374' title='bbox 1296 3055 1472 3128; x_wconf 82' lang='lat' dir='ltr'>nobis</span> <span class='ocrx_word' id='word_1_375' title='bbox 1500 3073 1729 3128; x_wconf 90' lang='lat' dir='ltr'>decoris</span> <span class='ocrx_word' id='word_1_376' title='bbox 1756 3089 1939 3129; x_wconf 85' lang='lat' dir='ltr'>causa</span> <span class='ocrx_word' id='word_1_377' title='bbox 1959 3076 2132 3146; x_wconf 88' lang='lat' dir='ltr'>quasi</span> <span class='ocrx_word' id='word_1_378' title='bbox 2163 3080 2404 3129; x_wconf 88' lang='lat' dir='ltr'>coactus</span> <span class='ocrx_word' id='word_1_379' title='bbox 2430 3092 2443 3141; x_wconf 91' lang='lat'><strong>;</strong></span> 
     </span>
    </p>
   </div>
   <div class='ocr_carea' id='block_1_53' title="bbox 787 3160 2445 3233">
    <p class='ocr_par' dir='ltr' id='par_1_53' title="bbox 787 3160 2445 3233">
     <span class='ocr_line' id='line_1_53' title="bbox 787 3160 2445 3233; baseline 0.002 -16"><span class='ocrx_word' id='word_1_380' title='bbox 787 3176 867 3217; x_wconf 88' lang='lat' dir='ltr'>an</span> <span class='ocrx_word' id='word_1_381' title='bbox 896 3160 1001 3229; x_wconf 92' lang='lat' dir='ltr'>ibi,</span> <span class='ocrx_word' id='word_1_382' title='bbox 1035 3177 1157 3232; x_wconf 93' lang='lat' dir='ltr'>quo</span> <span class='ocrx_word' id='word_1_383' title='bbox 1188 3162 1348 3217; x_wconf 89' lang='lat' dir='ltr'>mala</span> <span class='ocrx_word' id='word_1_384' title='bbox 1378 3178 1449 3217; x_wconf 88' lang='lat' dir='ltr'>ac</span> <span class='ocrx_word' id='word_1_385' title='bbox 1465 3177 1654 3233; x_wconf 80' lang='lat' dir='ltr'>prava</span> <span class='ocrx_word' id='word_1_386' title='bbox 1675 3163 1804 3233; x_wconf 90' lang='lat' dir='ltr'>ejus</span> <span class='ocrx_word' id='word_1_387' title='bbox 1830 3162 2036 3218; x_wconf 87' lang='lat' dir='ltr'>electio</span> <span class='ocrx_word' id='word_1_388' title='bbox 2052 3163 2234 3233; x_wconf 88' lang='lat' dir='ltr'>ducti,</span> <span class='ocrx_word' id='word_1_389' title='bbox 2268 3164 2445 3233; x_wconf 90' lang='lat' dir='ltr'>longe</span> 
     </span>
    </p>
   </div>
   <div class='ocr_carea' id='block_1_54' title="bbox 789 3249 2445 3307">
    <p class='ocr_par' dir='ltr' id='par_1_54' title="bbox 789 3249 2445 3307">
     <span class='ocr_line' id='line_1_54' title="bbox 789 3249 2445 3307; baseline 0.002 -3"><span class='ocrx_word' id='word_1_390' title='bbox 789 3249 1013 3305; x_wconf 73' lang='lat' dir='ltr'>scilicet</span> <span class='ocrx_word' id='word_1_391' title='bbox 1037 3266 1073 3304; x_wconf 90' lang='lat' dir='ltr'>a</span> <span class='ocrx_word' id='word_1_392' title='bbox 1092 3252 1211 3305; x_wconf 92' lang='lat' dir='ltr'>Deo</span> <span class='ocrx_word' id='word_1_393' title='bbox 1234 3255 1289 3304; x_wconf 89' lang='lat' dir='ltr'>et</span> <span class='ocrx_word' id='word_1_394' title='bbox 1310 3268 1343 3304; x_wconf 88' lang='lat' dir='ltr'>a</span> <span class='ocrx_word' id='word_1_395' title='bbox 1370 3250 1604 3305; x_wconf 88' lang='lat' dir='ltr'>virtute.</span> <span class='ocrx_word' id='word_1_396' title='bbox 1626 3252 1887 3307; x_wconf 77' lang='lat' dir='ltr'>Accessit</span> <span class='ocrx_word' id='word_1_397' title='bbox 1917 3252 2077 3307; x_wconf 90' lang='lat' dir='ltr'>enim</span> <span class='ocrx_word' id='word_1_398' title='bbox 2111 3259 2167 3307; x_wconf 94' lang='lat' dir='ltr'>et</span> <span class='ocrx_word' id='word_1_399' title='bbox 2192 3255 2445 3307; x_wconf 87' lang='lat' dir='ltr'>accurrit</span> 
     </span>
    </p>
   </div>
   <div class='ocr_carea' id='block_1_55' title="bbox 788 3338 2447 3410">
    <p class='ocr_par' dir='ltr' id='par_1_55' title="bbox 788 3338 2447 3410">
     <span class='ocr_line' id='line_1_55' title="bbox 788 3338 2447 3410; baseline 0.001 -16"><span class='ocrx_word' id='word_1_400' title='bbox 788 3339 867 3394; x_wconf 90' lang='lat' dir='ltr'>ad</span> <span class='ocrx_word' id='word_1_401' title='bbox 900 3344 1215 3393; x_wconf 81' lang='lat' dir='ltr'>vocantem</span> <span class='ocrx_word' id='word_1_402' title='bbox 1241 3338 1559 3403; x_wconf 85' lang='lat' dir='ltr'>Christum,</span> <span class='ocrx_word' id='word_1_403' title='bbox 1595 3345 1649 3393; x_wconf 93' lang='lat' dir='ltr'>et</span> <span class='ocrx_word' id='word_1_404' title='bbox 1688 3354 1925 3395; x_wconf 89' lang='lat' dir='ltr'>crucem</span> <span class='ocrx_word' id='word_1_405' title='bbox 1965 3340 2093 3410; x_wconf 79' lang='lat' dir='ltr'>ejus</span> <span class='ocrx_word' id='word_1_406' title='bbox 2121 3340 2357 3395; x_wconf 87' lang='lat' dir='ltr'>sustulit</span> <span class='ocrx_word' id='word_1_407' title='bbox 2389 3346 2447 3396; x_wconf 91' lang='lat' dir='ltr'>et</span> 
     </span>
    </p>
   </div>
   <div class='ocr_carea' id='block_1_56' title="bbox 2632 2090 4169 2169">
    <p class='ocr_par' dir='ltr' id='par_1_56' title="bbox 2632 2090 4169 2169">
     <span class='ocr_line' id='line_1_56' title="bbox 2632 2090 4169 2169; baseline 0 -24"><span class='ocrx_word' id='word_1_408' title='bbox 2632 2097 2727 2145; x_wconf 84' lang='lat' dir='ltr'>Kui</span> <span class='ocrx_word' id='word_1_409' title='bbox 2782 2100 2949 2145; x_wconf 83' lang='grc' dir='ltr'>ταῦτα</span> <span class='ocrx_word' id='word_1_410' title='bbox 3004 2096 3094 2165; x_wconf 76' lang='grc' dir='ltr'>μεν</span> <span class='ocrx_word' id='word_1_411' title='bbox 3151 2095 3270 2164; x_wconf 87' lang='grc' dir='ltr'>ύμῖν</span> <span class='ocrx_word' id='word_1_412' title='bbox 3324 2115 3336 2127; x_wconf 87' lang='grc'><strong>·</strong></span> <span class='ocrx_word' id='word_1_413' title='bbox 3396 2093 3570 2154; x_wconf 86' lang='grc' dir='ltr'>λοιπός</span> <span class='ocrx_word' id='word_1_414' title='bbox 3601 2090 3653 2146; x_wconf 78' lang='grc' dir='ltr'>δ’</span> <span class='ocrx_word' id='word_1_415' title='bbox 3703 2096 3729 2145; x_wconf 87' lang='grc' dir='ltr'><strong><em>ὁ</em></strong></span> <span class='ocrx_word' id='word_1_416' title='bbox 3782 2098 4024 2169; x_wconf 76' lang='grc' dir='ltr'>τέταρτος</span> <span class='ocrx_word' id='word_1_417' title='bbox 4063 2105 4169 2147; x_wconf 87' lang='grc' dir='ltr'>τῶν</span> 
     </span>
    </p>
   </div>
   <div class='ocr_carea' id='block_1_57' title="bbox 2556 2200 2723 2232">
    <p class='ocr_par' dir='ltr' id='par_1_57' title="bbox 2556 2200 2723 2232">
     <span class='ocr_line' id='line_1_57' title="bbox 2556 2200 2723 2232; baseline -0.006 0"><span class='ocrx_word' id='word_1_418' title='bbox 2556 2202 2585 2232; x_wconf 87' lang='grc' dir='ltr'><em>υ</em></span> <span class='ocrx_word' id='word_1_419' title='bbox 2594 2200 2723 2232; x_wconf 85' lang='grc' dir='ltr'>ιεων.</span> 
     </span>
    </p>
   </div>
   <div class='ocr_carea' id='block_1_58' title="bbox 2625 2268 4170 2344">
    <p class='ocr_par' dir='ltr' id='par_1_58' title="bbox 2625 2268 4170 2344">
     <span class='ocr_line' id='line_1_58' title="bbox 2625 2268 4170 2344; baseline 0.001 -23"><span class='ocrx_word' id='word_1_420' title='bbox 2625 2273 2723 2322; x_wconf 88' lang='grc' dir='ltr'>Τόν</span> <span class='ocrx_word' id='word_1_421' title='bbox 2755 2272 2856 2341; x_wconf 73' lang='grc' dir='ltr'>γὰρ</span> <span class='ocrx_word' id='word_1_422' title='bbox 2908 2268 2955 2320; x_wconf 84' lang='grc' dir='ltr'>ἐν</span> <span class='ocrx_word' id='word_1_423' title='bbox 3013 2274 3155 2340; x_wconf 74' lang='grc' dir='ltr'>μέσῳ</span> <span class='ocrx_word' id='word_1_424' title='bbox 3211 2275 3299 2321; x_wconf 82' lang='grc' dir='ltr'>καὶ</span> <span class='ocrx_word' id='word_1_425' title='bbox 3353 2274 3525 2343; x_wconf 90' lang='grc' dir='ltr'>τρίτον</span> <span class='ocrx_word' id='word_1_426' title='bbox 3579 2270 3705 2322; x_wconf 81' lang='grc' dir='ltr'>ἑκών</span> <span class='ocrx_word' id='word_1_427' title='bbox 3764 2280 3999 2344; x_wconf 84' lang='grc' dir='ltr'>παρῆκα,</span> <span class='ocrx_word' id='word_1_428' title='bbox 4056 2272 4170 2323; x_wconf 77' lang='grc' dir='ltr'>ἐπεὶ</span> 
     </span>
    </p>
   </div>
   <div class='ocr_carea' id='block_1_59' title="bbox 2556 2355 4168 2432">
    <p class='ocr_par' dir='ltr' id='par_1_59' title="bbox 2556 2355 4168 2432">
     <span class='ocr_line' id='line_1_59' title="bbox 2556 2355 4168 2432; baseline 0 -22"><span class='ocrx_word' id='word_1_429' title='bbox 2556 2355 2685 2430; x_wconf 81' lang='grc' dir='ltr'>μηδ’</span> <span class='ocrx_word' id='word_1_430' title='bbox 2736 2361 2844 2429; x_wconf 78' lang='grc' dir='ltr'>ἔχω</span> <span class='ocrx_word' id='word_1_431' title='bbox 2896 2362 2971 2417; x_wconf 81' lang='grc' dir='ltr'>τίς</span> <span class='ocrx_word' id='word_1_432' title='bbox 3007 2365 3125 2432; x_wconf 79' lang='grc' dir='ltr'>περὶ</span> <span class='ocrx_word' id='word_1_433' title='bbox 3185 2359 3342 2410; x_wconf 68' lang='grc' dir='ltr'>αὐτὸν</span> <span class='ocrx_word' id='word_1_434' title='bbox 3385 2366 3612 2430; x_wconf 85' lang='grc' dir='ltr'>γένωμαι</span> <span class='ocrx_word' id='word_1_435' title='bbox 3678 2364 3772 2416; x_wconf 78' lang='grc' dir='ltr'>τὴν</span> <span class='ocrx_word' id='word_1_436' title='bbox 3808 2366 4040 2431; x_wconf 80' lang='grc' dir='ltr'>γνώμην,</span> <span class='ocrx_word' id='word_1_437' title='bbox 4072 2366 4168 2411; x_wconf 88' lang='lat' dir='ltr'>xui</span> 
     </span>
    </p>
   </div>
   <div class='ocr_carea' id='block_1_60' title="bbox 2556 2446 4166 2519">
    <p class='ocr_par' dir='ltr' id='par_1_60' title="bbox 2556 2446 4166 2519">
     <span class='ocr_line' id='line_1_60' title="bbox 2556 2446 4166 2519; baseline 0.001 -20"><span class='ocrx_word' id='word_1_438' title='bbox 2556 2450 2609 2499; x_wconf 84' lang='grc' dir='ltr'>οἵ</span> <span class='ocrx_word' id='word_1_439' title='bbox 2643 2447 2804 2516; x_wconf 74' lang='grc' dir='ltr'>τάξω,</span> <span class='ocrx_word' id='word_1_440' title='bbox 2858 2450 3129 2518; x_wconf 79' lang='grc' dir='ltr'>σύγχυσιν</span> <span class='ocrx_word' id='word_1_441' title='bbox 3170 2446 3440 2499; x_wconf 86' lang='grc' dir='ltr'>ἀλλόκοτον</span> <span class='ocrx_word' id='word_1_442' title='bbox 3474 2446 3596 2519; x_wconf 85' lang='grc' dir='ltr'>βίου</span> <span class='ocrx_word' id='word_1_443' title='bbox 3647 2454 3737 2500; x_wconf 90' lang='lat' dir='ltr'>xui</span> <span class='ocrx_word' id='word_1_444' title='bbox 3794 2447 4009 2510; x_wconf 82' lang='grc' dir='ltr'>ἀταξίαν</span> <span class='ocrx_word' id='word_1_445' title='bbox 4052 2448 4166 2500; x_wconf 81' lang='grc' dir='ltr'>ε’λό-</span> 
     </span>
    </p>
   </div>
   <div class='ocr_carea' id='block_1_61' title="bbox 2555 2534 4163 2609">
    <p class='ocr_par' dir='ltr' id='par_1_61' title="bbox 2555 2534 4163 2609">
     <span class='ocr_line' id='line_1_61' title="bbox 2555 2534 4163 2609; baseline 0.001 -22"><span class='ocrx_word' id='word_1_446' title='bbox 2555 2554 2722 2607; x_wconf 88' lang='grc' dir='ltr'>μενον,</span> <span class='ocrx_word' id='word_1_447' title='bbox 2784 2534 2901 2587; x_wconf 84' lang='grc' dir='ltr'>ἀντὶ</span> <span class='ocrx_word' id='word_1_448' title='bbox 2955 2543 3046 2587; x_wconf 87' lang='grc' dir='ltr'>τοῦ</span> <span class='ocrx_word' id='word_1_449' title='bbox 3100 2542 3277 2608; x_wconf 84' lang='grc' dir='ltr'>πρώην</span> <span class='ocrx_word' id='word_1_450' title='bbox 3322 2541 3546 2607; x_wconf 85' lang='grc' dir='ltr'>κοσμίου</span> <span class='ocrx_word' id='word_1_451' title='bbox 3590 2541 3680 2589; x_wconf 82' lang='grc' dir='ltr'>καὶ</span> <span class='ocrx_word' id='word_1_452' title='bbox 3740 2543 4001 2609; x_wconf 86' lang='grc' dir='ltr'>σώφρονος</span> <span class='ocrx_word' id='word_1_453' title='bbox 4067 2542 4163 2589; x_wconf 90' lang='lat' dir='ltr'>xui</span> 
     </span>
    </p>
   </div>
   <div class='ocr_carea' id='block_1_62' title="bbox 2556 2623 4165 2698">
    <p class='ocr_par' dir='ltr' id='par_1_62' title="bbox 2556 2623 4165 2698">
     <span class='ocr_line' id='line_1_62' title="bbox 2556 2623 4165 2698; baseline 0.001 -22"><span class='ocrx_word' id='word_1_454' title='bbox 2556 2627 2680 2696; x_wconf 75' lang='grc' dir='ltr'>ἡμῖν</span> <span class='ocrx_word' id='word_1_455' title='bbox 2726 2624 3035 2698; x_wconf 81' lang='grc' dir='ltr'>ἐπεράστου,</span> <span class='ocrx_word' id='word_1_456' title='bbox 3092 2629 3306 2697; x_wconf 87' lang='grc' dir='ltr'>πότερον</span> <span class='ocrx_word' id='word_1_457' title='bbox 3372 2627 3501 2696; x_wconf 82' lang='grc' dir='ltr'>μετά</span> <span class='ocrx_word' id='word_1_458' title='bbox 3556 2633 3656 2676; x_wconf 83' lang='grc' dir='ltr'>τῶν</span> <span class='ocrx_word' id='word_1_459' title='bbox 3714 2623 3797 2676; x_wconf 85' lang='grc' dir='ltr'>ἐπὶ</span> <span class='ocrx_word' id='word_1_460' title='bbox 3857 2634 3949 2677; x_wconf 84' lang='grc' dir='ltr'>τοῦ</span> <span class='ocrx_word' id='word_1_461' title='bbox 3996 2626 4165 2677; x_wconf 76' lang='grc' dir='ltr'>αὐτοῦ</span> 
     </span>
    </p>
   </div>
   <div class='ocr_carea' id='block_1_63' title="bbox 2558 2710 4164 2784">
    <p class='ocr_par' dir='ltr' id='par_1_63' title="bbox 2558 2710 4164 2784">
     <span class='ocr_line' id='line_1_63' title="bbox 2558 2710 4164 2784; baseline 0.002 -21"><span class='ocrx_word' id='word_1_462' title='bbox 2558 2718 2841 2784; x_wconf 79' lang='grc' dir='ltr'>σχήματος</span> <span class='ocrx_word' id='word_1_463' title='bbox 2898 2712 3197 2777; x_wconf 82' lang='grc' dir='ltr'>τελούντων,</span> <span class='ocrx_word' id='word_1_464' title='bbox 3339 2710 3407 2770; x_wconf 78' lang='grc' dir='ltr'>δὴ</span> <span class='ocrx_word' id='word_1_465' title='bbox 3466 2718 3557 2765; x_wconf 90' lang='lat' dir='ltr'>xui</span> <span class='ocrx_word' id='word_1_466' title='bbox 3647 2714 3799 2775; x_wconf 81' lang='grc' dir='ltr'>οὗτος</span> <span class='ocrx_word' id='word_1_467' title='bbox 3849 2712 3904 2765; x_wconf 83' lang='grc' dir='ltr'>ἐκ</span> <span class='ocrx_word' id='word_1_468' title='bbox 3964 2711 4164 2775; x_wconf 80' lang='grc' dir='ltr'>παιδὸς</span> 
     </span>
    </p>
   </div>
   <div class='ocr_carea' id='block_1_64' title="bbox 2556 2799 4166 2873">
    <p class='ocr_par' dir='ltr' id='par_1_64' title="bbox 2556 2799 4166 2873">
     <span class='ocr_line' id='line_1_64' title="bbox 2556 2799 4166 2873; baseline 0 -20"><span class='ocrx_word' id='word_1_469' title='bbox 2556 2801 2681 2853; x_wconf 73' lang='grc' dir='ltr'>ἑκὼν</span> <span class='ocrx_word' id='word_1_470' title='bbox 2736 2799 2862 2853; x_wconf 88' lang='grc' dir='ltr'>εἶναι</span> <span class='ocrx_word' id='word_1_471' title='bbox 2915 2806 3074 2873; x_wconf 83' lang='grc' dir='ltr'>φέρων</span> <span class='ocrx_word' id='word_1_472' title='bbox 3140 2801 3320 2853; x_wconf 85' lang='grc' dir='ltr'>ἐαυτὸν</span> <span class='ocrx_word' id='word_1_473' title='bbox 3377 2801 3522 2860; x_wconf 80' lang='grc' dir='ltr'>ἐνῆκε</span> <span class='ocrx_word' id='word_1_474' title='bbox 3564 2806 3661 2869; x_wconf 78' lang='lat'>(2),</span> <span class='ocrx_word' id='word_1_475' title='bbox 3721 2807 3811 2854; x_wconf 87' lang='lat' dir='ltr'>xui</span> <span class='ocrx_word' id='word_1_476' title='bbox 3865 2810 3952 2853; x_wconf 89' lang='grc' dir='ltr'>νῦν</span> <span class='ocrx_word' id='word_1_477' title='bbox 4018 2802 4166 2853; x_wconf 79' lang='grc' dir='ltr'>ἐστιν</span> 
     </span>
    </p>
   </div>
   <div class='ocr_carea' id='block_1_65' title="bbox 2556 2888 4167 2961">
    <p class='ocr_par' dir='ltr' id='par_1_65' title="bbox 2556 2888 4167 2961">
     <span class='ocr_line' id='line_1_65' title="bbox 2556 2888 4167 2961; baseline 0.001 -20"><span class='ocrx_word' id='word_1_478' title='bbox 2556 2891 2813 2961; x_wconf 82' lang='grc' dir='ltr'>ὁρώμενος</span> <span class='ocrx_word' id='word_1_479' title='bbox 2850 2889 2899 2941; x_wconf 88' lang='grc' dir='ltr'>ἐν</span> <span class='ocrx_word' id='word_1_480' title='bbox 2926 2894 3113 2961; x_wconf 83' lang='grc' dir='ltr'>τούτῳ,</span> <span class='ocrx_word' id='word_1_481' title='bbox 3148 2893 3346 2949; x_wconf 78' lang='grc' dir='ltr'>ἣκιστα</span> <span class='ocrx_word' id='word_1_482' title='bbox 3395 2893 3483 2961; x_wconf 67' lang='grc' dir='ltr'>μεν</span> <span class='ocrx_word' id='word_1_483' title='bbox 3540 2898 3651 2952; x_wconf 86' lang='grc' dir='ltr'>τοῖς</span> <span class='ocrx_word' id='word_1_484' title='bbox 3710 2896 3940 2961; x_wconf 86' lang='grc' dir='ltr'>τρόποις,</span> <span class='ocrx_word' id='word_1_485' title='bbox 3996 2899 4059 2961; x_wconf 74' lang='grc' dir='ltr'>τῇ</span> <span class='ocrx_word' id='word_1_486' title='bbox 4112 2888 4167 2943; x_wconf 76' lang='grc' dir='ltr'>δ’</span> 
     </span>
    </p>
   </div>
   <div class='ocr_carea' id='block_1_66' title="bbox 2556 2978 4169 3052">
    <p class='ocr_par' dir='ltr' id='par_1_66' title="bbox 2556 2978 4169 3052">
     <span class='ocr_line' id='line_1_66' title="bbox 2556 2978 4169 3052; baseline 0.001 -21"><span class='ocrx_word' id='word_1_487' title='bbox 2556 2978 2831 3052; x_wconf 77' lang='grc' dir='ltr'>ἀμπεχόνῃ</span> <span class='ocrx_word' id='word_1_488' title='bbox 2864 2985 2954 3032; x_wconf 87' lang='grc' dir='ltr'>καὶ</span> <span class='ocrx_word' id='word_1_489' title='bbox 2997 2988 3116 3041; x_wconf 83' lang='grc' dir='ltr'>ταὶς</span> <span class='ocrx_word' id='word_1_490' title='bbox 3176 2979 3471 3052; x_wconf 75' lang='grc' dir='ltr'>περιϐολαῖς</span> <span class='ocrx_word' id='word_1_491' title='bbox 3572 2984 3755 3051; x_wconf 86' lang='grc' dir='ltr'>μόναις</span> <span class='ocrx_word' id='word_1_492' title='bbox 3813 2985 3901 3031; x_wconf 90' lang='lat' dir='ltr'>xui</span> <span class='ocrx_word' id='word_1_493' title='bbox 3946 2984 4169 3041; x_wconf 77' lang='grc' dir='ltr'>ταύταις</span> 
     </span>
    </p>
   </div>
   <div class='ocr_carea' id='block_1_67' title="bbox 2556 3065 3088 3137">
    <p class='ocr_par' dir='ltr' id='par_1_67' title="bbox 2556 3065 3088 3137">
     <span class='ocr_line' id='line_1_67' title="bbox 2556 3065 3088 3137; baseline 0 -18"><span class='ocrx_word' id='word_1_494' title='bbox 2556 3065 2817 3125; x_wconf 78' lang='grc' dir='ltr'>δήπουθεν</span> <span class='ocrx_word' id='word_1_495' title='bbox 2903 3067 3088 3137; x_wconf 73' lang='grc' dir='ltr'>ἀέκων,</span> 
     </span>
    </p>
   </div>
   <div class='ocr_carea' id='block_1_68' title="bbox 2554 3157 4171 3230">
    <p class='ocr_par' dir='ltr' id='par_1_68' title="bbox 2554 3157 4171 3230">
     <span class='ocr_line' id='line_1_68' title="bbox 2554 3157 4171 3230; baseline 0 -22"><span class='ocrx_word' id='word_1_496' title='bbox 2554 3159 2717 3229; x_wconf 82' lang='grc' dir='ltr'>χάριν</span> <span class='ocrx_word' id='word_1_497' title='bbox 2800 3161 3251 3230; x_wconf 77' lang='grc' dir='ltr'>τετυραννημένος,</span> <span class='ocrx_word' id='word_1_498' title='bbox 3329 3158 3359 3215; x_wconf 75' lang='grc' dir='ltr'>ἡ</span> <span class='ocrx_word' id='word_1_499' title='bbox 3435 3159 3554 3208; x_wconf 84' lang='grc' dir='ltr'>ὁποι</span> <span class='ocrx_word' id='word_1_500' title='bbox 3623 3160 3827 3227; x_wconf 84' lang='grc' dir='ltr'>πονηρὰ</span> <span class='ocrx_word' id='word_1_501' title='bbox 3902 3157 4171 3218; x_wconf 82' lang='grc' dir='ltr'>παντελῶς</span> 
     </span>
    </p>
   </div>
   <div class='ocr_carea' id='block_1_69' title="bbox 2554 3246 3606 3319">
    <p class='ocr_par' dir='ltr' id='par_1_69' title="bbox 2554 3246 3606 3319">
     <span class='ocr_line' id='line_1_69' title="bbox 2554 3246 3606 3319; baseline 0.001 -22"><span class='ocrx_word' id='word_1_502' title='bbox 2554 3251 2644 3298; x_wconf 85' lang='lat' dir='ltr'>xui</span> <span class='ocrx_word' id='word_1_503' title='bbox 2699 3248 2954 3318; x_wconf 83' lang='grc' dir='ltr'>μοχθηρὰ</span> <span class='ocrx_word' id='word_1_504' title='bbox 3027 3246 3199 3317; x_wconf 83' lang='grc' dir='ltr'>ἐξάγει</span> <span class='ocrx_word' id='word_1_505' title='bbox 3284 3252 3606 3319; x_wconf 81' lang='grc' dir='ltr'>προαίρεσις,</span> 
     </span>
    </p>
   </div>
   <div class='ocr_carea' id='block_1_70' title="bbox 2556 3336 4171 3408">
    <p class='ocr_par' dir='ltr' id='par_1_70' title="bbox 2556 3336 4171 3408">
     <span class='ocr_line' id='line_1_70' title="bbox 2556 3336 4171 3408; baseline 0.001 -22"><span class='ocrx_word' id='word_1_506' title='bbox 2556 3342 2690 3387; x_wconf 82' lang='grc' dir='ltr'>Θεοῦ</span> <span class='ocrx_word' id='word_1_507' title='bbox 2744 3340 2832 3387; x_wconf 86' lang='grc' dir='ltr'>καὶ</span> <span class='ocrx_word' id='word_1_508' title='bbox 2898 3340 3086 3396; x_wconf 88' lang='grc' dir='ltr'>παντός</span> <span class='ocrx_word' id='word_1_509' title='bbox 3154 3344 3245 3387; x_wconf 90' lang='grc' dir='ltr'>τοῦ</span> <span class='ocrx_word' id='word_1_510' title='bbox 3320 3338 3662 3395; x_wconf 83' lang='grc' dir='ltr'>καθήκοντος.</span> <span class='ocrx_word' id='word_1_511' title='bbox 3723 3336 3993 3407; x_wconf 84' lang='grc' dir='ltr'>Ιιροσῆλθε</span> <span class='ocrx_word' id='word_1_512' title='bbox 4074 3340 4171 3408; x_wconf 71' lang='grc' dir='ltr'>μὶν</span> 
     </span>
    </p>
   </div>
   <div class='ocr_carea' id='block_1_71' title="bbox 3164 3068 4169 3142">
    <p class='ocr_par' dir='ltr' id='par_1_71' title="bbox 3164 3068 4169 3142">
     <span class='ocr_line' id='line_1_71' title="bbox 3164 3068 4169 3142; baseline 0 -22"><span class='ocrx_word' id='word_1_513' title='bbox 3164 3068 3289 3142; x_wconf 83' lang='grc' dir='ltr'>παρ’</span> <span class='ocrx_word' id='word_1_514' title='bbox 3342 3069 3487 3140; x_wconf 78' lang='grc' dir='ltr'>ἡμῶν</span> <span class='ocrx_word' id='word_1_515' title='bbox 3568 3071 3757 3121; x_wconf 79' lang='grc' dir='ltr'>ὡσανεὶ</span> <span class='ocrx_word' id='word_1_516' title='bbox 3832 3077 3923 3120; x_wconf 86' lang='grc' dir='ltr'>τοῦ</span> <span class='ocrx_word' id='word_1_517' title='bbox 4003 3070 4169 3121; x_wconf 86' lang='grc' dir='ltr'>καλοῦ</span> 
     </span>
    </p>
   </div>
   <div class='ocr_carea' id='block_1_72' title="bbox 3685 3243 4168 3319">
    <p class='ocr_par' dir='ltr' id='par_1_72' title="bbox 3685 3243 4168 3319">
     <span class='ocr_line' id='line_1_72' title="bbox 3685 3243 4168 3319; baseline 0.002 -22"><span class='ocrx_word' id='word_1_518' title='bbox 3685 3245 3860 3319; x_wconf 76' lang='grc' dir='ltr'>πόρρω</span> <span class='ocrx_word' id='word_1_519' title='bbox 3917 3243 4168 3303; x_wconf 82' lang='grc' dir='ltr'>δηλονότι</span> 
     </span>
    </p>
   </div>
   <div class='ocr_carea' id='block_1_73' title="bbox 789 3420 2540 3499">
    <p class='ocr_par' dir='ltr' id='par_1_73' title="bbox 789 3427 2527 3499">
     <span class='ocr_line' id='line_1_73' title="bbox 789 3427 2527 3499; baseline 0.002 -17"><span class='ocrx_word' id='word_1_520' title='bbox 789 3443 853 3482; x_wconf 90' lang='lat' dir='ltr'>se</span> <span class='ocrx_word' id='word_1_521' title='bbox 879 3427 1047 3483; x_wconf 90' lang='lat' dir='ltr'>illum</span> <span class='ocrx_word' id='word_1_522' title='bbox 1070 3433 1416 3483; x_wconf 87' lang='lat' dir='ltr'>secuturum</span> <span class='ocrx_word' id='word_1_523' title='bbox 1449 3444 1579 3482; x_wconf 89' lang='lat' dir='ltr'>esse</span> <span class='ocrx_word' id='word_1_524' title='bbox 1610 3428 1924 3499; x_wconf 85' lang='lat' dir='ltr'>promisit;</span> <span class='ocrx_word' id='word_1_525' title='bbox 1958 3429 2248 3485; x_wconf 89' lang='lat' dir='ltr'>deindein</span> <span class='ocrx_word' id='word_1_526' title='bbox 2274 3431 2443 3485; x_wconf 89' lang='lat' dir='ltr'>rectis</span> <span class='ocrx_word' id='word_1_527' title='bbox 2486 3442 2527 3497; x_wconf 73' lang='grc' dir='ltr'>ο</span> 
     </span>
    </p>
   </div>
   <div class='ocr_carea' id='block_1_74' title="bbox 2416 3420 4167 3499">
    <p class='ocr_par' dir='ltr' id='par_1_74' title="bbox 2417 3420 4167 3498">
     <span class='ocr_line' id='line_1_74' title="bbox 2417 3420 4167 3498; baseline 0.001 -23"><span class='ocrx_word' id='word_1_528' title='bbox 2417 3448 2443 3485; x_wconf 86' lang='lat' dir='ltr'><strong>s</strong></span> <span class='ocrx_word' id='word_1_529' title='bbox 2486 3442 2527 3497; x_wconf 69' lang='grc' dir='ltr'>Ο</span> <span class='ocrx_word' id='word_1_530' title='bbox 2554 3426 2656 3498; x_wconf 90' lang='grc' dir='ltr'>γάρ</span> <span class='ocrx_word' id='word_1_531' title='bbox 2688 3429 2777 3475; x_wconf 87' lang='lat' dir='ltr'>xui</span> <span class='ocrx_word' id='word_1_532' title='bbox 2809 3426 3086 3497; x_wconf 84' lang='grc' dir='ltr'>προθύμως</span> <span class='ocrx_word' id='word_1_533' title='bbox 3124 3420 3461 3497; x_wconf 81' lang='grc' dir='ltr'>προσέδραμε</span> <span class='ocrx_word' id='word_1_534' title='bbox 3510 3432 3582 3493; x_wconf 78' lang='grc' dir='ltr'>τῷ</span> <span class='ocrx_word' id='word_1_535' title='bbox 3638 3422 3882 3475; x_wconf 81' lang='grc' dir='ltr'>καλοῦντι</span> <span class='ocrx_word' id='word_1_536' title='bbox 3919 3432 4167 3496; x_wconf 74' lang='grc' dir='ltr'>Χριστῷ,</span> 
     </span>
    </p>
   </div>
   <div class='ocr_carea' id='block_1_75' title="bbox 787 3515 2442 3589">
    <p class='ocr_par' dir='ltr' id='par_1_75' title="bbox 787 3515 2442 3589">
     <span class='ocr_line' id='line_1_75' title="bbox 787 3515 2442 3589; baseline 0.001 -17"><span class='ocrx_word' id='word_1_537' title='bbox 787 3516 1017 3572; x_wconf 87' lang='lat' dir='ltr'>semitis</span> <span class='ocrx_word' id='word_1_538' title='bbox 1046 3515 1424 3586; x_wconf 87' lang='lat' dir='ltr'>claudicavit,</span> <span class='ocrx_word' id='word_1_539' title='bbox 1454 3523 1511 3571; x_wconf 93' lang='lat' dir='ltr'>et</span> <span class='ocrx_word' id='word_1_540' title='bbox 1541 3523 1861 3589; x_wconf 89' lang='lat' dir='ltr'>postquam</span> <span class='ocrx_word' id='word_1_541' title='bbox 1889 3517 2043 3573; x_wconf 90' lang='lat' dir='ltr'>bene</span> <span class='ocrx_word' id='word_1_542' title='bbox 2081 3519 2155 3574; x_wconf 88' lang='lat' dir='ltr'>ad</span> <span class='ocrx_word' id='word_1_543' title='bbox 2189 3520 2442 3575; x_wconf 74' lang='lat' dir='ltr'>cwlestis</span> 
     </span>
    </p>
   </div>
   <div class='ocr_carea' id='block_1_76' title="bbox 788 3605 2447 3676">
    <p class='ocr_par' dir='ltr' id='par_1_76' title="bbox 788 3605 2447 3676">
     <span class='ocr_line' id='line_1_76' title="bbox 788 3605 2447 3676; baseline 0 -14"><span class='ocrx_word' id='word_1_544' title='bbox 788 3606 916 3675; x_wconf 82' lang='lat' dir='ltr'>agri</span> <span class='ocrx_word' id='word_1_545' title='bbox 940 3609 1206 3660; x_wconf 88' lang='lat' dir='ltr'>aratrum</span> <span class='ocrx_word' id='word_1_546' title='bbox 1238 3620 1487 3661; x_wconf 90' lang='lat' dir='ltr'>manum</span> <span class='ocrx_word' id='word_1_547' title='bbox 1512 3605 1813 3676; x_wconf 89' lang='lat' dir='ltr'>misit,qui</span> <span class='ocrx_word' id='word_1_548' title='bbox 1844 3606 2031 3661; x_wconf 85' lang='lat' dir='ltr'>multa</span> <span class='ocrx_word' id='word_1_549' title='bbox 2058 3607 2221 3662; x_wconf 90' lang='lat' dir='ltr'>bona</span> <span class='ocrx_word' id='word_1_550' title='bbox 2249 3608 2307 3662; x_wconf 90' lang='lat' dir='ltr'>in</span> <span class='ocrx_word' id='word_1_551' title='bbox 2333 3624 2447 3663; x_wconf 77' lang='lat' dir='ltr'>cce-</span> 
     </span>
    </p>
   </div>
   <div class='ocr_carea' id='block_1_77' title="bbox 788 3693 2451 3761">
    <p class='ocr_par' dir='ltr' id='par_1_77' title="bbox 788 3693 2451 3761">
     <span class='ocr_line' id='line_1_77' title="bbox 788 3693 2451 3761; baseline 0.002 -13"><span class='ocrx_word' id='word_1_552' title='bbox 788 3694 1038 3750; x_wconf 90' lang='lat' dir='ltr'>lestibus</span> <span class='ocrx_word' id='word_1_553' title='bbox 1072 3694 1302 3749; x_wconf 84' lang='lat' dir='ltr'>horreis</span> <span class='ocrx_word' id='word_1_554' title='bbox 1366 3693 1541 3758; x_wconf 91' lang='lat' dir='ltr'>collit,</span> <span class='ocrx_word' id='word_1_555' title='bbox 1587 3696 1797 3750; x_wconf 89' lang='lat' dir='ltr'>avertit</span> <span class='ocrx_word' id='word_1_556' title='bbox 1841 3711 1902 3750; x_wconf 93' lang='lat' dir='ltr'>se</span> <span class='ocrx_word' id='word_1_557' title='bbox 1936 3701 2116 3761; x_wconf 86' lang='lat' dir='ltr'>retro,</span> <span class='ocrx_word' id='word_1_558' title='bbox 2161 3697 2312 3751; x_wconf 90' lang='lat' dir='ltr'>eheu</span> <span class='ocrx_word' id='word_1_559' title='bbox 2347 3697 2358 3750; x_wconf 88' lang='lat' dir='ltr'>l</span> <span class='ocrx_word' id='word_1_560' title='bbox 2392 3702 2451 3752; x_wconf 81' lang='lat' dir='ltr'>et</span> 
     </span>
    </p>
   </div>
   <div class='ocr_carea' id='block_1_78' title="bbox 785 3782 2446 3855">
    <p class='ocr_par' dir='ltr' id='par_1_78' title="bbox 785 3782 2446 3855">
     <span class='ocr_line' id='line_1_78' title="bbox 785 3782 2446 3855; baseline 0.001 -15"><span class='ocrx_word' id='word_1_561' title='bbox 785 3783 979 3840; x_wconf 88' lang='lat' dir='ltr'>malas</span> <span class='ocrx_word' id='word_1_562' title='bbox 1001 3782 1360 3855; x_wconf 86' lang='lat' dir='ltr'>cupiditates</span> <span class='ocrx_word' id='word_1_563' title='bbox 1408 3783 1809 3855; x_wconf 90' lang='lat' dir='ltr'>libidinesque</span> <span class='ocrx_word' id='word_1_564' title='bbox 1860 3785 2058 3840; x_wconf 90' lang='lat' dir='ltr'>cordis</span> <span class='ocrx_word' id='word_1_565' title='bbox 2085 3786 2172 3840; x_wconf 92' lang='lat' dir='ltr'>sui</span> <span class='ocrx_word' id='word_1_566' title='bbox 2203 3793 2446 3841; x_wconf 89' lang='lat' dir='ltr'>secutus</span> 
     </span>
    </p>
   </div>
   <div class='ocr_carea' id='block_1_79' title="bbox 785 3873 2447 3945">
    <p class='ocr_par' dir='ltr' id='par_1_79' title="bbox 785 3873 2447 3945">
     <span class='ocr_line' id='line_1_79' title="bbox 785 3873 2447 3945; baseline 0.001 -15"><span class='ocrx_word' id='word_1_567' title='bbox 785 3879 895 3940; x_wconf 87' lang='lat' dir='ltr'>est,</span> <span class='ocrx_word' id='word_1_568' title='bbox 927 3878 983 3928; x_wconf 85' lang='lat' dir='ltr'>et</span> <span class='ocrx_word' id='word_1_569' title='bbox 1009 3874 1110 3945; x_wconf 88' lang='lat' dir='ltr'>qui</span> <span class='ocrx_word' id='word_1_570' title='bbox 1157 3873 1324 3945; x_wconf 91' lang='lat' dir='ltr'>prius</span> <span class='ocrx_word' id='word_1_571' title='bbox 1351 3873 1507 3928; x_wconf 85' lang='lat' dir='ltr'>intra</span> <span class='ocrx_word' id='word_1_572' title='bbox 1538 3874 1747 3929; x_wconf 87' lang='lat' dir='ltr'>Christi</span> <span class='ocrx_word' id='word_1_573' title='bbox 1770 3874 2089 3931; x_wconf 86' lang='lat' dir='ltr'>Ecclesiam</span> <span class='ocrx_word' id='word_1_574' title='bbox 2114 3876 2307 3931; x_wconf 87' lang='lat' dir='ltr'>vivere</span> <span class='ocrx_word' id='word_1_575' title='bbox 2335 3876 2447 3931; x_wconf 87' lang='lat' dir='ltr'>ele—</span> 
     </span>
    </p>
   </div>
   <div class='ocr_carea' id='block_1_80' title="bbox 786 3962 2449 4035">
    <p class='ocr_par' dir='ltr' id='par_1_80' title="bbox 786 3962 2449 4035">
     <span class='ocr_line' id='line_1_80' title="bbox 786 3962 2449 4035; baseline 0.001 -17"><span class='ocrx_word' id='word_1_576' title='bbox 786 3967 971 4034; x_wconf 89' lang='lat' dir='ltr'>gerat,</span> <span class='ocrx_word' id='word_1_577' title='bbox 1001 3978 1163 4017; x_wconf 92' lang='lat' dir='ltr'>nunc</span> <span class='ocrx_word' id='word_1_578' title='bbox 1185 3962 1435 4032; x_wconf 89' lang='lat' dir='ltr'>maligni</span> <span class='ocrx_word' id='word_1_579' title='bbox 1456 3962 1661 4035; x_wconf 72' lang='lat' dir='ltr'>praeda</span> <span class='ocrx_word' id='word_1_580' title='bbox 1677 3968 1950 4034; x_wconf 88' lang='lat' dir='ltr'>apparet,</span> <span class='ocrx_word' id='word_1_581' title='bbox 1966 3964 2189 4019; x_wconf 90' lang='lat' dir='ltr'>simula</span> <span class='ocrx_word' id='word_1_582' title='bbox 2204 3965 2449 4021; x_wconf 84' lang='lat' dir='ltr'>salutari</span> 
     </span>
    </p>
   </div>
   <div class='ocr_carea' id='block_1_81' title="bbox 785 4050 2448 4126">
    <p class='ocr_par' dir='ltr' id='par_1_81' title="bbox 785 4050 2448 4126">
     <span class='ocr_line' id='line_1_81' title="bbox 785 4050 2448 4126; baseline 0.001 -18"><span class='ocrx_word' id='word_1_583' title='bbox 785 4069 855 4108; x_wconf 87' lang='lat' dir='ltr'>ac</span> <span class='ocrx_word' id='word_1_584' title='bbox 886 4067 1056 4106; x_wconf 92' lang='lat' dir='ltr'>sacro</span> <span class='ocrx_word' id='word_1_585' title='bbox 1088 4050 1375 4122; x_wconf 81' lang='lat' dir='ltr'>expulsus</span> <span class='ocrx_word' id='word_1_586' title='bbox 1421 4066 1619 4120; x_wconf 86' lang='lat' dir='ltr'>grege,</span> <span class='ocrx_word' id='word_1_587' title='bbox 1674 4058 1831 4106; x_wconf 88' lang='lat' dir='ltr'>totus</span> <span class='ocrx_word' id='word_1_588' title='bbox 1884 4052 2113 4108; x_wconf 87' lang='lat' dir='ltr'>scelesti</span> <span class='ocrx_word' id='word_1_589' title='bbox 2143 4069 2213 4109; x_wconf 92' lang='lat' dir='ltr'>ac</span> <span class='ocrx_word' id='word_1_590' title='bbox 2236 4054 2448 4126; x_wconf 91' lang='lat' dir='ltr'>perﬁdi</span> 
     </span>
    </p>
   </div>
   <div class='ocr_carea' id='block_1_82' title="bbox 784 4140 2446 4215">
    <p class='ocr_par' dir='ltr' id='par_1_82' title="bbox 784 4140 2446 4215">
     <span class='ocr_line' id='line_1_82' title="bbox 784 4140 2446 4215; baseline 0.001 -18"><span class='ocrx_word' id='word_1_591' title='bbox 784 4142 1079 4197; x_wconf 67' lang='lat' dir='ltr'>daemonis</span> <span class='ocrx_word' id='word_1_592' title='bbox 1096 4140 1348 4210; x_wconf 88' lang='lat' dir='ltr'>ﬂagellis</span> <span class='ocrx_word' id='word_1_593' title='bbox 1381 4156 1450 4196; x_wconf 92' lang='lat' dir='ltr'>ac</span> <span class='ocrx_word' id='word_1_594' title='bbox 1476 4141 1826 4196; x_wconf 54' lang='lat' dir='ltr'>Vulneribus</span> <span class='ocrx_word' id='word_1_595' title='bbox 1848 4144 2180 4213; x_wconf 80' lang='lat' dir='ltr'>confossus,</span> <span class='ocrx_word' id='word_1_596' title='bbox 2198 4144 2301 4215; x_wconf 91' lang='lat' dir='ltr'>qui</span> <span class='ocrx_word' id='word_1_597' title='bbox 2324 4160 2446 4199; x_wconf 90' lang='lat' dir='ltr'>non</span> 
     </span>
    </p>
   </div>
   <div class='ocr_carea' id='block_1_83' title="bbox 783 4229 2445 4302">
    <p class='ocr_par' dir='ltr' id='par_1_83' title="bbox 783 4229 2445 4302">
     <span class='ocr_line' id='line_1_83' title="bbox 783 4229 2445 4302; baseline 0.002 -17"><span class='ocrx_word' id='word_1_598' title='bbox 783 4246 891 4302; x_wconf 86' lang='lat' dir='ltr'>per</span> <span class='ocrx_word' id='word_1_599' title='bbox 921 4231 1196 4300; x_wconf 83' lang='lat' dir='ltr'>januam,</span> <span class='ocrx_word' id='word_1_600' title='bbox 1226 4229 1330 4284; x_wconf 88' lang='lat' dir='ltr'>sed</span> <span class='ocrx_word' id='word_1_601' title='bbox 1358 4229 1599 4285; x_wconf 90' lang='lat' dir='ltr'>aliunde</span> <span class='ocrx_word' id='word_1_602' title='bbox 1630 4232 2079 4302; x_wconf 74' lang='lat' dir='ltr'>perpreecipitia</span> <span class='ocrx_word' id='word_1_603' title='bbox 2100 4232 2368 4288; x_wconf 89' lang='lat' dir='ltr'>ascendit</span> <span class='ocrx_word' id='word_1_604' title='bbox 2388 4234 2445 4288; x_wconf 90' lang='lat' dir='ltr'>in</span> 
     </span>
    </p>
   </div>
   <div class='ocr_carea' id='block_1_84' title="bbox 783 4318 2449 4390">
    <p class='ocr_par' dir='ltr' id='par_1_84' title="bbox 783 4318 2449 4390">
     <span class='ocr_line' id='line_1_84' title="bbox 783 4318 2449 4390; baseline 0.001 -14"><span class='ocrx_word' id='word_1_605' title='bbox 783 4335 887 4376; x_wconf 88' lang='lat' dir='ltr'>eos</span> <span class='ocrx_word' id='word_1_606' title='bbox 918 4318 1141 4390; x_wconf 90' lang='lat' dir='ltr'>quibus</span> <span class='ocrx_word' id='word_1_607' title='bbox 1173 4318 1462 4373; x_wconf 85' lang='lat' dir='ltr'>insultare</span> <span class='ocrx_word' id='word_1_608' title='bbox 1501 4318 1672 4385; x_wconf 87' lang='lat' dir='ltr'>solet,</span> <span class='ocrx_word' id='word_1_609' title='bbox 1710 4319 1804 4374; x_wconf 92' lang='lat' dir='ltr'>ille</span> <span class='ocrx_word' id='word_1_610' title='bbox 1842 4319 2077 4375; x_wconf 64' lang='lat' dir='ltr'>malitiae</span> <span class='ocrx_word' id='word_1_611' title='bbox 2111 4328 2340 4387; x_wconf 84' lang='lat' dir='ltr'>auctor,</span> <span class='ocrx_word' id='word_1_612' title='bbox 2392 4328 2449 4377; x_wconf 92' lang='lat' dir='ltr'>et</span> 
     </span>
    </p>
   </div>
   <div class='ocr_carea' id='block_1_85' title="bbox 783 4405 2447 4479">
    <p class='ocr_par' dir='ltr' id='par_1_85' title="bbox 783 4405 2447 4479">
     <span class='ocr_line' id='line_1_85' title="bbox 783 4405 2447 4479; baseline 0.002 -18"><span class='ocrx_word' id='word_1_613' title='bbox 783 4405 928 4461; x_wconf 88' lang='lat' dir='ltr'>boni</span> <span class='ocrx_word' id='word_1_614' title='bbox 961 4405 1168 4469; x_wconf 81' lang='lat' dir='ltr'>fugam</span> <span class='ocrx_word' id='word_1_615' title='bbox 1198 4412 1251 4461; x_wconf 90' lang='lat' dir='ltr'>et</span> <span class='ocrx_word' id='word_1_616' title='bbox 1275 4408 1451 4462; x_wconf 88' lang='lat' dir='ltr'>nobis</span> <span class='ocrx_word' id='word_1_617' title='bbox 1465 4423 1712 4479; x_wconf 87' lang='lat' dir='ltr'>prorsus</span> <span class='ocrx_word' id='word_1_618' title='bbox 1733 4408 2082 4464; x_wconf 89' lang='lat' dir='ltr'>electionem</span> <span class='ocrx_word' id='word_1_619' title='bbox 2112 4409 2447 4465; x_wconf 86' lang='lat' dir='ltr'>infelicibus</span> 
     </span>
    </p>
   </div>
   <div class='ocr_carea' id='block_1_86' title="bbox 781 4497 2443 4567">
    <p class='ocr_par' dir='ltr' id='par_1_86' title="bbox 781 4497 2443 4567">
     <span class='ocr_line' id='line_1_86' title="bbox 781 4497 2443 4567; baseline 0.004 -18"><span class='ocrx_word' id='word_1_620' title='bbox 781 4508 1120 4567; x_wconf 89' lang='lat' dir='ltr'>proponere</span> <span class='ocrx_word' id='word_1_621' title='bbox 1153 4500 1337 4550; x_wconf 89' lang='lat' dir='ltr'>amat.</span> <span class='ocrx_word' id='word_1_622' title='bbox 1373 4497 1501 4551; x_wconf 88' lang='lat' dir='ltr'>Non</span> <span class='ocrx_word' id='word_1_623' title='bbox 1534 4498 1693 4553; x_wconf 88' lang='lat' dir='ltr'>enim</span> <span class='ocrx_word' id='word_1_624' title='bbox 1716 4498 2133 4553; x_wconf 89' lang='lat' dir='ltr'>omnimodam</span> <span class='ocrx_word' id='word_1_625' title='bbox 2166 4499 2443 4555; x_wconf 87' lang='lat' dir='ltr'>virtutem</span> 
     </span>
    </p>
   </div>
   <div class='ocr_carea' id='block_1_87' title="bbox 782 4583 2442 4658">
    <p class='ocr_par' dir='ltr' id='par_1_87' title="bbox 782 4583 2442 4658">
     <span class='ocr_line' id='line_1_87' title="bbox 782 4583 2442 4658; baseline 0.001 -19"><span class='ocrx_word' id='word_1_626' title='bbox 782 4583 834 4639; x_wconf 90' lang='lat' dir='ltr'>ei</span> <span class='ocrx_word' id='word_1_627' title='bbox 861 4583 1283 4653; x_wconf 88' lang='lat' dir='ltr'>concedemus,</span> <span class='ocrx_word' id='word_1_628' title='bbox 1308 4600 1422 4639; x_wconf 90' lang='lat' dir='ltr'>nos</span> <span class='ocrx_word' id='word_1_629' title='bbox 1450 4586 1700 4642; x_wconf 89' lang='lat' dir='ltr'>omnino</span> <span class='ocrx_word' id='word_1_630' title='bbox 1726 4586 1905 4658; x_wconf 92' lang='lat' dir='ltr'>culpa</span> <span class='ocrx_word' id='word_1_631' title='bbox 1931 4586 2273 4642; x_wconf 88' lang='lat' dir='ltr'>liberantes.</span> <span class='ocrx_word' id='word_1_632' title='bbox 2299 4591 2362 4642; x_wconf 89' lang='lat' dir='ltr'>Et</span> <span class='ocrx_word' id='word_1_633' title='bbox 2395 4591 2442 4643; x_wconf 88' lang='lat' dir='ltr'>si</span> 
     </span>
    </p>
   </div>
   <div class='ocr_carea' id='block_1_88' title="bbox 781 4672 2444 4745">
    <p class='ocr_par' dir='ltr' id='par_1_88' title="bbox 781 4672 2444 4745">
     <span class='ocr_line' id='line_1_88' title="bbox 781 4672 2444 4745; baseline 0.004 -19"><span class='ocrx_word' id='word_1_634' title='bbox 781 4687 893 4727; x_wconf 92' lang='lat' dir='ltr'>nos</span> <span class='ocrx_word' id='word_1_635' title='bbox 921 4673 983 4727; x_wconf 90' lang='lat' dir='ltr'>in</span> <span class='ocrx_word' id='word_1_636' title='bbox 1031 4672 1192 4728; x_wconf 90' lang='lat' dir='ltr'>bono</span> <span class='ocrx_word' id='word_1_637' title='bbox 1222 4673 1470 4729; x_wconf 87' lang='lat' dir='ltr'>ﬁrmiter</span> <span class='ocrx_word' id='word_1_638' title='bbox 1496 4680 1649 4729; x_wconf 88' lang='lat' dir='ltr'>stare</span> <span class='ocrx_word' id='word_1_639' title='bbox 1692 4675 1997 4737; x_wconf 86' lang='lat' dir='ltr'>vellemus,</span> <span class='ocrx_word' id='word_1_640' title='bbox 2030 4676 2258 4745; x_wconf 78' lang='lat' dir='ltr'>fugeret</span> <span class='ocrx_word' id='word_1_641' title='bbox 2280 4680 2444 4733; x_wconf 90' lang='lat' dir='ltr'>Sata-</span> 
     </span>
    </p>
   </div>
   <div class='ocr_carea' id='block_1_89' title="bbox 778 4760 2521 4852">
    <p class='ocr_par' dir='ltr' id='par_1_89' title="bbox 778 4760 2521 4852">
     <span class='ocr_line' id='line_1_89' title="bbox 778 4760 2521 4852; baseline 0.003 -38"><span class='ocrx_word' id='word_1_642' title='bbox 778 4774 892 4815; x_wconf 86' lang='lat' dir='ltr'>nas</span> <span class='ocrx_word' id='word_1_643' title='bbox 931 4766 985 4815; x_wconf 92' lang='lat' dir='ltr'>et</span> <span class='ocrx_word' id='word_1_644' title='bbox 1028 4765 1187 4815; x_wconf 88' lang='lat' dir='ltr'>certo</span> <span class='ocrx_word' id='word_1_645' title='bbox 1208 4760 1527 4827; x_wconf 88' lang='lat' dir='ltr'>recederet,</span> <span class='ocrx_word' id='word_1_646' title='bbox 1556 4766 1612 4817; x_wconf 91' lang='lat' dir='ltr'>et</span> <span class='ocrx_word' id='word_1_647' title='bbox 1639 4768 1779 4834; x_wconf 90' lang='lat' dir='ltr'>post</span> <span class='ocrx_word' id='word_1_648' title='bbox 1827 4779 1940 4818; x_wconf 93' lang='lat' dir='ltr'>nos</span> <span class='ocrx_word' id='word_1_649' title='bbox 1970 4764 2284 4834; x_wconf 90' lang='lat' dir='ltr'>ejiceretur</span> <span class='ocrx_word' id='word_1_650' title='bbox 2305 4782 2440 4819; x_wconf 84' lang='lat' dir='ltr'>cum</span> <span class='ocrx_word' id='word_1_651' title='bbox 2481 4800 2521 4852; x_wconf 66' lang='grc' dir='ltr'>Β</span> 
     </span>
    </p>
   </div>
   <div class='ocr_carea' id='block_1_90' title="bbox 779 4848 2443 4922">
    <p class='ocr_par' dir='ltr' id='par_1_90' title="bbox 779 4848 2443 4922">
     <span class='ocr_line' id='line_1_90' title="bbox 779 4848 2443 4922; baseline 0.002 -18"><span class='ocrx_word' id='word_1_652' title='bbox 779 4848 1008 4904; x_wconf 86' lang='lat' dir='ltr'>Christo</span> <span class='ocrx_word' id='word_1_653' title='bbox 1029 4849 1089 4904; x_wconf 89' lang='lat' dir='ltr'>in</span> <span class='ocrx_word' id='word_1_654' title='bbox 1108 4849 1231 4905; x_wconf 90' lang='lat' dir='ltr'>acie</span> <span class='ocrx_word' id='word_1_655' title='bbox 1259 4854 1508 4913; x_wconf 85' lang='lat' dir='ltr'>stantes,</span> <span class='ocrx_word' id='word_1_656' title='bbox 1528 4854 1630 4922; x_wconf 86' lang='lat' dir='ltr'>qui</span> <span class='ocrx_word' id='word_1_657' title='bbox 1655 4856 1709 4906; x_wconf 91' lang='lat' dir='ltr'>et</span> <span class='ocrx_word' id='word_1_658' title='bbox 1760 4851 2060 4907; x_wconf 89' lang='lat' dir='ltr'>mundum</span> <span class='ocrx_word' id='word_1_659' title='bbox 2098 4854 2443 4907; x_wconf 90' lang='lat' dir='ltr'>universum</span> 
     </span>
    </p>
   </div>
   <div class='ocr_carea' id='block_1_91' title="bbox 776 4938 2443 5011">
    <p class='ocr_par' dir='ltr' id='par_1_91' title="bbox 776 4938 2443 5011">
     <span class='ocr_line' id='line_1_91' title="bbox 776 4938 2443 5011; baseline 0.004 -18"><span class='ocrx_word' id='word_1_660' title='bbox 776 4941 834 4994; x_wconf 90' lang='lat' dir='ltr'>et</span> <span class='ocrx_word' id='word_1_661' title='bbox 872 4938 1057 5009; x_wconf 90' lang='lat' dir='ltr'>hujus</span> <span class='ocrx_word' id='word_1_662' title='bbox 1094 4938 1448 5011; x_wconf 89' lang='lat' dir='ltr'>principem,</span> <span class='ocrx_word' id='word_1_663' title='bbox 1481 4943 1835 4996; x_wconf 88' lang='lat' dir='ltr'>tentatorem</span> <span class='ocrx_word' id='word_1_664' title='bbox 1858 4941 2037 4997; x_wconf 87' lang='lat' dir='ltr'>istum</span> <span class='ocrx_word' id='word_1_665' title='bbox 2062 4942 2300 4999; x_wconf 87' lang='lat' dir='ltr'>devicit.</span> <span class='ocrx_word' id='word_1_666' title='bbox 2320 4942 2443 4999; x_wconf 90' lang='lat' dir='ltr'>Sub</span> 
     </span>
    </p>
   </div>
   <div class='ocr_carea' id='block_1_92' title="bbox 850 5113 2440 5186">
    <p class='ocr_par' dir='ltr' id='par_1_92' title="bbox 850 5113 2440 5186">
     <span class='ocr_line' id='line_1_92' title="bbox 850 5113 2440 5186; baseline 0.003 -16"><span class='ocrx_word' id='word_1_667' title='bbox 850 5119 925 5186; x_wconf 84' lang='lat' dir='ltr'>(t)</span> <span class='ocrx_word' id='word_1_668' title='bbox 990 5118 1100 5172; x_wconf 87' lang='lat' dir='ltr'>Pro</span> <span class='ocrx_word' id='word_1_669' title='bbox 1149 5119 1219 5178; x_wconf 81' lang='grc' dir='ltr'>ὡς</span> <span class='ocrx_word' id='word_1_670' title='bbox 1275 5114 1491 5186; x_wconf 85' lang='lat' dir='ltr'>forsan</span> <span class='ocrx_word' id='word_1_671' title='bbox 1519 5113 1614 5177; x_wconf 85' lang='grc' dir='ltr'>οἶς.</span> <span class='ocrx_word' id='word_1_672' title='bbox 1648 5149 1719 5158; x_wconf 91' lang='lat'>—</span> <span class='ocrx_word' id='word_1_673' title='bbox 1781 5118 1998 5174; x_wconf 89' lang='lat' dir='ltr'>Paulus</span> <span class='ocrx_word' id='word_1_674' title='bbox 2030 5119 2048 5171; x_wconf 87' lang='grc' dir='ltr'>Ι</span> <span class='ocrx_word' id='word_1_675' title='bbox 2080 5118 2157 5175; x_wconf 90' lang='lat' dir='ltr'>ad</span> <span class='ocrx_word' id='word_1_676' title='bbox 2209 5120 2339 5175; x_wconf 88' lang='lat' dir='ltr'>Cor.</span> <span class='ocrx_word' id='word_1_677' title='bbox 2377 5136 2440 5185; x_wconf 81' lang='grc' dir='ltr'>ιι,</span> 
     </span>
    </p>
   </div>
   <div class='ocr_carea' id='block_1_93' title="bbox 779 5184 1730 5260">
    <p class='ocr_par' dir='ltr' id='par_1_93' title="bbox 779 5184 1730 5260">
     <span class='ocr_line' id='line_1_93' title="bbox 779 5184 1730 5260; baseline -0.002 -15"><span class='ocrx_word' id='word_1_678' title='bbox 779 5191 812 5245; x_wconf 88' lang='grc'><strong>9</strong></span> <span class='ocrx_word' id='word_1_679' title='bbox 845 5184 950 5242; x_wconf 59' lang='grc' dir='ltr'>ξ”Δ</span> <span class='ocrx_word' id='word_1_680' title='bbox 988 5188 1247 5260; x_wconf 82' lang='grc' dir='ltr'>ὀφθαλμός</span> <span class='ocrx_word' id='word_1_681' title='bbox 1274 5187 1369 5240; x_wconf 75' lang='grc' dir='ltr'>οὐκ</span> <span class='ocrx_word' id='word_1_682' title='bbox 1418 5184 1553 5241; x_wconf 77' lang='grc' dir='ltr'>εἱὸεν</span> <span class='ocrx_word' id='word_1_683' title='bbox 1583 5231 1595 5243; x_wconf 94' lang='grc'>.</span> <span class='ocrx_word' id='word_1_684' title='bbox 1648 5234 1659 5245; x_wconf 93' lang='grc'><strong>.</strong></span> <span class='ocrx_word' id='word_1_685' title='bbox 1718 5233 1730 5245; x_wconf 93' lang='grc'>.</span> 
     </span>
    </p>
   </div>
   <div class='ocr_carea' id='block_1_94' title="bbox 851 5260 2437 5334">
    <p class='ocr_par' dir='ltr' id='par_1_94' title="bbox 851 5260 2437 5334">
     <span class='ocr_line' id='line_1_94' title="bbox 851 5260 2437 5334; baseline 0.003 -21"><span class='ocrx_word' id='word_1_686' title='bbox 851 5264 930 5325; x_wconf 82' lang='lat'>(2)</span> <span class='ocrx_word' id='word_1_687' title='bbox 957 5263 1033 5315; x_wconf 86' lang='lat' dir='ltr'>De</span> <span class='ocrx_word' id='word_1_688' title='bbox 1065 5260 1613 5334; x_wconf 80' lang='lat' dir='ltr'>monasticavitaid</span> <span class='ocrx_word' id='word_1_689' title='bbox 1639 5268 1726 5316; x_wconf 91' lang='lat' dir='ltr'>est</span> <span class='ocrx_word' id='word_1_690' title='bbox 1747 5262 2224 5334; x_wconf 83' lang='lat' dir='ltr'>intelligendum,</span> <span class='ocrx_word' id='word_1_691' title='bbox 2254 5278 2437 5334; x_wconf 90' lang='lat' dir='ltr'>quam</span> 
     </span>
    </p>
   </div>
   <div class='ocr_carea' id='block_1_95' title="bbox 775 5331 2439 5458">
    <p class='ocr_par' dir='ltr' id='par_1_95' title="bbox 775 5331 2439 5458">
     <span class='ocr_line' id='line_1_95' title="bbox 775 5331 2439 5458; baseline 0.004 -74"><span class='ocrx_word' id='word_1_692' title='bbox 775 5346 1041 5458; x_wconf 58' lang='lat' dir='ltr'>grpuero</span> <span class='ocrx_word' id='word_1_693' title='bbox 1083 5333 1271 5388; x_wconf 73' lang='lat' dir='ltr'>fuerat</span> <span class='ocrx_word' id='word_1_694' title='bbox 1299 5331 1617 5404; x_wconf 82' lang='lat' dir='ltr'>amplexus</span> <span class='ocrx_word' id='word_1_695' title='bbox 1652 5340 1795 5389; x_wconf 90' lang='lat' dir='ltr'>natu</span> <span class='ocrx_word' id='word_1_696' title='bbox 1823 5335 2027 5388; x_wconf 84' lang='lat' dir='ltr'>tertius</span> <span class='ocrx_word' id='word_1_697' title='bbox 2067 5333 2162 5389; x_wconf 91' lang='lat' dir='ltr'>ille</span> <span class='ocrx_word' id='word_1_698' title='bbox 2185 5331 2439 5390; x_wconf 80' lang='lat' dir='ltr'>Chiimni</span> 
     </span>
     <span class='ocr_line' id='line_1_96' title="bbox 846 5420 962 5457; baseline 0 0"><span class='ocrx_word' id='word_1_699' title='bbox 846 5420 962 5457; x_wconf 83' lang='lat' dir='ltr'>ius.</span> 
     </span>
    </p>
   </div>
   <div class='ocr_carea' id='block_1_96' title="bbox 846 5420 962 5457">
    <p class='ocr_par' dir='ltr' id='par_1_96' title="bbox 846 5420 962 5457">
     <span class='ocr_line' id='line_1_97' title="bbox 846 5420 962 5457; baseline 0 0"><span class='ocrx_word' id='word_1_700' title='bbox 846 5420 962 5457; x_wconf 79' lang='lat' dir='ltr'>IUS.</span> 
     </span>
    </p>
   </div>
   <div class='ocr_carea' id='block_1_97' title="bbox 847 5474 2441 5549">
    <p class='ocr_par' dir='ltr' id='par_1_97' title="bbox 847 5474 2441 5549">
     <span class='ocr_line' id='line_1_98' title="bbox 847 5474 2441 5549; baseline -0.001 -20"><span class='ocrx_word' id='word_1_701' title='bbox 847 5475 922 5540; x_wconf 80' lang='lat' dir='ltr'>(3i</span> <span class='ocrx_word' id='word_1_702' title='bbox 972 5474 1191 5549; x_wconf 84' lang='lat' dir='ltr'>_Matth.</span> <span class='ocrx_word' id='word_1_703' title='bbox 1234 5477 1499 5549; x_wconf 24' lang='lat' dir='ltr'>Ax_vtu,30</span> <span class='ocrx_word' id='word_1_704' title='bbox 1530 5491 1542 5528; x_wconf 85' lang='lat'><strong>:</strong></span> <span class='ocrx_word' id='word_1_705' title='bbox 1574 5478 1637 5526; x_wconf 84' lang='grc' dir='ltr'>Εἴ</span> <span class='ocrx_word' id='word_1_706' title='bbox 1683 5495 1763 5537; x_wconf 88' lang='grc' dir='ltr'>τις</span> <span class='ocrx_word' id='word_1_707' title='bbox 1814 5476 1944 5549; x_wconf 68' lang='grc' dir='ltr'>θελει</span> <span class='ocrx_word' id='word_1_708' title='bbox 2009 5476 2179 5528; x_wconf 82' lang='grc' dir='ltr'>ὀπίσω</span> <span class='ocrx_word' id='word_1_709' title='bbox 2237 5497 2338 5549; x_wconf 90' lang='grc' dir='ltr'>μου</span> <span class='ocrx_word' id='word_1_710' title='bbox 2366 5476 2441 5528; x_wconf 65' lang='grc' dir='ltr'>ἐ)-</span> 
     </span>
    </p>
   </div>
   <div class='ocr_carea' id='block_1_98' title="bbox 775 5544 2440 5622">
    <p class='ocr_par' dir='ltr' id='par_1_98' title="bbox 775 5544 2440 5622">
     <span class='ocr_line' id='line_1_99' title="bbox 775 5544 2440 5622; baseline 0.001 -25"><span class='ocrx_word' id='word_1_711' title='bbox 775 5547 900 5613; x_wconf 86' lang='grc' dir='ltr'>θεῖν,</span> <span class='ocrx_word' id='word_1_712' title='bbox 962 5545 1359 5622; x_wconf 76' lang='grc' dir='ltr'>ἀπαρνησάσθω</span> <span class='ocrx_word' id='word_1_713' title='bbox 1436 5544 1616 5598; x_wconf 82' lang='grc' dir='ltr'>ἑαυτὸν</span> <span class='ocrx_word' id='word_1_714' title='bbox 1694 5553 1783 5600; x_wconf 83' lang='grc' dir='ltr'>καὶ</span> <span class='ocrx_word' id='word_1_715' title='bbox 1838 5548 2010 5621; x_wconf 78' lang='grc' dir='ltr'>ἀράτω</span> <span class='ocrx_word' id='word_1_716' title='bbox 2073 5551 2155 5600; x_wconf 91' lang='grc' dir='ltr'>τόι</span> <span class='ocrx_word' id='word_1_717' title='bbox 2218 5544 2440 5622; x_wconf 79' lang='grc' dir='ltr'>σταυρόν</span> 
     </span>
    </p>
   </div>
   <div class='ocr_carea' id='block_1_99' title="bbox 772 5616 2194 5691">
    <p class='ocr_par' dir='ltr' id='par_1_99' title="bbox 772 5616 2194 5691">
     <span class='ocr_line' id='line_1_100' title="bbox 772 5616 2194 5691; baseline 0.004 -22"><span class='ocrx_word' id='word_1_718' title='bbox 772 5618 954 5691; x_wconf 65' lang='grc' dir='ltr'>αὐτοῦ,</span> <span class='ocrx_word' id='word_1_719' title='bbox 992 5616 1082 5669; x_wconf 84' lang='lat' dir='ltr'>xui</span> <span class='ocrx_word' id='word_1_720' title='bbox 1113 5616 1457 5691; x_wconf 67' lang='grc' dir='ltr'>ἀκολουθείτω</span> <span class='ocrx_word' id='word_1_721' title='bbox 1487 5637 1578 5691; x_wconf 88' lang='grc' dir='ltr'>μοι</span> <span class='ocrx_word' id='word_1_722' title='bbox 1609 5619 1772 5691; x_wconf 88' lang='lat' dir='ltr'>Conf.</span> <span class='ocrx_word' id='word_1_723' title='bbox 1821 5616 1953 5675; x_wconf 63' lang='grc' dir='ltr'>Ιιὺρ.</span> <span class='ocrx_word' id='word_1_724' title='bbox 1987 5637 2074 5687; x_wconf 81' lang='lat' dir='ltr'>xv,</span> <span class='ocrx_word' id='word_1_725' title='bbox 2105 5624 2194 5678; x_wconf 73' lang='lat'>27.</span> 
     </span>
    </p>
   </div>
   <div class='ocr_carea' id='block_1_100' title="bbox 843 5689 2436 5761">
    <p class='ocr_par' dir='ltr' id='par_1_100' title="bbox 843 5689 2436 5761">
     <span class='ocr_line' id='line_1_101' title="bbox 843 5689 2436 5761; baseline -0.001 -17"><span class='ocrx_word' id='word_1_726' title='bbox 843 5689 921 5761; x_wconf 68' lang='grc' dir='ltr'>(ἱ)</span> <span class='ocrx_word' id='word_1_727' title='bbox 985 5692 1123 5761; x_wconf 89' lang='lat' dir='ltr'>Sap.</span> <span class='ocrx_word' id='word_1_728' title='bbox 1185 5689 1411 5746; x_wconf 86' lang='lat' dir='ltr'>Sirach.</span> <span class='ocrx_word' id='word_1_729' title='bbox 1467 5689 1629 5759; x_wconf 55' lang='lat' dir='ltr'>x&#39;vm,</span> <span class='ocrx_word' id='word_1_730' title='bbox 1691 5690 2034 5747; x_wconf 78' lang='grc' dir='ltr'>3οεὈπίσω</span> <span class='ocrx_word' id='word_1_731' title='bbox 2098 5700 2197 5743; x_wconf 83' lang='grc' dir='ltr'>τῶν</span> <span class='ocrx_word' id='word_1_732' title='bbox 2260 5693 2436 5746; x_wconf 84' lang='grc' dir='ltr'>ἐπιθυ-</span> 
     </span>
    </p>
   </div>
   <div class='ocr_carea' id='block_1_101' title="bbox 2555 3510 4167 3585">
    <p class='ocr_par' dir='ltr' id='par_1_101' title="bbox 2555 3510 4167 3585">
     <span class='ocr_line' id='line_1_102' title="bbox 2555 3510 4167 3585; baseline 0.001 -22"><span class='ocrx_word' id='word_1_733' title='bbox 2555 3518 2646 3563; x_wconf 85' lang='lat' dir='ltr'>xui</span> <span class='ocrx_word' id='word_1_734' title='bbox 2696 3516 2784 3564; x_wconf 90' lang='grc' dir='ltr'>τόν</span> <span class='ocrx_word' id='word_1_735' title='bbox 2853 3517 3080 3585; x_wconf 90' lang='grc' dir='ltr'>σταυρόν</span> <span class='ocrx_word' id='word_1_736' title='bbox 3138 3510 3229 3584; x_wconf 73' lang='grc' dir='ltr'>ἦρε</span> <span class='ocrx_word' id='word_1_737' title='bbox 3276 3518 3365 3565; x_wconf 82' lang='grc' dir='ltr'>καὶ</span> <span class='ocrx_word' id='word_1_738' title='bbox 3413 3513 3583 3564; x_wconf 85' lang='grc' dir='ltr'>ὀπίσω</span> <span class='ocrx_word' id='word_1_739' title='bbox 3640 3512 4018 3565; x_wconf 85' lang='grc' dir='ltr'>κατακολουθεῖ</span> <span class='ocrx_word' id='word_1_740' title='bbox 4070 3515 4167 3565; x_wconf 76' lang='grc' dir='ltr'>αῦ-</span> 
     </span>
    </p>
   </div>
   <div class='ocr_carea' id='block_1_102' title="bbox 2554 3600 4169 3673">
    <p class='ocr_par' dir='ltr' id='par_1_102' title="bbox 2554 3600 4169 3673">
     <span class='ocr_line' id='line_1_103' title="bbox 2554 3600 4169 3673; baseline 0 -18"><span class='ocrx_word' id='word_1_741' title='bbox 2554 3610 2647 3655; x_wconf 90' lang='grc' dir='ltr'>τοῦ</span> <span class='ocrx_word' id='word_1_742' title='bbox 2785 3601 3125 3673; x_wconf 84' lang='grc' dir='ltr'>ἐπηγγείλατο</span> <span class='ocrx_word' id='word_1_743' title='bbox 3161 3624 3173 3635; x_wconf 83' lang='grc'>·</span> <span class='ocrx_word' id='word_1_744' title='bbox 3199 3600 3294 3654; x_wconf 86' lang='grc' dir='ltr'>εἶθ’</span> <span class='ocrx_word' id='word_1_745' title='bbox 3341 3602 3486 3663; x_wconf 81' lang='grc' dir='ltr'>ὅλαις</span> <span class='ocrx_word' id='word_1_746' title='bbox 3514 3610 3625 3662; x_wconf 87' lang='grc' dir='ltr'>ταῖς</span> <span class='ocrx_word' id='word_1_747' title='bbox 3674 3603 3890 3663; x_wconf 72' lang='grc' dir='ltr'>εὐθείαις</span> <span class='ocrx_word' id='word_1_748' title='bbox 3928 3602 4169 3673; x_wconf 83' lang='grc' dir='ltr'>ἐχώλανε</span> 
     </span>
    </p>
   </div>
   <div class='ocr_carea' id='block_1_103' title="bbox 2555 3690 4168 3765">
    <p class='ocr_par' dir='ltr' id='par_1_103' title="bbox 2555 3690 4168 3765">
     <span class='ocr_line' id='line_1_104' title="bbox 2555 3690 4168 3765; baseline 0 -22"><span class='ocrx_word' id='word_1_749' title='bbox 2555 3690 2773 3765; x_wconf 79' lang='grc' dir='ltr'>τρίϐοις,</span> <span class='ocrx_word' id='word_1_750' title='bbox 2835 3698 2925 3743; x_wconf 86' lang='lat' dir='ltr'>xui</span> <span class='ocrx_word' id='word_1_751' title='bbox 2963 3690 3135 3763; x_wconf 82' lang='grc' dir='ltr'>βαλὼν</span> <span class='ocrx_word' id='word_1_752' title='bbox 3190 3696 3360 3753; x_wconf 80' lang='grc' dir='ltr'>καλῶς</span> <span class='ocrx_word' id='word_1_753' title='bbox 3408 3690 3488 3743; x_wconf 80' lang='grc' dir='ltr'>ἐπ’</span> <span class='ocrx_word' id='word_1_754' title='bbox 3518 3693 3737 3765; x_wconf 78' lang='grc' dir='ltr'>ἄροτρον</span> <span class='ocrx_word' id='word_1_755' title='bbox 3786 3700 3944 3763; x_wconf 83' lang='grc' dir='ltr'>χεῖρα</span> <span class='ocrx_word' id='word_1_756' title='bbox 3996 3692 4168 3764; x_wconf 79' lang='grc' dir='ltr'>ούρα-</span> 
     </span>
    </p>
   </div>
   <div class='ocr_carea' id='block_1_104' title="bbox 2554 3780 4169 3853">
    <p class='ocr_par' dir='ltr' id='par_1_104' title="bbox 2554 3780 4169 3853">
     <span class='ocr_line' id='line_1_105' title="bbox 2554 3780 4169 3853; baseline 0.001 -21"><span class='ocrx_word' id='word_1_757' title='bbox 2554 3786 2665 3832; x_wconf 88' lang='grc' dir='ltr'>νίου</span> <span class='ocrx_word' id='word_1_758' title='bbox 2731 3786 2989 3853; x_wconf 87' lang='grc' dir='ltr'>γεωργίας</span> <span class='ocrx_word' id='word_1_759' title='bbox 3062 3785 3152 3832; x_wconf 82' lang='grc' dir='ltr'>καὶ</span> <span class='ocrx_word' id='word_1_760' title='bbox 3232 3780 3396 3833; x_wconf 82' lang='grc' dir='ltr'>πολλὰ</span> <span class='ocrx_word' id='word_1_761' title='bbox 3476 3780 3685 3850; x_wconf 88' lang='grc' dir='ltr'>τάγαθά</span> <span class='ocrx_word' id='word_1_762' title='bbox 3762 3780 3810 3831; x_wconf 89' lang='grc' dir='ltr'>ἐν</span> <span class='ocrx_word' id='word_1_763' title='bbox 3872 3780 4169 3841; x_wconf 78' lang='grc' dir='ltr'>ἀποθήκαις</span> 
     </span>
    </p>
   </div>
   <div class='ocr_carea' id='block_1_105' title="bbox 2556 3868 4168 3942">
    <p class='ocr_par' dir='ltr' id='par_1_105' title="bbox 2556 3868 4168 3942">
     <span class='ocr_line' id='line_1_106' title="bbox 2556 3868 4168 3942; baseline 0 -21"><span class='ocrx_word' id='word_1_764' title='bbox 2556 3870 2784 3931; x_wconf 85' lang='grc' dir='ltr'>αἰωνίοις</span> <span class='ocrx_word' id='word_1_765' title='bbox 2845 3870 3295 3942; x_wconf 80' lang='grc' dir='ltr'>θησαυριζούσης,</span> <span class='ocrx_word' id='word_1_766' title='bbox 3333 3868 3563 3942; x_wconf 77' lang='grc' dir='ltr'>ἐστράφη</span> <span class='ocrx_word' id='word_1_767' title='bbox 3603 3869 3772 3921; x_wconf 85' lang='grc' dir='ltr'>ὀπίσω</span> <span class='ocrx_word' id='word_1_768' title='bbox 3811 3873 3949 3940; x_wconf 81' lang='grc' dir='ltr'>οἶμοι</span> <span class='ocrx_word' id='word_1_769' title='bbox 4004 3869 4015 3923; x_wconf 75' lang='grc' dir='ltr'><strong>ε</strong></span> <span class='ocrx_word' id='word_1_770' title='bbox 4061 3879 4168 3921; x_wconf 85' lang='grc' dir='ltr'>τῶν</span> 
     </span>
    </p>
   </div>
   <div class='ocr_carea' id='block_1_106' title="bbox 2556 3956 4174 4031">
    <p class='ocr_par' dir='ltr' id='par_1_106' title="bbox 2556 3956 4174 4031">
     <span class='ocr_line' id='line_1_107' title="bbox 2556 3956 4174 4031; baseline 0.001 -22"><span class='ocrx_word' id='word_1_771' title='bbox 2556 3968 2728 4010; x_wconf 80' lang='grc' dir='ltr'>κακῶν</span> <span class='ocrx_word' id='word_1_772' title='bbox 2775 3957 3062 4030; x_wconf 81' lang='grc' dir='ltr'>ἐπιθυμιῶν</span> <span class='ocrx_word' id='word_1_773' title='bbox 3145 3959 3226 4028; x_wconf 81' lang='grc'>(4)</span> <span class='ocrx_word' id='word_1_774' title='bbox 3272 3963 3362 4010; x_wconf 89' lang='lat' dir='ltr'>xui</span> <span class='ocrx_word' id='word_1_775' title='bbox 3440 3958 3742 4031; x_wconf 87' lang='grc' dir='ltr'>θελημάτων</span> <span class='ocrx_word' id='word_1_776' title='bbox 3798 3968 3891 4020; x_wconf 81' lang='grc' dir='ltr'>τῆς</span> <span class='ocrx_word' id='word_1_777' title='bbox 3941 3956 4174 4031; x_wconf 78' lang='grc' dir='ltr'>καρδίας</span> 
     </span>
    </p>
   </div>
   <div class='ocr_carea' id='block_1_107' title="bbox 2556 4044 4177 4121">
    <p class='ocr_par' dir='ltr' id='par_1_107' title="bbox 2556 4044 4177 4121">
     <span class='ocr_line' id='line_1_108' title="bbox 2556 4044 4177 4121; baseline 0.001 -22"><span class='ocrx_word' id='word_1_778' title='bbox 2556 4047 2738 4114; x_wconf 77' lang='grc' dir='ltr'>αὐτοῦ,</span> <span class='ocrx_word' id='word_1_779' title='bbox 2803 4054 2892 4101; x_wconf 89' lang='lat' dir='ltr'>xui</span> <span class='ocrx_word' id='word_1_780' title='bbox 2940 4056 3034 4109; x_wconf 85' lang='grc' dir='ltr'>τῆς</span> <span class='ocrx_word' id='word_1_781' title='bbox 3084 4055 3316 4121; x_wconf 82' lang='grc' dir='ltr'>Χριστοῦ</span> <span class='ocrx_word' id='word_1_782' title='bbox 3390 4044 3627 4119; x_wconf 72' lang='grc' dir='ltr'>μάνδραις</span> <span class='ocrx_word' id='word_1_783' title='bbox 3697 4047 3833 4107; x_wconf 79' lang='grc' dir='ltr'>ἐντός</span> <span class='ocrx_word' id='word_1_784' title='bbox 3883 4046 4177 4117; x_wconf 78' lang='grc' dir='ltr'>ἀγαπήσας</span> 
     </span>
    </p>
   </div>
   <div class='ocr_carea' id='block_1_108' title="bbox 2556 4135 4171 4210">
    <p class='ocr_par' dir='ltr' id='par_1_108' title="bbox 2556 4135 4171 4210">
     <span class='ocr_line' id='line_1_109' title="bbox 2556 4135 4171 4210; baseline -0.001 -22"><span class='ocrx_word' id='word_1_785' title='bbox 2556 4146 2758 4210; x_wconf 89' lang='grc' dir='ltr'>πρῶτον</span> <span class='ocrx_word' id='word_1_786' title='bbox 2837 4135 3223 4199; x_wconf 81' lang='grc' dir='ltr'>ἐνδιαιτᾶσθαι,</span> <span class='ocrx_word' id='word_1_787' title='bbox 3315 4139 3528 4209; x_wconf 78' lang='grc' dir='ltr'>θήραμα</span> <span class='ocrx_word' id='word_1_788' title='bbox 3609 4144 3697 4188; x_wconf 88' lang='grc' dir='ltr'>νῦν</span> <span class='ocrx_word' id='word_1_789' title='bbox 3776 4136 3987 4188; x_wconf 85' lang='grc' dir='ltr'>ἐλεεινόν</span> <span class='ocrx_word' id='word_1_790' title='bbox 4087 4140 4171 4205; x_wconf 83' lang='grc'>(5)</span> 
     </span>
    </p>
   </div>
   <div class='ocr_carea' id='block_1_109' title="bbox 2556 4224 4177 4299">
    <p class='ocr_par' dir='ltr' id='par_1_109' title="bbox 2556 4224 4177 4299">
     <span class='ocr_line' id='line_1_110' title="bbox 2556 4224 4177 4299; baseline 0 -22"><span class='ocrx_word' id='word_1_791' title='bbox 2556 4227 2759 4298; x_wconf 82' lang='grc' dir='ltr'>ὁρᾶται,</span> <span class='ocrx_word' id='word_1_792' title='bbox 2802 4228 2932 4298; x_wconf 84' lang='grc' dir='ltr'>ὁμοῦ</span> <span class='ocrx_word' id='word_1_793' title='bbox 2990 4235 3081 4287; x_wconf 86' lang='grc' dir='ltr'>τῆς</span> <span class='ocrx_word' id='word_1_794' title='bbox 3131 4231 3397 4299; x_wconf 85' lang='grc' dir='ltr'>σωτηρίας</span> <span class='ocrx_word' id='word_1_795' title='bbox 3452 4230 3541 4277; x_wconf 87' lang='grc' dir='ltr'>καὶ</span> <span class='ocrx_word' id='word_1_796' title='bbox 3597 4234 3687 4286; x_wconf 82' lang='grc' dir='ltr'>τῆς</span> <span class='ocrx_word' id='word_1_797' title='bbox 3743 4228 3878 4297; x_wconf 82' lang='grc' dir='ltr'>ἱερᾶς</span> <span class='ocrx_word' id='word_1_798' title='bbox 3924 4224 4177 4288; x_wconf 81' lang='grc' dir='ltr'>ἐξωσθεὶς</span> 
     </span>
    </p>
   </div>
   <div class='ocr_carea' id='block_1_110' title="bbox 2554 4315 4176 4388">
    <p class='ocr_par' dir='ltr' id='par_1_110' title="bbox 2554 4315 4176 4388">
     <span class='ocr_line' id='line_1_111' title="bbox 2554 4315 4176 4388; baseline 0.001 -20"><span class='ocrx_word' id='word_1_799' title='bbox 2554 4322 2798 4387; x_wconf 80' lang='grc' dir='ltr'>ποίμνης,</span> <span class='ocrx_word' id='word_1_800' title='bbox 2876 4321 3190 4388; x_wconf 90' lang='grc' dir='ltr'>στιγματίας</span> <span class='ocrx_word' id='word_1_801' title='bbox 3260 4315 3371 4376; x_wconf 74' lang='grc' dir='ltr'>ὅλος</span> <span class='ocrx_word' id='word_1_802' title='bbox 3453 4323 3568 4378; x_wconf 89' lang='grc' dir='ltr'>ταῖς</span> <span class='ocrx_word' id='word_1_803' title='bbox 3629 4323 3720 4367; x_wconf 89' lang='grc' dir='ltr'>τοῦ</span> <span class='ocrx_word' id='word_1_804' title='bbox 3803 4315 4000 4387; x_wconf 75' lang='grc' dir='ltr'>λῃστοῦ</span> <span class='ocrx_word' id='word_1_805' title='bbox 4078 4322 4176 4369; x_wconf 88' lang='lat' dir='ltr'>xui</span> 
     </span>
    </p>
   </div>
   <div class='ocr_carea' id='block_1_111' title="bbox 2552 4400 4170 4477">
    <p class='ocr_par' dir='ltr' id='par_1_111' title="bbox 2552 4400 4170 4477">
     <span class='ocr_line' id='line_1_112' title="bbox 2552 4400 4170 4477; baseline -0.002 -20"><span class='ocrx_word' id='word_1_806' title='bbox 2552 4405 2772 4457; x_wconf 78' lang='grc' dir='ltr'>κλέπτου</span> <span class='ocrx_word' id='word_1_807' title='bbox 2806 4408 2883 4477; x_wconf 89' lang='grc'>(6)</span> <span class='ocrx_word' id='word_1_808' title='bbox 2915 4406 3129 4477; x_wconf 83' lang='grc' dir='ltr'>μάστιξι</span> <span class='ocrx_word' id='word_1_809' title='bbox 3155 4410 3245 4458; x_wconf 87' lang='lat' dir='ltr'>xui</span> <span class='ocrx_word' id='word_1_810' title='bbox 3292 4405 3541 4476; x_wconf 89' lang='grc' dir='ltr'>πληγαῖς,</span> <span class='ocrx_word' id='word_1_811' title='bbox 3582 4409 3654 4476; x_wconf 77' lang='grc' dir='ltr'>μὴ</span> <span class='ocrx_word' id='word_1_812' title='bbox 3716 4400 3811 4456; x_wconf 77' lang='grc' dir='ltr'>διὰ</span> <span class='ocrx_word' id='word_1_813' title='bbox 3836 4411 3925 4463; x_wconf 74' lang='grc' dir='ltr'>τῆς</span> <span class='ocrx_word' id='word_1_814' title='bbox 3972 4403 4170 4474; x_wconf 71' lang='grc' dir='ltr'>αὐτῆς,</span> 
     </span>
    </p>
   </div>
   <div class='ocr_carea' id='block_1_112' title="bbox 2553 4491 4172 4566">
    <p class='ocr_par' dir='ltr' id='par_1_112' title="bbox 2553 4491 4172 4566">
     <span class='ocr_line' id='line_1_113' title="bbox 2553 4491 4172 4566; baseline -0.001 -20"><span class='ocrx_word' id='word_1_815' title='bbox 2553 4494 2660 4547; x_wconf 82' lang='grc' dir='ltr'>ἀλλ’</span> <span class='ocrx_word' id='word_1_816' title='bbox 2719 4494 3005 4566; x_wconf 84' lang='grc' dir='ltr'>ἀλλαχόθεν</span> <span class='ocrx_word' id='word_1_817' title='bbox 3058 4496 3211 4547; x_wconf 72' lang='grc' dir='ltr'>ποθὲν</span> <span class='ocrx_word' id='word_1_818' title='bbox 3285 4491 3380 4547; x_wconf 76' lang='grc' dir='ltr'>διὰ</span> <span class='ocrx_word' id='word_1_819' title='bbox 3430 4503 3672 4566; x_wconf 81' lang='grc' dir='ltr'>κρημνῶν</span> <span class='ocrx_word' id='word_1_820' title='bbox 3729 4513 3879 4544; x_wconf 88' lang='grc' dir='ltr'>τινων</span> <span class='ocrx_word' id='word_1_821' title='bbox 3940 4492 4172 4545; x_wconf 73' lang='grc' dir='ltr'>ἀναϐάν-</span> 
     </span>
    </p>
   </div>
   <div class='ocr_carea' id='block_1_113' title="bbox 2552 4580 4174 4655">
    <p class='ocr_par' dir='ltr' id='par_1_113' title="bbox 2552 4580 4174 4655">
     <span class='ocr_line' id='line_1_114' title="bbox 2552 4580 4174 4655; baseline -0.002 -17"><span class='ocrx_word' id='word_1_822' title='bbox 2552 4605 2641 4647; x_wconf 91' lang='grc' dir='ltr'>τος</span> <span class='ocrx_word' id='word_1_823' title='bbox 2683 4586 2776 4655; x_wconf 81' lang='grc'>(7),</span> <span class='ocrx_word' id='word_1_824' title='bbox 2837 4586 2915 4647; x_wconf 86' lang='grc' dir='ltr'>οἷς</span> <span class='ocrx_word' id='word_1_825' title='bbox 2958 4590 3147 4645; x_wconf 85' lang='grc' dir='ltr'>ἐκεῖνος</span> <span class='ocrx_word' id='word_1_826' title='bbox 3199 4587 3371 4637; x_wconf 86' lang='grc' dir='ltr'>εἴωθεν</span> <span class='ocrx_word' id='word_1_827' title='bbox 3420 4581 3706 4655; x_wconf 73' lang='grc' dir='ltr'>ὲπιπηδᾴν,</span> <span class='ocrx_word' id='word_1_828' title='bbox 3750 4586 3776 4635; x_wconf 93' lang='grc' dir='ltr'>ό</span> <span class='ocrx_word' id='word_1_829' title='bbox 3832 4580 4174 4655; x_wconf 78' lang='grc' dir='ltr'>δημιουργὸς</span> 
     </span>
    </p>
   </div>
   <div class='ocr_carea' id='block_1_114' title="bbox 2553 4673 4171 4745">
    <p class='ocr_par' dir='ltr' id='par_1_114' title="bbox 2553 4673 4171 4745">
     <span class='ocr_line' id='line_1_115' title="bbox 2553 4673 4171 4745; baseline -0.002 -19"><span class='ocrx_word' id='word_1_830' title='bbox 2553 4682 2647 4735; x_wconf 84' lang='grc' dir='ltr'>τῆς</span> <span class='ocrx_word' id='word_1_831' title='bbox 2678 4680 2883 4743; x_wconf 88' lang='grc' dir='ltr'>κακίας,</span> <span class='ocrx_word' id='word_1_832' title='bbox 2909 4680 2999 4727; x_wconf 89' lang='lat' dir='ltr'>xui</span> <span class='ocrx_word' id='word_1_833' title='bbox 3024 4679 3118 4732; x_wconf 84' lang='grc' dir='ltr'>τὴν</span> <span class='ocrx_word' id='word_1_834' title='bbox 3149 4673 3249 4726; x_wconf 86' lang='grc' dir='ltr'>ἀπό</span> <span class='ocrx_word' id='word_1_835' title='bbox 3302 4682 3394 4726; x_wconf 90' lang='grc' dir='ltr'>τοῦ</span> <span class='ocrx_word' id='word_1_836' title='bbox 3453 4673 3614 4725; x_wconf 88' lang='grc' dir='ltr'>καλοῦ</span> <span class='ocrx_word' id='word_1_837' title='bbox 3663 4677 3831 4745; x_wconf 77' lang='grc' dir='ltr'>φυγὴν</span> <span class='ocrx_word' id='word_1_838' title='bbox 3889 4679 3979 4724; x_wconf 82' lang='grc' dir='ltr'>καὶ</span> <span class='ocrx_word' id='word_1_839' title='bbox 4035 4675 4171 4745; x_wconf 76' lang='grc' dir='ltr'>ἡμῖν</span> 
     </span>
    </p>
   </div>
   <div class='ocr_carea' id='block_1_115' title="bbox 2552 4759 4171 4837">
    <p class='ocr_par' dir='ltr' id='par_1_115' title="bbox 2552 4759 4171 4837">
     <span class='ocr_line' id='line_1_116' title="bbox 2552 4759 4171 4837; baseline -0.001 -22"><span class='ocrx_word' id='word_1_840' title='bbox 2552 4771 2664 4825; x_wconf 93' lang='grc' dir='ltr'>τοῖς</span> <span class='ocrx_word' id='word_1_841' title='bbox 2719 4767 2783 4815; x_wconf 73' lang='grc' dir='ltr'>τὰ</span> <span class='ocrx_word' id='word_1_842' title='bbox 2835 4766 3003 4815; x_wconf 87' lang='grc' dir='ltr'>πάντα</span> <span class='ocrx_word' id='word_1_843' title='bbox 3056 4759 3355 4837; x_wconf 82' lang='grc' dir='ltr'>μοχθηροῖς</span> <span class='ocrx_word' id='word_1_844' title='bbox 3402 4767 3494 4820; x_wconf 86' lang='grc' dir='ltr'>τὴν</span> <span class='ocrx_word' id='word_1_845' title='bbox 3540 4766 3848 4834; x_wconf 88' lang='grc' dir='ltr'>προαίρεσιν</span> <span class='ocrx_word' id='word_1_846' title='bbox 3901 4761 4171 4835; x_wconf 82' lang='grc' dir='ltr'>προξενεῖν</span> 
     </span>
    </p>
   </div>
   <div class='ocr_carea' id='block_1_116' title="bbox 2553 4848 4174 4925">
    <p class='ocr_par' dir='ltr' id='par_1_116' title="bbox 2553 4848 4174 4925">
     <span class='ocr_line' id='line_1_117' title="bbox 2553 4848 4174 4925; baseline -0.002 -20"><span class='ocrx_word' id='word_1_847' title='bbox 2553 4854 2949 4925; x_wconf 77' lang='grc' dir='ltr'>τεχναζόμενος.</span> <span class='ocrx_word' id='word_1_848' title='bbox 3006 4854 3082 4905; x_wconf 87' lang='grc' dir='ltr'>Ού</span> <span class='ocrx_word' id='word_1_849' title='bbox 3129 4856 3230 4925; x_wconf 83' lang='grc' dir='ltr'>γὰρ</span> <span class='ocrx_word' id='word_1_850' title='bbox 3273 4856 3334 4904; x_wconf 88' lang='grc' dir='ltr'>τό</span> <span class='ocrx_word' id='word_1_851' title='bbox 3373 4859 3473 4904; x_wconf 83' lang='grc' dir='ltr'>πᾶν</span> <span class='ocrx_word' id='word_1_852' title='bbox 3548 4852 3691 4921; x_wconf 82' lang='grc' dir='ltr'>αύτῷ</span> <span class='ocrx_word' id='word_1_853' title='bbox 3750 4848 3989 4923; x_wconf 84' lang='grc' dir='ltr'>δώσομεν</span> <span class='ocrx_word' id='word_1_854' title='bbox 4071 4860 4174 4913; x_wconf 74' lang='grc' dir='ltr'>τῆς</span> 
     </span>
    </p>
   </div>
   <div class='ocr_carea' id='block_1_117' title="bbox 2556 4940 4168 5015">
    <p class='ocr_par' dir='ltr' id='par_1_117' title="bbox 2556 4940 4168 5015">
     <span class='ocr_line' id='line_1_118' title="bbox 2556 4940 4168 5015; baseline 0 -22"><span class='ocrx_word' id='word_1_855' title='bbox 2556 4942 2768 5014; x_wconf 81' lang='grc' dir='ltr'>ἰσχύος,</span> <span class='ocrx_word' id='word_1_856' title='bbox 2817 4942 3031 5004; x_wconf 83' lang='grc' dir='ltr'>ἑαυτοὺς</span> <span class='ocrx_word' id='word_1_857' title='bbox 3080 4943 3169 5005; x_wconf 85' lang='grc' dir='ltr'>ἐξα</span> <span class='ocrx_word' id='word_1_858' title='bbox 3214 4945 3454 5015; x_wconf 81' lang='grc' dir='ltr'>ρούμενοι</span> <span class='ocrx_word' id='word_1_859' title='bbox 3492 4942 3751 5003; x_wconf 86' lang='grc' dir='ltr'>παντελῶς</span> <span class='ocrx_word' id='word_1_860' title='bbox 3799 4950 3890 5001; x_wconf 80' lang='grc' dir='ltr'>τῆς</span> <span class='ocrx_word' id='word_1_861' title='bbox 3944 4940 4127 5003; x_wconf 80' lang='grc' dir='ltr'>αἰτίας</span> <span class='ocrx_word' id='word_1_862' title='bbox 4155 4964 4168 4975; x_wconf 85' lang='grc'>·</span> 
     </span>
    </p>
   </div>
   <div class='ocr_carea' id='block_1_118' title="bbox 2553 5118 3906 5192">
    <p class='ocr_par' dir='ltr' id='par_1_118' title="bbox 2553 5118 3906 5192">
     <span class='ocr_line' id='line_1_119' title="bbox 2553 5118 3906 5192; baseline 0 -21"><span class='ocrx_word' id='word_1_863' title='bbox 2553 5127 2685 5191; x_wconf 88' lang='grc' dir='ltr'>μιῶν</span> <span class='ocrx_word' id='word_1_864' title='bbox 2710 5138 2806 5171; x_wconf 88' lang='grc' dir='ltr'>σου</span> <span class='ocrx_word' id='word_1_865' title='bbox 2835 5123 2906 5192; x_wconf 74' lang='grc' dir='ltr'>μὴ</span> <span class='ocrx_word' id='word_1_866' title='bbox 2926 5122 3184 5192; x_wconf 84' lang='grc' dir='ltr'>πορεύου.</span> <span class='ocrx_word' id='word_1_867' title='bbox 3222 5118 3308 5175; x_wconf 78' lang='lat' dir='ltr'>Cf.</span> <span class='ocrx_word' id='word_1_868' title='bbox 3335 5124 3372 5173; x_wconf 78' lang='grc' dir='ltr'>ι.</span> <span class='ocrx_word' id='word_1_869' title='bbox 3410 5121 3471 5185; x_wconf 85' lang='grc' dir='ltr'>ΙΙ,</span> <span class='ocrx_word' id='word_1_870' title='bbox 3500 5133 3561 5189; x_wconf 89' lang='lat' dir='ltr'>p.</span> <span class='ocrx_word' id='word_1_871' title='bbox 3604 5119 3727 5187; x_wconf 70' lang='grc'>124,</span> <span class='ocrx_word' id='word_1_872' title='bbox 3762 5132 3823 5171; x_wconf 89' lang='lat' dir='ltr'>n.</span> <span class='ocrx_word' id='word_1_873' title='bbox 3861 5122 3906 5171; x_wconf 83' lang='grc'><strong>1.</strong></span> 
     </span>
    </p>
   </div>
   <div class='ocr_carea' id='block_1_119' title="bbox 2623 5186 4173 5317">
    <p class='ocr_par' dir='ltr' id='par_1_119' title="bbox 2623 5186 4173 5317">
     <span class='ocr_line' id='line_1_120' title="bbox 2623 5186 4173 5317; baseline -0.003 -71"><span class='ocrx_word' id='word_1_874' title='bbox 2623 5192 2702 5317; x_wconf 47' lang='lat' dir='ltr'>S5)</span> <span class='ocrx_word' id='word_1_875' title='bbox 2738 5186 2961 5246; x_wconf 73' lang='lat' dir='ltr'>Exéidit</span> <span class='ocrx_word' id='word_1_876' title='bbox 3000 5186 3205 5247; x_wconf 80' lang='lat' dir='ltr'>forsan</span> <span class='ocrx_word' id='word_1_877' title='bbox 3233 5205 3451 5246; x_wconf 85' lang='lat' dir='ltr'>nomen</span> <span class='ocrx_word' id='word_1_878' title='bbox 3486 5186 3577 5242; x_wconf 64' lang='grc' dir='ltr'>⁸τῖοῦ</span> <span class='ocrx_word' id='word_1_879' title='bbox 3607 5186 3834 5254; x_wconf 82' lang='grc' dir='ltr'>πονηροῦ</span> <span class='ocrx_word' id='word_1_880' title='bbox 3868 5186 3963 5243; x_wconf 79' lang='lat' dir='ltr'>vel</span> <span class='ocrx_word' id='word_1_881' title='bbox 4012 5187 4173 5244; x_wconf 80' lang='lat' dir='ltr'>alius</span> 
     </span>
     <span class='ocr_line' id='line_1_121' title="bbox 2623 5260 3929 5317; baseline 0.004 -6"><span class='ocrx_word' id='word_1_882' title='bbox 2623 5285 2627 5311; x_wconf 61' lang='grc' dir='ltr'><strong>ρ</strong></span> <span class='ocrx_word' id='word_1_883' title='bbox 2655 5262 2787 5317; x_wconf 73' lang='lat' dir='ltr'>luaa.</span> <span class='ocrx_word' id='word_1_884' title='bbox 2822 5263 2995 5317; x_wconf 90' lang='lat' dir='ltr'>cuius</span> <span class='ocrx_word' id='word_1_885' title='bbox 3028 5262 3234 5317; x_wconf 71' lang='lat' dir='ltr'>praeda</span> <span class='ocrx_word' id='word_1_886' title='bbox 3264 5261 3437 5317; x_wconf 88' lang='lat' dir='ltr'>fuerit</span> <span class='ocrx_word' id='word_1_887' title='bbox 3463 5261 3714 5317; x_wconf 86' lang='lat' dir='ltr'>Chumni</span> <span class='ocrx_word' id='word_1_888' title='bbox 3750 5260 3929 5316; x_wconf 87' lang='lat' dir='ltr'>ﬁlius.</span> 
     </span>
    </p>
   </div>
   <div class='ocr_carea' id='block_1_120' title="bbox 2551 5260 3929 5333">
    <p class='ocr_par' dir='ltr' id='par_1_120' title="bbox 2551 5260 3929 5333">
     <span class='ocr_line' id='line_1_122' title="bbox 2551 5260 3929 5333; baseline -0.001 -16"><span class='ocrx_word' id='word_1_889' title='bbox 2551 5260 2787 5327; x_wconf 62' lang='lat' dir='ltr'>belluas,</span> <span class='ocrx_word' id='word_1_890' title='bbox 2822 5263 2995 5332; x_wconf 88' lang='lat' dir='ltr'>cujus</span> <span class='ocrx_word' id='word_1_891' title='bbox 3028 5262 3234 5333; x_wconf 71' lang='lat' dir='ltr'>praeda</span> <span class='ocrx_word' id='word_1_892' title='bbox 3264 5261 3437 5317; x_wconf 86' lang='lat' dir='ltr'>fuerit</span> <span class='ocrx_word' id='word_1_893' title='bbox 3463 5261 3714 5318; x_wconf 85' lang='lat' dir='ltr'>Chumni</span> <span class='ocrx_word' id='word_1_894' title='bbox 3750 5260 3929 5333; x_wconf 78' lang='lat' dir='ltr'>ﬁlius.</span> 
     </span>
    </p>
   </div>
   <div class='ocr_carea' id='block_1_121' title="bbox 2623 5332 4170 5404">
    <p class='ocr_par' dir='ltr' id='par_1_121' title="bbox 2623 5332 4170 5404">
     <span class='ocr_line' id='line_1_123' title="bbox 2623 5332 4170 5404; baseline 0 -17"><span class='ocrx_word' id='word_1_895' title='bbox 2623 5333 2701 5404; x_wconf 89' lang='lat'>(6)</span> <span class='ocrx_word' id='word_1_896' title='bbox 2733 5336 2944 5389; x_wconf 83' lang='lat' dir='ltr'>Juncta</span> <span class='ocrx_word' id='word_1_897' title='bbox 2994 5332 3133 5389; x_wconf 86' lang='lat' dir='ltr'>sunt</span> <span class='ocrx_word' id='word_1_898' title='bbox 3158 5349 3230 5389; x_wconf 91' lang='lat' dir='ltr'>ea</span> <span class='ocrx_word' id='word_1_899' title='bbox 3273 5333 3520 5388; x_wconf 90' lang='lat' dir='ltr'>nomina</span> <span class='ocrx_word' id='word_1_900' title='bbox 3547 5338 3601 5388; x_wconf 91' lang='lat' dir='ltr'>et</span> <span class='ocrx_word' id='word_1_901' title='bbox 3639 5332 3803 5404; x_wconf 88' lang='lat' dir='ltr'>apud</span> <span class='ocrx_word' id='word_1_902' title='bbox 3860 5332 4170 5387; x_wconf 86' lang='lat' dir='ltr'>Joannem</span> 
     </span>
    </p>
   </div>
   <div class='ocr_carea' id='block_1_122' title="bbox 2553 5410 2687 5470">
    <p class='ocr_par' dir='ltr' id='par_1_122' title="bbox 2553 5410 2687 5470">
     <span class='ocr_line' id='line_1_124' title="bbox 2553 5410 2687 5470; baseline -0.015 -10"><span class='ocrx_word' id='word_1_903' title='bbox 2553 5422 2608 5470; x_wconf 84' lang='lat' dir='ltr'>x,</span> <span class='ocrx_word' id='word_1_904' title='bbox 2640 5410 2687 5459; x_wconf 92' lang='lat'>8.</span> 
     </span>
    </p>
   </div>
   <div class='ocr_carea' id='block_1_123' title="bbox 2623 5475 4169 5548">
    <p class='ocr_par' dir='ltr' id='par_1_123' title="bbox 2623 5475 4169 5548">
     <span class='ocr_line' id='line_1_125' title="bbox 2623 5475 4169 5548; baseline -0.001 -19"><span class='ocrx_word' id='word_1_905' title='bbox 2623 5478 2697 5548; x_wconf 83' lang='lat'>(7)</span> <span class='ocrx_word' id='word_1_906' title='bbox 2727 5476 3042 5548; x_wconf 64' lang='lat' dir='ltr'>Gregorius</span> <span class='ocrx_word' id='word_1_907' title='bbox 3078 5477 3350 5532; x_wconf 86' lang='lat' dir='ltr'>Naziauz.</span> <span class='ocrx_word' id='word_1_908' title='bbox 3382 5477 3542 5548; x_wconf 84' lang='lat' dir='ltr'>Orat.</span> <span class='ocrx_word' id='word_1_909' title='bbox 3578 5491 3860 5548; x_wconf 35' lang='lat' dir='ltr'>xxvmhp.</span> <span class='ocrx_word' id='word_1_910' title='bbox 3895 5475 3999 5529; x_wconf 71' lang='grc'>474</span> <span class='ocrx_word' id='word_1_911' title='bbox 4031 5495 4044 5529; x_wconf 91' lang='lat'><strong>:</strong></span> <span class='ocrx_word' id='word_1_912' title='bbox 4079 5480 4169 5528; x_wconf 77' lang='grc' dir='ltr'>Δέ-</span> 
     </span>
    </p>
   </div>
   <div class='ocr_carea' id='block_1_124' title="bbox 2552 5543 4172 5618">
    <p class='ocr_par' dir='ltr' id='par_1_124' title="bbox 2552 5543 4172 5618">
     <span class='ocr_line' id='line_1_126' title="bbox 2552 5543 4172 5618; baseline -0.001 -19"><span class='ocrx_word' id='word_1_913' title='bbox 2552 5543 2709 5600; x_wconf 81' lang='grc' dir='ltr'>δοικα</span> <span class='ocrx_word' id='word_1_914' title='bbox 2743 5545 2801 5600; x_wconf 75' lang='grc' dir='ltr'>δὲ</span> <span class='ocrx_word' id='word_1_915' title='bbox 2830 5552 2950 5608; x_wconf 80' lang='grc' dir='ltr'>τοὺς</span> <span class='ocrx_word' id='word_1_916' title='bbox 2979 5548 3178 5618; x_wconf 79' lang='grc' dir='ltr'>λῃστὰς</span> <span class='ocrx_word' id='word_1_917' title='bbox 3230 5553 3319 5599; x_wconf 85' lang='grc' dir='ltr'>καὶ</span> <span class='ocrx_word' id='word_1_918' title='bbox 3347 5547 3587 5613; x_wconf 84' lang='grc' dir='ltr'>κλέπτας,</span> <span class='ocrx_word' id='word_1_919' title='bbox 3637 5552 3733 5618; x_wconf 75' lang='grc' dir='ltr'>μὴ,</span> <span class='ocrx_word' id='word_1_920' title='bbox 3768 5543 3864 5618; x_wconf 69' lang='grc' dir='ltr'>δὶα</span> <span class='ocrx_word' id='word_1_921' title='bbox 3920 5555 4019 5618; x_wconf 73' lang='grc' dir='ltr'>τῆς</span> <span class='ocrx_word' id='word_1_922' title='bbox 4080 5548 4172 5598; x_wconf 72' lang='grc' dir='ltr'>αῦ-</span> 
     </span>
    </p>
   </div>
   <div class='ocr_carea' id='block_1_125' title="bbox 2549 5608 4171 5695">
    <p class='ocr_par' dir='ltr' id='par_1_125' title="bbox 2549 5608 4171 5695">
     <span class='ocr_line' id='line_1_127' title="bbox 2549 5608 4171 5695; baseline 0 -24"><span class='ocrx_word' id='word_1_923' title='bbox 2549 5620 2648 5682; x_wconf 79' lang='grc' dir='ltr'>λῶς</span> <span class='ocrx_word' id='word_1_924' title='bbox 2672 5608 3059 5695; x_wconf 56' lang='grc' dir='ltr'>ύπερϐάντες,¹ἧ</span> <span class='ocrx_word' id='word_1_925' title='bbox 3108 5618 3351 5691; x_wconf 72' lang='grc' dir='ltr'>ἀναιδείᾳ</span> <span class='ocrx_word' id='word_1_926' title='bbox 3400 5608 3725 5684; x_wconf 75' lang='grc' dir='ltr'>συλήσωσιν,</span> <span class='ocrx_word' id='word_1_927' title='bbox 3756 5620 3785 5678; x_wconf 73' lang='grc' dir='ltr'>ἡ</span> <span class='ocrx_word' id='word_1_928' title='bbox 3821 5614 3897 5671; x_wconf 76' lang='grc' dir='ltr'>δι’</span> <span class='ocrx_word' id='word_1_929' title='bbox 3956 5616 4171 5679; x_wconf 76' lang='grc' dir='ltr'>ἀπατης</span> 
     </span>
    </p>
   </div>
   <div class='ocr_carea' id='block_1_126' title="bbox 2546 5691 3198 5763">
    <p class='ocr_par' dir='ltr' id='par_1_126' title="bbox 2546 5691 3198 5763">
     <span class='ocr_line' id='line_1_128' title="bbox 2546 5691 3198 5763; baseline 0.003 -20"><span class='ocrx_word' id='word_1_930' title='bbox 2546 5691 2830 5763; x_wconf 76' lang='grc' dir='ltr'>κλεψωσιν,</span> <span class='ocrx_word' id='word_1_931' title='bbox 2860 5694 2994 5743; x_wconf 80' lang='grc' dir='ltr'>ὥστε</span> <span class='ocrx_word' id='word_1_932' title='bbox 3017 5693 3198 5746; x_wconf 88' lang='grc' dir='ltr'>θῦσαι.</span> 
     </span>
    </p>
   </div>
  </div>
