4434 6452
295 418 428 473 1493

1710 399 2234 460 TESTAMENTUM.

3512 414 3531 463 1
3544 411 3649 464 494

290 538 418 603 ἀλλ’,
444 541 486 589 εἰ
538 556 597 606 γε
635 540 786 606 μόνον
845 538 933 585 καὶ
1000 536 1147 603 ἡμεῖς
1212 531 1589 603 βουληθείημεν
1648 528 1732 580 ἐπὶ
1792 534 1883 578 τοῦ
1919 529 2041 596 Aq‘

1919 529 1964 579 Α
1994 540 2118 596 quo
2143 528 2434 585 salvatore
2467 537 2523 587 et
2559 532 2749 602 capite
2774 546 2911 586 cum
2942 535 2995 585 te
3053 545 3159 602 per
3223 533 3410 586 totam
3472 533 3650 588 vitam

1782 610 1883 666 οἶδ’

289 719 388 778 ὅτι,
424 718 510 765 καὶ
540 716 906 784 ὑποχωρήσει,
966 715 1054 761 καὶ
1105 710 1249 780 ἡμῶν
1309 709 1475 760 ὀπίσω
1531 706 1885 775 καθυπαχθήο

288 627 448 678 καλοῦ
511 622 733 697 ἐδραίως
790 624 1021 685 ἑστάναι,
1082 621 1311 691 φεύξεται
1373 623 1396 671 ό
1448 624 1693 677 Σατανᾶς,

290 823 436 856 σεται
489 805 617 872 μετά
668 806 899 871 Χριστοῦ
955 805 1043 850 καὶ
1090 802 1410 868 τεταγμένων
1477 802 1566 847 καὶ
1643 812 1886 845 συνιστα-

288 896 470 964 μένων,
520 898 611 942 τοῦ
664 893 751 940 τόν
790 890 987 959 κόσμον
1046 887 1178 949 ὃλον,
1237 906 1325 937 και
1401 885 1561 937 αὐτοῦ
1640 880 1707 939 δὴ
1800 885 1887 931 τόν

285 984 538 1052 ἄρχοντα,
606 983 690 1029 τόν
756 980 1044 1048 πειραστὴν
1116 982 1314 1039 τοῦτον,
1392 978 1730 1030 νενικηκότος,
1782 968 1885 1039 Ὑφ’

286 1071 326 1139 ᾧ
356 1067 423 1127 δὴ
459 1075 658 1141 σωτῆρι
689 1085 778 1118 και
804 1065 993 1135 κεφαλῇ
1023 1084 1112 1115 και
1136 1067 1191 1115 σε
1242 1060 1333 1115 ὃιά
1385 1064 1575 1123 παντὸς
1632 1068 1722 1112 τοῦ
1769 1057 1886 1129 βίου

283 1158 684 1210 πεπολιτεῦσθαι
740 1154 841 1225 ἐγὼ
894 1174 980 1206 και
1028 1158 1248 1224 νομίσας
1294 1171 1383 1203 και
1430 1150 1717 1224 θαρρησας,
1799 1166 1889 1198 και

282 1266 340 1318 γε
402 1252 494 1303 τὴν
534 1248 664 1316 πρὸς
731 1243 884 1293 αὐτόν
962 1248 1171 1314 πορείαν
1249 1238 1631 1311 ἀμεταστρεπτί
1708 1254 1890 1287 κατευ-

284 1337 467 1399 θύνειν,
498 1350 897 1385 καταπατουντα
927 1335 1021 1388 τὴν
1079 1338 1170 1381 τοῦ
1234 1349 1322 1380 και
1373 1333 1466 1384 τὴν
1520 1326 1694 1398 ἀρχὴν
1747 1323 1886 1376 ἀπα-

281 1429 538 1482 τήσαντος
567 1426 725 1492 ὄφεως
776 1418 994 1489 κεφαλὴν
1030 1438 1119 1469 και
1301 1424 1393 1467 τοῦ
1445 1414 1598 1477 ξύλου
1656 1412 1889 1465 ἀποπλα-

280 1516 534 1570 νήσαντος
589 1528 678 1563 και
747 1509 1133 1564 θανατώσαντπ
1200 1503 1422 1577 βρώσει,
1484 1522 1573 1552 και
1640 1500 1715 1553 ἀεί
1838 1496 1887 1550 δ’

283 1599 487 1669 ἀπατᾴν
542 1597 590 1650 ἓν
642 1600 899 1656 τοιούτοις
942 1598 1258 1666 πειρωμένου
1304 1599 1524 1666 τρυφαῖς
1605 1610 1694 1641 και
1761 1586 1889 1646 ἡδο-

282 1697 394 1749 ναῖς
452 1708 538 1739 και
591 1690 767 1745 ἧτταις
824 1693 1050 1757 σαρκῶς,
1108 1684 1211 1753 όρὼ
1262 1701 1319 1733 σε
1354 1690 1440 1731 νῦν
1481 1682 1543 1739 (ὠ
1593 1686 1754 1731 πόσον
1800 1684 1895 1728 και

286 1774 392 1830 οἷον
441 1779 599 1827 κακόν
668 1774 717 1826 ἐν
769 1780 878 1833 τοῖς
924 1772 1063 1843 ἐμοῖς
1123 1770 1401 1842 ὀφθαλμοῖς
1455 1768 1495 1839 Σ)
1542 1775 1648 1827 τοῖς
1697 1767 1886 1819 ἐκείνου

1996 620 2269 671 acturum
2297 633 2427 673 esse
2460 625 2732 690 putarem
2772 625 2829 674 et
2863 618 3247 684 conﬁderem,
3280 624 3336 674 et
3370 619 3447 674 ad
3510 635 3649 675 eum

1996 710 2334 761 constanter
2389 724 2632 762 cursum
2682 714 2851 763 tuum
2904 708 3292 769 directurum.
3351 714 3650 781 caputque

1996 800 2285 862 serpentis
2322 796 2499 865 hujus
2533 798 2635 868 qui
2689 796 2766 851 ad
2811 797 2979 852 initio
3028 795 3279 867 decepit,
3329 807 3382 850 et
3426 796 3653 852 fructus

1996 884 2359 939 comestione
2409 886 2466 940 in
2530 902 2790 942 errorem
2840 885 3066 940 inducit
3123 885 3485 957 occiditque,
3531 892 3652 942 tens

1998 976 2197 1042 tatque
2269 990 2506 1045 semper
2565 983 2618 1029 et
2662 975 2887 1030 deliciis
2943 980 2998 1030 ot
3080 975 3489 1046 voluptatibus
3598 982 3655 1033 et

1997 1061 2191 1114 carnis
2216 1063 2566 1118 remissione
2595 1063 2889 1135 decipere,
2914 1063 3089 1119 video
3105 1069 3156 1119 te
3172 1079 3354 1130 nunc,
3379 1066 3437 1132 (o
3459 1080 3653 1135 quan-

1998 1154 2122 1204 tum
2155 1155 2210 1205 et
2241 1150 2419 1222 quale
2459 1152 2518 1207 in
2550 1152 2737 1207 oculis
2776 1153 2922 1208 meis
2976 1152 3205 1208 malum
3260 1153 3298 1219 t)
3357 1153 3652 1209 daemonis

1996 1238 2251 1308 pedibus
2284 1240 2602 1295 mortiferis
2622 1240 3036 1296 conculcatum
3066 1247 3123 1296 et
3143 1242 3484 1297 contritum.
3527 1244 3589 1296 Et
3605 1244 3653 1298 si

1997 1325 2123 1396 ipse
2144 1326 2204 1380 in
2236 1327 2736 1400 durumlapidem
2755 1345 2856 1385 cor
2877 1336 3045 1384 tuum
3065 1335 3416 1386 convertens
3458 1346 3654 1402 neque

1997 1412 2297 1480 affectum,
2337 1431 2530 1488 neque
2562 1418 2981 1473 contritionem
3014 1422 3238 1473 sentias
3270 1424 3392 1474 tota
3456 1422 3654 1473 mente

1997 1508 2102 1556 tua
2132 1503 2383 1575 abrepta
2418 1510 2474 1559 et
2510 1505 2664 1560 male
2724 1505 2998 1577 decepta,
3062 1521 3259 1561 nonne
3315 1506 3653 1575 evigilabis,

1998 1596 2055 1645 et
2113 1592 2403 1660 intel'.iges
2444 1600 2500 1648 et
2552 1594 2798 1649 rationis
2856 1596 3060 1666 tuique
3108 1596 3301 1666 ipsius
3359 1595 3486 1667 ﬁes,
3551 1597 3656 1667 qui

1999 1680 2198 1736 adhuc
2228 1682 2287 1736 in
2320 1683 2535 1738 teneris
2574 1684 2748 1739 annis
2768 1689 2825 1739 et
2847 1686 3038 1756 prima
3062 1690 3320 1756 posteos
3340 1686 3656 1755 juventute

1999 1771 2673 1842 sapienterintelligens,
2731 1789 2893 1829 nunc
2958 1790 3100 1829 vero
3154 1774 3457 1829 dementia
3524 1789 3655 1829 cor-

288 1866 475 1935 μᾶλλον
534 1866 960 1935 συμπατοῦμενον
1036 1879 1123 1911 και
1191 1856 1585 1929 συντριϐόμενον
1665 1858 1886 1910 θανατη-
1927 1864 1968 1916 Β
1994 1875 2039 1914 ιι(

1927 1864 1968 1916 Β
1994 1866 2226 1929 reptus.
2264 1866 2337 1923 et,
2377 1877 2517 1916 cum
2549 1863 2747 1932 potius
2771 1862 3130 1933 oportuisset
3152 1868 3204 1917 te
3243 1862 3321 1917 ab
3379 1863 3655 1931 ignoran-

286 1959 463 2028 φόροις
526 1956 673 2005 ποσί.
747 1957 849 2002 Κάν
916 1968 1003 2000 και
1070 1947 1221 2008 αὐτὸς
1275 1947 1340 2006 εἰς
1402 1946 1624 2017 σκληρόν
1700 1945 1887 1995 ὡσανεί

284 2044 425 2095 λίθον
450 2047 543 2100 τὴν
582 2037 807 2113 καρδίαν
873 2037 1173 2110 μεταϐαλών
1229 2036 1560 2095 ἀναισθήτως
1620 2036 1750 2105 ἔχῃς
1796 2040 1885 2083 τοῦ

284 2133 484 2191 πάθους
534 2150 622 2181 και
673 2138 763 2188 τῆς
819 2125 1121 2200 συντριϐῆς,
1180 2126 1300 2182 ὃλην
1364 2123 1709 2183 ἀποσυληθεις
1796 2141 1887 2173 και

283 2220 491 2279 κλαπείς
511 2225 685 2279 κακῶς
740 2221 834 2274 τὴν
893 2211 1154 2273 διάνοιαν,
1214 2212 1342 2263 ἀλλά
1406 2211 1519 2263 πότ’
1588 2210 1881 2280 ἀνανήψεις,

281 2327 373 2359 και
415 2310 674 2364 συνέσεως
698 2323 788 2355 και
848 2302 1111 2372 λογισμῶν
1161 2321 1250 2351 και
1298 2308 1517 2351 σεαυτοῦ
1591 2304 1807 2370 γενήσῃ,
1860 2300 1886 2349 ό

282 2396 553 2454 ἐννηπιοις
594 2393 662 2445 ἔτ’
686 2394 751 2443 ὠν
814 2392 891 2461 ⁴1)
940 2412 1027 2441 και
1238 2397 1414 2462 πρώτη
1486 2407 1544 2457 γε
1620 2407 1707 2437 και
1774 2387 1881 2458 μετ’

280 2485 443 2542 αὐτὴν
492 2483 673 2553 ἡλικίᾳ
722 2485 910 2539 συνιείς
950 2479 1231 2550 ἐμφρόνως,
1312 2486 1398 2528 νῦν
1475 2473 1527 2528 δ’

279 2580 395 2634 ταῖς
428 2572 764 2645 ἀφροσύναις,
788 2589 896 2635 και,
932 2571 1015 2620 ὅτε
1069 2567 1257 2639 μαλλον
1305 2563 1413 2617 ἔδει
1456 2584 1513 2618 σε
1560 2575 1659 2616 των
1701 2563 1887 2634 ἀγνοη-

1776 2672 1887 2704 επι-

1608 2476 1887 2547 ῦποσυρείς

282 2664 458 2735 μάτων
522 2659 779 2719 παντελῶς
836 2656 1198 2727 ἀπηλλάχθαι,
1277 2658 1679 2726 νουνεχεστέρας

284 2751 447 2803 ϐάντα
468 2759 559 2809 τῆς
586 2748 810 2815 ἡλικίας,
840 2751 951 2798 τότε
989 2748 1118 2818 πρός
1175 2748 1240 2796 τά
1302 2748 1467 2818 χείρω
1515 2746 1887 2814 μεταστραφείς

286 2840 357 2900 εἰς
416 2839 630 2895 ε’λεεινὴν
692 2841 784 2893 τὴν
850 2835 1201 2907 ταλαιπωρίαν
1259 2837 1339 2903 (2)
1408 2833 1457 2884 ἐν
1523 2841 1593 2901 τω
1661 2830 1888 2893 ἀκάνθας

1790 2926 1889 2973 Καὶ

1525 3008 1888 3080 ἐντεταλμένων

286 2928 583 3000 ἐμπαγῆναί
616 2944 699 2977 σοι
738 2928 803 2975 τὰ
861 2927 1024 2994 πικρά
1077 2928 1263 2996 κέντρα
1317 2930 1409 2973 τοῦ
1458 2929 1732 2995 πονηροῦε

285 3021 387 3090 γὰρ
442 3024 675 3068 τοιοῦτον
736 3019 791 3066 τό
855 3011 1099 3064 ἐκκλίνειν
1162 3010 1264 3063 ἀπὸ
1336 3020 1434 3062 τῶν

285 3105 475 3178 τρίϐων
515 3111 749 3178 Χριστοῦ
778 3123 790 3135 ·
837 3110 1070 3154 τοιοῦτον
1128 3103 1312 3152 καὶτὸ
1366 3104 1453 3151 τόν
1513 3099 1672 3169 ζυγόν
1728 3098 1887 3149 αὐτοῦ

287 3195 680 3247 ἆποσείσασθαι
738 3196 826 3243 τὸν
882 3190 1096 3263 ἐλαφρὸν
1151 3194 1240 3241 καὶ
1305 3191 1546 3261 χρηστὸν
1626 3187 1724 3258 (3),
1799 3193 1887 3238 καὶ

285 3288 415 3355 πρὸς
442 3278 657 3341 ἀνοδίας
687 3285 777 3331 καὶ
812 3278 1078 3353 βάραθρα,
1141 3283 1229 3329 καὶ
1286 3280 1534 3336 τοιαύτας
1592 3276 1886 3346 ἀνωμάλους

283 3377 373 3423 καὶ
420 3375 801 3445 προσκόμμασι
842 3367 1238 3435 συνθλιϐούσας,
1298 3362 1642 3437 ἀποδραμεῖν,
1698 3362 1887 3433 ἀφέντα

285 3457 530 3533 βαδίζειν
595 3462 684 3530 μὲν
741 3463 828 3509 καὶ
887 3456 1285 3528 ἐπιπορεύεσθαι
1340 3459 1432 3511 τὴν
1500 3452 1548 3504 ἐν
1628 3453 1887 3523 εὐλογίαις

282 3548 689 3620 ἐπηγγελέμενην
742 3555 840 3617 γῆν
894 3550 984 3597 καὶ
1030 3549 1123 3602 τὴν
1185 3541 1259 3595 δι’
1314 3543 1473 3603 αῦτης
1526 3545 1650 3616 πρὸς
1713 3543 1884 3615 παρά-

284 3635 466 3689 δεισαν
520 3639 631 3689 ὅθεν
694 3635 996 3705 ἐξεπέσομεν
1053 3636 1331 3706 φέρουσαν,
1383 3638 1563 3683 πατεῖν
1641 3627 1698 3683 δὲ
1792 3635 1885 3687 τὴν

283 3726 506 3786 ἀκάνθας
557 3730 647 3777 καὶ
703 3723 972 3798 τριϐόλους
1041 3722 1088 3773 ἐν
1144 3724 1400 3794 κατάραις
1457 3724 1596 3792 φύειν
1662 3716 1885 3771 καταδι-

283 3817 568 3867 κασθεῖσαν
600 3816 678 3883 (4)
726 3817 816 3864 καὶ
870 3817 1133 3883 γεωργεῖν.
1188 3809 1301 3863 Ἔτι
1354 3808 1494 3869 ἐλπὶς
1549 3808 1662 3880 ἐμοὶ
1710 3815 1776 3879 μη
1835 3812 1887 3858 τί

287 3924 343 3956 σε
372 3908 493 3978 πρὸς
521 3904 662 3962 τελος
690 3905 777 3960 τὰς
809 3900 892 3953 ἐπὶ
924 3906 1009 3952 σοὶ
1074 3908 1169 3960 τῆς
1235 3903 1435 3972 μητρός
1486 3898 1645 3961 καλὰς
1692 3896 1889 3957 ἐκείνας

288 3990 504 4054 ἐλπίδας
557 3999 937 4062 καταισχῦναι,
998 3994 1087 4040 καὶ
1171 4007 1395 4059 ματαιας
1477 3986 1888 4057 ἀπεληλεγμένας

289 4081 475 4147 δεῖξαι.
520 4107 547 4132 ‹‹
607 4083 992 4155 Ἐπιστράφητε
1039 4084 1169 4151 πρὸς
1222 4099 1305 4150 με,
1378 4083 1467 4130 καὶ
1557 4077 1887 4152 ἐπιστραφή-

291 4176 611 4246 σοξιαιπρὸς
636 4172 789 4239 ὑμᾶς,
848 4171 983 4239 λέγει
1034 4172 1225 4241 Κύριος
1284 4172 1362 4235 (ἓν)
1421 4189 1432 4201 ·
1486 4190 1511 4217 ››
1577 4166 1887 4239 ἐπίστρεψον

287 4267 484 4327 καὶσὺ,
518 4267 607 4313 καὶ
636 4260 1087 4332 ἐπιστραφήσεταί
1123 4278 1238 4324 σου,
1270 4262 1360 4309 καὶ
1403 4276 1460 4327 γε
1514 4259 1580 4308 τά
1638 4262 1887 4329 συντρίμ-

287 4372 445 4423 ματα,
485 4356 574 4402 καὶ
631 4353 752 4410 τοὺς
809 4349 863 4410 ἐξ
925 4347 1222 4419 ἀφροσύνης
1272 4343 1540 4407 όὸωδότας
1601 4351 1690 4397 καὶ
1751 4344 1890 4416 μάλα

287 4461 338 4493 τι
394 4444 867 4512 κατειργασμένους
920 4444 1011 4489 καὶ
1066 4442 1363 4498 σεσηπότας
1405 4436 1681 4507 μωλωπας,
1752 4437 1887 4497 ἐξιά-

1998 1949 2078 2004 tia
2096 1947 2352 2015 liberari,
2385 1950 2829 2020 prudentiorem
2869 1956 3102 2007 aetatem
3128 1951 3486 2021 ingressum,
3517 1957 3657 2006 tunc

1994 2037 2069 2091 ad
2132 2037 2339 2108 pejora
2401 2039 2459 2092 in
2528 2038 2939 2094 miserandam
2993 2037 3409 2111 infelicemque
3472 2040 3656 2095 vitam

1995 2126 2324 2190 cucurristi,
2364 2126 2510 2181 dum
2540 2128 2808 2199 utspinae
2828 2128 2886 2182 in
2906 2132 2958 2182 te
2983 2126 3313 2196 inﬁguntur
3334 2128 3523 2183 amari
3547 2128 3657 2183 ini-

1997 2214 2133 2268 mict
2164 2213 2356 2269 aculei
2390 2214 2417 2268 ?
2449 2217 2526 2269 Ea
2556 2216 2715 2270 enim
2737 2222 2968 2271 estsors
2994 2231 3203 2271 eorum
3229 2216 3388 2287 quia
3425 2216 3657 2273 Christo

1994 2301 2297 2358 declinant
2332 2322 2348 2373 ;
2387 2304 2489 2375 qui
2506 2305 2723 2373 jugum
2755 2305 2935 2360 Chisti
2963 2305 3089 2361 leve
3124 2321 3195 2360 ac
3246 2321 3429 2361 suave
3481 2321 3656 2361 excu-

1995 2392 2168 2445 tiunt.
2202 2397 2256 2446 et
2281 2391 2357 2446 ad
2380 2393 2540 2448 invia
2575 2401 2632 2448 et
2670 2393 2992 2465 profunda,
3026 2400 3082 2449 et
3116 2394 3489 2449 inordinatas
3549 2394 3656 2449 ob-

1997 2480 2359 2552 staculisque
2382 2480 2626 2537 refertas
2649 2483 2913 2547 semitas,
2929 2484 3260 2547 incurrunt,
3280 2482 3428 2538 dum
3443 2483 3655 2539 ambu-

1994 2567 2116 2623 lare
2138 2574 2195 2623 et
2229 2568 2499 2623 incedere
2532 2570 2591 2623 in
2618 2569 2793 2641 plena
2816 2570 3338 2626 benedictionibus
3391 2576 3548 2626 terra
3601 2577 3657 2627 et

1996 2657 2074 2712 ad
2111 2656 2483 2727 paradisum,
2513 2658 2673 2713 unde
2694 2658 3050 2725 decidimus,
3076 2659 3318 2724 ferente,
3344 2659 3652 2726 deberent,

1996 2745 2352 2801 conculcare
2385 2762 2525 2802 vero
2559 2762 2692 2802 eam
2716 2763 2853 2819 quae
2882 2754 2938 2803 et
2962 2749 3166 2820 spinas
3192 2754 3249 2803 et
3283 2748 3523 2805 aculeos
3596 2748 3655 2803 in

1998 2834 2520 2889 maledictionibus
2544 2836 2785 2905 gignere
2804 2841 2861 2891 et
2886 2836 3037 2891 ferre
3066 2836 3356 2892 damnata
3375 2842 3481 2892 est.
3510 2839 3656 2908 Spes

1997 2922 2195 2977 adhuc
2219 2922 2363 2977 mihi
2402 2928 2489 2977 est
2521 2923 2643 2979 fore
2664 2928 2727 2978 ut
2749 2924 2989 2980 tandem
3011 2941 3133 2980 non
3160 2925 3488 2997 opprobrio
3506 2925 3656 2997 opti-

1998 3026 2130 3066 mas
2159 3010 2290 3066 illas
2335 3014 2543 3067 matris
2570 3017 2684 3068 tuae
2711 3013 2785 3069 de
2847 3020 2898 3069 te
2939 3030 3076 3085 spes
3128 3016 3328 3070 fallere
3387 3015 3547 3078 velis,
3601 3019 3656 3071 et

1995 3115 2185 3155 vanas
2215 3100 2378 3155 abire
2406 3100 2805 3157 demonstres.
2849 3125 2869 3151 ι
2908 3104 3329 3159 Convertimini
3352 3105 3427 3159 ad
3452 3119 3569 3175 me,
3596 3109 3654 3160 et

1997 3194 2311 3244 convertar
2328 3189 2405 3244 ad
2427 3206 2550 3254 vos,
2576 3192 2718 3246 dicit
2736 3192 3041 3248 Dominus.
3068 3215 3089 3242 ι
3116 3196 3466 3249 Convertere
3489 3199 3546 3249 et
3568 3200 3653 3261 tu,

1997 3283 2053 3332 et
2088 3283 2462 3333 convertetur
2486 3279 2565 3333 ad
2593 3286 2664 3343 te,
2698 3286 2755 3335 et.
2814 3282 3197 3337 contritiones
3268 3288 3421 3349 tuas,
3478 3288 3535 3338 et
3582 3298 3654 3337 ex

1997 3366 2300 3422 dementia
2331 3372 2460 3422 orta
2508 3373 2565 3423 et
2613 3368 2908 3440 producta
2961 3376 3018 3425 et
3061 3377 3343 3443 corrupta
3400 3371 3654 3427 vulnera

1997 3455 2270 3511 sanando
2284 3455 2527 3512 auferet.
2550 3458 2593 3523 Ο
2604 3458 2866 3514 uomodo
2880 3459 3316 3516 autem701eum
3329 3460 3655 3516 infundens

1995 3547 2258 3617 desuper
2274 3531 2329 3600 et
2348 3545 2637 3615 ligamina
2657 3546 2997 3619 imponens,
3013 3563 3149 3619 quas
3166 3564 3361 3621 neque
3375 3564 3447 3604 ea
3461 3549 3657 3605 sinent

1995 3650 2031 3689 a
2062 3634 2224 3688 bono
2255 3634 2530 3689 recedere
2561 3642 2665 3689 aut
2696 3652 2935 3691 sursum
2952 3636 3169 3707 frangi.
3193 3644 3274 3693 Ac
3293 3638 3460 3694 brevi
3483 3653 3655 3694 sana-

1994 3723 2083 3778 bit
2111 3728 2183 3789 te,
2218 3730 2273 3778 et
2328 3722 2686 3778 matutinum
2745 3724 2948 3780 lumen
3001 3726 3110 3781 has
3174 3726 3453 3783 tenebras
3519 3742 3654 3797 quae

1997 3827 2157 3868 nunc
2187 3819 2242 3866 te
2265 3812 2785 3883 comprehendunt
2812 3813 3063 3885 franget,
3086 3821 3141 3871 et
3170 3832 3416 3871 omnem
3445 3816 3653 3872 horro-

1996 3918 2123 3957 rem
2153 3900 2390 3972 repellet
2414 3910 2469 3956 et
2494 3901 2857 3968 deturbabit,
2892 3908 2948 3959 et
2971 3906 3204 3960 sanatio
3229 3905 3392 3961 carni
3426 3912 3542 3961 tua:
3598 3911 3655 3961 et

1997 4007 2141 4045 cura
2170 3992 2270 4045 ﬁet
2296 3990 2535 4046 ossibus
2566 3992 2699 4055 tuis,
2733 3996 2790 4047 et
2824 3993 3037 4048 animas
3068 4000 3180 4050 tum
3207 3995 3363 4051 dicet
3396 4013 3458 4050 :«
3484 3995 3654 4052 Salus

1999 4086 2100 4135 tua
2126 4095 2238 4149 ego
2276 4096 2432 4146 sum,
2463 4102 2491 4129 ››
2521 4086 2730 4136 eteam
2760 4081 3033 4137 salvabit.
3078 4085 3141 4138 Et
3168 4089 3307 4140 tunc
3325 4100 3455 4152 nos,
3486 4092 3655 4156 pater

1999 4168 2198 4230 simul,
2238 4184 2307 4223 ac
2344 4175 2553 4235 mater,
2584 4169 2768 4224 teneri
2797 4176 2852 4226 et
2889 4172 3083 4239 mites,
3110 4173 3337 4228 nedum
3399 4173 3533 4229 duri
3584 4190 3655 4230 ac

1993 4258 2158 4327 justa
2196 4258 2284 4312 ira
2310 4257 2492 4329 pleni,
2529 4256 2633 4312 filii
2659 4264 2934 4314 amantes
2966 4260 3188 4315 erimus
3219 4280 3232 4329 ;
3266 4267 3322 4317 et
3347 4262 3512 4334 quod
3576 4263 3656 4318 ad

2002 4352 2053 4400 te
2082 4351 2327 4416 spectat,
2352 4346 2503 4400 bene
2542 4348 2956 4417 paenitentiam
2990 4354 3266 4417 agentem
3298 4357 3354 4406 et
3376 4351 3450 4406 ad
3492 4352 3657 4423 prio-

2001 4453 2125 4491 rem
2162 4439 2396 4507 Deoque
2434 4436 2711 4492 dilectam
2774 4437 2957 4493 vitam
3009 4440 3382 4505 redeuntem,
3421 4442 3656 4513 providi

290 4551 436 4584 σεται
466 4548 477 4559 ’
507 4538 614 4591 πῶς
637 4534 728 4580 καὶ
792 4533 909 4579 τίνα
965 4532 1153 4599 τρόπον
1191 4544 1204 4592 ;
1258 4525 1465 4579 Ἕλαιον
1527 4525 1744 4595 ἐπιχέας
1802 4530 1889 4575 καὶ
1924 4567 1969 4621 D
2001 4541 2041 4580 ej

1924 4567 1969 4621 Β
2001 4526 2248 4591 erimus,
2281 4540 2352 4579 ne
2367 4540 2574 4580 eorum
2588 4542 2724 4597 quae
2740 4524 2819 4581 ad
2831 4542 3077 4583 cursum
3093 4528 3409 4585 conferunt
3423 4530 3656 4586 defectu

287 4621 477 4679 ἐπιθεὶς
529 4615 892 4689 καταδέσμους
940 4616 1038 4686 (6),
1088 4621 1276 4687 μηκέτι
1367 4622 1457 4666 τοῦ
1532 4615 1690 4665 καλοῦ
1771 4614 1890 4685 μήτ’

290 4709 731 4775 ἀποσαλευθῆναι,
799 4707 914 4777 μήτ’
972 4707 1121 4765 αῦθις
1175 4704 1558 4778 ἀπορραγῆναι,
1629 4700 1888 4774 μηδαμως

289 4800 519 4858 ἀνιέντας
554 4819 565 4830 ·
600 4808 689 4848 και
746 4803 861 4848 τοτε
913 4798 979 4846 τά
1040 4796 1234 4866 ἰάματά
1301 4814 1395 4846 σον
1444 4797 1586 4864 ταχυ
1641 4792 1888 4850 ἀνατελεῐ,

288 4893 378 4941 καὶ
444 4893 679 4959 πρωῖμον
739 4886 1032 4959 ῥαγήσεταί
1097 4904 1181 4936 σοι
1246 4890 1303 4936 τό
1359 4892 1459 4955 φῶς
1523 4884 1600 4953 (7)
1663 4891 1755 4939 τὴν
1802 4883 1890 4933 νῦν

288 4983 620 5049 κατέχουσαν
691 4979 1039 5045 σκοτόμαιναν
1094 4978 1183 5025 καὶ
1257 4972 1423 5044 ἀχλὺν
1499 4972 1618 5029 ὅλην
1688 4968 1890 5024 διωσά-

286 5088 436 5141 μενον
464 5072 553 5118 καὶ
606 5064 939 5127 ἀποτινάξαν,
999 5069 1087 5115 καὶ
1139 5065 1277 5123 ἴασις
1329 5071 1389 5132 τῇ
1460 5072 1523 5135 σῇ
1585 5067 1741 5133 σαρκὶ
1800 5069 1888 5115 καὶ

290 5177 384 5211 σου
438 5162 700 5229 προσερεῖ,
759 5176 779 5201 ε
844 5158 1083 5225 Σωτηρία
1134 5158 1228 5205 σου
1283 5153 1389 5223 εἰμι
1436 5150 1536 5221 ἐγώ
1612 5154 1713 5220 (9),

360 5302 436 5371 (I)
467 5296 806 5371 Legendum
840 5294 1210 5371 forsanad».

361 5367 694 5443 ('2)Videtur
716 5367 987 5443 nonnihil
1017 5367 1245 5443 deesse.

363 5440 432 5507 (3)
466 5440 663 5498 Matth.
700 5456 771 5495 x1.
806 5441 919 5511 3Q:
1006 5445 1046 5489 Ο
1104 5441 1205 5511 γάρ
1268 5442 1420 5509 ζυφός
1468 5456 1567 5509 μου
1627 5440 1889 5510 χρηστὸς,

293 5521 382 5567 καὶ
406 5535 462 5567 το
495 5518 703 5585 φορτίον
730 5531 829 5584 μου
854 5510 1067 5585 ἐλαφρόν
1091 5510 1228 5562 ἐστιν

362 5588 441 5656 (ἰν)
469 5568 676 5641 Cenes.
710 5568 788 5651 Iit,
864 5588 919 5656 [7
951 5568 987 5636 ἐ’
1015 5582 1441 5656 ,Ἐπικατάρατος
1575 5587 1643 5651 γῆ
1682 5579 1740 5656 -ἐν
1792 5586 1895 5656 τρῖς

289 5650 457 5732 ἔργοις
528 5676 622 5709 σου
696 5650 781 5711 ...
868 5652 1091 5714 ἀκάνθας
1156 5659 1242 5706 καὶ
1291 5650 1596 5721 ’τριϐόλους
1672 5650 1896 5703 ἀνατελεῖ

292 5750 397 5799 σοι,

2000 4615 2297 4685 dejiciaris
2323 4622 2379 4669 et
2403 4614 2679 4669 indolens
2709 4615 3011 4687 ofﬁciique
3042 4616 3381 4689 despiciens
3420 4619 3531 4674 fias
3561 4637 3574 4684 ;
3603 4625 3659 4675 et

2003 4704 2405 4761 concedemus
2444 4705 2605 4776 quod
2641 4705 2742 4760 tibi
2780 4705 3051 4761 sufﬁcere
3096 4708 3306 4779 possit,
3367 4715 3657 4780 quatuor-

2003 4795 2199 4849 decim
2232 4809 2451 4864 nempe
2484 4794 2613 4848 auri
2652 4792 2897 4862 talenta,
2938 4795 3089 4851 mille
3129 4813 3344 4853 aureos
3374 4814 3660 4855 nummos

2003 4883 2407 4954 adaequantia.
2430 4882 2682 4937 'l‘antam
2708 4883 2885 4953 igitur
2909 4884 3166 4941 dicimus
3190 4885 3315 4943 fore
3344 4892 3511 4944 tuam
3525 4902 3659 4960 par-

2005 4980 2141 5039 tem,
2169 4972 2285 5026 site
2306 4970 2533 5025 bonum
2557 4972 2940 5029 converteris.

1947 5062 2210 5135 ἐπιμέλεια
2266 5066 2547 5130 γενωσεται
2613 5068 2716 5120 τοῖς
2772 5065 2967 5123 ὀστέοις
3024 5066 3120 5131 (8),
3177 5070 3266 5118 καὶ
3344 5074 3405 5137 τῇ
3500 5067 3655 5139 ψυχῇ

1773 5175 1799 5201 ››
1867 5159 1957 5205 καὶ
2026 5157 2265 5211 σεσωκως
2338 5151 2499 5207 αὐτὴν
2576 5153 2744 5206 ἔσται.

2828 5157 2927 5205 Καὶ
3010 5158 3177 5205 τοίνυν
3248 5158 3413 5227 ἡμεῖς,
3486 5162 3659 5230 πατὴρ

2099 5299 2153 5359 5)
2193 5295 2440 5349 Zachar.
2479 5310 2514 5348 ι.
2535 5297 2586 5355 3,

2099 5299 2153 5359 5)
2193 5296 2440 5349 Zachar.
2479 5297 2586 5355 1.3,

2075 5296 2163 5447 (ὃ),
2198 5365 2333 5447 Luc.
2406 5382 2462 5434 Χ,
2521 5368 2650 5447 31ης
2712 5363 2985 5424 Κατεὸησε
3051 5371 3116 5420 τά
3165 5372 3443 5443 τραύματα
3500 5371 3662 5424 αὑτοῦ

2006 5438 2233 5507 ἐπεχέων
2271 5437 2435 5488 ἔλαιον
2458 5441 2546 5487 καὶ
2573 5437 2724 5490 οἶνον.

2100 5515 2150 5562 7)
2181 5508 2313 5562 Isai.
2346 5524 2472 5562 Lvn.
2497 5511 2549 5562 8.

2076 5513 2150 5575 (7)
2181 5511 2313 5563 Isai.
2346 5524 2472 5573 Lvn,
2497 5511 2549 5564 8.

2078 5584 2156 5650 (8)
2188 5580 2462 5635 Proverb.
2502 5595 2577 5646 ιιι,
2605 5583 2656 5639 8,

2078 5654 2148 5721 (9)
2172 5652 2389 5708 Psalm.
2412 5667 2611 5716 xxxut,
2642 5655 2692 5707 3.
