4434 6452
783 421 920 478 1495

2133 413 2512 476 NICEPHORI
2533 412 2798 473 CHUMN!

4018 426 4154 482 1496

780 544 913 618 ὁμοῦ
937 547 1026 597 καὶ
1046 547 1244 617 μήτηρ,
1271 542 1361 596 καὶ
1381 541 1602 616 μετ’ἐμὶ
1632 539 1783 608 αὖθις
1826 547 2027 619 μήτηρ,
2072 541 2349 615 μειλίχιοι,
2396 546 2700 615 προσηνεῖς,
2757 538 2871 594 ἀντὶ
2925 548 3019 603 τῆς
3071 547 3160 595 νῦν
3211 540 3525 607 ἐπιπλήξεως
3570 564 3660 597 και
3701 541 3914 609 δικαίας
3971 549 4152 621 ὀργῆς,

780 629 1087 707 φιλόπαιδας
1118 632 1342 704 ἐσόμεθα
1368 652 1457 685 και
1479 636 1538 685 τό
1566 633 1647 688 ἐπὶ
1672 638 1776 705 σοί,
1807 634 1972 697 καλῶς
1992 635 2335 707 μετεγνωκότι
2359 648 2450 683 και
2487 632 2613 702 πρός
2649 632 2743 688 τὴν
2782 635 2961 704 πρώην
2986 629 3249 684 πολιτείαν
3276 636 3370 691 τὴν
3392 652 3481 686 και
3509 640 3623 703 Θεῷ
3674 635 3825 707 φίλην
3870 635 4153 702 ἐπανιόντι,

779 722 839 776 ού
893 726 996 795 μὴν
1051 721 1178 775 ἀλλὰ
1226 740 1315 773 και
1366 724 1673 795 προμηθεῖς,
1746 727 1827 775 ἵνα
1881 728 1953 797 μὴ
2011 731 2074 783 τῆ
2133 720 2355 791 ἐκλείψει
2405 727 2505 771 τῶν
2562 722 2919 771 συντεινόντων
2938 721 3069 793 πρὸς
3099 721 3185 771 τόν
3212 717 3409 795 δρόμον
3441 722 3634 793 ἐγκοπὴ
3670 742 3755 776 σοι
3811 729 4010 795 γένοιτο
4062 728 4155 778 κάκ

779 812 1035 886 ῥᾳθυμία,
1080 830 1170 862 και
1217 829 1277 881 γε
1333 811 1426 863 τόῦ
1484 808 1901 884 σπουδασματος
1933 812 2201 886 ὀλιγωρία,
2225 829 2314 861 και
2343 812 2720 880 χορηγήσομεν
2779 803 2847 865 δὴ
2913 811 2971 859 τό
3030 806 3282 880 ἀποχρῶν
3344 811 3607 876 καθάπαξ,
3659 821 3870 885 χρυσοῦ
3938 811 4150 873 δηλαδὴ

779 898 1005 953 τάλαντα
1034 902 1256 972 τέτταρα
1274 899 1364 950 κὰι
1395 895 1545 967 δίκα,
1569 899 1757 971 χιλίων
1782 900 2142 973 ἀπαρίθμησιν
2167 899 2503 971 νομισμάτων
2526 892 2561 948 δ
2564 895 2807 954 ηλοῦντα.
2833 902 3093 950 Τοσοῦτον
3118 900 3216 971 γὰρ
3241 918 3402 972 φαμεν
3426 896 3554 953 εἶναι
3574 919 3663 953 και
3684 905 3743 955 τό
3775 902 4043 957 ἐπιϐάλλον
4069 922 4154 957 σοι

782 992 939 1061 μέρος
967 987 1069 1059 (1),
1103 986 1150 1039 ἐν
1181 986 1467 1060 ἐπιστροφῇ
1512 984 1755 1045 δηλονότι
1775 996 1866 1042 τοῦ
1896 989 2055 1041 καλοῦ
2077 991 2333 1060 γεγονότι.

851 1079 928 1133 Te
951 1091 1115 1143 vero,
1148 1075 1427 1131 ultimum
1449 1081 1506 1132 et
1530 1077 1844 1150 reliquum,
1867 1082 1932 1133 ut
1957 1077 2254 1146 dicebam,
2276 1090 2435 1132 meo-
2466 1080 2513 1131 Α

780 1179 920 1221 rum
941 1163 1224 1233 ﬁliorum,
1243 1163 1551 1220 Nicolaum
1572 1165 2005 1233 meum,nescio
2022 1181 2159 1238 quas
2173 1163 2436 1237 etqualis

782 1258 836 1311 te
863 1257 1105 1311 maneat
1130 1253 1390 1323 fortuna,
1422 1254 1526 1310 ubi
1561 1254 1681 1311 vita
1706 1270 1843 1311 mea
1883 1255 2069 1312 fracta
2103 1255 2231 1322 erit,
2296 1269 2435 1310 cum

784 1342 937 1400 adeo
972 1342 1333 1414 imperfectae
1363 1342 1551 1398 (etatis
1583 1343 1686 1411 sis,
1715 1358 1912 1416 neque
1971 1342 2435 1399 adolescentiam

780 1430 1134 1488 absolveris.
1149 1433 1425 1500 Magnam
1437 1446 1579 1486 vero
1591 1431 1874 1487 ﬁduciam
1894 1436 2174 1503 prmstant
2186 1444 2436 1504 eamque

778 1518 1044 1575 validam
1073 1518 1160 1574 tui
1187 1534 1410 1586 mores,
1452 1518 1583 1589 jam
1639 1518 1718 1575 ad
1776 1519 2000 1575 bellum
2056 1518 2307 1575 accincti
2366 1534 2437 1574 ac

779 1607 974 1664 bonas
996 1622 1134 1679 spes
1160 1606 1336 1663 nobis
1359 1606 1602 1679 polliciti
1637 1626 1655 1678 ;
1680 1606 1889 1663 incutit
1922 1623 2063 1663 vero
2090 1608 2237 1662 mihi
2262 1607 2436 1662 timo-

779 1712 907 1752 rem
933 1712 1100 1752 mors
1119 1695 1477 1768 plerumque
1494 1695 1820 1769 improvisa
1834 1696 2283 1768 superveniens,
2297 1711 2435 1750 cum

778 1801 978 1858 neque
1008 1785 1171 1841 diem
1201 1784 1527 1840 crastinam
1555 1785 1751 1841 videre
1766 1785 1903 1840 certi
1921 1785 2128 1840 simus.
2147 1785 2260 1841 Sed
2276 1784 2336 1839 id
2358 1784 2437 1840 ad

780 1890 877 1931 me
909 1875 1113 1930 attinet
1143 1874 1279 1943 ,sed
1323 1877 1380 1929 et
1410 1878 1884 1930 tuateneraaetas
1898 1889 1991 1929 me
2005 1874 2078 1929 ad
2101 1873 2436 1929 timendum

778 1963 1025 2030 inducit,
1059 1978 1194 2035 quas
1216 1961 1491 2018 nondum
1527 1978 1621 2018 res
1679 1962 1837 2019 valet
1887 1962 2157 2035 accipere
2215 1976 2437 2035 easque

779 2067 983 2122 gerere
1017 2069 1032 2119 ;
1073 2052 1254 2108 timeo
1276 2067 1352 2109 ne
1373 2052 1542 2123 forte,
1577 2067 1715 2107 cum
1740 2052 1820 2107 sis
1846 2053 2070 2122 junior,
2123 2056 2291 2123 patre
2331 2058 2435 2109 tuo

777 2144 1035 2212 mortuo,
1051 2156 1231 2196 nemo
1256 2144 1307 2196 te
1328 2143 1601 2213 protegat
1616 2155 1991 2213 manumque
2014 2139 2119 2195 tibi
2144 2143 2437 2212 porrigat,

777 2234 832 2287 te
859 2230 938 2287 ad
955 2229 1205 2286 meliora
1241 2229 1442 2285 verbis
1470 2234 1527 2284 et
1550 2229 1841 2301 exemplis
1861 2230 2151 2285 ducturus
2177 2248 2190 2297 ;
2225 2245 2296 2286 ac
2338 2230 2439 2287 de-

775 2320 916 2376 inde
946 2336 1021 2376 ne
1048 2322 1175 2377 tam
1201 2319 1378 2375 bonae
1402 2318 1625 2374 indolis
1640 2318 1785 2374 nihil
1797 2318 2045 2389 jamtibi
2067 2319 2346 2390 supersit,
2386 2320 2437 2375 si

776 2408 1027 2466 inimica
1050 2408 1290 2464 fortuna
1309 2406 1590 2464 ﬂuctibus
1608 2407 1844 2464 latuerit
1861 2408 2224 2480 daamonque
2242 2408 2437 2467 malus

774 2501 831 2554 te
855 2497 1182 2555 tentaverit.

772 2587 922 2642 πλέον
1031 2588 1197 2656 ἔσται,
1304 2584 1594 2660 δυσμενοῦς
1686 2589 1861 2659 τύχης

771 2698 871 2739 νος.

845 2766 959 2824 Sed
988 2766 1137 2840 quid
1158 2765 1305 2822 mihi
1324 2766 1452 2822 bene
1465 2768 1603 2822 sunt
1633 2766 1663 2824 ?
1685 2766 1772 2823 Sis
1801 2766 2139 2823 misericors
2162 2780 2231 2822 ac
2250 2765 2406 2823 bene

770 2856 959 2923 volus,
997 2856 1101 2929 qui
1132 2855 1379 2912 multam
1408 2856 1469 2911 in
1505 2855 1729 2912 Christo
1756 2856 2036 2912 virtutem
2073 2871 2143 2911 ac
2206 2860 2424 2927 poten-

769 2945 917 3000 tiam
945 2943 1203 3016 adeptus
1223 2958 1307 3011 es,
1323 2942 1513 2999 multa
1544 2948 1876 3013 unguenta,
1898 2942 2425 3014 multaumiracula,

771 3036 975 3090 sancte
1006 3048 1076 3089 ac
1106 3046 1327 3102 magne
1353 3031 1609 3100 Nicolae,
1632 3031 2031 3102 indigentium
2050 3031 2270 3088 ardens
2293 3046 2428 3105 pro-

769 3125 976 3191 tector,
1000 3122 1079 3178 ad
1109 3137 1294 3195 quem
1324 3137 1437 3192 ego
1476 3136 1681 3177 meum
1717 3121 2174 3178 dilectissimum
2235 3120 2428 3179 ﬁlium

769 3210 985 3274 ferens,
1055 3226 1087 3267 e
1155 3211 1442 3266 maternis
1505 3209 1838 3267 visceribus
1909 3216 2201 3283 ereptum,
2266 3227 2427 3267 com—

767 3299 905 3357 misi
930 3303 987 3356 et
1011 3298 1358 3356 consecravi
1386 3317 1403 3371 ;
1435 3303 1491 3355 et
1516 3298 1773 3355 multum
1800 3298 1936 3355 ideo
1958 3298 2194 3356 ﬁduciae
2215 3300 2424 3367 habui,

768 3388 935 3461 quod
962 3388 1128 3461 prius
1158 3387 1431 3445 maxima
1458 3403 1528 3444 ac
1550 3387 1769 3444 deinde
1799 3391 1911 3444 tute
1936 3404 2079 3462 erga
2109 3404 2205 3445 me
2253 3388 2429 3445 boni-

769 3478 904 3533 tatis
934 3476 1440 3551 protectionisque
1471 3476 1816 3533 testimonia
1834 3476 2026 3547 retuli,
2079 3478 2186 3534 etsi
2234 3479 2429 3547 ingra-

1962 2586 2399 2664 ἐναποκρυϐείσης
2488 2590 2755 2662 κευθμῶσι

2621 1079 2680 1129 Σε
2746 1072 2806 1131 δε
2852 1081 2941 1130 τόν
2993 1078 3219 1131 ὕστατόν
3271 1099 3361 1152 μοι
3422 1100 3513 1133 και
3567 1080 3766 1148 λοιπὸν,
3834 1083 3957 1158 ὅπερ
4005 1082 4153 1157 ἔφην,

2547 1172 2648 1217 τῶν
2694 1161 2919 1233 παίδων,
2982 1169 3070 1219 τόν
3119 1166 3236 1240 ἐμόν
3288 1168 3562 1236 Νικόλαον,
3622 1170 3717 1223 ούκ
3758 1167 3882 1224 οἶδα
3955 1176 4037 1235 τίς
4093 1173 4156 1226 ἂν

2548 1273 2637 1307 και
2665 1259 2794 1307 ποία
2850 1253 3169 1318 ύποδέξηται
3220 1260 3386 1330 τύχη,
3449 1268 3546 1321 τῆς
3604 1263 3743 1323 ζωῆς
3784 1260 3899 1333 ἐμοί
3936 1264 4157 1333 τμηθεί-

2551 1362 2671 1413 σης,
2730 1342 2779 1395 ἐν
2835 1343 2997 1405 οὓτως
3046 1344 3214 1399 ἀτελεῖ
3270 1366 3357 1399 σοι
3408 1350 3757 1405 καθεστηκότι
3813 1357 3875 1422 τῇ
3951 1350 4153 1423 ἡλικίᾳ,

2546 1451 2638 1483 και
2704 1436 2858 1503 μήπω
2923 1437 3016 1491 τὴν
3104 1439 3412 1508 μειρακικὴν
3478 1436 3890 1508 παραμείψαντι.
3951 1435 4158 1492 Δίδωσε

2547 1525 2637 1595 μεν
2679 1525 2780 1593 γὰρ
2834 1522 3036 1596 θαρρεῖν
3092 1543 3182 1575 και
3230 1524 3393 1576 πολλά
3447 1522 3645 1578 δίδωσι
3706 1526 3908 1602 θαρρεῖν
3957 1530 3983 1580 ὁ
4036 1533 4159 1601 τρό-

2546 1630 2657 1673 πος,
2717 1614 3213 1687 παραγυμνούμενος
3265 1610 3372 1673 ἤδη
3458 1634 3545 1666 και
3627 1618 3719 1677 τὰς
3794 1622 4162 1691 χρηστοτέρας

2546 1701 2671 1773 ἡμῖν
2701 1704 3108 1773 μνηστευόμενος
3150 1710 3248 1753 τῶν
3307 1699 3531 1755 ἐλπίδων
3591 1719 3605 1735 ο
3665 1704 3809 1776 φοϐεῖ
3866 1702 3926 1758 δέ
3985 1726 4050 1778 με
4098 1710 4161 1759 τό

2546 1796 2639 1841 τοῦ
2682 1791 2903 1842 θανάτου
2957 1788 3264 1865 ἀπροόπτως
3320 1793 3384 1845 τὰ
3446 1791 3610 1844 πολλὰ
3662 1792 3823 1859 ἔπιόν,
3883 1814 3971 1846 και
4020 1793 4165 1867 μηδὲ

2547 1882 2666 1952 περί
2712 1886 2803 1940 τῆς
2857 1883 3035 1954 αὔριον
3117 1877 3386 1952 μηδεμιᾶς
3465 1880 3628 1944 ούσης
3704 1882 3919 1954 ἐγγύης,
4002 1884 4163 1938 Ἀλλὰ

2546 1970 2811 2040 τοῦτομὲν
2834 1967 2957 2040 ἐμοῦ
2982 1970 3145 2044 χάριν
3178 1969 3377 2021 ’πολλὰ
3434 1966 3493 2023 δε
3548 1991 3639 2022 και
3694 1976 3753 2024 τό
3806 1977 3895 2025 σόν
3960 1973 4163 2027 ἁπαλόν

2549 2054 2597 2109 ἐν
2649 2060 2826 2131 χρόνῳ
2877 2053 3190 2125 δεδίττεται,
3251 2078 3339 2110 και
3393 2063 3451 2111 τό
3506 2064 3638 2132 πρός
3680 2058 3983 2132 ἀντιλήψεις
4058 2072 4163 2116 τῶν

2548 2146 2868 2218 πραγμάτων
2920 2146 3024 2218 οὐχ
3068 2147 3174 2199 οἶόν
3222 2166 3277 2200 τε
3345 2151 3421 2200 ἔτι
3496 2149 3664 2201 αὐτῶν
3739 2150 4062 2222 ἐφικνεῖσθαι
4146 2174 4160 2187 ·

2550 2252 2639 2285 και
2672 2230 3096 2308 δεδίττεται,μὴ
3131 2240 3253 2288 ποτέ
3310 2256 3393 2289 σοι
3452 2242 3675 2311 νεωτέρῳ
3734 2242 3862 2305 ὄντι,
3927 2260 4013 2292 και
4062 2242 4164 2293 θα-

2548 2325 2683 2393 νάτῳ
2730 2325 2818 2375 τόν
2870 2327 3071 2398 πατέρα
3129 2323 3517 2399 ἁποϐαλομένῳ,
3579 2327 3673 2378 οῦκ
3730 2327 3981 2383 ἐπαμύνοι
4047 2350 4156 2399 τις,

2545 2407 2670 2463 οὐδε
2698 2431 2755 2483 γε
2786 2420 2947 2487 χεῖρα
2986 2413 3170 2486 όρέξοι,
3228 2414 3311 2466 ἐπι
3358 2416 3425 2467 τὰ
3481 2414 3670 2487 βελτίω
3720 2413 4019 2479 διαδεικνύς
4066 2439 4160 2471 και

2542 2500 3009 2573 προσεμϐιϐάξων·
3052 2504 3164 2555 εἶτα
3205 2512 3300 2565 τῆς
3358 2503 3557 2575 ἀγαθῆς
3608 2525 3812 2577 φυσεως
3875 2504 4024 2560 ούδέν
4070 2528 4159 2562 σοι

2852 2611 2941 2644 και
3030 2594 3367 2665 πειραθείσης
3465 2591 3712 2668 δαίμονος
3822 2594 4153 2671 κακοδαίμο-

2612 2768 2770 2822 Ἀλλὰ
2832 2774 2885 2822 τί
2936 2773 3130 2823 τούτων
3178 2771 3335 2845 ἐμοί;
3398 2772 3539 2835 ἵλεως
3606 2794 3695 2846 μοι
3762 2795 3851 2829 και
3940 2776 4157 2849 εὐμενὴς

2541 2860 2649 2920 εἴης
2707 2860 2732 2910 6
2784 2859 2939 2920 πολύς
2987 2862 3078 2933 μὶν
3122 2860 3169 2914 ἐν
3236 2869 3454 2935 Χριστῷ
3499 2858 3722 2935 δύναμιν
3768 2884 3857 2917 και
3941 2866 4155 2940 παῤῥη-

2541 2952 2682 3016 σίαν,
2725 2948 2884 3010 πολύς
2932 2944 2991 3001 δε
3040 2968 3128 3001 και
3171 2951 3239 3003 τὰ
3292 2954 3455 3025 μύρα,
3513 2952 3670 3013 πολύς
3722 2973 3811 3005 και
3876 2956 3941 3006 τὰ
4022 2958 4158 3007 θαύο

2536 3055 2678 3109 ματα
2712 3037 2813 3108 (2),
2881 3038 2906 3089 6
2970 3040 3156 3113 θερμὸς
3211 3047 3311 3091 τῶν
3354 3035 3694 3114 ἕπεδεομένων
3740 3044 4070 3117 προστάτης,
4133 3046 4161 3097 ὀ

2542 3126 2675 3199 ἱερός
2731 3145 2822 3178 και
2876 3130 3039 3199 μέγας
3129 3128 3410 3193 Νικόλαος,
3488 3133 3619 3204 πρὸς
3678 3132 3731 3183 ὃν
3802 3132 3902 3204 ἐγὼ
3992 3138 4161 3209 φέρων

2540 3214 2695 3267 αὐτόν
2726 3234 2815 3287 μοι
2848 3219 2932 3268 τόν
2984 3216 3248 3289 φίλτατον,
3308 3217 3429 3292 ἆρτι
3477 3227 3575 3271 τῶν
3620 3229 3889 3295 μητρικῶν
3953 3219 4161 3275 ὠδίνων

2541 3302 2843 3377 ἐκραγέντα,
2893 3306 3090 3379 θερμῶς
3169 3310 3459 3370 πιστεύσας
3543 3308 3779 3368 ἐνέθῆκα.
3841 3330 3930 3363 και
4008 3311 4156 3383 μάλα

2539 3411 2592 3444 τι
2638 3400 2710 3464 τῷ
2761 3389 2992 3466 δόγματι
3048 3414 3137 3448 και
3195 3395 3413 3450 πλεῖστα
3442 3417 3531 3450 και
3579 3399 3778 3471 μεγάλα
3827 3400 4158 3475 τεθάῤῥηκα,

2540 3486 2799 3555 τεκμήρια
2821 3486 3128 3556 παμμεγέθη
3189 3488 3436 3560 πρότερον
3486 3506 3576 3539 και
3637 3488 3860 3551 καθεξῆς
3919 3488 4002 3542 ἀεί
4061 3500 4161 3553 τῆς

766 3570 864 3622 tus
900 3566 1029 3638 ipse
1060 3565 1366 3622 miraculis
1404 3566 1568 3622 visus
1592 3582 1746 3638 sum,
1804 3566 1887 3621 ita
1933 3571 1997 3622 ut
2035 3566 2430 3623 metuendum
2462 3610 2503 3667 Ο

2407 3584 2430 3623 1
2462 3610 2503 3667 C
2544 3581 2644 3635 σῆς
2696 3578 2816 3648 περί
2871 3574 2959 3649 ἐμὲ
3008 3574 3394 3651 φιλανθρωπίας
3470 3598 3560 3630 και
3630 3584 3959 3652 προστασίας
4027 3580 4158 3635 ἁπε-

766 3655 968 3728 potius
986 3655 1133 3711 mihi
1148 3655 1242 3724 sit,
1261 3670 1336 3711 ne
1358 3670 1495 3711 mea
1516 3654 1798 3728 improba
1816 3658 1871 3711 et
1894 3671 2079 3728 prava
2100 3656 2223 3712 vita
2275 3655 2433 3712 ﬁlius

767 3759 893 3801 non
922 3745 984 3801 in
1012 3744 1244 3801 bonum
1275 3748 1497 3803 utatur.
1536 3745 1698 3801 Unde
1724 3748 1782 3815 et
1806 3761 1841 3801 a
1865 3761 1959 3801 me
1982 3745 2076 3801 ille
2100 3746 2431 3817 sejunctus,

769 3839 828 3891 et
854 3839 960 3891 tua
990 3833 1120 3891 sola
1158 3835 1523 3907 protectione
1555 3834 1867 3891 conﬁdens
1896 3851 1966 3891 ac
1999 3835 2201 3893 vivens
2224 3841 2432 3909 etope-

767 3940 932 3992 rans,
962 3923 1212 3981 meliora
1245 3924 1435 3981 multo
1460 3940 1644 3997 quam
1679 3941 1787 3997 pro
1821 3925 2038 3981 nostris
2066 3927 2343 3999 precibus
2363 3942 2433 3983 ac

767 4013 1072 4070 voluntate
1102 4013 1333 4070 referet.
1366 4016 1528 4070 Tunc
1559 4014 1755 4083 igitur,
1794 4015 1900 4087 qui
1939 4030 2078 4070 eum
2112 4015 2217 4071 tibi
2244 4016 2434 4072 infan-

766 4103 960 4160 tulum
990 4108 1055 4159 ut
1093 4119 1333 4160 servum
1364 4104 1687 4177 acceperis,
1710 4110 1765 4161 et
1797 4120 1981 4174 nunc,
2013 4110 2077 4162 ut
2097 4106 2179 4162 ita
2210 4106 2431 4175 dicam,

766 4197 871 4250 tua
901 4193 1095 4265 gratia
1130 4194 1345 4249 emeris
1371 4197 1428 4249 et
1458 4209 1494 4249 a
1551 4193 1727 4249 nobis
1788 4193 2077 4250 traditum
2125 4194 2431 4261 habueris,

766 4281 991 4353 adjuva
1028 4297 1169 4337 eum
1200 4287 1257 4338 et
1276 4281 1464 4338 libera
1489 4282 1567 4338 ab
1599 4282 1884 4337 omnibus
1911 4282 2169 4347 insidiis,
2197 4284 2434 4356 tuisque

763 4370 873 4429 alis
903 4386 1041 4427 eum
1063 4371 1459 4436 obumbrans,
1481 4372 1534 4428 ei
1564 4372 1831 4444 requiem
1854 4372 2131 4445 praebeas
2164 4372 2290 4430 sole
2311 4374 2433 4430 diei

766 4464 921 4528 usto,
960 4460 1265 4531 etsagittis
1293 4460 1355 4517 in
1380 4461 1476 4517 die
1534 4460 1876 4517 volantibus
1933 4461 2277 4527 vulnerato,
2328 4479 2433 4520 ne-

764 4566 884 4625 que
905 4551 1216 4623 permittas
1245 4566 1385 4608 eum
1414 4551 1562 4608 luna
1592 4567 1698 4625 per
1731 4558 1972 4609 noctem
2000 4558 2104 4609 aut
2128 4569 2165 4610 a
2222 4554 2433 4612 timore

765 4647 1061 4700 nocturno
1078 4648 1135 4700 et
1152 4659 1189 4699 a
1210 4643 1480 4717 qualibet
1505 4660 1568 4701 re
1585 4643 2052 4718 perambulante
2076 4649 2135 4701 in
2171 4646 2430 4703 tenebris

765 4732 997 4788 turbari
1034 4736 1091 4788 et
1110 4732 1267 4805 capi.
1303 4735 1365 4788 Et
1393 4732 1509 4788 hoc
1549 4733 1735 4789 modo
1776 4749 1912 4789 eum
1950 4733 2027 4790 ab
2060 4736 2226 4790 omni
2264 4734 2429 4791 malo

763 4820 1102 4877 immunem
1123 4836 1344 4889 serves,
1368 4822 1556 4878 vitam
1580 4821 1709 4893 ejus
1729 4821 1791 4877 in
1806 4820 1981 4877 bonis
1998 4822 2244 4894 dirigas,
2268 4840 2432 4880 eum-

764 4924 884 4981 que
912 4914 1209 4983 quantum
1237 4909 1373 4966 licet
1393 4909 1709 4968 defendas.
1750 4910 1973 4966 Deinde
2000 4912 2082 4967 ita
2140 4927 2248 4984 per
2299 4928 2430 4968 om-

765 5014 907 5055 nem
937 4999 1216 5055 virtutem
1248 4998 1519 5063 ductum,
1554 5002 1611 5055 te
1641 4998 1816 5067 duce,
1852 5003 1908 5054 et
1936 4999 2184 5056 ductore
2212 5005 2267 5057 et
2299 5017 2433 5073 pro-

767 5092 1007 5155 tectore,
1053 5088 1285 5144 Christo
1309 5092 1700 5160 repraesentes
1727 5088 1787 5143 in
1815 5093 2108 5145 aeternum
2133 5090 2435 5147 exsultan-

764 5180 885 5233 tem
916 5180 974 5232 et
996 5191 1273 5248 supernae
1304 5175 1692 5233 beatitudinis
1723 5175 2028 5233 haeredem
2081 5178 2430 5237 constituas.

844 5354 1237 5429 (l)l.uc,ixv,
1297 5356 1360 5409 12
1412 5372 1424 5411 :
1480 5356 1669 5429 Πάτερ,
1735 5351 1825 5416 δός
1886 5374 1978 5427 μοι
2038 5358 2097 5407 τό
2162 5355 2433 5409 ἐπιϐάλλον

760 5431 826 5500 μέ
841 5446 927 5502 ρος
1082 5428 1286 5502 mir:-

845 5496 947 5573 (2).
999 5498 1249 5573 Nicolai
1282 5496 1386 5573 ﬁlii
1434 5502 1745 5573 patronus,
1807 5513 1991 5573 quem
2036 5498 2283 5573 invocat
2339 5500 2433 5571 pie

764 5568 1053 5642 Chumys,
1088 5573 1144 5625 S.
1188 5568 1910 5644 Nicolaus,‘Myroru_min
1970 5570 2146 5644 ania
2193 5568 2432 5644 episco-

762 5658 899 5715 pus,
932 5640 1396 5715 cbgnominatus
1435 5640 1544 5715 fuit
1574 5640 1931 5715 Myrobjytes
1952 5657 2022 5715 ac
2042 5640 2433 5715 'l‘haumatur-

764 5707 1104 5783 'gusme'eo
1130 5717 1324 5771 exstat
1362 5707 1670 5785 Lequien'ti
1719 5707 2063 5771 Dissertatio
2109 5707 2171 5770 id
2234 5711 2428 5772 Genti-

2541 3665 2870 3736 νεγκάμενος,
2913 3666 2956 3717 εἰ
2986 3684 3077 3716 και
3132 3664 3384 3738 ἀγνώμων
3431 3667 3586 3730 αύτός
3637 3668 3822 3739 ἐφάνην
3873 3677 3980 3732 τοὶς
4030 3673 4159 3723 θαύ-

2542 3772 2726 3825 μασιν,
2780 3753 2914 3806 ὣστε
2973 3758 3094 3827 περί
3174 3759 3358 3807 τούτου
3429 3752 3546 3819 δέος
3620 3758 3831 3830 μᾶλλον,
3900 3764 3973 3832 μὴ
4058 3769 4161 3824 τῆς

2542 3840 2664 3914 ἐμῆς
2719 3842 2915 3914 φαύλης
2972 3863 3061 3895 και
3118 3839 3350 3920 πονηρᾶς
3407 3850 3662 3919 μενούσης
3700 3848 3840 3910 ζωῆς
3929 3851 3956 3901 6
4027 3858 4161 3913 παῖς

2540 3930 2635 3983 ούκ
2667 3930 2738 3993 εἰς
2767 3931 2920 3984 καλόν
2950 3931 3199 3986 ἁπόναιτο
3235 3954 3246 3967 ³
3282 3933 3392 3987 ὃθεν
3452 3955 3542 3987 και
3598 3942 3771 4008 χωρίς
3817 3945 3963 4001 οὗτος
4001 3944 4160 4010 γενό-

2541 4039 2709 4093 μενος,
2740 4040 2829 4073 και
2861 4021 2961 4074 ὑπὸ
3005 4030 3067 4095 τῇ
3124 4030 3188 4095 σῇ
3244 4027 3409 4093 σκέπη
3463 4029 3591 4097 μόνη
3653 4046 3745 4077 και
3810 4028 4012 4102 θαρρῶν
4070 4049 4164 4081 και

2544 4108 2645 4169 ζῶν
2694 4130 2782 4161 και
2834 4129 3195 4186 στρεοφμενος,
3246 4108 3348 4164 οἷδ’
3409 4115 3489 4165 ὅτι
3529 4113 3805 4186 ἀμεινόνων
3861 4116 3942 4168 ἐπί
3982 4116 4162 4187 πολλῷ

2541 4216 2631 4250 και
2680 4197 2952 4271 βελτιόνων
3006 4208 3105 4252 τῶν
3164 4202 3279 4252 κατ’
3334 4201 3499 4274 εὐχὴν
3561 4223 3651 4254 και
3701 4202 3957 4276 βούλῆσιν
4010 4207 4164 4278 ἡμῶν

2540 4291 2941 4361 πειραθήσεται.
2989 4296 3090 4342 Και
3133 4298 3281 4361 γοῦν,
3326 4294 3393 4352 ὡς
3434 4311 3524 4345 και
3574 4297 3668 4351 τὴν
3730 4292 3905 4365 ἀρχὴν
3964 4292 4164 4367 βρέφος

2542 4379 2698 4430 αὐτόν
2746 4378 2951 4436 οἰκέτην
3015 4379 3369 4452 παρειληφὼς,
3424 4401 3515 4433 και
3567 4388 3655 4434 νῦν
3706 4384 3920 4449 ὠνητὸν,
3974 4384 4164 4452 εἰπεῖν,

2540 4474 2635 4527 τῆς
2668 4475 2761 4527 σῆς
2801 4469 3025 4539 χάριτος
3069 4468 3193 4541 πάρ’
3246 4469 3391 4541 ἡμῶν
3448 4466 3852 4543 ἀποδιδόμενον,
3908 4474 4165 4531 εἰσποίη-

2542 4574 2652 4623 σαι,
2713 4576 2802 4607 και
2856 4558 2984 4630 ρύου
3029 4559 3118 4628 μὲν
3171 4556 3249 4609 ἀεί
3297 4560 3475 4619 πάσης
3526 4558 3581 4612 ἐκ
3629 4557 3863 4630 παγίδος
3908 4563 4161 4635 θηρεύον-

2539 4663 2625 4706 τος
2654 4646 2870 4713 (3),ύπό
2894 4642 2952 4698 δὲ
2975 4644 3070 4708 τᾶς
3120 4649 3213 4707 σὰς
3289 4652 3548 4721 πτέρυγας
3612 4653 3840 4711 σκιάσας
3920 4649 4163 4705 ἀνάπαυε

3974 4740 4159 4813 φλεγό-

2541 4841 2691 4895 μενον
2726 4842 2816 4874 και
2884 4831 2997 4886 τοὶς
3064 4823 3113 4876 ἐν
3174 4824 3306 4884 άύτῆ
3371 4846 3665 4899 πετόμενοις
3734 4833 4159 4903 τιτρωσκόμενον

2543 4909 2741 4983 βέλεσι,
2779 4917 2912 4984 μήτε
2946 4921 3008 4973 τῆ
3052 4912 3238 4972 σελὴνῆ
3276 4918 3369 4972 τὴν
3405 4919 3586 4983 νύκτα,
3624 4913 3760 4989 μηδ’
3828 4919 3929 4970 ὑπὸ
3992 4920 4161 4990 φόϐου

2539 5009 2839 5075 νυκτερινοῦ
2874 5021 2962 5053 και
3021 4999 3336 5076 πράγμάδος
3399 5008 3620 5077 μητενός
3689 5005 3739 5058 ἐν
3801 5010 3981 5059 σκότει
4041 5005 4165 5061 δια-

2540 4735 2665 4806 μήθ’
2705 4735 2900 4810 ἡμέρας
2976 4743 3047 4805 τῷ
3122 4734 3252 4806 ἡλίῳ
3329 4743 3704 4809 συγκαιόμενον
3784 4759 3875 4791 και

2541 5094 2887 5163 πορευομένου
2947 5096 3080 5164 μήτε
3146 5098 3523 5166 ταραττόμενον
3592 5095 3719 5167 μήθ’
3787 5094 4158 5169 ἁλισκόμενον.

2545 5186 2643 5232 Καί
2683 5186 2865 5232 τοῦτον
2896 5176 2964 5239 δὴ
3005 5184 3093 5233 τόν
3128 5186 3318 5255 τρόπον
3390 5182 3545 5255 ἁθιγῆ
3618 5191 3783 5236 κακοῦ
3820 5190 4009 5247 παντὸς
4066 5208 4161 5240 πε-

2544 5357 2830 5414 nuatione
2858 5360 3099 5438 memor.
3122 5357 3386 5438 Desmol.
3417 5365 3461 5419 t.
3495 5361 3563 5438 Vl
3593 5381 3627 5438 _;_
3669 5378 3857 5438 quam
3910 5372 4167 5438 propter

2542 5445 2765 5485 nomen
2793 5431 3047 5486 auctoris
3079 5446 3149 5486 ac
3169 5433 3474 5489 raritatem
3507 5431 3773 5490 indicare
3802 5431 4009 5492 visum
4032 5431 4161 5495 'est.

2544 5504 2788 5557 Exstant
2817 5508 2873 5557 et
2914 5503 2974 5558 in
3032 5502 3170 5558 cod.
3222 5506 3328 5560 400
3364 5504 3573 5561 inediti
3621 5506 3682 5561 in
3734 5508 3789 5561 S.
3844 5508 4164 5568 Nicolaum

2544 5574 2726 5629 Graeci
2754 5589 2987 5629 versus.

2554 5645 2936 5725 “(.5)‘Psalm,
2964 5661 3157 5725 czxsiu,
3178 5652 3220 5717 ‘7
3252 5665 3265 5715 ;
3302 5647 3363 5725 ‘ll
3387 5646 3543 5725 ψυχὴ
3571 5650 3719 5721 ᾑμῷν
3749 5651 3820 5713 ὡς
3870 5654 4163 5724 στρουθιαν

2538 5712 2745 5790 ῥλόύσθη
2766 5715 2821 5770 ἐκ
2842 5712 2938 5780 τῆς
2958 5712 3191 5789 παγίδός
3212 5712 3313 5772 τῶν
3341 5712 3679 5793 θηρεὶὶὸντὼνῤ
