4434 6452
799 408 939 464 1499

2151 414 2530 471 NICEPHORI
2557 413 2819 472 CHUMN]

4030 415 4165 470 1500

800 530 1045 585 contulit
1083 530 1393 595 beneﬁcia,
1453 549 1665 591 omnes
1710 537 1983 594 homines
2021 539 2208 611 probe
2233 538 2449 594 intelli-
2481 547 2529 597 Α

2405 538 2449 593 ἱ-
2481 547 2529 597 Α
2559 540 2791 612 ὑπερφυῆ
2866 544 3023 591 παντὶ
3102 548 3175 609 τῷ
3236 538 3340 611 βίῳ
3415 544 3714 610 παρέσχετο
3772 540 3958 596 πάντες
4026 538 4156 589 εἰσὶν

800 624 967 687 gunt,
999 624 1055 674 et
1077 620 1319 691 optimm
1370 622 1712 679 intentionis
1747 632 1885 682 sunt
1910 643 2121 683 omnes
2153 629 2255 699 qui
2310 626 2450 681 talia

799 707 1067 762 conﬁteri
1098 713 1152 763 et
1180 709 1507 780 praedicare
1520 714 1970 781 aggrediuntur.
2003 717 2227 771 Etenim
2251 715 2449 770 nullus

798 802 885 851 est
922 811 1170 851 sensum
1211 802 1268 852 et
1297 798 1589 856 rationem
1628 802 1859 858 habens
1893 805 1994 876 qui
2029 820 2147 860 non
2178 804 2325 859 illud
2355 820 2450 858 ve-

796 885 1105 940 hementer
1120 891 1375 958 exoptet.
1410 889 1629 945 Omnes
1654 897 1853 947 autem
1885 893 2071 964 probe
2098 893 2293 948 sciunt
2318 907 2447 947 esse

798 988 937 1029 vere
967 988 1147 1045 super
1166 990 1410 1031 omnem
1428 978 1705 1034 virtutem
1729 987 2133 1054 naturamque
2156 982 2448 1036 sermonis

798 1061 874 1116 de
898 1060 1012 1117 hoc
1042 1064 1458 1119 convenienter
1488 1067 1653 1137 loqui
1692 1069 1785 1123 vel
1813 1085 2020 1139 parem
2066 1071 2323 1139 gratiam
2362 1084 2447 1123 re-

799 1150 949 1205 ferre
960 1166 1139 1221 posse
1151 1156 1535 1223 quantumvis
1553 1156 1987 1213 zelantissimos
2014 1177 2025 1224 ;
2057 1174 2178 1213 non
2195 1158 2379 1213 solum
2400 1156 2447 1212 si

798 1239 1215 1310 unusquisque
1261 1257 1369 1296 sua
1395 1257 1536 1297 voce
1567 1248 1622 1299 et
1650 1244 1857 1313 lingua
1896 1246 2036 1302 talia
2064 1247 2283 1302 nitatur
2307 1261 2448 1301 con-

799 1326 1062 1395 cinnare,
1104 1343 1311 1383 verum
1360 1336 1418 1385 et
1457 1331 1501 1385 si
1526 1347 1738 1388 omnes
1760 1335 1820 1389 in
1872 1351 2058 1389 unum
2092 1334 2450 1389 conveniant

799 1413 878 1469 ad
907 1413 1072 1479 illud,
1097 1416 1443 1489 quicunque
1464 1435 1625 1474 nunc
1647 1428 1785 1477 sunt
1815 1428 1871 1477 et
1892 1424 2238 1494 quicunque
2271 1428 2449 1478 antea

798 1501 917 1556 vita
956 1502 1140 1557 functi
1171 1511 1308 1560 sunt
1341 1524 1352 1561 :
1389 1521 1509 1561 non
1542 1514 1714 1567 certe.
1745 1525 1941 1582 neque
1974 1510 2021 1565 si
2047 1511 2197 1566 foret
2221 1511 2447 1565 labium

799 1606 990 1645 unum
1040 1607 1227 1663 osque
1286 1610 1474 1650 unum
1521 1613 1644 1668 quo
1690 1614 1899 1654 omnes
1950 1605 2331 1671 erumperent
2389 1598 2448 1652 in

800 1693 986 1734 unam
1017 1695 1251 1749 vocem,
1275 1697 1348 1736 ne
1378 1684 1690 1755 paululum
1730 1687 1976 1758 quidem
2017 1688 2098 1742 sic
2131 1687 2451 1759 aptissima

798 1767 978 1823 etiam
1012 1770 1377 1841 symphonia
1406 1773 1694 1843 attingere
1729 1776 1992 1831 valerent
2017 1775 2093 1831 ad
2128 1774 2447 1830 sublimem

2557 629 2821 700 ἄνθρωποι
2862 637 3037 699 σαφῶς
3101 625 3307 697 εἰδότες,
3369 632 3457 679 καὶ
3517 632 3729 697 γνώμης
3784 622 3837 678 εὖ
3868 626 3973 678 εἱσι
4024 629 4160 678 πάν-

2556 734 2639 776 τες
2676 719 2879 786 ἔχοντες
2939 716 3266 787 ἀνομολογεῖν
3327 720 3413 768 xui
3452 716 3725 787 κηρύττειν
3774 736 3785 747 ·
3816 720 3904 766 xui
3936 733 3995 784 γε
4054 724 4157 765 τὼν

2556 802 2790 854 ἀπάντων
2871 807 3009 856 ἔστιν
3058 801 3251 869 οὐδεὶς,
3304 804 3599 863 αἰσθήσεως
3654 811 3776 873 γοῦν
3870 808 3959 854 καὶ
4016 802 4157 872 λογι-

2558 900 2702 961 σμῶν
2739 897 2994 964 μετέχων,
3032 898 3103 965 μὴ
3155 901 3308 945 τοῦτο
3341 889 3549 964 σφόδρα
3615 890 4013 963 βεϐουλημένος.
4080 891 4157 943 Ού

2555 985 2657 1050 μὴν
2708 981 2837 1033 ἀλλά
2896 987 2985 1033 καὶ
3042 984 3223 1041 πάντες
3292 978 3345 1033 εὖ
3423 981 3524 1033 εἰσι
3570 985 3661 1032 καὶ
3717 979 3880 1039 καλῶς
3936 975 4156 1043 εἰδότες,

2556 1070 2623 1127 ὡς
2673 1072 2813 1120 ἔστιν
2908 1068 3107 1130 ἀληθῶς
3161 1071 3287 1143 ὑπὲρ
3343 1075 3517 1121 πᾶσαν
3567 1068 3723 1139 λόγου
3785 1088 3874 1119 και
3933 1065 4159 1139 δύναμιν

2555 1162 2645 1209 καὶ
2699 1160 2853 1229 φύσιν
2930 1158 3004 1231 ἐφ’
3087 1162 3259 1211 ἱκανόν
3324 1166 3494 1211 ταῦτα
3556 1157 3844 1229 ἐξισχῦσαι
3909 1156 4159 1216 λαλῆσαι,

2557 1246 2587 1303 ἦ
2646 1250 2739 1303 τὴν
2780 1245 3027 1317 ἀνάλογον
3087 1252 3177 1299 xui
3213 1250 3348 1299 πάνυ
3406 1267 3458 1299 τι
3526 1248 4011 1318 προτεθυμημένους
4080 1245 4163 1297 εύ-

2556 1339 2846 1404 χαριστίαν
2908 1335 3123 1407 πρᾱιξαι,
3185 1340 3256 1407 μὴ
3322 1338 3401 1387 ὁτι
3463 1354 3519 1406 γε
3554 1336 3673 1387 καθ’
3737 1336 3824 1387 ἕνα
3880 1336 4165 1405 φθεγγομέ-

2557 1440 2670 1481 νους
2699 1427 2787 1474 καὶ
2843 1426 2977 1475 κατά
3024 1429 3148 1495 μίαν
3203 1424 3450 1494 γλῶσσαν
3485 1424 3705 1475 ἕκαστον
3764 1422 4169 1496 ἐπιχειροῦντας

2559 1508 2849 1581 ἀπονέμειν,
2905 1510 3011 1562 ἀλλ’
3049 1508 3165 1563 οὐδ’
3211 1512 3255 1563 εὶ
3315 1516 3503 1572 πάντες
3552 1512 3624 1572 εἰς
3675 1510 3865 1562 ταύτόν
3918 1512 3995 1579 (1)
4043 1530 4168 1561 συν-

2562 1603 2740 1666 ιόντες,
2773 1602 2887 1651 ὅσοι
2922 1620 2975 1652 τε
3022 1608 3109 1651 νῦν
3150 1600 3253 1652 εἰσι
3306 1606 3395 1652 καὶ
3457 1602 3573 1652 ὅσοι
3617 1600 3779 1652 πάλαι
3831 1605 4109 1670 γεγόνασιν
4151 1620 4165 1631 ·

2557 1686 2824 1758 οὐμενοῦν,
2865 1685 2980 1740 οὐδ’
3018 1690 3062 1740 εἰ
3122 1688 3299 1758 χεῖλος
3356 1689 3403 1741 ἓν
3457 1694 3545 1740 καὶ
3584 1689 3632 1740 ἓν
3665 1694 3837 1759 στόμα
3887 1691 4019 1760 πρὸς
4062 1708 4168 1758 φω-

2556 1780 2648 1832 τὴν
2698 1780 2821 1847 μίαν
2874 1780 2947 1845 (2)
3004 1782 3295 1848 γεγόμενοι,
3354 1774 3468 1829 οὐδ’
3522 1778 3685 1837 οὕτως
3731 1776 3792 1827 ἂν
3855 1772 3979 1828 οὐδὲ
4025 1780 4167 1827 κατὰ

798 1855 957 1911 hanc
977 1862 1091 1912 tam
1114 1860 1571 1927 magniﬁcorum
1608 1864 1969 1919 mirabilium
2004 1864 2449 1919 confessionem
2484 1866 2526 1919 Β

2411 1880 2449 1917 n
2484 1866 2526 1919 Β
2558 1867 2742 1937 μικρὸν
2800 1867 2961 1936 ἔσχον
3011 1863 3163 1936 ἐγγὺς
3212 1865 3338 1918 ἰέναι
3394 1872 3486 1917 τοῦ
3523 1884 3639 1917 τινα
3704 1867 3898 1921 ταύτην
3949 1884 4162 1936 συμφω·

797 1960 936 2015 quas
984 1946 1278 2002 excedens
1321 1955 1535 2005 cuncta
1562 1951 1641 2006 ad
1666 1952 1903 2008 inﬁrma
1923 1953 2175 2024 deprimi
2203 1952 2449 2007 minime

799 2038 1015 2105 potest.
1040 2036 1135 2090 Est
1162 2035 1339 2104 igitur
1364 2039 1560 2093 omnis
1580 2046 1797 2097 natura
1816 2041 2130 2097 hominum
2153 2056 2287 2095 vere
2308 2039 2448 2095 infe-

797 2121 919 2177 rior
943 2127 1001 2178 et
1028 2123 1328 2194 impotens
1345 2126 1421 2182 ad
1445 2127 1626 2199 hujus
1641 2130 1871 2185 virtutis
1890 2130 2363 2199 indagationem,
2386 2132 2452 2183 ut

2556 1956 2670 2004 νέαν
2765 1960 3095 2025 παγκόσμιον
3169 1958 3295 2028 πρὸς
3360 1952 3773 2026 ἀνθομολόγησιν
3862 1948 4005 2024 ἆραι,
4067 1961 4164 2005 τοῦ

2558 2050 2658 2092 τῶν
2719 2044 2995 2113 θαυμάτων
3048 2042 3323 2114 μεγαλείου
3373 2048 3444 2115 μη
3509 2042 3651 2094 κάτω
3710 2047 4008 2094 πίπτουσαν
4071 2047 4167 2093 xui

2558 2138 2651 2182 τοῦ
2708 2135 2899 2193 παντὸς
2965 2131 3388 2204 ἀπολειπομένην.
3453 2131 3585 2183 Ἀλλ’
3652 2134 3764 2183 ἔστι
4004 2136 4166 2192 ὅντως

794 2210 1046 2280 dignum
1069 2213 1213 2283 quid
1246 2214 1321 2270 de
1336 2219 1419 2272 tot
1443 2219 1689 2274 ettantis
1710 2219 2195 2291 beneﬁciisloqui
2211 2219 2404 2290 possit
2432 2234 2445 2271 :

795 2297 902 2353 sed
932 2302 989 2353 et
1011 2299 1312 2371 impotens
1344 2318 1586 2375 quoque
1608 2305 1757 2362 foret
1791 2322 1978 2379 quam
2010 2308 2277 2378 accipere
2309 2321 2447 2377 pos-

791 2392 879 2442 set
896 2386 1136 2458 linguas
1155 2390 1320 2461 ipsas
1341 2393 1705 2461 Angelorum
1733 2401 1787 2450 et
1816 2395 2325 2463 Archangelorum
2354 2393 2450 2449 vel

791 2477 972 2549 siqui
1021 2477 1139 2533 sint
1193 2478 1448 2537 aliorum
1511 2484 1828 2555 spirituum
1889 2485 1950 2539 in
2004 2485 2102 2539 Dei
2163 2483 2449 2539 laudibus

789 2572 1080 2637 perpetuo
1136 2574 1431 2638 assuetas,
1462 2576 1520 2627 et
1550 2575 1847 2643 acciperet
1878 2589 1979 2627 eas
2010 2578 2065 2627 et
2094 2572 2449 2643 adimpleret

790 2657 1025 2714 cantica
1046 2659 1371 2728 gratiarum
1399 2661 1762 2717 creberrima
1797 2680 1809 2717 :
1833 2678 1956 2717 non
1978 2662 2136 2717 enim
2168 2662 2447 2717 homines

788 2751 1043 2811 tantum,
1078 2764 1286 2805 verum
1319 2749 1498 2805 etiam
1522 2756 1845 2822 potestates
1872 2751 2145 2807 cmlestes
2161 2750 2447 2822 obstupe-

788 2834 929 2890 facit
960 2836 1325 2894 mirabilium
1351 2840 1701 2895 excellentia
1718 2847 1775 2895 et
1804 2840 2139 2895 sublimitas
2170 2856 2307 2912 quae
2336 2855 2447 2911 pro

787 2924 965 2979 nobis
994 2931 1228 2996 patrata
1267 2927 1507 2984 fuerunt
1536 2929 1837 3000 hodieque
1874 2930 2309 3001 producuntur.

787 3011 1002 3083 λογικὴν
1098 3019 1252 3086 φύσιν
1355 3015 1484 3068 ἀλλά
1559 3022 1649 3069 καὶ

2558 2222 2723 2293 μικρά
2791 2228 2941 2273 πᾶσα
3008 2225 3161 2293 φύσις
3233 2221 3514 2295 ἀνθρώπων
3597 2226 3685 2272 καὶ
3737 2220 3958 2277 ἀσθενὴς
4030 2224 4165 2293 πρὸς

2556 2314 2707 2361 τοῦτό
2763 2328 2822 2379 γε
2872 2307 3142 2382 δυνάμεως
3215 2309 3575 2381 ἐξεταζομένη,
3628 2310 3752 2360 ὥστ’
3822 2312 3963 2379 ἔχειν
4018 2310 4168 2371 ἀξιον

2556 2416 2610 2448 τι
2688 2407 2789 2450 τῶν
2886 2402 3148 2451 τοσούτων
3249 2403 3339 2451 καὶ
3422 2402 3669 2450 τοιούτων
3745 2398 4170 2470 εὐεργετημάτων

2558 2484 2686 2560 έρεῖν
2712 2508 2724 2520 ·
2750 2490 2863 2539 ἔστι
2895 2485 2955 2540 δε
2984 2493 3073 2540 καὶ
3116 2488 3264 2549 αὖθις
3320 2490 3564 2553 ἀσθενὴς,
3640 2487 3683 2539 εἰ
3744 2491 3833 2539 καὶ
3876 2489 3971 2546 τὰς
4012 2486 4171 2557 ἀγγε-

2557 2574 2704 2638 λίκάς
2795 2578 2957 2637 αύτάς
3038 2579 3067 2636 ἡ
3138 2584 3227 2629 xui
3271 2577 3685 2651 ἀρχαγγελικάς,
3744 2579 3790 2628 εἰ
3844 2580 3978 2638 τινές
4034 2576 4172 2628 εἰσιν

2558 2663 2723 2715 ἀῦλων
2789 2667 3029 2737 γλῶσσαι
3080 2670 3205 2739 πρὸς
3281 2663 3533 2727 διηνεκεῖς
3606 2665 3795 2737 ὕμνους
3872 2666 4175 2736 εἰθισμέναι

2559 2761 2713 2821 Θεοῦ,
2764 2754 3047 2827 βουληθείη
3103 2755 3415 2829 προσλάϐεῖν
3473 2760 3563 2807 καὶ
3624 2753 3934 2828 προσλάϐοι,
3990 2758 4175 2806 ἔπειτα

2560 2846 2931 2916 συνεργάζοιτο
2989 2851 3109 2907 τούς
3187 2846 3636 2919 εὐχαριστηρίους
3702 2843 4089 2917 ἀποπληροῦσα
4157 2866 4170 2877 ·

2557 2932 2616 2983 ού
2650 2936 2751 3007 γὰρ
2817 2932 3118 3005 ἀνθρωποῦς
3178 2938 3329 3005 μόνον
3388 2938 3478 2985 καὶ
3520 2938 3614 2990 τὴν
3650 2932 3768 2984 καθ’
3815 2934 3953 3003 ἡμᾶς
3987 2938 4172 2984 πᾶσαν

1742 3020 1833 3078 τὰς
1912 3016 2247 3091 έπουρανίους
2326 3013 2597 3089 δυνάμεις,
2688 3021 2993 3096 ύπερϐαῖνον
3054 3021 3329 3080 ἐκπλήττει
3417 3031 3516 3073 τῶν
3603 3023 3910 3083 Θαυμασίων
3996 3019 4173 3074 τῶνδε

788 3105 846 3153 τὸ
868 3104 1104 3172 μέγεθος,
1132 3105 1259 3177 ὑπὲρ
1296 3107 1442 3177 ἡμῶν
1471 3105 1695 3179 ἀπείρων
1718 3109 1853 3158 ὅσων
1876 3109 2353 3178 καταπραχθέντων
2380 3111 2469 3158 καὶ
2494 3116 2581 3160 νῦν
2613 3109 3000 3182 ἐνεργουμένων.

858 3194 1133 3248 Attamen
1164 3194 1329 3265 quod
1359 3195 1487 3250 haec
1527 3212 1769 3267 semper
1793 3196 2125 3267 ordineque
2160 3194 2449 3250 celebrari
2481 3198 2521 3251 C

786 3280 1049 3337 debeant
1088 3281 1247 3353 pleni
1292 3283 1658 3356 ﬁrmiterque
1684 3300 2022 3351 censemus,
2054 3289 2233 3357 atque
2264 3282 2450 3339 conﬁ-

2429 3313 2450 3323 -
2562 3286 2782 3358 βεϐαίας
2855 3290 3002 3360 ἡμεῖς
3080 3290 3169 3348 τὰς
3233 3292 3433 3349 πίστεις
3511 3299 3601 3339 και
3664 3286 3907 3359 ἀσφαλεῖς
3976 3290 4174 3359 ἔχομεν

786 3369 1007 3425 dimus.
1061 3374 1214 3441 Ergo
1267 3379 1329 3427 ut
1369 3389 1708 3428 sermonem
1764 3374 1955 3429 obiter
1990 3380 2452 3445 opportuneque

2033 3380 2452 3445 pportuneque
2558 3379 2645 3436 τὰς
2712 3375 2948 3437 ἐλπίδας.
3037 3382 3156 3445 Καὶ,
3227 3377 3290 3427 ἶν’
3350 3378 3473 3448 ἡμῖν
3536 3378 3561 3427 ὁ
3611 3375 3777 3446 λόγος,

787 3460 1099 3516 ordiamur
1138 3462 1217 3516 ab
1257 3463 1372 3518 hoc
1423 3464 1585 3535 quod
1644 3463 1751 3518 fuit
1807 3464 1865 3518 in
1899 3463 2192 3535 principio
2227 3462 2451 3517 :homo

2422 3477 2451 3516 Ο
2559 3464 2735 3537 ἀρχὴν
2776 3465 3013 3528 ἀνελθὼν,
3064 3466 3252 3519 ἐκεῖθεν
3314 3465 3432 3517 καθ’
3495 3461 3619 3517 ὁδόν
3672 3469 3868 3539 προῖοι,
3929 3464 4173 3523 ἐπλάσθη

784 3550 1122 3623 plasmatus
1166 3567 1353 3607 manu
1401 3553 1499 3608 Dei
1539 3554 1754 3608 divinae
1803 3568 2053 3608 consors
2095 3551 2342 3607 effectus
2365 3558 2451 3607 est

785 3639 1090 3708 imaginis,
1124 3640 1264 3695 inde
1285 3657 1464 3711 super
1489 3657 1702 3697 omnes
1722 3641 1986 3697 visibiles
2016 3646 2323 3697 creaturas
2343 3640 2451 3696 ho-

786 3742 934 3783 nore
980 3734 1324 3785 coronatus.
1383 3735 1547 3786 tanto
1605 3733 1835 3800 majore
1888 3730 2078 3799 gloria
2124 3735 2180 3785 et
2235 3731 2450 3785 decore

786 3817 1067 3883 donatus,
1117 3822 1347 3889 quanto
1400 3818 1773 3875 formationis
1814 3818 1949 3889 eius
1980 3819 2232 3874 verbum
2272 3817 2451 3873 altius

788 3906 1166 3971 efferebatur,
1191 3924 1330 3963 cum
1352 3910 1583 3981 accepit
1612 3911 1773 3965 unde
1794 3909 2120 3977 imaginem
2136 3924 2325 3980 quam
2355 3923 2451 3978 ge-

787 3995 959 4053 rebat
991 4004 1397 4066 conservaret,
1445 3999 1492 4053 si
1523 3999 1808 4054 custodiri
1868 4005 2171 4070 praecepta
2203 3998 2448 4053 curarit.

788 4085 1117 4158 Postquam
1160 4092 1360 4143 autem
1396 4103 1502 4160 per
1532 4087 1891 4159 voluptatem
1932 4088 2194 4143 nudatus
2229 4092 2336 4153 est,
2370 4092 2445 4152 et,

791 4179 1093 4247 prmcepta
1138 4176 1606 4248 parvipendens,
1660 4177 2094 4249 decipientibus
2127 4176 2310 4231 ﬁdem
2343 4176 2447 4230 ad-

789 4263 1000 4319 hibuit:
1046 4266 1245 4320 statim
1268 4265 1507 4331 decidit,
1551 4266 1611 4320 in
1642 4266 1773 4338 ipso
1808 4267 1940 4321 loco
1969 4266 2065 4319 ubi
2094 4265 2449 4320 constitutus

790 4352 985 4409 fuerat
1021 4354 1083 4409 in
1134 4356 1437 4427 voluptate
1470 4360 1547 4411 Yet
1590 4356 1865 4411 fruitione
1898 4356 2223 4411 multorum
2264 4353 2450 4409 maxi-

792 4459 1156 4517 morumque
1213 4444 1536 4510 bonorum,
1594 4445 1893 4517 simulque
1926 4444 2126 4500 amisit
2170 4444 2450 4499 meritum

2431 4460 2450 4497 1
2561 4440 2612 4495 δ’
2639 4446 2768 4517 ὁμοῦ
2822 4450 2911 4497 καὶ
2970 4446 3033 4505 ἧς
3090 4443 3239 4506 ἀξίας
3295 4443 3493 4515 ἔμελλεν
3526 4442 3789 4515 ἀμείνονος
3832 4446 4182 4516 πειραθῆναι,

2487 4552 2528 4604 D

2562 4671 3022 4743 epigrammata,
3058 4671 3127 4731 εἰς
3157 4675 3252 4743 τὴν
3282 4676 3535 4743 κοίμησιν
3556 4680 3652 4732 τῆς
3684 4676 3969 4727 Θεοτόκου.
4001 4703 4077 4712 -
4106 4674 4181 4726 α’.

2561 4742 2666 4814 Ζῇς
2714 4747 2803 4793 καὶ
2856 4745 3086 4815 θανοῦσα
3119 4760 3131 4771 '
3186 4742 3334 4803 ζῶσα
3372 4742 3583 4803 γτίκτεις
3640 4744 3911 4814 παρθένος·
3950 4773 4037 4815 κ-

2564 4812 2678 4874 Σαῖς
2718 4813 3003 4883 ἡγκαλίζου
3061 4818 3185 4887 πρίν
3236 4833 3304 4888 με
3351 4819 3533 4888 χερσὶ,
3582 4812 3821 4887 παρθένε,
3860 4814 4050 4874 Θηλῆς

2566 4894 2658 4946 σῆς
2697 4888 2906 4958 ἓσπασα
2932 4884 3185 4958 μητρικόν
3221 4884 3374 4956 γάλα.
3421 4884 3503 4937 ’Τό
3538 4884 3739 4957 πνεῦμά
3778 4904 3873 4937 σου
3928 4894 4019 4937 νῦν
4085 4887 4183 4937 αύ-

2721 4957 3115 5028 ἠγκαὶισμένος,
3189 4960 3258 5009 Τὸ
3350 4965 3504 5029 σῶμα
3550 4962 3735 5029 πέμπω
3790 4961 3919 5031 πρὸς
3977 4966 4184 5029 τρυφῆς

2632 3199 2707 3250 Οὐ
2754 3203 2845 3271 μεν
2903 3199 3033 3251 ἀλλὰ
3095 3204 3185 3251 xui
3244 3199 3461 3261 καθεξῆς
3546 3198 3625 3250 ἀεὶ
3676 3206 3846 3251 ταῦτα
3904 3198 4173 3251 τελεῖσθαι

2712 3375 2948 3437 ἐλπίδας.
3037 3382 3156 3445 Καὶ,
3227 3377 3290 3427 ἶν’
3350 3378 3473 3448 ἡμῖν
3536 3378 3561 3427 ὁ
3611 3375 3778 3446 λόγος,
3853 3379 4027 3450 ὧσπερ
4102 3377 4178 3437 εἰς

2558 3558 2649 3625 μεν
2711 3556 2980 3629 ἄνθρωπος
3031 3561 3177 3627 χειρὶ
3218 3563 3374 3618 Θεοῦ,
3424 3560 3515 3606 xui
3570 3558 3797 3625 μετέσχε
3854 3556 3991 3614 θείας
4044 3555 4183 3607 εἰκό-

2557 3662 2637 3703 νος
2709 3647 2808 3713 (3).
2869 3650 2958 3696 xui
3026 3648 3193 3714 τούτῳ
3254 3643 3411 3714 πλείῳ
3477 3648 3753 3715 τετίμηται
3811 3646 4017 3694 πάντων
4078 3652 4185 3694 τῶν

2560 3730 2826 3807 ὁρωμένων
2862 3755 2873 3765 ·
2914 3730 3026 3805 εἶχε
3062 3729 3112 3784 δ’
3154 3732 3214 3783 ἆν
3275 3738 3365 3783 xui
3412 3731 3560 3784 πλέον
3630 3730 3973 3803 ἀπειληφέναι
4018 3740 4187 3803 τιμῆς

2558 3827 2647 3873 xui
2691 3818 2873 3885 δόξης,
2900 3823 3086 3895 πρὸςὸ
3123 3826 3213 3873 xui
3257 3821 3449 3893 μᾶλλον
3486 3822 3512 3872 ὁ
3562 3828 3654 3882 τῆς
3703 3820 3815 3872 κατ’
3869 3821 4020 3872 αὐτόν
4070 3818 4182 3879 δη-

2535 3916 2836 3983 μιουργίας
2903 3914 3045 3984 ἔφερε
3120 3910 3288 3980 λόγος,

2559 4000 2731 4051 εἰκόνα
2812 4006 3134 4074 περισώσας,
3216 4002 3343 4071 μετά
3421 4006 3513 4059 τῆς
3585 3997 3791 4060 ἐντολῆς
3865 3998 4176 4070 ἐφυλάχθη.

2558 4093 2698 4141 Ἐπεὶ
2727 4086 2778 4141 δ’
2826 4088 2910 4160 ὑφ’
2960 4085 3152 4148 ἡδονῆς
3201 4086 3420 4154 ἐκλάπη,
3479 4092 3591 4143 xui.
3650 4095 3748 4138 τῶν
3805 4090 4180 4159 προσταχθέν-

2558 4196 2658 4228 των
2699 4177 3051 4252 ὁλιγωρωσας,
3113 4176 3439 4228 ἐνεπίστευσε
3495 4183 3604 4235 τοῖς
3660 4174 3921 4237 ἀπατῶσι,
3987 4181 4181 4228 πίπτει

3372 3914 3463 3961 καὶ
3512 3908 3759 3961 ἀπελαϐεν
3812 3908 3897 3975 ἂν,
3961 3909 4027 3973 εἰ,
4080 3916 4181 3968 την

2558 4268 2647 4336 μὲν
2690 4267 2836 4327 εὐθὺς
2888 4265 3075 4317 ἐκεῖθεν
3129 4267 3228 4322 ὅπη
3284 4270 3374 4317 καὶ
3431 4272 3625 4338 τρυφῆς
3689 4264 3767 4331 (4)
3816 4265 4020 4334 ἐτάχθη
4084 4270 4182 4316 καὶ

2558 4354 2755 4406 πολλῶν
2792 4360 2879 4406 καὶ
2942 4354 3173 4426 μεγάλων
3224 4354 3431 4425 ἀγαθῶν
3466 4358 3745 4426 μετουσίας
3807 4393 3819 4403 .
3882 4352 4182 4407 ἀποπίπτει

791 4676 1088 4749 integrum
1158 4692 1194 4731 θ.
1260 4678 1535 4749 θεσπισμά
1601 4677 1676 4731 ad
1732 4680 1961 4749 περαίνει
2019 4675 2203 4731 fuisse
2261 4675 2450 4749 serius

790 4747 1005 4802 lineola
1042 4758 1381 4803 transversa
1439 4746 1886 4815 inductum,'ab
1940 4748 2072 4817 ipso
2115 4758 2177 4801 ut
2220 4746 2453 4801 videtur

792 4818 1055 4891 librario,
1081 4819 1159 4874 ab
1180 4835 1251 4874 eo
1284 4818 1496 4873 saltem
1528 4820 1770 4874 homine
1800 4820 1911 4891 qui
1934 4818 2363 4891 opusculorum
2392 4818 2450 4871 in

792 4890 997 4945 codice
1014 4896 1432 4945 contentorum
1489 4891 1747 4945 indicem
1775 4890 2043 4945 cenfecit.
2080 4893 2141 4944 ln
2174 4905 2245 4944 eo
2277 4890 2453 4957 igitur

792 4961 988 5033 indice
1032 4961 1316 5031 generali,
1357 4978 1547 5033 quum
1593 4962 1856 5033 primum
1904 4962 2088 5017 hocce
2121 4960 2452 5033 scripsisset
2562 4961 2645 5018 τὸς

791 5028 1061 5105 lemma;
1104 5042 1197 5085 τοῦ
1265 5028 1421 5085 αὑτοῦ
1489 5028 1757 5104 θέσπισμα
1822 5037 1905 5085 ἐπὶ
1971 5041 2031 5091 τῆ
2102 5028 2297 5105 μεγάλη
2363 5035 2452 5083 xui
2562 5032 2870 5105 76-xw’oi‘ov,
2904 5030 3063 5105 ——‘7’.
3099 5034 3197 5085 Γῆν
3229 5032 3283 5080 ἐκ
3320 5028 3480 5105 πόλου
3514 5028 3625 5100 μοι,
3672 5036 3775 5100 γῆς
3948 5048 4035 5080 σοι
4093 5028 4185 5081 τόν

792 5084 1061 5177 τελευταία
1115 5105 1263 5179 ἐορτῇ
1315 5112 1407 5156 τοῦ
1450 5108 1585 5156 κατά
1630 5084 1857 5186 Χριστόν
1897 5084 2447 5176 παντόςλμύστηρίου,
2562 5084 2714 5186 πόλξδν
2738 5084 2880 5152 1Ἰδού
2904 5084 3103 5186 τίθημι,
3137 5108 3299 5171 μῆτερ
3322 5084 3562 5181 παρθένε.

792 5191 864 5231 eo
891 5171 1104 5242 deleto,
1146 5171 1374 5231 novum
1408 5171 1729 5240 substituit,
1767 5177 1926 5231 hisce
1964 5171 2187 5231 scilicet
2243 5171 2450 5229 co‘nce-
2634 5172 2711 5241 (1)
2737 5171 3359 5230 Poteruntadmoveri.
3388 5172 3435 5227 si
3461 5172 3604 5227 tanti
3630 5177 3735 5240 est,
3765 5171 4020 5226 Joannis
4053 5174 4159 5227 Dia

792 5252 962 5319 ptum
1028 5247 1225 5302 verbis
1260 5266 1271 5302 :
1303 5256 1394 5299 τοῦ
1444 5248 1605 5299 αὐτοῦ
1664 5248 1810 5318 λόγος
1879 5252 2017 5309 ὅπως
2073 5244 2154 5299 δεῖ
2190 5246 2451 5319 ἑορτάζειν

2431 5266 2451 5295 ν
2563 5242 2695 5319 coni
2724 5242 2948 5319 similes
2969 5242 3318 5319 hyperbole
3337 5260 3408 5298 ex
3421 5243 3981 5319 initiolaudationis
4000 5245 4182 5299 Joan-

791 5314 885 5377 τὴν
945 5319 1121 5391 ἑορτὴν
1185 5327 1281 5381 τῆς
1356 5325 1641 5390 κοιμήσεως
1711 5314 1803 5380 τῆς
1880 5319 2141 5391 ύπραγίας
2213 5314 2450 5391 θεοτόκου

1916 5324 2141 5391 πραγίας
2213 5314 2450 5391 θεοτόκου
2562 5314 3005 5391 ῐιὶξᾲΡῐξΙᾶΞΟΙΟεὶ
3034 5314 3209 5381 (Vide
3236 5321 3376 5391 tn_m.
3410 5315 3667 5391 CLVI”).

793 5393 894 5443 ἀπὸ
1056 5397 1264 5463 πρώτης
1296 5400 1386 5442 τοῦ
1418 5383 1715 5461 αύγούστου
1747 5395 1904 5463 μηνὸς
1938 5383 2120 5463 μέχρι,
2158 5397 2252 5449 τῆς
2283 5388 2449 5463 ἐσχά-
2741 5388 2947 5440 Cenes.
3008 5402 3082 5447 XI,
3146 5392 3159 5440 l
3230 5404 3241 5440 :
3282 5383 3342 5444 ἦν
3390 5393 3538 5438 πᾶσα
3584 5383 3638 5445 η’
3672 5393 3738 5457 γῆ
3795 5386 3978 5457 χεῖλος
4007 5386 4061 5438 ἓν
4093 5393 4186 5438 και

788 5483 901 5525 της.
946 5466 1109 5518 Nova
1165 5463 1265 5518 illa
1324 5462 1643 5518 Andronici
1672 5464 1783 5531 lex,
1822 5479 1897 5517 an
1940 5462 2323 5532 diu'viguerit
2349 5477 2450 5516 ne-

1248 5479 1265 5518 ι
1324 5462 1643 5518 Andronici
1672 5464 1783 5531 lex,
1822 5479 1897 5517 an
1940 5462 2323 5532 diu'viguerit
2349 5477 2450 5516 ne-
2564 5462 2701 5529 φωνή
2727 5462 2824 5529 μία
2848 5463 2999 5513 πᾶσι.

791 5536 917 5590 scio
948 5551 961 5599 ;
995 5549 1104 5589 nec
1146 5537 1394 5590 Strozzue
1428 5534 1638 5589 licrum
1682 5534 1755 5589 de
1782 5534 2201 5604 Assumptione
2228 5548 2449 5604 consu-
2635 5532 2712 5599 (3)
2738 5534 2945 5604 (leues.
2996 5544 3067 5604 ιι,
3108 5534 3138 5582 '7

788 5606 907 5662 lere
939 5608 1125 5678 potui,
1152 5608 1211 5662 in
1242 5622 1364 5678 quo
1388 5607 1588 5661 forsan
1616 5606 1663 5660 is
1692 5600 2118 5677 antiquitatum
2152 5603 2451 5678 liturgica-
2564 5600 3015 5678 noxi/idest},
3044 5603 3133 5654 27.

788 5694 925 5735 rum
940 5670 1145 5735 locum
1180 5670 1463 5735 tractatus
1498 5678 1625 5733 fuit.
1650 5710 1717 5717 —
1747 5670 2065 5749 Apponam
2093 5692 2216 5733 non
2248 5670 2453 5749 in'tem-
2578 5740 2596 5749 _
2635 5675 2707 5740 (4)
2729 5675 2789 5729 In
2822 5670 3018 5727 Bibliis
3037 5686 3158 5728 non
3185 5672 3371 5729 semel
3390 5672 3710 5745 paradisus
3725 5673 3945 5730 dicitur
3964 5675 3989 5725 ὁ
4008 5678 4187 5747 παρά-

791 5750 1019 5825 pestive
1068 5765 1101 5807 ο
1139 5750 1346 5808 codice
1372 5750 1537 5822 regio
1566 5754 1727 5819 1630,
1769 5740 1912 5822 pag.
1945 5750 2033 5819 et,
2066 5752 2157 5819 63,
2191 5751 2308 5815 133,
2340 5747 2455 5803 tria

1344 5750 1537 5822 regio
1566 5754 1727 5819 1630,
1769 5740 1912 5822 pag.
1945 5750 2033 5819 et,
2066 5752 2157 5819 63,
2191 5751 2308 5815 133,
2340 5747 2455 5803 tria
2565 5740 2741 5806 δεισος
2768 5752 2858 5805 τῆς
2876 5751 3095 5818 τρυφῆς.

3204 5547 3217 5595 ;
3276 5529 3492 5582 ἔπλασεν
3555 5531 3582 5581 ό
3652 5532 3783 5591 Θεὸς
3850 5533 3940 5582 τόν
3978 5532 4187 5603 ἅνθρω-
