4434 6452
303 407 436 461 1501

1368 420 1457 476 DE
1497 419 1712 476 FESTO
1756 414 2203 473 DORMITIONIS
2265 419 2320 473 S.
2370 422 2627 479 MARI/E.

3533 431 3668 483 £502

300 534 388 580 καὶ
424 536 626 602 στρέφει
709 534 860 585 πάλιν
929 536 994 596 εἰς
1050 548 1147 608 γῆν
1199 544 1489 615 συντριϐεὶς
1539 554 1599 616 τῇ
1646 544 1897 615 ἁμαρτία,
1934 550 1978 593 Α
2011 556 2051 611 p

1934 550 1978 593 A
2011 550 2256 611 propter
2280 544 2444 613 quod
2478 545 2702 599 meliori
2734 546 2889 601 bono
2911 546 3085 616 potiri
3111 546 3169 600 in
3202 549 3542 617 proximum
3566 551 3668 607 ha-

300 617 424 685 μήθ’
476 619 596 691 ὅπερ
654 616 712 677 ἦν
785 622 1031 691 φυλάξας,
1094 633 1225 696 μήτε
1275 637 1540 703 γενόμενος
1586 636 1712 703 πρὸς
1764 634 1788 682 ὁ
1831 628 1897 688 δὴ

299 712 528 774 κρεῖττον
611 714 698 760 καὶ
790 711 1103 789 ὑψηλότερον

299 791 456 848 λεῖτο.

1194 737 1267 769 πα
1277 716 1669 792 ιδαγωγουμενο
1681 742 1699 781 ς
1784 720 1900 772 ἐκα-

370 976 470 1023 Καὶ
522 974 548 1023 6
627 978 716 1044 μὲν
784 978 947 1039 οὕτως
1019 981 1226 1050 ὤλισθε,
1311 994 1444 1039 Θεοῦ
1487 994 1575 1039 καὶ
1623 996 1719 1049 τῆς
1760 991 1899 1050 θείας

296 1057 567 1112 ἀποπεσὼν
606 1068 793 1138 μοίρας
822 1088 832 1098 ·
870 1069 893 1117 ὁ
949 1065 1001 1119 δ’
1046 1068 1197 1134 αὖθις
1245 1073 1483 1145 βούλεται
1536 1082 1662 1148 πρὸς
1717 1078 1897 1129 ἑαυτὸν

293 1148 524 1205 ἑλκύσαι.
578 1153 818 1207 Βούλεται
874 1165 1047 1226 τοῦτο,
1092 1168 1177 1213 καὶ
1238 1174 1420 1218 σκοπεῖ
1469 1175 1560 1227 τῆς
1613 1166 1895 1239 φιλάνθρω-

291 1241 417 1299 πίας
471 1243 530 1290 τὸ
587 1245 820 1313 μέγεθος.
878 1245 1088 1299 Ἐαυτὸν
1147 1251 1257 1303 ὅλον
1318 1254 1386 1315 εἱς
1446 1257 1585 1326 ἡμᾶς
1629 1256 1721 1306 οὐκ
1767 1256 1894 1306 απα-

293 1326 395 1388 ξιοὶ
430 1337 653 1381 κενῶσαι
701 1331 801 1400 (1),
848 1340 938 1386 καί
989 1356 1046 1407 γε
1094 1338 1369 1410 βαστάσαι
1423 1349 1761 1405 πεπτωκότας
1806 1352 1892 1396 καὶ

292 1416 602 1487 προσλαϐεῖν
671 1425 949 1492 κειμένους,
1026 1426 1118 1478 ούκ
1200 1430 1270 1491 εἰς
1346 1434 1465 1505 ὅπερ
1522 1430 1646 1503 ἦμεν
1720 1438 1892 1504 μόνον,

293 1502 420 1554 ἀλλά
491 1511 579 1558 καὶ
644 1513 775 1580 πρὸς
841 1511 868 1562 6
913 1519 1189 1587 παρήγαγε
1236 1519 1435 1581 πλάσας
1489 1522 1641 1583 αὖθις
1691 1522 1893 1574 ἀνασῶ-

294 1592 413 1657 ζων,
494 1600 681 1665 μηκέτι
751 1604 883 1669 μήτε
970 1607 1113 1675 παρὰ
1182 1615 1272 1658 τοῦ
1338 1612 1643 1679 φθονοῦντος
1688 1610 1892 1663 ἐπιϐου-

288 1679 606 1752 λευομένους,
680 1692 812 1756 μήτε
886 1695 1190 1756 πίπτοντας,
1246 1698 1371 1765 μήτ’
1430 1695 1580 1759 αὖθις
1638 1698 1890 1770 ἀχρειου-

283 1789 437 1839 μενον
446 1792 485 1830 ς.

354 1866 533 1912 Ταῦτα
619 1867 718 1914 Θεὸ
729 1884 749 1923 ς
819 1864 1082 1936 βούλεται,

282 1947 460 2020 βλέπει
534 1955 626 2008 τὴν
703 1952 781 2003 ἐπ’
842 1954 1083 2025 ἐσχάτων
1128 1969 1226 2011 τῶν
1289 1969 1490 2034 χρόνων
1545 1965 1728 2017 ἑαυτοῦ
1777 1974 1888 2024 Μη-

277 2040 417 2109 τὲρα,
478 2044 597 2113 πρὶν
652 2042 680 2099 ἦ
736 2048 824 2094 καὶ
884 2049 971 2096 τὸν
1026 2047 1139 2098 ὅλον
1188 2062 1505 2123 παραγαγεῖν
1540 2060 1735 2125 κοσμον
1787 2055 1886 2107 ἀπὸ

273 2134 456 2177 πασῶν
488 2128 652 2198 ἑαυτῷ
690 2140 871 2199 γενεῶν
922 2133 1143 2198 ἐκλέξας.
1202 2144 1296 2191 Καὶ
1356 2146 1554 2211 γίνεται
1603 2140 1670 2199 δή
1730 2152 1886 2196 τοῦτο

275 2220 408 2265 Θεοῦ
489 2224 779 2291 μυστήριον
858 2226 958 2281 πρὸ
1012 2226 1185 2286 πάσης
1238 2234 1470 2297 κτίσεως,
1523 2232 1700 2297 εἰπεῖν,
1761 2232 1884 2284 ἀπο-

272 2310 619 2376 κεκρυμμένον
682 2329 693 2340 ·
744 2306 874 2379 εἶτα,
954 2317 1089 2365 κατα
1160 2321 1335 2386 γενεὰς
1414 2324 1729 2390 τυπούμενον
1795 2327 1884 2373 καὶ

275 2394 430 2452 σκιὰς
486 2393 764 2465 λαμϐάνον,
843 2404 999 2463 σώζει
1051 2402 1337 2469 κάνταῦθα,
1389 2410 1505 2460 ὁποι
1564 2407 1804 2466 δηλονότι
1857 2413 1882 2462 6

270 2482 434 2540 τύπος
492 2483 571 2553 ('2)
651 2486 815 2537 αύτού
884 2490 912 2546 ἢ
984 2495 1109 2543 σκιὰ
1160 2491 1515 2567 παρεδείχθη.
1568 2503 1664 2550 Καὶ
1723 2496 1880 2558 δῆλον

270 2577 425 2621 τοῦτο
445 2583 691 2644 πανταχῆ
739 2584 1092 2652 σκοπουμένῳ.

342 2748 621 2801 Δουλοῡται
791 2755 880 2824 μεν
940 2758 1041 2829 γαρ
1094 2758 1167 2820 εἰς
1212 2763 1472 2830 Αἴγυπτον
1529 2765 1742 2836 Ἰσραὴλ
1790 2772 1879 2818 καὶ

270 2836 369 2886 ὑπὸ
420 2843 605 2909 Φαραὼ
680 2851 1004 2914 τυραννεῖται
1080 2857 1287 2921 πικροῖς
1366 2850 1661 2924 ἐκπιεσμοῖς
1713 2875 1877 2927 προσ-

265 2924 626 2998 ταλαιπωρῶν,
705 2936 794 2983 καὶ
873 2940 1320 3008 καταπονούμενος
1396 2940 1495 2992 ὗπὸ
1578 2941 1876 3014 βαρύτητος

266 3014 445 3084 ἔργων,
503 3021 592 3067 καί
639 3037 698 3088 γε
745 3024 872 3094 πρὸς
936 3023 1069 3075 αύτά
1125 3022 1189 3083 δὴ
1240 3036 1401 3080 ταῦτα
1455 3038 1874 3104 κατασυρομενος

262 3102 363 3152 ὅσα
402 3108 491 3155 καὶ
535 3103 712 3172 βίϐλοι
764 3114 976 3181 φέρουσι
1034 3117 1119 3163 καὶ
1192 3117 1421 3190 ἱστορίαι
1468 3120 1700 3171 παλαιῶν
1758 3129 1873 3194 περὶ

263 3188 457 3241 ἐκείνου
526 3190 868 3267 διηγημάτων
913 3221 925 3231 ·
1002 3200 1250 3275 ἐγείρεται
1314 3202 1372 3257 δὲ
1430 3215 1647 3272 Μωσῆς,
1708 3211 1871 3272 ζηλῶν
1908 3239 1947 3292 C

263 3279 390 3350 ὑπὲρ
472 3290 573 3332 τῶν
650 3291 987 3357 πασχόντων,

262 3378 573 3441 προσχωρεί
632 3369 691 3425 δὲ
767 3382 900 3445 Θεῷ.
988 3378 1204 3432 κακεῖνο
1272 3382 1450 3454 βλέπει
1494 3390 1551 3437 τὸ
1601 3390 1733 3457 μὲγα
1780 3393 1870 3440 καὶ

265 3458 567 3528 θαυμαστὸν
626 3463 796 3533 ὅραμα
842 3465 920 3535 (4)
998 3476 1099 3539 πῦρ
1142 3469 1190 3520 ἐν
1244 3480 1305 3543 τῇ
1358 3472 1525 3544 βάτῳ,
1573 3484 1675 3549 πυρ
1726 3486 1872 3529 καῖον

262 3549 353 3596 καὶ
392 3543 653 3618 μηδαμῶς
693 3561 976 3605 κατακαῖον
1018 3557 1118 3626 (5),
1179 3560 1255 3610 ὃτι
1312 3558 1441 3632 μηδ’
1492 3564 1706 3636 ὕστερον
1763 3568 1787 3617 6
1819 3566 1872 3618 ἐκ

260 3637 455 3696 ταύτης
534 3637 757 3702 καλέσας
836 3643 987 3695 αὐτὸν
1036 3648 1130 3714 (6),

262 3724 379 3775 οὔτε
456 3727 774 3798 κατέφλεξεν,
843 3733 949 3783 οὔτ’

1073 3296 1163 3342 καὶ
1210 3297 1383 3364 φεύγει
1441 3300 1529 3367 μεν
1586 3301 1868 3368 Αἴγυπτον,

1226 3649 1402 3701 εἰσιὼν
1454 3657 1545 3709 τὴν
1598 3658 1869 3727 παρθένον,

1033 3732 1182 3787 οὐδὲν
1268 3736 1515 3810 οὐδαμῶς
1559 3742 1846 3814 ἐλυμήνατο
1859 3787 1870 3799 .

258 3818 437 3865 Ταῦτα
475 3822 669 3877 Μωσῆς
698 3824 830 3881 τότε,
860 3827 950 3873 καὶ
979 3833 1159 3876 πατεῖν
1197 3836 1294 3896 γῆν
1323 3828 1475 3899 ἁγίαν
1518 3830 1671 3899 ἁγίαν
1721 3834 1871 3896 εύθύς

257 3900 454 3971 ἀκούει,
508 3910 596 3957 καὶ
652 3910 716 3958 τὰ
770 3907 1088 3983 ὑποδήματα
1140 3923 1239 3966 τῶν
1294 3914 1473 3969 ποδῶν
1520 3919 1679 3971 λῦσαι
1746 3924 1821 3993 (7)
1852 3945 1863 3956 ·

256 3996 345 4042 καὶ
396 3991 502 4044 λύει
572 4001 660 4047 καὶ
716 3996 1044 4057 ἀποτίθεται.
1110 4008 1258 4067 Τίνος
1310 4009 1471 4079 χάριν
1505 4025 1517 4074 ;
1550 4008 1670 4060 Ὀτι
1729 4009 1868 4082 μηδὲ

254 4081 396 4150 θέμις
446 4084 578 4144 ἴσως
648 4091 823 4160 νεκρὸν
902 4087 1054 4142 οὐδὲν
1129 4091 1231 4144 ἐκεῖ
1306 4095 1511 4165 ψαύειν,
1564 4099 1681 4149 ὅποι
1734 4109 1865 4153 Θεοῦ

249 4174 537 4240 παρουσία,
581 4178 671 4225 καὶ
728 4179 885 4237 τύπος
939 4176 1094 4250 Ἐδεμ
1129 4190 1224 4242 τῆς
1269 4182 1554 4256 ἀφθάρτου,
1616 4192 1744 4259 πρὸς
1804 4191 1864 4248 ἢν

248 4258 275 4307 6
361 4263 480 4311 τότε
553 4267 723 4331 φανεὶς
806 4267 945 4336 ἡμᾶς
1003 4264 1148 4330 αὖθις
1217 4272 1501 4325 εὶσοικίσαι
1552 4282 1860 4349 προμηνύει,

246 4351 338 4397 καὶ
383 4351 451 4399 τὰ
482 4350 721 4421 σύμϐολα
780 4351 1006 4408 δίδωσιν
1060 4379 1073 4391 ο
1131 4361 1158 4417 ἡ
1214 4364 1362 4432 τάχα
1405 4370 1491 4413 καὶ
1550 4364 1861 4439 ἀπερρίγθαι

245 4439 576 4507 προστάσσει
647 4448 749 4503 πᾶς
831 4446 951 4496 ὅσον
1030 4446 1085 4509 ἐξ
1139 4450 1393 4523 οἶμαρτίας
1453 4451 1707 4525 βοήθημα
1766 4466 1860 4517 τῆς

245 4522 499 4590 ἀσθενοῦς
583 4536 776 4602 σαρκὸς
864 4535 1082 4608 ἢρμοσε,
1171 4544 1260 4591 καὶ
1326 4546 1445 4603 τοὺς
1498 4548 1722 4615 γυμνούς
1770 4556 1860 4598 τοῦ

654 4590 661 4602 .
762 4590 774 4595 ν
882 4590 940 4608 -ιι
1070 4590 1082 4602 ι
1230 4590 1255 4591 η
1338 4590 1445 4603 νυν
1505 4590 1721 4615 ι-Γ-ννι
1776 4590 1857 4598 "'

243 4613 431 4668 λοιποῦ
468 4618 671 4694 θαρρεῖν
719 4626 856 4695 ἡμᾶς
909 4624 1079 4689 πόδας
1138 4628 1222 4681 ἐπὶ
1270 4640 1368 4682 τῶν
1418 4636 1573 4703 ὄφεων
1629 4633 1861 4708 βησομέ-
1895 4590 1936 4642 D

248 4724 363 4765 νους
390 4712 479 4759 καὶ
528 4717 623 4772 τῆς
661 4712 886 4782 κεφαλῆς
915 4723 1007 4767 τοῦ
1057 4714 1341 4791 δράκοντος
1402 4721 1499 4791 (8),
1560 4724 1611 4784 ὸς
1673 4725 1859 4788 αύτούς

244 4792 527 4857 ἀπατήσας
610 4797 889 4858 ύπέδησεν.
954 4801 1077 4857 Εἶδε
1146 4816 1313 4860 ταῦτα
1369 4817 1564 4871 Μωσῆς
1623 4818 1708 4865 καὶ
1764 4821 1856 4873 τὴν

245 4882 532 4955 ελευθερίαν
597 4887 821 4942 ἐντεῦθεν
913 4893 1126 4967 Ἰσραὴλ
1202 4908 1505 4968 πιστουται,
1552 4906 1641 4953 καὶ
1698 4902 1855 4979 ἀπέρ-

240 4991 400 5044 χεται
465 4976 663 5051 θυρρῶν
737 4988 800 5053 τῇ
866 4978 1084 5055 δυνάμει
1133 4994 1228 5047 τῆς
1285 4987 1465 5058 ὅψεως,
1540 4976 1854 5063 καταμαθὼν

239 5060 432 5115 ἐκεῖθεν
498 5071 586 5118 καὶ
665 5074 760 5126 τὴν
814 5076 989 5129 κοινὴν
1052 5076 1253 5127 πάντων
1313 5075 1599 5150 ἐλευθερὶαν
1659 5080 1855 5155 ἀνθρώ-

234 5169 368 5217 πων,
415 5156 482 5216 ὡς
549 5154 650 5209 ἀπὸ
709 5165 895 5233 Φαραώ
954 5162 1258 5236 τυραννίδος
1310 5172 1423 5219 τοτε
1475 5174 1563 5220 τὸν
1615 5170 1849 5245 Ἰσραὴλ,

306 5293 580 5381 (t)‘Paul.
614 5300 790 5370 Epist.
836 5302 908 5357 ad
936 5302 1213 5381 Philipp.
1265 5324 1321 5381 ιι,
1366 5315 1418 5381 7,
1453 5310 1527 5365 de
1574 5312 1845 5381 Christo;

234 5364 459 5455 ἘαμτὸνΔ
500 5364 731 5449 ἐκιένωσε,
780 5380 983 5455 μορφὴν
1035 5364 1223 5430 δούλου
1288 5364 1476 5435 λαϐῶν.
1527 5382 1611 5437 Cf.
1660 5400 1717 5455 p.

307 5438 388 5509 (2)
430 5441 474 5492 A
516 5441 643 5495 sine
674 5438 947 5500 articulo.

307 5508 384 5583 (3t
416 5512 476 5569 Β,
504 5508 777 5571 δηλοῦται.
814 5518 901 5572 Ad
933 5534 1057 5573 rem
1090 5521 1223 5577 vide
1260 5524 1527 5579 Exodum
1557 5541 1607 5580 c.
1644 5543 1678 5583 ι.

308 5580 385 5645 (4)
440 5584 620 5669 Exod.
677 5603 755 5652 xu,
800 5593 840 5671 .3
877 5606 909 5671 ε.
942 5587 1062 5643 Εἷπε
1110 5589 1168 5645 δὲ
1228 5602 1457 5657 Μωυσῆς
1502 5618 1513 5629 ο
1576 5580 1847 5671 Παρελθὼν

233 5651 433 5732 ὄψομαι
473 5660 529 5707 τὸ
562 5658 732 5732 ᾇραμα
759 5664 815 5711 τὸ
847 5666 979 5732 μέγα
1024 5672 1196 5720 τοῦτο.

417 5724 604 5794 Exod,
636 5724 711 5800 ιίῐ,
741 5735 774 5786 2
809 5724 956 5805 ε’ὄρα
986 5736 1066 5786 ὅτι
1101 5737 1126 5787 6
1186 5736 1349 5809 βάτος
1406 5745 1604 5792 καίεται
1668 5750 1794 5818 πυρί
1831 5766 1839 5775 ·

1165 1878 1253 1924 καὶ
1330 1879 1460 1948 πρὸς
1526 1877 1688 1934 αὐτὴν
1742 1878 1889 1938 εὐθὺς
1926 1886 1963 1938 Β

2011 628 2193 683 bebat
2226 648 2237 684 :
2270 639 2326 684 et
2362 649 2596 687 rursum
2622 634 2912 688 interram
2939 649 3268 688 conversus
3305 641 3393 691 est
3430 639 3664 693 attritus

2011 725 2256 786 peccato
2283 737 2295 783 ;
2322 734 2514 790 neque
2585 721 2747 793 quod
2786 728 2912 776 erat
2946 722 3291 777 custodiens
3347 740 3545 796 neque
3586 728 3665 782 ad

2009 803 2123 859 hoc
2149 806 2361 861 melius
2396 813 2623 864 erectus
2642 809 2718 864 ad
2736 809 2902 881 quod
2939 810 3341 866 instruebatur
3395 820 3451 868 et
3479 830 3665 871 voca-

2008 894 2204 949 batur.

2081 983 2174 1038 llle
2204 1001 2345 1039 vero
2381 987 2463 1040 sic
2491 986 2765 1042 titubavit
2800 993 2864 1043 ut
2898 1004 2933 1042 a
2974 991 3089 1043 Deo
3126 994 3180 1044 et
3216 1005 3252 1044 a
3289 990 3493 1046 divina
3545 993 3664 1049 feli-

2007 1072 2177 1125 citate
2214 1074 2503 1129 excideret
2541 1092 2554 1141 ;
2589 1076 2697 1130 sed
2727 1077 2937 1130 iterum
2976 1076 3051 1131 ad
3103 1080 3287 1134 Deum
3348 1095 3663 1148 assurgere

2008 1160 2220 1215 studet.
2264 1163 2468 1217 Studet
2506 1169 2703 1218 autem
2766 1180 2902 1219 cum
2955 1166 3235 1221 bonitatis
3288 1168 3662 1226 altitudinem

2005 1248 2438 1319 recogitatejus
2466 1253 2568 1323 qui
2596 1254 2857 1323 seipsum
2891 1255 3139 1308 omnino
3172 1270 3278 1325 pro
3336 1257 3509 1311 nobis
3542 1260 3660 1313 exi-

2004 1352 2275 1401 namens,
2307 1349 2366 1393 ut
2404 1341 2718 1396 sustineret
2762 1341 2967 1414 lapsos
3018 1350 3073 1397 et
3114 1352 3441 1399 assumeret
3468 1348 3660 1416 erige-

2002 1430 2208 1496 retque
2234 1426 2311 1481 ad
2340 1443 2401 1482 se
2425 1428 2763 1500 prolapsos,
2791 1445 2913 1485 non
2962 1430 3159 1486 solum
3195 1433 3452 1487 reddens
3494 1436 3660 1506 quod

2002 1520 2179 1568 antea
2204 1530 2463 1581 eramus,
2506 1517 2610 1571 sed
2647 1518 2725 1573 ad
2754 1518 2921 1589 quod
2968 1534 3081 1574 nos
3134 1522 3414 1591 perduxit
3444 1523 3656 1579 iterum

2001 1600 2294 1657 salvando
2322 1602 2679 1671 reformans,
2712 1611 2777 1661 ut
2800 1622 2994 1678 neque
3024 1608 3103 1662 ab
3122 1608 3301 1663 invidi
3327 1610 3511 1664 hostis
3533 1626 3657 1666 ma-

2000 1689 2442 1746 chinationibus
2492 1710 2862 1765 caperemus,
2896 1710 3090 1766 neque
3122 1698 3335 1752 iterum
3385 1714 3657 1769 peccare-

2001 1794 2156 1847 mus,
2188 1796 2381 1851 neque
2412 1782 2612 1836 denuo
2651 1784 2881 1855 alisque
2914 1784 3195 1840 fructibus
3230 1803 3524 1842 essemus.

2071 1870 2202 1922 Haec
2223 1870 2435 1925 eadem
2466 1872 2627 1941 cupit
2664 1875 2833 1931 Deus.
2868 1878 2924 1927 et
2954 1888 3059 1943 per
3089 1874 3335 1946 antiqua
3383 1882 3655 1948 tempora

1996 1956 2055 2009 in
2105 1974 2278 2012 suam
2355 1962 2593 2014 Matrem
2650 1961 2873 2015 directo
2930 1963 3192 2033 respicit,
3244 1964 3469 2033 eligens
3515 1981 3651 2022 eam

1995 2049 2318 2116 antequam
2339 2048 2637 2103 ordinaret
2652 2050 2861 2104 orbem
2881 2051 3225 2107 universum
3240 2067 3311 2107 ex
3326 2055 3652 2111 omnnibus

1995 2148 2032 2188 a
2061 2150 2122 2187 se
2153 2138 2363 2190 creatis
2413 2138 2920 2206 generationibus.
2978 2140 3190 2212 Sicque
3231 2142 3511 2213 apparuit
3535 2144 3651 2199 hoc

1998 2226 2341 2293 mysterium
2382 2226 2475 2279 Dei
2508 2233 2643 2281 ante
2663 2244 2906 2283 omnem
2925 2230 3287 2284 creationem
3318 2230 3645 2299 decretum,

1994 2310 2117 2375 sed,
2148 2314 2303 2368 utita
2324 2315 2542 2383 dicam,
2570 2316 2994 2372 absconditum
3020 2336 3031 2371 :
3053 2317 3269 2372 deinde
3292 2320 3647 2376 secumdum

1992 2403 2404 2468 generationes
2436 2403 2761 2472 ﬁguratum
2818 2412 2872 2459 et
2932 2407 3045 2460 sub
3100 2407 3329 2461 umbris
3382 2409 3641 2479 positum

1990 2489 2069 2542 ibi
2104 2491 2357 2546 salutem
2388 2498 2685 2563 operatur,
2716 2495 2818 2550 ubi
2873 2499 3050 2567 typus
3099 2496 3227 2565 ejus
3282 2496 3372 2551 vel
3427 2498 3644 2555 umbra

1988 2580 2271 2649 quaedam
2299 2580 2744 2638 demonstratur
2782 2589 2838 2639 et
2868 2584 3175 2656 accipitur.
3234 2589 3300 2642 Et
3346 2586 3462 2643 hoc
3514 2587 3641 2643 evi-

1986 2666 2194 2722 denter
2222 2670 2382 2724 novit
2413 2671 2514 2741 qui
2535 2686 2660 2725 rem
2700 2678 2918 2727 attente
2949 2674 3310 2730 considerat.

2057 2759 2268 2811 Servus
2300 2758 2686 2815 factuslsrael
2716 2761 2775 2816 in
2832 2763 3094 2834 Egypto
3154 2764 3270 2819 sub
3311 2766 3636 2820 Pharaonis

1986 2847 2301 2916 tyrannide
2349 2850 2732 2919 premebatur
2766 2852 3035 2915 ;acerbis
3087 2853 3377 2924 pressuris
3427 2854 3639 2910 misere

1982 2934 2297 2991 lacessitus
2324 2936 2635 3011 fessusque
2664 2940 2927 3010 pondere
2970 2946 3025 2996 et
3065 2942 3441 2999 multitudine
3476 2943 3638 2999 labo-

1984 3040 2139 3090 rum,
2173 3026 2247 3081 ad
2292 3027 2420 3081 haec
2459 3036 2724 3083 extrema
2778 3029 3170 3099 dejiciebatur
3212 3048 3347 3104 quae
3405 3033 3479 3088 de
3538 3033 3638 3088 illo

1984 3122 2231 3169 narrant
2254 3115 2443 3170 Biblia
2463 3124 2798 3172 etveterum
2828 3119 3091 3174 historias
3122 3139 3133 3174 ε
3162 3121 3414 3177 surrexit
3434 3127 3637 3177 autem

1982 3204 2167 3257 Moses
2195 3204 2395 3259 zelans
2425 3221 2604 3276 super
2650 3208 2960 3277 patientes,
3022 3209 3376 3281 fugiensque
3422 3214 3637 3283 Egyp-

1983 3297 2107 3345 tum
2140 3308 2265 3347 sese
2332 3296 2448 3348 Deo
2495 3296 2950 3366 approximavit.
3008 3297 3293 3369 Videtque
3342 3300 3636 3354 visionem

1982 3380 2435 3451 hanemagnam
2452 3386 2902 3455 etstupendam,
2930 3386 3131 3455 ignem
3168 3388 3225 3441 in
3246 3388 3419 3456 rubo,
3434 3390 3635 3458 ignem

1984 3477 2271 3541 urentem,
2299 3473 2542 3528 minime
2568 3490 2704 3528 vero
2725 3480 3201 3543 consumentem,
3243 3477 3388 3549 quia
3412 3476 3505 3532 illc
3527 3492 3634 3549 qu:

1981 3561 2242 3631 Moysem
2271 3578 2342 3617 ex
2364 3563 2516 3617 rubo
2538 3565 2787 3629 vocavit,
2813 3571 3023 3636 postea
3039 3566 3414 3622 descendens
3429 3568 3505 3623 ad
3519 3568 3635 3623 vir-

1980 3649 2355 3720 ginem,ejus
2394 3653 2795 3722 virginitatem
2847 3670 2954 3709 nec
3010 3654 3255 3711 abstulit
3311 3672 3505 3729 neque
3546 3656 3636 3712 vel

1982 3740 2301 3795 minimum
2323 3742 2683 3797 obscuravit.
2717 3746 2997 3817 Tuncque
3020 3744 3249 3800 audivit
3303 3748 3534 3817 Moyses
3568 3762 3633 3800 se

1979 3830 2207 3885 calcare
2241 3835 2457 3886 terram
2487 3838 2778 3894 sanctam.
2809 3838 2866 3888 et
2888 3834 3093 3904 jussus
3147 3834 3374 3890 solvere
3401 3835 3633 3891 calcea-

1980 3925 2180 3973 menta
2206 3920 2429 3990 pedum
2463 3937 2731 3991 suorum,
2761 3921 2931 3977 solvit
2968 3928 3025 3978 et
3076 3925 3346 3979 accessit.
3404 3926 3633 3989 Quare-

1975 4022 2115 4062 nam
2147 4008 2174 4061 ?
2196 4008 2345 4075 Quia
2376 4025 2494 4063 non
2543 4009 2673 4065 licet
2709 4011 3046 4083 quidquam
3079 4019 3380 4067 mortuum
3431 4012 3632 4069 locum

1977 4101 2218 4165 tangere
2250 4098 2347 4152 ubi
2380 4101 2530 4153 Deus
2565 4116 2830 4170 praesens
2864 4107 2969 4155 est.
3003 4104 3200 4172 Typus
3239 4118 3482 4173 quoque
3514 4102 3630 4157 im-

1975 4186 2290 4241 maculatre
2324 4189 2621 4260 (Virginis)
2668 4196 2727 4243 ut
2758 4190 2961 4248 Edem.
3016 4191 3093 4245 ad
3152 4207 3332 4262 quem
3387 4207 3496 4246 nos
3542 4208 3631 4247 re-

1973 4289 2284 4343 gressuros
2310 4277 2829 4333 etinhabitaturos
2877 4279 3169 4350 symbolis
3223 4280 3426 4335 multis
3481 4298 3630 4352 pra:-

1972 4364 2265 4419 nuntiavit
2296 4365 2386 4419 ille
2418 4366 2519 4437 qui
2575 4367 2632 4420 in
2692 4367 2925 4433 Virgine
2966 4369 3249 4438 apparuit
3282 4386 3294 4423 :
3327 4374 3382 4423 et
3429 4369 3627 4425 statim

1965 4453 2136 4523 jubet
2165 4470 2274 4508 nos
2301 4455 2540 4524 rejicere
2570 4455 2867 4527 quidquid
2906 4456 2965 4510 in
3016 4457 3346 4512 remedium
3380 4462 3436 4513 et
3466 4460 3627 4514 auxi-

1968 4541 2111 4596 lium
2146 4553 2352 4597 contra
2386 4550 2696 4614 peccatum
2727 4544 2982 4601 inﬁrmae
3035 4548 3197 4601 carni
3228 4548 3547 4619 coaptavit,
3572 4553 3629 4604 et

1970 4633 2053 4685 sic
2084 4631 2301 4687 liberos
2316 4632 2393 4687 ab
2418 4634 2702 4687 omnibus
2721 4634 3093 4691 conﬁdenter
3112 4636 3370 4707 pedibus
3396 4636 3627 4693 calcare

1966 4727 2292 4793 serpentes,
2323 4727 2377 4777 et
2399 4728 2579 4794 caput
2624 4723 2903 4778 draconis
2942 4726 3044 4796 qui
3098 4742 3210 4780 nos
3270 4726 3626 4798 decipiendo

1966 4811 2333 4866 indumentis
2379 4827 2581 4867 carere
2639 4811 2876 4868 fecerat.
2942 4816 3068 4870 llaec
3130 4816 3271 4870 vidit
3312 4819 3540 4887 Moyses
3568 4822 3626 4873 et

1965 4902 2284 4955 crcdiditin
2314 4901 2644 4957 libertatem
2674 4903 2852 4958 Israel
2883 4909 2938 4959 et
2970 4906 3394 4961 abiitconﬁsus
3416 4906 3475 4961 in
3510 4908 3623 4961 vir-

1964 4996 2086 5045 tute
2118 4990 2386 5059 visionis,
2422 4992 2498 5045 ita
2527 4990 2749 5046 docens
2772 5008 3157 5049 communem
3208 4995 3481 5050 omnium
3514 4996 3621 5051 ho-

1964 5080 2195 5134 minum
2218 5080 2570 5149 libertatem,
2596 5083 2779 5136 Deum
2801 5083 3025 5153 quippe
3050 5084 3420 5139 nasciturum
3446 5101 3624 5157 prop-

1962 5174 2048 5223 ter
2079 5184 2188 5224 nos
2224 5185 2295 5225 ex
2326 5173 2501 5225 Matre
2545 5170 2788 5240 virgine,
2826 5176 2888 5227 ut
2925 5174 3449 5243 quemadmodum
3481 5180 3621 5232 tunc

1960 5314 1985 5363 6
2018 5310 2075 5365 δε
2104 5312 2259 5373 ϐάτος
2300 5312 2357 5365 ού
2396 5319 2718 5367 κατεκαίετο.

2031 5372 2108 5449 (6)
2147 5372 2305 5440 Exdd
2340 5401 2420 5453 ιιι,
2458 5389 2529 5441 4ε
2590 5385 2860 5438 Ἐκάλεσεν
2911 5387 3067 5439 αὐτὸν
3108 5389 3133 5439 6
3188 5392 3375 5462 Κύριος
3429 5390 3483 5443 ἐκ
3560 5400 3619 5444 οὐ

1959 5455 2149 5528 βάτον.

2028 5529 2105 5599 (ἶ)
2139 5529 2293 5583 Exod
2330 5545 2407 5593 lll,
2442 5532 2471 5583 5
2507 5547 2519 5583 :
2553 5529 2709 5603 λῦσαι
2762 5532 2819 5580 τὸ
2874 5528 3129 5603 ὑπόδημα
3189 5531 3241 5583 ἐκ
3278 5542 3377 5585 τῶν
3437 5532 3613 5588 ποδῶν

1959 5618 2052 5651 σου
2098 5621 2108 5632 ·
2144 5602 2168 5651 6
2199 5604 2298 5672 γαρ
2332 5607 2503 5663 τόπος,
2547 5600 2594 5652 ἐν
2745 5605 2809 5653 συ
2868 5600 3113 5669 ἕστηκας,
3149 5611 3217 5675 γῆ
3294 5606 3421 5677 ἁγία
3483 5606 3615 5661 ἐστί.

2028 5673 2105 5741 (8)
2140 5657 2427 5745 Respectu
2460 5657 2536 5727 ad
2572 5657 2670 5730 Ps:
2702 5690 2786 5741 xc,
2816 5677 2896 5729 t3.
