4434 6452
801 437 935 495 1503

2149 429 2531 495 NICEPHORI
2572 431 2836 490 CHUMNI

4033 437 4163 492 15οῑ

794 561 1201 618 exemitlsrael
1229 575 1301 618 ex
1314 560 1630 634 tyrannide
1651 561 2227 628 Pharaonis,itanos
2244 557 2453 614 adum-
2488 555 2532 608 Α

2410 572 2453 612 1-
2488 555 2726 618 Αούτως
2799 559 2938 632 ἡμᾶς
3005 557 3084 632 ἔφ’
3136 560 3339 633 ἡμερῶν
3398 558 3638 631 ἰσχάτων
3699 559 3776 630 (1)
3835 564 3927 611 τοῦ
3974 567 4161 632 πικροῦ

791 649 1012 707 brabat
1032 665 1103 706 ex
1124 649 1384 722 antiquis
1409 649 1625 705 diebus
1657 649 1736 705 ab
1767 649 1986 706 acerbo
2037 653 2318 721 tyranno,
2349 644 2453 719 qui

793 741 884 796 est
912 739 1114 805 Satan,
1141 737 1485 793 liberandos
1508 753 1657 794 csse.
1692 738 1892 808 Igitur,
1963 741 2028 793 ut
2088 735 2234 804 dixi,
2279 734 2456 790 solvit

793 840 1006 883 omnes
1025 825 1187 883 malo
1211 826 1556 893 servientes,
1584 831 1639 882 et
1659 826 1825 899 quod
1844 825 2185 880 liberaverit
2211 839 2241 879 e
2267 838 2455 879 manu

792 914 929 972 forti
972 915 1396 988 Egyptiorum
1450 915 1646 985 figura
1693 920 1782 971 est
1838 913 2103 988 mysterii
2164 913 2372 969 salutis
2398 916 2454 968 et

792 1003 1142 1079 symbolum
1168 1003 1596 1061 salvandorum
1627 1003 1688 1060 in
1717 1003 1921 1060 finem.

865 1180 979 1236 Sed
1003 1181 1214 1237 iterum
1243 1180 1504 1254 Egyptii
1527 1181 2054 1256 tentantpersequi
2088 1197 2192 1238 eos
2217 1183 2320 1254 qui
2344 1196 2454 1236 ser-

789 1268 1039 1325 vitutem
1068 1269 1380 1340 fugiebant
1418 1289 1432 1338 ;
1458 1271 1779 1327 currebant
1803 1276 1941 1344 post
1965 1287 2064 1326 eos
2095 1287 2233 1326 cum
2267 1269 2456 1326 omni-

790 1357 908 1414 bus
927 1359 1097 1431 equis
1125 1362 1181 1414 et
1206 1359 1480 1414 curribus
1505 1359 1758 1416 nitentes
1778 1360 1840 1415 in
1885 1375 1988 1415 eos
2025 1359 2246 1415 irruere
2277 1379 2287 1412 :
2318 1359 2456 1415 cito-

789 1461 908 1521 que
925 1453 1321 1519 occupassent
1333 1451 1388 1504 et
1410 1449 1788 1518 redegissent
1804 1450 1863 1504 in
1886 1465 2109 1505 novam
2124 1453 2179 1504 et
2193 1448 2457 1504 acerbio-

789 1551 918 1591 rem
949 1536 1310 1607 servitutem,
1346 1537 1464 1593 nisi
1493 1537 1692 1593 subito
1727 1537 2094 1594 circumfusa
2143 1536 2453 1602 salvasset,

791 1623 985 1680 nubes
1017 1624 1241 1680 scilicet
1272 1640 1408 1698 quae
1455 1625 1862 1682 obumbrabat
1911 1641 2017 1698 per
2073 1630 2260 1680 totam
2295 1625 2455 1681 diem

790 1717 846 1771 et
879 1713 1297 1771 abscondebat
1325 1731 1430 1771 eos
1463 1733 1476 1768 :
1509 1715 1703 1772 nubes
1732 1715 2077 1788 symbolum
2100 1715 2343 1770 evidens
2368 1719 2459 1770 est

790 1803 944 1859 sicut
977 1809 1034 1859 et
1059 1804 1250 1860 vellus
1277 1804 1591 1861 Gedeonis.
1646 1805 1842 1860 Vellus
1886 1804 2032 1860 illud
2072 1804 2328 1860 imbrem
2355 1821 2456 1861 os-

2563 648 2725 698 Σατὰν
2773 648 3044 722 ῥύσασθαι
3099 651 3371 724 τυράννου,
3429 653 3557 701 Θεὸν
3603 647 3654 700 ἐκ
3717 655 3909 722 μῆτρὸς
3969 652 4161 722 παρθέ-

2560 753 2648 786 νου
2725 735 2842 787 καθ’
2930 739 3069 808 ἡμᾶς
3145 742 3420 809 γεγονότα.
3490 741 3590 790 Καὶ
3643 745 3787 808 γοῦν,
3849 739 3969 811 ὅπερ
4018 740 4158 809 ἓγην.

2563 824 2719 884 σώζει
2761 823 2913 878 κάκεῖ
2945 829 3062 887 τοὺς
3117 830 3578 900 τυραννουμένους,
3629 831 3719 878 xui
3785 833 3877 886 τῆς
3945 823 4162 898 βαρείας

2561 912 2860 985 Αἰγυπτίων
2923 919 3104 990 χειρὸς
3185 915 3398 968 ἀπολύει
3472 917 3498 967 ὁ
3545 922 3637 967 τοῦ
3694 919 3956 988 σωτηρίου
4008 911 4164 967 τοῦδε

2559 1006 2853 1078 μυστηρίου
2891 1007 3052 1066 τύπος
3090 1009 3180 1057 καὶ
3237 1006 3303 1057 τὰ
3364 1002 3602 1077 σύμϐολα
3649 1012 3750 1055 τῶν
3785 1005 4000 1078 ὕστερον
4055 1023 4161 1056 σω-

2563 1089 2807 1162 ξομένων.

2633 1179 2708 1231 Ού
2734 1185 2837 1253 μὴν
2871 1179 3000 1233 ἀλλὰ
3054 1190 3335 1255 πειρῶνται
3391 1181 3546 1234 πάλιν
3593 1181 3874 1253 Αἰγύπτιοι
3923 1189 4024 1234 τῶν
4069 1186 4163 1240 τὴν

3669 1271 3838 1323 ὀπίσω
3918 1272 4014 1341 ('2),
4073 1275 4164 1323 xui

2561 1353 2879 1410 κατεδίωκον
2963 1357 3194 1430 ἅρμασιν
3246 1359 3401 1426 ὅλοις,
3464 1360 3659 1427 ἵπποις,
3728 1358 4020 1420 ἐλαύνοντες
4082 1360 4161 1426 (3)

2563 1264 2799 1320 δουλείαν
2863 1274 3149 1342 φευγόντων
3229 1266 3576 1323 καταδιώκειν

2562 1445 2642 1498 ἐπ’
2698 1446 2902 1508 αὐτούς.
2961 1453 3061 1501 Καὶ
3132 1447 3260 1519 τάχ’
3305 1448 3384 1500 ἆνι
3420 1447 3697 1500 κατέλαϐον
3762 1453 3852 1500 καὶ
3923 1449 4051 1500 εἶλον
4102 1446 4162 1499 ἆν

2563 1531 2710 1594 αὖθις
2739 1536 2945 1606 ἄγοντες
2996 1535 3080 1588 ἐπὶ
3122 1540 3312 1610 πικρὰν
3353 1533 3610 1603 δουλείαν,
3672 1536 3715 1589 εἰ
3762 1541 3835 1609 μὴ
3898 1535 4164 1588 κάνταῦθα

2561 1631 2850 1698 περιφανῶς
2888 1626 2918 1682 ἡ
2979 1632 3071 1676 τοῦ
3120 1625 3385 1698 μέλλοντος
3435 1627 3560 1677 σκιὰ
3624 1625 3927 1700 περιέσωζε,
3985 1624 4162 1696 νεφέλη

2987 1712 3106 1774 ῶης
3153 1712 3541 1774 ἐπισκιάζουσα
3597 1713 3674 1786 (4)
3730 1718 3819 1766 καὶ
3871 1716 4172 1788 συγκρύπτ-

2564 1819 2718 1870 ουσα,
2775 1801 2952 1873 νεφέλη
3031 1801 3286 1874 σύμϐολον
3345 1803 3568 1876 ἐναργὲς,
3616 1805 3684 1865 ὡς
3736 1804 3760 1853 ὁ
3827 1809 3920 1854 τοῦ
3975 1799 4172 1855 Γεδεὼν

2563 1719 2625 1769 τῆ
2639 1732 2659 1772 ς
2713 1714 2905 1786 ἡμέρας

788 1891 980 1948 tendit
1007 1891 1410 1949 vivificantem
1439 1893 1513 1949 de
1536 1893 1687 1950 cmlo
1719 1899 1963 1966 propter
2007 1909 2119 1948 nos
2164 1892 2364 1948 aridos
2402 1898 2526 1954 etB

2425 1898 2458 1951 at
2485 1900 2526 1954 Β
2565 1887 2714 1951 αὖθις
2744 1895 2902 1943 πόκον
2935 1890 3031 1962 (5).
3069 1895 3167 1944 Τὸν
3202 1893 3303 1966 γὰρ
3345 1895 3561 1955 ζωτικὸν
3606 1892 3753 1954 οὗτος
3789 1889 3979 1967 ὄμϐρον
4043 1895 4176 1966 πρὸς

789 1995 940 2054 pene
969 1985 1239 2038 mortuos
1255 1982 1570 2038 cadentem
1596 2001 1609 2050 ;
1626 1982 1818 2038 nubes
1837 1986 2039 2038 autem
2056 1982 2355 2050 Virginem
2379 1981 2455 2038 si-

789 2069 1031 2140 gnificat
1051 2086 1188 2142 quae
1207 2070 1387 2126 nobis
1411 2071 1711 2144 praebetur
1733 2075 1796 2128 ut
1847 2071 2275 2126 umbraculum
2327 2071 2456 2127 uni-

787 2174 962 2216 versa
991 2163 1148 2216 terra
1178 2162 1236 2216 et
1259 2160 1546 2216 omnibus
1570 2160 1735 2217 caelis
1764 2159 2141 2216 immensius.

860 2335 973 2393 Sed
990 2339 1232 2410 propter
1243 2336 1390 2410 quid
1408 2335 1572 2393 aliud
1605 2352 1772 2392 mare
1794 2336 2064 2392 Rubrum
2083 2336 2144 2392 in
2159 2333 2455 2392 mirabilia

786 2426 1010 2482 elatum
1024 2429 1080 2482 et
1095 2426 1192 2482 Dei
1211 2426 1503 2499 populum
1531 2427 1790 2482 multum
1818 2426 2090 2496 salvavit,
2133 2425 2456 2483 submersit

785 2530 926 2571 vero
956 2515 1142 2571 robur
1159 2515 1491 2572 Pharaonis
1523 2520 1580 2571 et
1608 2516 1908 2588 principes
1934 2516 2274 2588 Egyptios,
2309 2531 2454 2587 quo-

785 2605 970 2662 modo
1001 2609 1166 2662 tanta
1198 2605 1392 2678 potuit
1426 2607 1661 2678 operari
1690 2606 1803 2661 nisi
1837 2605 1983 2678 quia
2013 2604 2090 2660 ad
2123 2604 2288 2660 Illam
2314 2620 2451 2660 vero

785 2694 1145 2750 efferebatur
1179 2711 1316 2768 quae
1345 2694 1482 2750 finis
1511 2699 1637 2750 erat
1666 2710 1875 2750 earum
1934 2709 2088 2766 quas
2146 2693 2452 2749 Abraham

786 2785 1054 2857 suscepit
1071 2784 1564 2857 promissionum,
1593 2788 1768 2855 etper
1790 2799 1977 2856 quam
2009 2783 2168 2839 facta
2189 2787 2280 2838 est
2302 2781 2454 2838 mul-

783 2872 1072 2945 tiplicatio
1148 2872 1392 2929 seminis
1457 2872 1737 2938 Abrahae,
1804 2872 1969 2945 quod
2024 2871 2455 2940 multiplicatur

784 2977 857 3017 ex
878 2961 1012 3035 ipsa
1042 2966 1414 3031 generatum,
1450 2960 1660 3016 orbem
1693 2961 2451 3032 universumregenerans,

783 3054 840 3106 et
868 3051 929 3106 in
961 3051 1158 3122 seipso
1184 3050 1461 3105 adunans
1498 3065 1710 3106 omnes
1746 3049 1894 3104 dum
1936 3049 2063 3121 ipse
2125 3055 2454 3120 congregat

781 3155 957 3195 veros
992 3139 1251 3196 Abrahre
1274 3139 1494 3196 liberos
1527 3139 1556 3195 ‘i

855 3227 1077 3284 Deinde
1101 3231 1269 3300 petra
1299 3229 1846 3300 producitaquam,
1887 3227 2222 3284 maximum
2273 3228 2452 3284 mira-
2491 3252 2532 3309 ρ

783 3317 1080 3384 culum,et
1098 3317 1607 3390 spargitundique
1622 3317 1845 3374 fluenta
1891 3334 2026 3390 qure
2050 3319 2108 3373 in
2134 3318 2453 3374 continuos

781 3407 1001 3463 ﬂuvios
1019 3406 1271 3462 efﬂuunt
1304 3424 1317 3462 :
1352 3412 1410 3463 et
1433 3407 1698 3480 populus
1732 3406 1823 3462 siti
1852 3410 2131 3478 perustus
2172 3406 2230 3462 in
2255 3406 2454 3462 deser-

781 3499 842 3552 to
868 3494 1020 3552 bibit
1046 3511 1237 3568 usque
1272 3495 1350 3552 ad
1379 3495 1941 3552 satietatemJPetra
1972 3500 2174 3551 autem
2208 3511 2348 3568 pars
2364 3499 2457 3552 est

781 3587 1005 3643 montis
1026 3586 1133 3659 qui
1165 3591 1379 3659 typum
1410 3585 1594 3642 habet
1622 3586 1875 3657 Virginis
1934 3601 2006 3641 ex
2071 3602 2194 3658 qua
2235 3585 2453 3658 prodiit

783 3675 1054 3732 Christus
1114 3675 1290 3748 Lapis
1364 3675 1674 3744 angularis
1722 3680 1779 3730 et
1832 3675 2026 3730 vitalis
2075 3680 2265 3747 petra,
2331 3675 2453 3730 sive

781 3780 922 3821 cum
948 3779 985 3820 a
1017 3767 1136 3820 Deo
1159 3764 1340 3835 longe
1361 3780 1634 3821 essemus
1667 3779 1779 3819 nos
1802 3763 2208 3834 congregavit,
2242 3767 2298 3819 et
2336 3769 2454 3820 sta-

781 3853 968 3908 tuitin
997 3852 1382 3923 infrangibile
1403 3852 1714 3908 vinculum
1743 3868 1949 3908 secum
1976 3869 1989 3919 ;
2025 3852 2145 3907 sive
2168 3852 2312 3925 quia
2341 3868 2453 3908 nos

778 3942 1268 4016 potavitaquaex
1283 3943 1483 4015 seipso
1515 3941 1793 4000 efﬂuente
1826 3947 1882 3998 et
1919 3941 2164 3998 saliente
2189 3942 2451 3998 invitam

779 4046 917 4105 quae
943 4047 1261 4104 nunquam
1293 4031 1549 4087 deficiet.

854 4119 1010 4186 Quid
1046 4120 1310 4193 amplius
1339 4120 1604 4177 ?famem
1627 4120 1937 4193 patiuntur
1957 4121 2016 4176 in
2036 4119 2292 4190 deserto,
2313 4137 2450 4194 quae

781 4212 869 4266 est
895 4209 1326 4266 acerbissimus
1351 4209 1524 4266 dolor
1548 4227 1560 4265 :
1583 4209 1664 4266 illi
1684 4225 1827 4280 ergo
1853 4209 2069 4266 iterum
2096 4211 2150 4266 in
2184 4213 2448 4283 Moysem

778 4298 1155 4354 concitantur
1176 4299 1255 4354 ad
1279 4298 1453 4365 iram,
1473 4299 1577 4372 qui
1601 4297 1766 4354 nullo
1787 4297 1970 4354 modo
1996 4303 2206 4354 exorto
2229 4298 2450 4354 tumul-

779 4391 843 4444 tu
878 4389 1246 4460 perterritus,
1270 4388 1420 4445 dixit
1455 4388 1538 4444 eis
1574 4407 1586 4444 :
1615 4411 1642 4439 «
1677 4388 1732 4446 Si
1770 4388 1929 4444 enirn
1969 4404 2105 4444 cum
2158 4389 2452 4461 percussit

779 4480 1011 4550 petram
1040 4475 1213 4534 ﬂuxit
1228 4493 1411 4550 aqua,
1434 4492 1636 4534 nonne
1659 4482 1714 4533 et
1732 4493 1954 4551 panem
1979 4478 2350 4550 poteritdare
2371 4478 2399 4532 ?
2420 4500 2447 4527 »

783 4567 894 4632 Qui
931 4566 1015 4622 eis
1046 4565 1332 4638 produxit
1355 4566 1560 4623 cibum
1586 4582 1708 4622 non
1741 4582 1813 4622 ex
1843 4571 2019 4633 terra,
2046 4568 2215 4640 etqui
2234 4571 2449 4640 patens

777 4659 868 4711 est
890 4671 1081 4727 panes
1095 4657 1278 4712 etiam
1291 4671 1364 4712 ex
1385 4655 1693 4728 lapidibus
1710 4656 1997 4728 proferre,
2014 4657 2074 4712 in
2099 4673 2326 4712 novum
2343 4657 2450 4713 mi-

777 4744 1054 4800 raculum
1073 4748 1306 4802 mutata
1321 4745 1590 4818 potentia
1611 4762 1624 4812 ;
1645 4745 1803 4800 unde
1823 4760 1966 4814 ergo
1981 4745 2113 4801 illos
2127 4745 2410 4802 enutrivit
2422 4746 2450 4802 ?

776 4833 852 4890 de
888 4833 1053 4890 caelis
1089 4849 1192 4890 eos
1233 4835 1469 4892 satiavit
1507 4839 1653 4891 tunc
1693 4833 2019 4890 ostendens
2062 4849 2448 4908 perseverare

845 5047 922 5119 (1)
953 5045 1193 5121 Phrasis
1224 5049 1312 5102 est
1340 5044 1568 5104 biblica
1595 5045 1672 5098 ἐπ’
1711 5048 1955 5118 ἐσχάτων
1987 5048 2193 5121 ἡμερῶν
2237 5064 2251 5116 ;
2285 5046 2449 5105 conf.

773 5133 919 5194 pag.
947 5122 1070 5194 l_lO,
1111 5119 1195 5194 l7.

847 5189 929 5262 (2)
966 5189 1150 5262 Exod.
1188 5205 1289 5254 xu,
1325 5191 1355 5244 8
1396 5205 1409 5245 :

775 5265 898 5316 υἱῶν
912 5260 917 5262 ⁷
933 5262 967 5314 Ἰ
977 5260 1162 5335 σραήλ.

959 5331 1178 5412 [ὀΐεᾶη
1210 5331 1538 5412 ἵππουςλνθὶ
1571 5333 1766 5412 ἱππεῖςἶ
1805 5332 2118 5394 ἐλαύνοντες.

845 5407 927 5477 (5)
970 5407 1070 5477 Exi.
1097 5409 1308 5477 xul,_2t
1352 5421 1364 5460 :
1397 5407 1575 5459 Num.
1605 5420 1664 5473 x,
1707 5408 1800 5462 34.

847 5475 923 5549 (5)
954 5475 1314 5549 VideJudic.
1351 5492 1439 5549 v1,
1462 5479 1550 5544 37,
1579 5491 1714 5548 sqq.
1747 5508 1817 5517 —
1852 5479 1890 5532 Β
1942 5475 2069 5532 sine
2109 5475 2366 5549 articulo
2399 5477 2448 5534 ό.

845 5546 924 5619 (ϐ)
964 5547 1124 5623 Exod
1143 5590 1168 5623 ._
1196 5565 1285 5615 xv,
1315 5550 1358 5623 4_
1385 5546 1848 5623 εᾱὶρμᾳτα’ΦαραὼΔ
1915 5553 2007 5623 καὶ
2065 5553 2157 5608 τὴν
2195 5546 2450 5623 -δύναμιν

775 5618 936 5672 αὐτοῦ
1030 5619 1234 5694 ἓῤῥυιιεν
1318 5618 1389 5681 εἰς
1442 5618 1740 5694 θάλασσαν,
1829 5619 2127 5682 ἐπιλέκτους
2185 5618 2452 5684 ἀναϐάτας

773 5689 1058 5767 τριστάτας
1084 5689 1103 5725 ὀ
1131 5689 1506 5767 κατεπόθησαν
1531 5689 1578 5744 ἕν
1627 5689 1856 5767 Ἐρυθρᾷ
1889 5692 2156 5766 θαλάσση.

846 5766 926 5836 (7)
953 5763 1093 5821 Vide
1116 5765 1324 5822 Cenes.
1356 5775 1454 5830 xv,
1496 5766 1551 5822 5;

1452 5185 1765 5252 κατεδίωξεν
1821 5189 2059 5263 (Φαραὼ)
2109 5189 2280 5244 ὀπίσω
2348 5199 2450 5243 τῶν

2487 4610 2534 4666 D

2564 1979 2751 2054 ξηροὺς
2813 1981 2948 2054 ἡμᾶς
3013 1980 3102 2033 ἅτε
3158 1985 3249 2032 καὶ
3298 1985 3505 2053 νεκροὺς
3557 1981 3704 2042 ὅλους
3754 1979 4074 2051 καταϐάντα,
4141 1983 4171 2039 ἡ

2565 2066 2624 2122 δὲ
2705 2069 2880 2142 νεφελη
2963 2075 3050 2127 τὴν
3135 2071 3385 2143 παρθένον
3461 2078 3639 2142 σαφῶς
3708 2071 4017 2144 προγράφει,
4081 2077 4178 2121 τοῦ

2561 2162 2763 2230 κόσμου
2815 2160 3018 2219 πάντως
3051 2163 3248 2218 σκέπην
3295 2163 3384 2212 καὶ
3450 2161 3658 2212 πάντων
3711 2165 3956 2231 φανεῖσαν
4019 2158 4182 2232 ούρα-

2561 2254 2658 2297 νῶν
2689 2245 3031 2320 πλατυτέραν.

2634 2335 2710 2387 Ού
2738 2339 2841 2408 μὴν
2873 2335 3001 2388 ἀλλὰ
3026 2343 3178 2388 τοῦτο
3213 2339 3302 2408 μὲν
3368 2331 3435 2394 δὴ
3510 2342 3780 2390 τοσοῦτον,
3833 2336 4064 2408 Ἐρυθρὰ
4120 2331 4182 2387 δὲ

2561 2433 2986 2500 τερατουιογοῦσα
3047 2429 3136 2478 καὶ
3204 2423 3552 2487 διασώζονσα
3608 2429 3699 2498 μὲν
3757 2433 3829 2496 τῷ
3889 2433 4001 2496 Θεῷ
4053 2424 4181 2477 λαὸν

2559 2518 2876 2588 περιούσιον,
2929 2513 3234 2587 βυθίζουσα
3294 2512 3353 2568 δὲ
3408 2511 3630 2588 δύναμιν
3681 2519 3867 2589 Φαραὼ
3919 2519 4006 2566 καὶ
4065 2533 4182 2588 τρι-

2563 2607 2754 2665 στάτας
2837 2604 3155 2676 Αἰγυπτίους
3228 2605 3327 2674 (6),
3389 2606 3542 2656 πόθεν
3593 2603 3799 2656 οὒλοθεν
3854 2604 3922 2655 τὰ
3975 2603 4182 2675 μεγάλα

2560 2700 2728 2745 ταῦτα
2751 2689 3058 2758 δεδύνηται,
3093 2693 3122 2752 ἦ
3155 2696 3283 2766 πρὸς
3347 2692 3508 2750 αὐτὴν
3546 2688 3614 2750 δὴ
3665 2695 3860 2749 ταύτην
3930 2693 4181 2764 καθαρῶς

3005 2783 3133 2856 πρὸς
3224 2781 3284 2839 ἢν
3337 2785 3427 2833 xui
3483 2784 3542 2833 τό
3605 2780 3743 2842 τέλος
3789 2788 3891 2833 τῶν
3935 2779 4184 2854 Ἀϐραὰμ

2561 2870 2969 2942 ἐπηγγελμένων,
3045 2874 3134 2923 καὶ
3205 2871 3230 2922 ὁ
3306 2869 3617 2943 πληθυσμὸς
3705 2877 3797 2922 τοῦ
3876 2873 4177 2941 σπέρματος

2561 2967 2652 3012 τοῦ
2680 2959 2735 3022 ἐξ
2788 2961 2955 3021 αὐτῆς
3007 2961 3338 3031 γεννηθέντος
3391 2959 3485 3029 (7),
3547 2963 3741 3030 κόσμον
3801 2957 3914 3010 ὅλον
3969 2957 4184 3028 ἆνογεν-

2563 2779 2910 2854 ἀναφέρουσα,

2559 3053 2811 3111 νήσαντος
2864 3053 2953 3100 καὶ
3028 3049 3429 3121 οἰκειωσαμένου
3495 3051 3585 3121 μὲν
3644 3047 3829 3119 ἐαυτῷ,
3903 3046 4181 3099 οἰκειῶσα-

2560 3143 2713 3212 μένου
2743 3134 2801 3190 δὲ
2821 3142 3073 3210 γνησίους
3103 3145 3177 3209 τῷ
3203 3137 3443 3212 Ἀϐραάμ
3475 3154 3489 3204 ;

2635 3224 2762 3279 Εἶτα
2812 3231 2979 3301 πέτρα
3035 3229 3263 3298 πηγάζει
3311 3227 3390 3298 (8)
3437 3229 3527 3278 καὶ
3590 3227 3648 3278 τὸ
3706 3224 3856 3278 πλέον
3906 3232 3997 3278 τοῦ
4060 3226 4189 3276 θαύ-

2562 3335 2746 3390 ματος,
2807 3317 2888 3369 ὅτι
2978 3319 3360 3390 μεταφερομένη
3433 3316 3617 3390 ῥεῖθρα
3685 3313 3961 3385 προϐάλλει
4021 3314 4192 3380 ἱκατὰ

2561 3408 2828 3478 ποταμοὺς
2888 3402 3130 3465 ἀεννάους
3183 3405 3261 3474 (9)
3318 3425 3331 3438 ’
3372 3406 3421 3457 οἰ
3479 3400 3538 3456 δὲ
3580 3408 3820 3456 πίνουσιν
3882 3403 3954 3464 εἰς
4005 3406 4190 3476 κόρον,

2564 3491 2711 3565 δίψει
2769 3495 3048 3566 κάμνοντες
3116 3492 3165 3545 ἐν
3220 3489 3452 3568 ἀνύδρῳ.
3498 3497 3600 3545 Καὶ
3653 3495 3682 3551 ἡ
3749 3492 3911 3566 πέτρα
3972 3493 4189 3554 πάντως

2563 3583 2616 3646 ἐξ
2643 3585 2790 3657 ὅρους
2840 3585 3004 3634 τύπον
3069 3585 3286 3654 ἔχοντος
3342 3586 3436 3640 τὴν
3493 3583 3767 3654 παρθένον,
3833 3579 3888 3642 ἐξ
3930 3580 3994 3642 ἧς
4054 3588 4193 3653 Χρι-

2565 3676 2686 3735 στός
2718 3670 3180 3746 ἀκρόγωνοςλίθος
3238 3673 3353 3740 (10)
3402 3675 3491 3723 καὶ
3541 3671 3679 3732 ζωῆς
3741 3673 3923 3744 πέτρα,
3983 3672 4042 3720 τὸ
4093 3671 4188 3740 μὲν

2565 3764 2838 3814 συνάπτων
2887 3762 3027 3833 ἡμᾶς
3095 3758 3197 3812 ἀπὸ
3285 3767 3420 3812 Θεοῦ
3477 3759 3860 3833 μακρυνθέντας
3915 3762 4005 3809 καὶ
4061 3776 4191 3808 συν-

2563 3849 2698 3922 έχων
2730 3849 2802 3913 εἰς
2864 3848 3066 3924 ἀρραγῆ
3125 3846 3440 3921 σύνδεσμον,
3500 3851 3558 3900 τὸ
3624 3844 3683 3900 δί
3747 3847 3975 3907 ποτίζων
4033 3843 4191 3919 ὕδωρ

2563 3937 2752 4002 ἁίδίως
2815 3938 3060 4001 ἔκϐλύζον
3118 3943 3206 3992 xui
3264 3943 3335 4012 μή
3401 3957 3526 3991 ποτε
3577 3935 3846 4009 λήγουσαν
3895 3939 4036 4000 ζῶήν
4090 3935 4198 4008 ἑμ-

2562 4033 2826 4105 παρέχον.
3683 4041 3687 4046 ”

2631 4124 2694 4172 Τί
2725 4121 2800 4172 ἔτι
2839 4136 2852 4175 :
2911 4125 3155 4171 πεινῶσιν
3221 4116 3270 4170 ἓν
3315 4117 3581 4192 ἐρημίαις,
3632 4119 3723 4169 καὶ
3769 4117 3936 4176 πάθος
3990 4118 4054 4166 τὸ
4092 4135 4205 4186 χα-

2558 4208 2848 4262 λεπώτατον
2886 4206 3008 4280 λιμό
3039 4207 3225 4268 αὐτοὺς
3284 4205 3668 4278 καταλαμϐάνει
3723 4225 3737 4239 ·
3797 4206 3847 4256 οἱ
3900 4201 3960 4257 δὲ

2561 4302 2800 4373 φέρονται
2881 4299 3015 4349 κατὰ
3086 4300 3340 4363 Μωσέως,
3413 4291 3680 4368 μηδεμιᾶς
3745 4290 3998 4368 μηδαρῶς
4057 4289 4203 4364 μηδ’

4024 4204 4196 4254 πάλιν

2560 4386 2610 4440 ἐν
2641 4387 2815 4440 ἐλπίσι
2849 4393 3100 4458 μηχανῆς
3141 4389 3450 4459 φαινομένης
3492 4406 3505 4418 ·
3555 4407 3583 4435 ‹‹
3647 4384 3707 4437 Εἰ
3749 4386 3849 4457 γὰρ
3908 4381 4143 4445 ἐπάταξε
4172 4404 4204 4431 ι»

2563 4481 2692 4548 φασὶ
2724 4497 2752 4526 ‹‹
2783 4479 2993 4551 πέτραν,
3033 4480 3123 4527 xui
3158 4471 3302 4550 ὕδωρ
3337 4473 3514 4549 ἐρρύη,
3571 4478 3641 4546 μή
3697 4477 3787 4525 καὶ
3825 4473 3982 4546 ἄρτον
4029 4469 4206 4524 δύνα-

2562 4585 2651 4618 ται
2679 4561 2993 4635 δοῦναιῌί)
3029 4581 3042 4631 ;
3078 4585 3105 4613 ››
3140 4562 3199 4615 Ὀ
3256 4559 3306 4616 δ’
3354 4561 3454 4615 ἀπὸ
3506 4571 3608 4633 γῆς
3671 4564 3761 4634 μὶν
3819 4560 3999 4622 αὐτοῖς
4067 4579 4204 4631 τρο-

2564 4659 2662 4728 φὴν
2717 4653 2812 4706 ούκ
2894 4657 3095 4724 ἤνεγκε,
3153 4656 3244 4704 καὶ
3290 4651 3439 4704 ταῦτ’
3515 4649 3624 4713 ἐξὸν
3688 4651 3880 4723 οἶρτους
3932 4652 4028 4700 καὶ
4078 4652 4207 4708 τοὺς

2561 4743 2738 4805 λίθους
2763 4743 3006 4814 γενέσθαι
3037 4741 3177 4813 (12),
3206 4748 3302 4801 τῆς
3344 4739 3507 4800 αὐτῆς
3535 4747 3608 4809 τῷ
3659 4740 3892 4812 προτέρῳ
3955 4737 4207 4809 θαύματι

2563 4835 2951 4908 μεταποιούσης
3002 4828 3267 4906 δυνάμεως
3323 4852 3336 4865 ·
3395 4829 3628 4904 ψωμίζεὶ
3685 4824 3745 4881 δὲ
3792 4828 3947 4880 πόθεν
3979 4824 4042 4887 ἐξ
4101 4826 4206 4879 οὗ-

2634 5047 2711 5120 (8)
2739 5046 2924 5120 Exod.
2957 5061 3096 5114 xvu,
3139 5049 3192 5101 6.

2633 5109 2708 5191 (9)
2745 5117 2892 5175 Psal.
2965 5109 3181 5181 LXX'VII,
3249 5113 3628 5191 ίϐεέξῂγαγεν
3681 5109 3828 5185 ὕδωρ
3886 5110 3944 5164 ἐκ
3980 5116 4210 5186 πέτρας,

2560 5185 2651 5244 xui
2681 5185 2978 5261 κατήγαγεν
3014 5191 3082 5251 ὡς
3117 5192 3381 5260 ποταμούς
3416 5185 3611 5261 ὕδατα.

2628 5266 2744 5332 (to)
2773 5254 3039 5319 Christus
3077 5254 3453 5332 ὴκρογωνιαὶος
3489 5258 3684 5332 dictus
3717 5255 3830 5332 fuit
3852 5269 3981 5332 non
4005 5254 4211 5332 semel

2560 5317 3028 5407 in‘iapoStolicis
3065 5317 3351 5402 epistolis.
3399 5317 3558 5386 Fons
3601 5327 3924 5385 locutionis
3975 5333 4074 5382 est
4143 5328 4210 5383 in

2562 5407 2715 5462 Isaia
2749 5421 2945 5461 xxvui.
2983 5407 3068 5459 16.

2632 5475 2983 5544 (tl)Psalm.
3017 5489 3236 5547 ωςκνιι,
3294 5477 3363 5529 20
3429 5491 3442 5529 :
3504 5471 3621 5547 ἐπεὶΔ
3680 5468 3915 5547 ἐπάταξεΔ
3957 5474 4200 5547 πέτραν,

2561 5553 2651 5614 καί
2705 5541 3203 5622 ἐρρυησανμύδατια
3252 5550 3344 5622 xui
3395 5543 3681 5618 χείμαρροι
3737 5541 4200 5599 κατεκλυσθησαν

2562 5627 2655 5694 μὴ,
2673 5613 2768 5673 κάξ·
2796 5618 2949 5694 οἱρτον
2977 5613 3264 5694 δυνήσεται
3304 5613 3497 5694 deﬂeuit
3524 5634 3537 5694 ς
3564 5613 3573 5618 ’
3598 5613 3606 5618 ⁷
3759 5686 3805 5694 η
3856 5685 3934 5694 Μ,
4046 5693 4049 5694 ν
4128 5675 4158 5694 Δ

2636 5693 2749 5766 (12)
2773 5685 3066 5766 Respectu
3096 5687 3390 5766 adverba
3439 5690 3694 5766 Satanas,
3759 5685 3962 5743 Matth.
4003 5693 4089 5756 iv,
4126 5688 4194 5742 3:

2565 5753 2676 5818 σίτίῖδ
2707 5753 2789 5817 ἵνα
2826 5753 3038 5817 δίλίθοι
3060 5753 3204 5815 οὗτοι
3233 5760 3387 5836 ἄρτοι
3413 5753 3682 5832 γίνωνταιέ
