  <div class='ocr_page' id='page_1' title='image "/cluster/home/n/w/nwhite01/storage/ocr_20150623/140/nnc1.0046979905/768.png"; bbox 0 0 4434 6452; ppageno 0'>
   <div class='ocr_carea' id='block_1_1' title="bbox 279 414 417 472">
    <p class='ocr_par' dir='ltr' id='par_1_1' title="bbox 279 414 417 472">
     <span class='ocr_line' id='line_1_1' title="bbox 279 414 417 472; baseline 0 -1"><span class='ocrx_word' id='word_1_1' title='bbox 279 414 417 472; x_wconf 79' lang='grc'><strong>1505</strong></span> 
     </span>
    </p>
   </div>
   <div class='ocr_carea' id='block_1_2' title="bbox 271 529 1563 610">
    <p class='ocr_par' dir='ltr' id='par_1_2' title="bbox 271 529 1563 610">
     <span class='ocr_line' id='line_1_2' title="bbox 271 529 1563 610; baseline -0.006 -20"><span class='ocrx_word' id='word_1_2' title='bbox 271 546 458 610; x_wconf 88' lang='grc' dir='ltr'>ρανιῶν</span> <span class='ocrx_word' id='word_1_3' title='bbox 527 539 699 608; x_wconf 73' lang='grc' dir='ltr'>τρέφει</span> <span class='ocrx_word' id='word_1_4' title='bbox 752 536 850 606; x_wconf 72' lang='grc'>(1),</span> <span class='ocrx_word' id='word_1_5' title='bbox 911 535 1098 586; x_wconf 71' lang='grc' dir='ltr'>ὶκείθεν</span> <span class='ocrx_word' id='word_1_6' title='bbox 1160 530 1288 586; x_wconf 86' lang='grc' dir='ltr'>εἶναι</span> <span class='ocrx_word' id='word_1_7' title='bbox 1363 529 1563 591; x_wconf 68' lang='grc' dir='ltr'>δεικνὺς</span> 
     </span>
    </p>
   </div>
   <div class='ocr_carea' id='block_1_3' title="bbox 272 619 1878 699">
    <p class='ocr_par' dir='ltr' id='par_1_3' title="bbox 272 619 1878 699">
     <span class='ocr_line' id='line_1_3' title="bbox 272 619 1878 699; baseline -0.004 -22"><span class='ocrx_word' id='word_1_8' title='bbox 272 633 450 699; x_wconf 86' lang='grc' dir='ltr'>πρωην</span> <span class='ocrx_word' id='word_1_9' title='bbox 512 625 808 696; x_wconf 79' lang='grc' dir='ltr'>τελούμενα.</span> <span class='ocrx_word' id='word_1_10' title='bbox 870 628 971 676; x_wconf 79' lang='grc' dir='ltr'><strong>Καὶ</strong></span> <span class='ocrx_word' id='word_1_11' title='bbox 1037 625 1085 674; x_wconf 88' lang='grc' dir='ltr'>οἱ</span> <span class='ocrx_word' id='word_1_12' title='bbox 1139 631 1237 674; x_wconf 75' lang='grc' dir='ltr'><strong>τῶν</strong></span> <span class='ocrx_word' id='word_1_13' title='bbox 1296 623 1465 694; x_wconf 80' lang='grc' dir='ltr'>άρτων</span> <span class='ocrx_word' id='word_1_14' title='bbox 1527 619 1878 690; x_wconf 77' lang='grc' dir='ltr'>ἀπεγνωκότες</span> 
     </span>
    </p>
   </div>
   <div class='ocr_carea' id='block_1_4' title="bbox 271 707 1878 789">
    <p class='ocr_par' dir='ltr' id='par_1_4' title="bbox 271 707 1878 789">
     <span class='ocr_line' id='line_1_4' title="bbox 271 707 1878 789; baseline -0.005 -22"><span class='ocrx_word' id='word_1_15' title='bbox 271 721 534 789; x_wconf 76' lang='grc' dir='ltr'><strong>τρώγουσι</strong></span> <span class='ocrx_word' id='word_1_16' title='bbox 585 716 773 786; x_wconf 89' lang='grc' dir='ltr'>μάννα,</span> <span class='ocrx_word' id='word_1_17' title='bbox 828 718 1009 770; x_wconf 74' lang='grc' dir='ltr'>καινήν</span> <span class='ocrx_word' id='word_1_18' title='bbox 1068 731 1184 764; x_wconf 85' lang='grc' dir='ltr'>τινα</span> <span class='ocrx_word' id='word_1_19' title='bbox 1253 715 1446 783; x_wconf 71' lang='grc' dir='ltr'>τροφήν</span> <span class='ocrx_word' id='word_1_20' title='bbox 1538 714 1628 761; x_wconf 82' lang='grc' dir='ltr'>καὶ</span> <span class='ocrx_word' id='word_1_21' title='bbox 1708 707 1878 779; x_wconf 78' lang='grc' dir='ltr'>πολλῷ</span> 
     </span>
    </p>
   </div>
   <div class='ocr_carea' id='block_1_5' title="bbox 271 795 1877 876">
    <p class='ocr_par' dir='ltr' id='par_1_5' title="bbox 271 795 1877 876">
     <span class='ocr_line' id='line_1_5' title="bbox 271 795 1877 876; baseline -0.005 -20"><span class='ocrx_word' id='word_1_22' title='bbox 271 812 362 856; x_wconf 79' lang='grc' dir='ltr'><strong>τοῦ</strong></span> <span class='ocrx_word' id='word_1_23' title='bbox 417 804 740 874; x_wconf 78' lang='grc' dir='ltr'><strong>ζητουμένου</strong></span> <span class='ocrx_word' id='word_1_24' title='bbox 808 799 1150 876; x_wconf 76' lang='grc' dir='ltr'><strong>τιμιωτέραν,</strong></span> <span class='ocrx_word' id='word_1_25' title='bbox 1214 799 1324 871; x_wconf 86' lang='grc' dir='ltr'>ἆμα</span> <span class='ocrx_word' id='word_1_26' title='bbox 1383 795 1440 850; x_wconf 69' lang='grc' dir='ltr'>δὲ</span> <span class='ocrx_word' id='word_1_27' title='bbox 1490 803 1578 850; x_wconf 83' lang='grc' dir='ltr'>καὶ</span> <span class='ocrx_word' id='word_1_28' title='bbox 1639 799 1877 868; x_wconf 60' lang='grc' dir='ltr'>ἄφθονον,</span> 
     </span>
    </p>
   </div>
   <div class='ocr_carea' id='block_1_6' title="bbox 271 889 1027 968">
    <p class='ocr_par' dir='ltr' id='par_1_6' title="bbox 271 889 1027 968">
     <span class='ocr_line' id='line_1_6' title="bbox 271 889 1027 968; baseline -0.005 -22"><span class='ocrx_word' id='word_1_29' title='bbox 271 899 360 968; x_wconf 75' lang='grc' dir='ltr'>καὶ</span> <span class='ocrx_word' id='word_1_30' title='bbox 455 889 649 968; x_wconf 75' lang='grc' dir='ltr'>ῥᾳδίαν</span> <span class='ocrx_word' id='word_1_31' title='bbox 724 897 858 944; x_wconf 78' lang='grc' dir='ltr'>πᾶσι</span> <span class='ocrx_word' id='word_1_32' title='bbox 918 898 1027 951; x_wconf 88' lang='grc' dir='ltr'>τοῖς</span> 
     </span>
    </p>
   </div>
   <div class='ocr_carea' id='block_1_7' title="bbox 273 964 1099 1055">
    <p class='ocr_par' dir='ltr' id='par_1_7' title="bbox 273 964 1099 1055">
     <span class='ocr_line' id='line_1_7' title="bbox 273 964 1099 1055; baseline -0.005 -21"><span class='ocrx_word' id='word_1_33' title='bbox 273 964 468 1034; x_wconf 65' lang='grc' dir='ltr'>’Λνείτο</span> <span class='ocrx_word' id='word_1_34' title='bbox 517 984 618 1055; x_wconf 85' lang='grc' dir='ltr'><strong>γὰρ</strong></span> <span class='ocrx_word' id='word_1_35' title='bbox 697 977 1099 1052; x_wconf 78' lang='grc' dir='ltr'>ἀπολαμϐάνειν,</span> 
     </span>
    </p>
   </div>
   <div class='ocr_carea' id='block_1_8' title="bbox 275 1065 1879 1143">
    <p class='ocr_par' dir='ltr' id='par_1_8' title="bbox 275 1065 1879 1143">
     <span class='ocr_line' id='line_1_8' title="bbox 275 1065 1879 1143; baseline -0.006 -20"><span class='ocrx_word' id='word_1_36' title='bbox 275 1069 561 1143; x_wconf 76' lang='grc' dir='ltr'><strong>ἐπαρκέσαι</strong></span> <span class='ocrx_word' id='word_1_37' title='bbox 601 1077 662 1140; x_wconf 71' lang='grc' dir='ltr'>τῇ</span> <span class='ocrx_word' id='word_1_38' title='bbox 714 1075 876 1141; x_wconf 82' lang='grc' dir='ltr'>χρείᾳ</span> <span class='ocrx_word' id='word_1_39' title='bbox 931 1066 1061 1120; x_wconf 76' lang='grc' dir='ltr'>ἀλλὰ</span> <span class='ocrx_word' id='word_1_40' title='bbox 1124 1072 1214 1119; x_wconf 83' lang='grc' dir='ltr'>καὶ</span> <span class='ocrx_word' id='word_1_41' title='bbox 1264 1069 1501 1140; x_wconf 86' lang='grc' dir='ltr'>περιττόν</span> <span class='ocrx_word' id='word_1_42' title='bbox 1560 1065 1700 1137; x_wconf 80' lang='grc' dir='ltr'>ἐχειν</span> <span class='ocrx_word' id='word_1_43' title='bbox 1755 1069 1879 1114; x_wconf 59' lang='lat'><strong>7.72-</strong></span> 
     </span>
    </p>
   </div>
   <div class='ocr_carea' id='block_1_9' title="bbox 1128 886 1876 961">
    <p class='ocr_par' dir='ltr' id='par_1_9' title="bbox 1128 886 1876 961">
     <span class='ocr_line' id='line_1_9' title="bbox 1128 886 1876 961; baseline -0.001 -21"><span class='ocrx_word' id='word_1_44' title='bbox 1128 889 1439 961; x_wconf 68' lang='grc' dir='ltr'><strong>κομίζεσθαι</strong></span> <span class='ocrx_word' id='word_1_45' title='bbox 1525 886 1876 959; x_wconf 71' lang='grc' dir='ltr'><strong>βουλομένοις.</strong></span> 
     </span>
    </p>
   </div>
   <div class='ocr_carea' id='block_1_10' title="bbox 1192 976 1879 1050">
    <p class='ocr_par' dir='ltr' id='par_1_10' title="bbox 1192 976 1879 1050">
     <span class='ocr_line' id='line_1_10' title="bbox 1192 976 1879 1050; baseline -0.006 -21"><span class='ocrx_word' id='word_1_46' title='bbox 1192 982 1264 1050; x_wconf 76' lang='grc' dir='ltr'>μὴ</span> <span class='ocrx_word' id='word_1_47' title='bbox 1330 976 1446 1028; x_wconf 70' lang='grc' dir='ltr'>καθ’</span> <span class='ocrx_word' id='word_1_48' title='bbox 1523 978 1643 1029; x_wconf 79' lang='grc' dir='ltr'>ὅσον</span> <span class='ocrx_word' id='word_1_49' title='bbox 1727 979 1879 1047; x_wconf 90' lang='grc' dir='ltr'>μόνον</span> 
     </span>
    </p>
   </div>
   <div class='ocr_carea' id='block_1_11' title="bbox 278 1153 1871 1228">
    <p class='ocr_par' dir='ltr' id='par_1_11' title="bbox 278 1153 1871 1228">
     <span class='ocr_line' id='line_1_11' title="bbox 278 1153 1871 1228; baseline -0.006 -15"><span class='ocrx_word' id='word_1_50' title='bbox 278 1161 422 1226; x_wconf 70' lang='grc' dir='ltr'>σθαι,</span> <span class='ocrx_word' id='word_1_51' title='bbox 473 1159 518 1211; x_wconf 87' lang='grc' dir='ltr'>εἰ</span> <span class='ocrx_word' id='word_1_52' title='bbox 562 1163 651 1210; x_wconf 78' lang='grc' dir='ltr'><strong>καί</strong></span> <span class='ocrx_word' id='word_1_53' title='bbox 709 1157 870 1219; x_wconf 80' lang='grc' dir='ltr'>ἄλλως</span> <span class='ocrx_word' id='word_1_54' title='bbox 941 1153 1003 1214; x_wconf 75' lang='grc' dir='ltr'>ἧν</span> <span class='ocrx_word' id='word_1_55' title='bbox 1096 1160 1154 1208; x_wconf 87' lang='grc' dir='ltr'><strong>τό</strong></span> <span class='ocrx_word' id='word_1_56' title='bbox 1234 1163 1528 1228; x_wconf 72' lang='grc' dir='ltr'>περιττεῦον</span> <span class='ocrx_word' id='word_1_57' title='bbox 1613 1153 1871 1210; x_wconf 74' lang='grc' dir='ltr'>ἀνόνητονο</span> 
     </span>
    </p>
   </div>
   <div class='ocr_carea' id='block_1_12' title="bbox 275 1241 1872 1319">
    <p class='ocr_par' dir='ltr' id='par_1_12' title="bbox 275 1241 1872 1319">
     <span class='ocr_line' id='line_1_12' title="bbox 275 1241 1872 1319; baseline -0.005 -18"><span class='ocrx_word' id='word_1_58' title='bbox 275 1251 442 1319; x_wconf 80' lang='grc' dir='ltr'>ἕτερον</span> <span class='ocrx_word' id='word_1_59' title='bbox 505 1243 754 1304; x_wconf 82' lang='grc' dir='ltr'>δηλονότι</span> <span class='ocrx_word' id='word_1_60' title='bbox 811 1249 986 1316; x_wconf 77' lang='grc' dir='ltr'>θαῦμα</span> <span class='ocrx_word' id='word_1_61' title='bbox 1039 1252 1333 1318; x_wconf 81' lang='grc' dir='ltr'>καταργονν</span> <span class='ocrx_word' id='word_1_62' title='bbox 1403 1249 1492 1302; x_wconf 78' lang='grc' dir='ltr'><strong>την</strong></span> <span class='ocrx_word' id='word_1_63' title='bbox 1559 1241 1872 1308; x_wconf 72' lang='grc' dir='ltr'>ἀπληστίαν,</span> 
     </span>
    </p>
   </div>
   <div class='ocr_carea' id='block_1_13' title="bbox 273 1330 1873 1409">
    <p class='ocr_par' dir='ltr' id='par_1_13' title="bbox 273 1330 1873 1409">
     <span class='ocr_line' id='line_1_13' title="bbox 273 1330 1873 1409; baseline -0.004 -21"><span class='ocrx_word' id='word_1_64' title='bbox 273 1338 384 1409; x_wconf 79' lang='grc' dir='ltr'>οἶμα</span> <span class='ocrx_word' id='word_1_65' title='bbox 433 1333 492 1389; x_wconf 75' lang='grc' dir='ltr'>δὲ</span> <span class='ocrx_word' id='word_1_66' title='bbox 548 1340 637 1387; x_wconf 80' lang='grc' dir='ltr'>καὶ</span> <span class='ocrx_word' id='word_1_67' title='bbox 677 1339 770 1393; x_wconf 76' lang='grc' dir='ltr'>τὴν</span> <span class='ocrx_word' id='word_1_68' title='bbox 830 1332 1078 1386; x_wconf 75' lang='grc' dir='ltr'>ἀπιστίαν</span> <span class='ocrx_word' id='word_1_69' title='bbox 1138 1330 1527 1407; x_wconf 73' lang='grc' dir='ltr'>διορθούμενον,</span> <span class='ocrx_word' id='word_1_70' title='bbox 1579 1331 1622 1384; x_wconf 88' lang='grc' dir='ltr'>εἰ</span> <span class='ocrx_word' id='word_1_71' title='bbox 1688 1334 1873 1383; x_wconf 79' lang='grc' dir='ltr'>τουτου</span> 
     </span>
    </p>
   </div>
   <div class='ocr_carea' id='block_1_14' title="bbox 272 1419 1876 1501">
    <p class='ocr_par' dir='ltr' id='par_1_14' title="bbox 272 1419 1876 1501">
     <span class='ocr_line' id='line_1_14' title="bbox 272 1419 1876 1501; baseline -0.005 -24"><span class='ocrx_word' id='word_1_72' title='bbox 272 1427 434 1501; x_wconf 91' lang='grc' dir='ltr'>χάριν</span> <span class='ocrx_word' id='word_1_73' title='bbox 457 1428 513 1476; x_wconf 90' lang='grc' dir='ltr'><strong>τό</strong></span> <span class='ocrx_word' id='word_1_74' title='bbox 542 1425 691 1477; x_wconf 86' lang='grc' dir='ltr'>πλέον</span> <span class='ocrx_word' id='word_1_75' title='bbox 734 1421 1025 1490; x_wconf 78' lang='grc' dir='ltr'>ἁπετίθουν,</span> <span class='ocrx_word' id='word_1_76' title='bbox 1087 1422 1212 1474; x_wconf 77' lang='grc' dir='ltr'>ὣστ’</span> <span class='ocrx_word' id='word_1_77' title='bbox 1267 1422 1415 1482; x_wconf 72' lang='grc' dir='ltr'>αὖθις</span> <span class='ocrx_word' id='word_1_78' title='bbox 1465 1422 1626 1492; x_wconf 80' lang='grc' dir='ltr'>ἔχειν,</span> <span class='ocrx_word' id='word_1_79' title='bbox 1681 1419 1876 1471; x_wconf 77' lang='grc' dir='ltr'>απιλεί-</span> 
     </span>
    </p>
   </div>
   <div class='ocr_carea' id='block_1_15' title="bbox 272 1508 1872 1584">
    <p class='ocr_par' dir='ltr' id='par_1_15' title="bbox 272 1508 1872 1584">
     <span class='ocr_line' id='line_1_15' title="bbox 272 1508 1872 1584; baseline -0.006 -18"><span class='ocrx_word' id='word_1_80' title='bbox 272 1533 454 1574; x_wconf 88' lang='grc' dir='ltr'>ποντος</span> <span class='ocrx_word' id='word_1_81' title='bbox 500 1520 591 1565; x_wconf 74' lang='grc' dir='ltr'><strong>τοῦ</strong></span> <span class='ocrx_word' id='word_1_82' title='bbox 644 1508 948 1584; x_wconf 80' lang='grc' dir='ltr'>διδομένου,</span> <span class='ocrx_word' id='word_1_83' title='bbox 994 1519 1066 1580; x_wconf 75' lang='grc' dir='ltr'>τῷ</span> <span class='ocrx_word' id='word_1_84' title='bbox 1112 1508 1424 1583; x_wconf 72' lang='grc' dir='ltr'>προλαϐόντι</span> <span class='ocrx_word' id='word_1_85' title='bbox 1606 1509 1872 1582; x_wconf 74' lang='grc' dir='ltr'>χρῆσθαι,</span> 
     </span>
    </p>
   </div>
   <div class='ocr_carea' id='block_1_16' title="bbox 271 1595 1873 1673">
    <p class='ocr_par' dir='ltr' id='par_1_16' title="bbox 271 1595 1873 1673">
     <span class='ocr_line' id='line_1_16' title="bbox 271 1595 1873 1673; baseline -0.005 -19"><span class='ocrx_word' id='word_1_86' title='bbox 271 1607 363 1654; x_wconf 84' lang='grc' dir='ltr'>καὶ</span> <span class='ocrx_word' id='word_1_87' title='bbox 406 1606 476 1673; x_wconf 77' lang='grc' dir='ltr'>μὴ</span> <span class='ocrx_word' id='word_1_88' title='bbox 529 1609 601 1670; x_wconf 80' lang='grc' dir='ltr'>τῷ</span> <span class='ocrx_word' id='word_1_89' title='bbox 665 1607 990 1673; x_wconf 74' lang='grc' dir='ltr'>χορηγοῦντι</span> <span class='ocrx_word' id='word_1_90' title='bbox 1041 1597 1346 1672; x_wconf 74' lang='grc' dir='ltr'>θαρροῦντες</span> <span class='ocrx_word' id='word_1_91' title='bbox 1425 1595 1558 1654; x_wconf 78' lang='grc' dir='ltr'>ἦσαν</span> <span class='ocrx_word' id='word_1_92' title='bbox 1633 1596 1710 1648; x_wconf 80' lang='grc' dir='ltr'>αεὶ</span> <span class='ocrx_word' id='word_1_93' title='bbox 1789 1599 1873 1647; x_wconf 82' lang='grc' dir='ltr'>καὶ</span> 
     </span>
    </p>
   </div>
   <div class='ocr_carea' id='block_1_17' title="bbox 276 1683 1869 1760">
    <p class='ocr_par' dir='ltr' id='par_1_17' title="bbox 276 1683 1869 1760">
     <span class='ocr_line' id='line_1_17' title="bbox 276 1683 1869 1760; baseline -0.006 -18"><span class='ocrx_word' id='word_1_94' title='bbox 276 1689 534 1748; x_wconf 74' lang='grc' dir='ltr'>πλουσίως</span> <span class='ocrx_word' id='word_1_95' title='bbox 596 1692 846 1760; x_wconf 88' lang='grc' dir='ltr'>παρέχειν</span> <span class='ocrx_word' id='word_1_96' title='bbox 911 1683 1266 1758; x_wconf 80' lang='grc' dir='ltr'>δεδυνημένῳ·</span> <span class='ocrx_word' id='word_1_97' title='bbox 1317 1693 1432 1745; x_wconf 80' lang='grc' dir='ltr'>Τοῖς</span> <span class='ocrx_word' id='word_1_98' title='bbox 1510 1687 1599 1757; x_wconf 73' lang='grc' dir='ltr'><strong>μέν</strong></span> <span class='ocrx_word' id='word_1_99' title='bbox 1678 1684 1765 1735; x_wconf 72' lang='grc' dir='ltr'>οὖν</span> <span class='ocrx_word' id='word_1_100' title='bbox 1841 1685 1869 1741; x_wconf 77' lang='grc' dir='ltr'><em>ὴ</em></span> 
     </span>
    </p>
   </div>
   <div class='ocr_carea' id='block_1_18' title="bbox 274 1769 1872 1852">
    <p class='ocr_par' dir='ltr' id='par_1_18' title="bbox 274 1769 1872 1852">
     <span class='ocr_line' id='line_1_18' title="bbox 274 1769 1872 1852; baseline -0.004 -24"><span class='ocrx_word' id='word_1_101' title='bbox 274 1776 479 1852; x_wconf 81' lang='grc' dir='ltr'>βρῶσις</span> <span class='ocrx_word' id='word_1_102' title='bbox 531 1776 836 1848; x_wconf 72' lang='grc' dir='ltr'>ἐπεστήριξε</span> <span class='ocrx_word' id='word_1_103' title='bbox 894 1778 987 1832; x_wconf 76' lang='grc' dir='ltr'><strong>την</strong></span> <span class='ocrx_word' id='word_1_104' title='bbox 1044 1771 1288 1848; x_wconf 78' lang='grc' dir='ltr'>καρδίαν,</span> <span class='ocrx_word' id='word_1_105' title='bbox 1336 1778 1522 1846; x_wconf 77' lang='grc' dir='ltr'>μηκέτι</span> <span class='ocrx_word' id='word_1_106' title='bbox 1577 1769 1872 1825; x_wconf 70' lang='grc' dir='ltr'>διαπιστεῖν</span> 
     </span>
    </p>
   </div>
   <div class='ocr_carea' id='block_1_19' title="bbox 1321 404 2569 464">
    <p class='ocr_par' dir='ltr' id='par_1_19' title="bbox 1321 404 2569 464">
     <span class='ocr_line' id='line_1_19' title="bbox 1321 404 2569 464; baseline -0.002 0"><span class='ocrx_word' id='word_1_107' title='bbox 1321 408 1413 464; x_wconf 84' lang='lat' dir='ltr'><strong>DE</strong></span> <span class='ocrx_word' id='word_1_108' title='bbox 1461 406 1678 464; x_wconf 87' lang='lat' dir='ltr'><strong>FESTO</strong></span> <span class='ocrx_word' id='word_1_109' title='bbox 1718 404 2168 463; x_wconf 75' lang='lat' dir='ltr'><strong>DORMITIONIS</strong></span> <span class='ocrx_word' id='word_1_110' title='bbox 2210 405 2268 462; x_wconf 90' lang='lat' dir='ltr'><strong>S.</strong></span> <span class='ocrx_word' id='word_1_111' title='bbox 2309 407 2569 463; x_wconf 71' lang='grc' dir='ltr'><strong>ΜΑΒΙᾸΞ.</strong></span> 
     </span>
    </p>
   </div>
   <div class='ocr_carea' id='block_1_20' title="bbox 1655 526 3640 601">
    <p class='ocr_par' dir='ltr' id='par_1_20' title="bbox 1655 526 3640 601">
     <span class='ocr_line' id='line_1_20' title="bbox 1655 526 3640 601; baseline 0.002 -19"><span class='ocrx_word' id='word_1_112' title='bbox 1655 534 1744 582; x_wconf 87' lang='grc' dir='ltr'>καὶ</span> <span class='ocrx_word' id='word_1_113' title='bbox 1813 532 1878 582; x_wconf 80' lang='grc' dir='ltr'><strong>τὰ</strong></span> <span class='ocrx_word' id='word_1_114' title='bbox 1904 532 1951 584; x_wconf 84' lang='grc' dir='ltr'><strong>Α</strong></span> <span class='ocrx_word' id='word_1_115' title='bbox 1987 544 2122 601; x_wconf 67' lang='lat' dir='ltr'><strong>quae</strong></span> <span class='ocrx_word' id='word_1_116' title='bbox 2153 530 2316 601; x_wconf 89' lang='lat' dir='ltr'><strong>prius</strong></span> <span class='ocrx_word' id='word_1_117' title='bbox 2347 530 2557 588; x_wconf 82' lang='lat' dir='ltr'><strong>eﬂ‘ecta</strong></span> <span class='ocrx_word' id='word_1_118' title='bbox 2578 529 2832 585; x_wconf 85' lang='lat' dir='ltr'><strong>fuerant.</strong></span> <span class='ocrx_word' id='word_1_119' title='bbox 2861 529 2927 586; x_wconf 87' lang='lat' dir='ltr'><strong>Et</strong></span> <span class='ocrx_word' id='word_1_120' title='bbox 2946 526 3050 601; x_wconf 91' lang='lat' dir='ltr'><strong>qui</strong></span> <span class='ocrx_word' id='word_1_121' title='bbox 3070 541 3257 600; x_wconf 90' lang='lat' dir='ltr'><strong>panes</strong></span> <span class='ocrx_word' id='word_1_122' title='bbox 3282 542 3403 585; x_wconf 89' lang='lat' dir='ltr'><strong>non</strong></span> <span class='ocrx_word' id='word_1_123' title='bbox 3443 527 3640 586; x_wconf 89' lang='lat' dir='ltr'><strong>habe-</strong></span> 
     </span>
    </p>
   </div>
   <div class='ocr_carea' id='block_1_21' title="bbox 3504 410 3639 464">
    <p class='ocr_par' dir='ltr' id='par_1_21' title="bbox 3504 410 3639 464">
     <span class='ocr_line' id='line_1_21' title="bbox 3504 410 3639 464; baseline 0.015 -2"><span class='ocrx_word' id='word_1_124' title='bbox 3504 410 3639 464; x_wconf 73' lang='grc'><strong>1506</strong></span> 
     </span>
    </p>
   </div>
   <div class='ocr_carea' id='block_1_22' title="bbox 1986 617 3644 690">
    <p class='ocr_par' dir='ltr' id='par_1_22' title="bbox 1986 617 3644 690">
     <span class='ocr_line' id='line_1_22' title="bbox 1986 617 3644 690; baseline 0.001 -17"><span class='ocrx_word' id='word_1_125' title='bbox 1986 619 2133 674; x_wconf 91' lang='lat' dir='ltr'><strong>bant</strong></span> <span class='ocrx_word' id='word_1_126' title='bbox 2153 619 2673 676; x_wconf 90' lang='lat' dir='ltr'><strong>manducaverunt</strong></span> <span class='ocrx_word' id='word_1_127' title='bbox 2694 633 2938 686; x_wconf 90' lang='lat' dir='ltr'><strong>manna,</strong></span> <span class='ocrx_word' id='word_1_128' title='bbox 2961 633 3184 674; x_wconf 90' lang='lat' dir='ltr'><strong>novum</strong></span> <span class='ocrx_word' id='word_1_129' title='bbox 3206 617 3519 690; x_wconf 82' lang='lat' dir='ltr'><strong>quoddam</strong></span> <span class='ocrx_word' id='word_1_130' title='bbox 3541 618 3644 675; x_wconf 85' lang='lat' dir='ltr'><strong>ali-</strong></span> 
     </span>
    </p>
   </div>
   <div class='ocr_carea' id='block_1_23' title="bbox 1985 705 3645 780">
    <p class='ocr_par' dir='ltr' id='par_1_23' title="bbox 1985 705 3645 780">
     <span class='ocr_line' id='line_1_23' title="bbox 1985 705 3645 780; baseline 0.001 -19"><span class='ocrx_word' id='word_1_131' title='bbox 1985 712 2276 773; x_wconf 82' lang='lat' dir='ltr'><strong>mentum,</strong></span> <span class='ocrx_word' id='word_1_132' title='bbox 2294 707 2481 764; x_wconf 91' lang='lat' dir='ltr'><strong>multo</strong></span> <span class='ocrx_word' id='word_1_133' title='bbox 2499 723 2684 780; x_wconf 89' lang='lat' dir='ltr'><strong>quam</strong></span> <span class='ocrx_word' id='word_1_134' title='bbox 2701 705 3085 779; x_wconf 80' lang='lat' dir='ltr'><strong>postulabant</strong></span> <span class='ocrx_word' id='word_1_135' title='bbox 3101 706 3434 778; x_wconf 82' lang='lat' dir='ltr'><strong>pretiosius,</strong></span> <span class='ocrx_word' id='word_1_136' title='bbox 3465 707 3645 763; x_wconf 88' lang='lat' dir='ltr'>simul</span> 
     </span>
    </p>
   </div>
   <div class='ocr_carea' id='block_1_24' title="bbox 1988 793 3642 868">
    <p class='ocr_par' dir='ltr' id='par_1_24' title="bbox 1988 793 3642 868">
     <span class='ocr_line' id='line_1_24' title="bbox 1988 793 3642 868; baseline 0.001 -19"><span class='ocrx_word' id='word_1_137' title='bbox 1988 794 2308 852; x_wconf 88' lang='lat' dir='ltr'><strong>abundans</strong></span> <span class='ocrx_word' id='word_1_138' title='bbox 2337 802 2394 853; x_wconf 92' lang='lat' dir='ltr'><strong>et</strong></span> <span class='ocrx_word' id='word_1_139' title='bbox 2429 797 2586 853; x_wconf 90' lang='lat' dir='ltr'><strong>lectu</strong></span> <span class='ocrx_word' id='word_1_140' title='bbox 2616 795 2786 852; x_wconf 84' lang='lat' dir='ltr'><strong>facile</strong></span> <span class='ocrx_word' id='word_1_141' title='bbox 2812 795 2903 850; x_wconf 88' lang='lat' dir='ltr'><strong>his</strong></span> <span class='ocrx_word' id='word_1_142' title='bbox 2930 795 3034 868; x_wconf 86' lang='lat' dir='ltr'><strong>qui</strong></span> <span class='ocrx_word' id='word_1_143' title='bbox 3063 793 3208 850; x_wconf 90' lang='lat' dir='ltr'><strong>illub</strong></span> <span class='ocrx_word' id='word_1_144' title='bbox 3237 795 3642 868; x_wconf 84' lang='lat' dir='ltr'><strong>requirebant.</strong></span> 
     </span>
    </p>
   </div>
   <div class='ocr_carea' id='block_1_25' title="bbox 1990 883 3645 956">
    <p class='ocr_par' dir='ltr' id='par_1_25' title="bbox 1990 883 3645 956">
     <span class='ocr_line' id='line_1_25' title="bbox 1990 883 3645 956; baseline 0.002 -18"><span class='ocrx_word' id='word_1_145' title='bbox 1990 883 2226 940; x_wconf 88' lang='lat' dir='ltr'><strong>Licebat</strong></span> <span class='ocrx_word' id='word_1_146' title='bbox 2263 885 2423 941; x_wconf 91' lang='lat' dir='ltr'><strong>enim</strong></span> <span class='ocrx_word' id='word_1_147' title='bbox 2461 900 2768 941; x_wconf 87' lang='lat' dir='ltr'><strong>assumere</strong></span> <span class='ocrx_word' id='word_1_148' title='bbox 2801 900 2922 940; x_wconf 95' lang='lat' dir='ltr'><strong>non</strong></span> <span class='ocrx_word' id='word_1_149' title='bbox 2962 883 3157 940; x_wconf 91' lang='lat' dir='ltr'><strong>solum</strong></span> <span class='ocrx_word' id='word_1_150' title='bbox 3205 888 3502 956; x_wconf 89' lang='lat' dir='ltr'><strong>quantum</strong></span> <span class='ocrx_word' id='word_1_151' title='bbox 3539 900 3645 941; x_wconf 83' lang='lat' dir='ltr'><strong>ne-</strong></span> 
     </span>
    </p>
   </div>
   <div class='ocr_carea' id='block_1_26' title="bbox 1989 973 3649 1045">
    <p class='ocr_par' dir='ltr' id='par_1_26' title="bbox 1989 973 3649 1045">
     <span class='ocr_line' id='line_1_26' title="bbox 1989 973 3649 1045; baseline 0.001 -16"><span class='ocrx_word' id='word_1_152' title='bbox 1989 974 2590 1044; x_wconf 80' lang='lat' dir='ltr'><strong>cessitatisuﬁiceret,</strong></span> <span class='ocrx_word' id='word_1_153' title='bbox 2645 974 2750 1030; x_wconf 89' lang='lat' dir='ltr'><strong>sed</strong></span> <span class='ocrx_word' id='word_1_154' title='bbox 2800 978 2979 1029; x_wconf 78' lang='lat' dir='ltr'><strong>etiam</strong></span> <span class='ocrx_word' id='word_1_155' title='bbox 3037 973 3260 1030; x_wconf 87' lang='lat' dir='ltr'><strong>habere</strong></span> <span class='ocrx_word' id='word_1_156' title='bbox 3327 973 3492 1045; x_wconf 90' lang='lat' dir='ltr'><strong>quod</strong></span> <span class='ocrx_word' id='word_1_157' title='bbox 3549 989 3649 1030; x_wconf 87' lang='lat' dir='ltr'><strong>su-</strong></span> 
     </span>
    </p>
   </div>
   <div class='ocr_carea' id='block_1_27' title="bbox 1989 1061 3646 1134">
    <p class='ocr_par' dir='ltr' id='par_1_27' title="bbox 1989 1061 3646 1134">
     <span class='ocr_line' id='line_1_27' title="bbox 1989 1061 3646 1134; baseline 0.001 -17"><span class='ocrx_word' id='word_1_158' title='bbox 1989 1061 2284 1133; x_wconf 86' lang='lat' dir='ltr'><strong>perﬂuum</strong></span> <span class='ocrx_word' id='word_1_159' title='bbox 2319 1062 2685 1134; x_wconf 88' lang='lat' dir='ltr'><strong>perderctur,</strong></span> <span class='ocrx_word' id='word_1_160' title='bbox 2727 1061 3052 1133; x_wconf 87' lang='lat' dir='ltr'><strong>inutileque</strong></span> <span class='ocrx_word' id='word_1_161' title='bbox 3103 1061 3180 1116; x_wconf 88' lang='lat' dir='ltr'><strong>ad</strong></span> <span class='ocrx_word' id='word_1_162' title='bbox 3224 1077 3646 1134; x_wconf 85' lang='lat' dir='ltr'><strong>quemcunque</strong></span> 
     </span>
    </p>
   </div>
   <div class='ocr_carea' id='block_1_28' title="bbox 1988 1148 3646 1216">
    <p class='ocr_par' dir='ltr' id='par_1_28' title="bbox 1988 1148 3646 1216">
     <span class='ocr_line' id='line_1_28' title="bbox 1988 1148 3646 1216; baseline -0.001 -10"><span class='ocrx_word' id='word_1_163' title='bbox 1988 1167 2186 1206; x_wconf 89' lang='lat' dir='ltr'><strong>usum.</strong></span> <span class='ocrx_word' id='word_1_164' title='bbox 2218 1150 2480 1206; x_wconf 85' lang='lat' dir='ltr'><strong>Alterum</strong></span> <span class='ocrx_word' id='word_1_165' title='bbox 2512 1157 2667 1207; x_wconf 89' lang='lat' dir='ltr'><strong>certe</strong></span> <span class='ocrx_word' id='word_1_166' title='bbox 2718 1150 2803 1206; x_wconf 90' lang='lat' dir='ltr'><strong>sic</strong></span> <span class='ocrx_word' id='word_1_167' title='bbox 2867 1148 3206 1206; x_wconf 88' lang='lat' dir='ltr'><strong>habebatur</strong></span> <span class='ocrx_word' id='word_1_168' title='bbox 3256 1149 3646 1216; x_wconf 86' lang='lat' dir='ltr'><strong>miraculum,</strong></span> 
     </span>
    </p>
   </div>
   <div class='ocr_carea' id='block_1_29' title="bbox 1986 1238 3648 1312">
    <p class='ocr_par' dir='ltr' id='par_1_29' title="bbox 1986 1238 3648 1312">
     <span class='ocr_line' id='line_1_29' title="bbox 1986 1238 3648 1312; baseline 0 -18"><span class='ocrx_word' id='word_1_169' title='bbox 1986 1239 2151 1312; x_wconf 86' lang='lat' dir='ltr'><strong>quod</strong></span> <span class='ocrx_word' id='word_1_170' title='bbox 2169 1239 2599 1296; x_wconf 70' lang='lat' dir='ltr'><strong>excludebatur</strong></span> <span class='ocrx_word' id='word_1_171' title='bbox 2622 1238 2976 1295; x_wconf 87' lang='lat' dir='ltr'><strong>insatiabilis</strong></span> <span class='ocrx_word' id='word_1_172' title='bbox 3003 1239 3364 1310; x_wconf 89' lang='lat' dir='ltr'><strong>appetentia,</strong></span> <span class='ocrx_word' id='word_1_173' title='bbox 3391 1243 3447 1294; x_wconf 90' lang='lat' dir='ltr'><strong>et</strong></span> <span class='ocrx_word' id='word_1_174' title='bbox 3468 1238 3648 1294; x_wconf 88' lang='lat' dir='ltr'><strong>simul</strong></span> 
     </span>
    </p>
   </div>
   <div class='ocr_carea' id='block_1_30' title="bbox 1985 1327 3647 1400">
    <p class='ocr_par' dir='ltr' id='par_1_30' title="bbox 1985 1327 3647 1400">
     <span class='ocr_line' id='line_1_30' title="bbox 1985 1327 3647 1400; baseline -0.002 -16"><span class='ocrx_word' id='word_1_175' title='bbox 1985 1327 2806 1397; x_wconf 84' lang='lat' dir='ltr'><strong>corrigebaturincredulitas,</strong></span> <span class='ocrx_word' id='word_1_176' title='bbox 2830 1327 2976 1382; x_wconf 88' lang='lat' dir='ltr'><strong>dum</strong></span> <span class='ocrx_word' id='word_1_177' title='bbox 3001 1328 3047 1382; x_wconf 90' lang='lat' dir='ltr'><strong>si</strong></span> <span class='ocrx_word' id='word_1_178' title='bbox 3070 1333 3311 1400; x_wconf 81' lang='lat' dir='ltr'><strong>propter</strong></span> <span class='ocrx_word' id='word_1_179' title='bbox 3327 1327 3647 1384; x_wconf 84' lang='lat' dir='ltr'><strong>abundan-</strong></span> 
     </span>
    </p>
   </div>
   <div class='ocr_carea' id='block_1_31' title="bbox 1986 1415 3642 1488">
    <p class='ocr_par' dir='ltr' id='par_1_31' title="bbox 1986 1415 3642 1488">
     <span class='ocr_line' id='line_1_31' title="bbox 1986 1415 3642 1488; baseline -0.001 -16"><span class='ocrx_word' id='word_1_180' title='bbox 1986 1417 2127 1472; x_wconf 84' lang='lat' dir='ltr'><strong>tiam</strong></span> <span class='ocrx_word' id='word_1_181' title='bbox 2155 1415 2288 1488; x_wconf 88' lang='lat' dir='ltr'><strong>plus</strong></span> <span class='ocrx_word' id='word_1_182' title='bbox 2321 1431 2507 1487; x_wconf 88' lang='lat' dir='ltr'><strong>quam</strong></span> <span class='ocrx_word' id='word_1_183' title='bbox 2535 1416 2676 1472; x_wconf 87' lang='lat' dir='ltr'><strong>satis</strong></span> <span class='ocrx_word' id='word_1_184' title='bbox 2705 1420 2832 1472; x_wconf 89' lang='lat' dir='ltr'><strong>erat</strong></span> <span class='ocrx_word' id='word_1_185' title='bbox 2861 1415 3252 1485; x_wconf 89' lang='lat' dir='ltr'><strong>colligeretur.</strong></span> <span class='ocrx_word' id='word_1_186' title='bbox 3287 1415 3367 1471; x_wconf 91' lang='lat' dir='ltr'><strong>ad</strong></span> <span class='ocrx_word' id='word_1_187' title='bbox 3390 1431 3642 1470; x_wconf 86' lang='lat' dir='ltr'><strong>servan-</strong></span> 
     </span>
    </p>
   </div>
   <div class='ocr_carea' id='block_1_32' title="bbox 1983 1503 3646 1575">
    <p class='ocr_par' dir='ltr' id='par_1_32' title="bbox 1983 1503 3646 1575">
     <span class='ocr_line' id='line_1_32' title="bbox 1983 1503 3646 1575; baseline -0.001 -15"><span class='ocrx_word' id='word_1_188' title='bbox 1983 1505 2129 1560; x_wconf 89' lang='lat' dir='ltr'><strong>dum</strong></span> <span class='ocrx_word' id='word_1_189' title='bbox 2157 1505 2217 1560; x_wconf 90' lang='lat' dir='ltr'><strong>in</strong></span> <span class='ocrx_word' id='word_1_190' title='bbox 2247 1504 2535 1575; x_wconf 85' lang='lat' dir='ltr'><strong>futurum,</strong></span> <span class='ocrx_word' id='word_1_191' title='bbox 2594 1505 2697 1567; x_wconf 91' lang='lat' dir='ltr'><strong>sic,</strong></span> <span class='ocrx_word' id='word_1_192' title='bbox 2752 1504 3062 1560; x_wconf 89' lang='lat' dir='ltr'><strong>deﬁciente</strong></span> <span class='ocrx_word' id='word_1_193' title='bbox 3119 1503 3322 1560; x_wconf 84' lang='lat' dir='ltr'><strong>forsan</strong></span> <span class='ocrx_word' id='word_1_194' title='bbox 3364 1503 3646 1574; x_wconf 83' lang='lat' dir='ltr'><strong>donante,</strong></span> 
     </span>
    </p>
   </div>
   <div class='ocr_carea' id='block_1_33' title="bbox 1984 1592 3649 1665">
    <p class='ocr_par' dir='ltr' id='par_1_33' title="bbox 1984 1592 3649 1665">
     <span class='ocr_line' id='line_1_33' title="bbox 1984 1592 3649 1665; baseline -0.001 -16"><span class='ocrx_word' id='word_1_195' title='bbox 1984 1592 2284 1664; x_wconf 89' lang='lat' dir='ltr'><strong>accipiens</strong></span> <span class='ocrx_word' id='word_1_196' title='bbox 2317 1593 2629 1658; x_wconf 79' lang='lat' dir='ltr'><strong>frueretur,</strong></span> <span class='ocrx_word' id='word_1_197' title='bbox 2666 1608 2790 1649; x_wconf 90' lang='lat' dir='ltr'><strong>non</strong></span> <span class='ocrx_word' id='word_1_198' title='bbox 2822 1592 3109 1665; x_wconf 84' lang='lat' dir='ltr'><strong>possibile</strong></span> <span class='ocrx_word' id='word_1_199' title='bbox 3159 1592 3327 1658; x_wconf 86' lang='lat' dir='ltr'><strong>foret,</strong></span> <span class='ocrx_word' id='word_1_200' title='bbox 3386 1592 3531 1665; x_wconf 90' lang='lat' dir='ltr'><strong>quia</strong></span> <span class='ocrx_word' id='word_1_201' title='bbox 3565 1592 3649 1648; x_wconf 88' lang='lat' dir='ltr'><strong>sic</strong></span> 
     </span>
    </p>
   </div>
   <div class='ocr_carea' id='block_1_34' title="bbox 1984 1680 3650 1753">
    <p class='ocr_par' dir='ltr' id='par_1_34' title="bbox 1984 1680 3650 1753">
     <span class='ocr_line' id='line_1_34' title="bbox 1984 1680 3650 1753; baseline 0.001 -16"><span class='ocrx_word' id='word_1_202' title='bbox 1984 1697 2106 1737; x_wconf 89' lang='lat' dir='ltr'><strong>non</strong></span> <span class='ocrx_word' id='word_1_203' title='bbox 2142 1680 2529 1738; x_wconf 86' lang='lat' dir='ltr'><strong>contidedant</strong></span> <span class='ocrx_word' id='word_1_204' title='bbox 2557 1681 2695 1737; x_wconf 88' lang='lat' dir='ltr'><strong>duci</strong></span> <span class='ocrx_word' id='word_1_205' title='bbox 2723 1697 2834 1738; x_wconf 88' lang='lat' dir='ltr'><strong>suo</strong></span> <span class='ocrx_word' id='word_1_206' title='bbox 2883 1681 3056 1753; x_wconf 90' lang='lat' dir='ltr'><strong>quasi</strong></span> <span class='ocrx_word' id='word_1_207' title='bbox 3096 1696 3219 1738; x_wconf 92' lang='lat' dir='ltr'><strong>non</strong></span> <span class='ocrx_word' id='word_1_208' title='bbox 3248 1681 3454 1737; x_wconf 86' lang='lat' dir='ltr'><strong>valens</strong></span> <span class='ocrx_word' id='word_1_209' title='bbox 3493 1685 3650 1738; x_wconf 90' lang='lat' dir='ltr'><strong>esset</strong></span> 
     </span>
    </p>
   </div>
   <div class='ocr_carea' id='block_1_35' title="bbox 1984 1769 3648 1842">
    <p class='ocr_par' dir='ltr' id='par_1_35' title="bbox 1984 1769 3648 1842">
     <span class='ocr_line' id='line_1_35' title="bbox 1984 1769 3648 1842; baseline 0.001 -16"><span class='ocrx_word' id='word_1_210' title='bbox 1984 1771 2061 1826; x_wconf 87' lang='lat' dir='ltr'><strong>ad</strong></span> <span class='ocrx_word' id='word_1_211' title='bbox 2111 1769 2384 1826; x_wconf 88' lang='lat' dir='ltr'><strong>dandum</strong></span> <span class='ocrx_word' id='word_1_212' title='bbox 2414 1776 2471 1826; x_wconf 92' lang='lat' dir='ltr'><strong>et</strong></span> <span class='ocrx_word' id='word_1_213' title='bbox 2504 1786 2742 1842; x_wconf 84' lang='lat' dir='ltr'><strong>semper</strong></span> <span class='ocrx_word' id='word_1_214' title='bbox 2780 1776 2835 1826; x_wconf 89' lang='lat' dir='ltr'><strong>et</strong></span> <span class='ocrx_word' id='word_1_215' title='bbox 2880 1769 3316 1827; x_wconf 80' lang='lat' dir='ltr'><strong>adundantius.</strong></span> <span class='ocrx_word' id='word_1_216' title='bbox 3358 1770 3475 1826; x_wconf 90' lang='lat' dir='ltr'><strong>Illis</strong></span> <span class='ocrx_word' id='word_1_217' title='bbox 3505 1785 3648 1840; x_wconf 83' lang='lat' dir='ltr'><strong>ergo</strong></span> 
     </span>
    </p>
   </div>
   <div class='ocr_carea' id='block_1_36' title="bbox 273 1858 2024 1936">
    <p class='ocr_par' dir='ltr' id='par_1_36' title="bbox 273 1860 2024 1936">
     <span class='ocr_line' id='line_1_36' title="bbox 273 1860 2024 1936; baseline -0.002 -18"><span class='ocrx_word' id='word_1_218' title='bbox 273 1865 352 1919; x_wconf 71' lang='grc' dir='ltr'><strong>ἐπ’</strong></span> <span class='ocrx_word' id='word_1_219' title='bbox 383 1862 558 1918; x_wconf 69' lang='grc' dir='ltr'>οῧδενὶ</span> <span class='ocrx_word' id='word_1_220' title='bbox 613 1872 712 1916; x_wconf 86' lang='grc' dir='ltr'><strong>τῶν</strong></span> <span class='ocrx_word' id='word_1_221' title='bbox 774 1862 1002 1936; x_wconf 81' lang='grc' dir='ltr'>ἀπόρων,</span> <span class='ocrx_word' id='word_1_222' title='bbox 1061 1867 1129 1923; x_wconf 78' lang='grc' dir='ltr'><strong>ως</strong></span> <span class='ocrx_word' id='word_1_223' title='bbox 1177 1863 1304 1934; x_wconf 69' lang='grc' dir='ltr'>ουχὶ</span> <span class='ocrx_word' id='word_1_224' title='bbox 1356 1869 1630 1934; x_wconf 69' lang='grc' dir='ltr'>γενήσεται</span> <span class='ocrx_word' id='word_1_225' title='bbox 1674 1864 1872 1922; x_wconf 73' lang='grc' dir='ltr'>τούτοις</span> <span class='ocrx_word' id='word_1_226' title='bbox 1904 1879 1944 1933; x_wconf 82' lang='grc' dir='ltr'>Β</span> <span class='ocrx_word' id='word_1_227' title='bbox 1983 1860 2024 1914; x_wconf 73' lang='lat' dir='ltr'><strong>ci</strong></span> 
     </span>
    </p>
   </div>
   <div class='ocr_carea' id='block_1_37' title="bbox 1898 1858 3649 1936">
    <p class='ocr_par' dir='ltr' id='par_1_37' title="bbox 1904 1858 3649 1933">
     <span class='ocr_line' id='line_1_37' title="bbox 1904 1858 3649 1933; baseline 0 -19"><span class='ocrx_word' id='word_1_228' title='bbox 1904 1879 1944 1933; x_wconf 79' lang='grc' dir='ltr'>Β</span> <span class='ocrx_word' id='word_1_229' title='bbox 1983 1859 2152 1914; x_wconf 90' lang='lat' dir='ltr'><strong>cibus</strong></span> <span class='ocrx_word' id='word_1_230' title='bbox 2186 1858 2281 1914; x_wconf 88' lang='lat' dir='ltr'><strong>ille</strong></span> <span class='ocrx_word' id='word_1_231' title='bbox 2323 1858 2674 1915; x_wconf 82' lang='lat' dir='ltr'><strong>refocillavit</strong></span> <span class='ocrx_word' id='word_1_232' title='bbox 2711 1875 2834 1929; x_wconf 92' lang='lat' dir='ltr'><strong>cor,</strong></span> <span class='ocrx_word' id='word_1_233' title='bbox 2874 1874 2949 1915; x_wconf 91' lang='lat' dir='ltr'><strong>ne</strong></span> <span class='ocrx_word' id='word_1_234' title='bbox 2988 1860 3192 1915; x_wconf 89' lang='lat' dir='ltr'><strong>animo</strong></span> <span class='ocrx_word' id='word_1_235' title='bbox 3235 1859 3649 1929; x_wconf 82' lang='lat' dir='ltr'><strong>frangerentur</strong></span> 
     </span>
    </p>
   </div>
   <div class='ocr_carea' id='block_1_38' title="bbox 275 1950 1873 2028">
    <p class='ocr_par' dir='ltr' id='par_1_38' title="bbox 275 1950 1873 2028">
     <span class='ocr_line' id='line_1_38' title="bbox 275 1950 1873 2028; baseline -0.003 -22"><span class='ocrx_word' id='word_1_236' title='bbox 275 1953 647 2027; x_wconf 72' lang='grc' dir='ltr'>ἐπιστρέφουσι</span> <span class='ocrx_word' id='word_1_237' title='bbox 693 1957 824 2028; x_wconf 87' lang='grc' dir='ltr'>πρὸς</span> <span class='ocrx_word' id='word_1_238' title='bbox 871 1955 1000 2005; x_wconf 85' lang='grc' dir='ltr'><strong>Θεὸν</strong></span> <span class='ocrx_word' id='word_1_239' title='bbox 1052 1957 1143 2004; x_wconf 83' lang='grc' dir='ltr'>καὶ</span> <span class='ocrx_word' id='word_1_240' title='bbox 1215 1956 1442 2022; x_wconf 85' lang='grc' dir='ltr'>γνησίως</span> <span class='ocrx_word' id='word_1_241' title='bbox 1529 1950 1873 2023; x_wconf 84' lang='grc' dir='ltr'>ἐπικαλουμέ-</span> 
     </span>
    </p>
   </div>
   <div class='ocr_carea' id='block_1_39' title="bbox 274 2038 1872 2112">
    <p class='ocr_par' dir='ltr' id='par_1_39' title="bbox 274 2038 1872 2112">
     <span class='ocr_line' id='line_1_39' title="bbox 274 2038 1872 2112; baseline -0.002 -17"><span class='ocrx_word' id='word_1_242' title='bbox 274 2063 402 2111; x_wconf 88' lang='grc' dir='ltr'>νοις,</span> <span class='ocrx_word' id='word_1_243' title='bbox 431 2044 568 2095; x_wconf 81' lang='grc' dir='ltr'>καθὰ</span> <span class='ocrx_word' id='word_1_244' title='bbox 589 2038 830 2099; x_wconf 77' lang='grc' dir='ltr'>δηλονότι</span> <span class='ocrx_word' id='word_1_245' title='bbox 883 2045 973 2092; x_wconf 84' lang='grc' dir='ltr'>καὶ</span> <span class='ocrx_word' id='word_1_246' title='bbox 1030 2049 1222 2100; x_wconf 78' lang='grc' dir='ltr'>Μωσῆς</span> <span class='ocrx_word' id='word_1_247' title='bbox 1398 2042 1423 2091; x_wconf 89' lang='grc' dir='ltr'><strong>ό</strong></span> <span class='ocrx_word' id='word_1_248' title='bbox 1484 2045 1641 2112; x_wconf 85' lang='grc' dir='ltr'>μέγας</span> <span class='ocrx_word' id='word_1_249' title='bbox 1681 2039 1872 2092; x_wconf 80' lang='grc' dir='ltr'>ἐκείνου</span> 
     </span>
    </p>
   </div>
   <div class='ocr_carea' id='block_1_40' title="bbox 280 2126 1875 2206">
    <p class='ocr_par' dir='ltr' id='par_1_40' title="bbox 280 2126 1875 2206">
     <span class='ocr_line' id='line_1_40' title="bbox 280 2126 1875 2206; baseline -0.005 -21"><span class='ocrx_word' id='word_1_250' title='bbox 280 2133 512 2206; x_wconf 80' lang='grc' dir='ltr'>θεράπων</span> <span class='ocrx_word' id='word_1_251' title='bbox 589 2135 800 2202; x_wconf 78' lang='grc' dir='ltr'>γνήσιος</span> <span class='ocrx_word' id='word_1_252' title='bbox 860 2130 998 2200; x_wconf 68' lang='grc' dir='ltr'><strong>αὖτῴ</strong></span> <span class='ocrx_word' id='word_1_253' title='bbox 1062 2134 1323 2203; x_wconf 82' lang='grc' dir='ltr'>γενόμενος</span> <span class='ocrx_word' id='word_1_254' title='bbox 1374 2131 1504 2201; x_wconf 83' lang='grc' dir='ltr'>μετὰ</span> <span class='ocrx_word' id='word_1_255' title='bbox 1575 2126 1875 2202; x_wconf 74' lang='grc' dir='ltr'>παρρησίας</span> 
     </span>
    </p>
   </div>
   <div class='ocr_carea' id='block_1_41' title="bbox 277 2217 1875 2290">
    <p class='ocr_par' dir='ltr' id='par_1_41' title="bbox 277 2217 1875 2290">
     <span class='ocr_line' id='line_1_41' title="bbox 277 2217 1875 2290; baseline -0.003 -18"><span class='ocrx_word' id='word_1_256' title='bbox 277 2218 589 2286; x_wconf 71' lang='grc' dir='ltr'>ἐπεκαλεῖτο,</span> <span class='ocrx_word' id='word_1_257' title='bbox 649 2224 739 2271; x_wconf 85' lang='grc' dir='ltr'>καὶ</span> <span class='ocrx_word' id='word_1_258' title='bbox 799 2218 948 2270; x_wconf 86' lang='grc' dir='ltr'>πάντ’</span> <span class='ocrx_word' id='word_1_259' title='bbox 1000 2221 1139 2290; x_wconf 83' lang='grc' dir='ltr'>εἶχεν</span> <span class='ocrx_word' id='word_1_260' title='bbox 1188 2219 1339 2280; x_wconf 65' lang='grc' dir='ltr'>εὐθὺς</span> <span class='ocrx_word' id='word_1_261' title='bbox 1391 2217 1696 2270; x_wconf 78' lang='grc' dir='ltr'>ἀπαντῶντα</span> <span class='ocrx_word' id='word_1_262' title='bbox 1745 2218 1875 2290; x_wconf 83' lang='grc' dir='ltr'>πρὸς</span> 
     </span>
    </p>
   </div>
   <div class='ocr_carea' id='block_1_42' title="bbox 275 2304 1876 2382">
    <p class='ocr_par' dir='ltr' id='par_1_42' title="bbox 275 2304 1876 2382">
     <span class='ocr_line' id='line_1_42' title="bbox 275 2304 1876 2382; baseline -0.002 -21"><span class='ocrx_word' id='word_1_263' title='bbox 275 2311 366 2371; x_wconf 80' lang='grc' dir='ltr'><strong>τὰς</strong></span> <span class='ocrx_word' id='word_1_264' title='bbox 392 2309 647 2369; x_wconf 74' lang='grc' dir='ltr'><strong>αἰτησεις⁹</strong></span> <span class='ocrx_word' id='word_1_265' title='bbox 682 2307 986 2382; x_wconf 71' lang='grc' dir='ltr'>ἐπεστήριξε</span> <span class='ocrx_word' id='word_1_266' title='bbox 1033 2304 1082 2360; x_wconf 82' lang='grc' dir='ltr'>δ’</span> <span class='ocrx_word' id='word_1_267' title='bbox 1129 2307 1318 2380; x_wconf 80' lang='grc' dir='ltr'>ὁμοίως</span> <span class='ocrx_word' id='word_1_268' title='bbox 1362 2308 1419 2360; x_wconf 70' lang='grc' dir='ltr'><strong>ον</strong></span> <span class='ocrx_word' id='word_1_269' title='bbox 1464 2311 1583 2368; x_wconf 72' lang='grc' dir='ltr'>τοὺς</span> <span class='ocrx_word' id='word_1_270' title='bbox 1639 2308 1719 2378; x_wconf 66' lang='grc'><strong>(4)</strong></span> <span class='ocrx_word' id='word_1_271' title='bbox 1764 2311 1876 2358; x_wconf 87' lang='grc' dir='ltr'>τότε</span> 
     </span>
    </p>
   </div>
   <div class='ocr_carea' id='block_1_43' title="bbox 275 2395 1877 2470">
    <p class='ocr_par' dir='ltr' id='par_1_43' title="bbox 275 2395 1877 2470">
     <span class='ocr_line' id='line_1_43' title="bbox 275 2395 1877 2470; baseline -0.01 -9"><span class='ocrx_word' id='word_1_272' title='bbox 275 2402 460 2470; x_wconf 77' lang='grc' dir='ltr'>μονὸυς</span> <span class='ocrx_word' id='word_1_273' title='bbox 506 2405 605 2448; x_wconf 76' lang='grc' dir='ltr'>τῶν</span> <span class='ocrx_word' id='word_1_274' title='bbox 691 2395 995 2470; x_wconf 78' lang='grc' dir='ltr'>ἀνθρώπων,</span> <span class='ocrx_word' id='word_1_275' title='bbox 1081 2395 1208 2448; x_wconf 78' lang='grc' dir='ltr'>ἀλλὰ</span> <span class='ocrx_word' id='word_1_276' title='bbox 1285 2401 1375 2449; x_wconf 88' lang='grc' dir='ltr'>καὶ</span> <span class='ocrx_word' id='word_1_277' title='bbox 1461 2401 1576 2457; x_wconf 72' lang='grc' dir='ltr'>τοὺς</span> <span class='ocrx_word' id='word_1_278' title='bbox 1655 2395 1877 2458; x_wconf 70' lang='grc' dir='ltr'>καθεξῆς</span> 
     </span>
    </p>
   </div>
   <div class='ocr_carea' id='block_1_44' title="bbox 274 2481 1876 2558">
    <p class='ocr_par' dir='ltr' id='par_1_44' title="bbox 274 2481 1876 2558">
     <span class='ocr_line' id='line_1_44' title="bbox 274 2481 1876 2558; baseline -0.001 -20"><span class='ocrx_word' id='word_1_279' title='bbox 274 2487 507 2548; x_wconf 78' lang='grc' dir='ltr'>ἅπαντας</span> <span class='ocrx_word' id='word_1_280' title='bbox 533 2490 632 2558; x_wconf 85' lang='grc' dir='ltr'>μὴ,</span> <span class='ocrx_word' id='word_1_281' title='bbox 660 2489 732 2557; x_wconf 84' lang='grc' dir='ltr'>μὴ</span> <span class='ocrx_word' id='word_1_282' title='bbox 767 2481 1064 2538; x_wconf 77' lang='grc' dir='ltr'>διαπιστεῖν</span> <span class='ocrx_word' id='word_1_283' title='bbox 1094 2485 1337 2558; x_wconf 70' lang='grc' dir='ltr'>οὐμενοῦν</span> <span class='ocrx_word' id='word_1_284' title='bbox 1378 2492 1442 2546; x_wconf 87' lang='grc' dir='ltr'><strong>ῶς</strong></span> <span class='ocrx_word' id='word_1_285' title='bbox 1485 2485 1543 2538; x_wconf 66' lang='grc' dir='ltr'>οὗ</span> <span class='ocrx_word' id='word_1_286' title='bbox 1584 2483 1782 2542; x_wconf 71' lang='grc' dir='ltr'>καταϐη</span> <span class='ocrx_word' id='word_1_287' title='bbox 1796 2503 1876 2536; x_wconf 80' lang='grc' dir='ltr'>σε·</span> 
     </span>
    </p>
   </div>
   <div class='ocr_carea' id='block_1_45' title="bbox 274 2573 1876 2651">
    <p class='ocr_par' dir='ltr' id='par_1_45' title="bbox 274 2573 1876 2651">
     <span class='ocr_line' id='line_1_45' title="bbox 274 2573 1876 2651; baseline -0.002 -23"><span class='ocrx_word' id='word_1_288' title='bbox 274 2596 362 2629; x_wconf 86' lang='grc' dir='ltr'><strong>ται</strong></span> <span class='ocrx_word' id='word_1_289' title='bbox 398 2579 528 2651; x_wconf 88' lang='grc' dir='ltr'>πρός</span> <span class='ocrx_word' id='word_1_290' title='bbox 557 2573 698 2647; x_wconf 69' lang='grc' dir='ltr'>ημᾶς</span> <span class='ocrx_word' id='word_1_291' title='bbox 727 2573 778 2637; x_wconf 76' lang='grc' dir='ltr'><em>ἐξ</em></span> <span class='ocrx_word' id='word_1_292' title='bbox 809 2575 1035 2648; x_wconf 73' lang='grc' dir='ltr'>οὐρανῶν</span> <span class='ocrx_word' id='word_1_293' title='bbox 1085 2577 1240 2651; x_wconf 78' lang='grc' dir='ltr'>ἄρτος</span> <span class='ocrx_word' id='word_1_294' title='bbox 1294 2576 1432 2638; x_wconf 79' lang='grc' dir='ltr'>ζωῆς</span> <span class='ocrx_word' id='word_1_295' title='bbox 1614 2580 1703 2627; x_wconf 84' lang='grc' dir='ltr'>καὶ</span> <span class='ocrx_word' id='word_1_296' title='bbox 1755 2593 1876 2646; x_wconf 85' lang='grc' dir='ltr'>τρυ-</span> 
     </span>
    </p>
   </div>
   <div class='ocr_carea' id='block_1_46' title="bbox 277 2664 1108 2740">
    <p class='ocr_par' dir='ltr' id='par_1_46' title="bbox 277 2664 1108 2740">
     <span class='ocr_line' id='line_1_46' title="bbox 277 2664 1108 2740; baseline 0.004 -24"><span class='ocrx_word' id='word_1_297' title='bbox 277 2674 343 2738; x_wconf 71' lang='grc' dir='ltr'><strong>φὴ</strong></span> <span class='ocrx_word' id='word_1_298' title='bbox 357 2685 378 2727; x_wconf 90' lang='grc' dir='ltr'><strong>ς</strong></span> <span class='ocrx_word' id='word_1_299' title='bbox 398 2674 497 2717; x_wconf 87' lang='grc' dir='ltr'><strong>τῶν</strong></span> <span class='ocrx_word' id='word_1_300' title='bbox 520 2664 738 2717; x_wconf 81' lang='grc' dir='ltr'>αἰωνίων</span> <span class='ocrx_word' id='word_1_301' title='bbox 778 2670 1108 2740; x_wconf 86' lang='grc' dir='ltr'>παρεκτικός.</span> 
     </span>
    </p>
   </div>
   <div class='ocr_carea' id='block_1_47' title="bbox 351 2840 1942 2916">
    <p class='ocr_par' dir='ltr' id='par_1_47' title="bbox 351 2840 1942 2916">
     <span class='ocr_line' id='line_1_47' title="bbox 351 2840 1942 2916; baseline -0.001 -20"><span class='ocrx_word' id='word_1_302' title='bbox 351 2847 450 2897; x_wconf 77' lang='grc' dir='ltr'><strong>Καὶ</strong></span> <span class='ocrx_word' id='word_1_303' title='bbox 480 2840 548 2902; x_wconf 82' lang='grc' dir='ltr'>δὴ</span> <span class='ocrx_word' id='word_1_304' title='bbox 599 2843 778 2896; x_wconf 77' lang='grc' dir='ltr'>λοιπὸν</span> <span class='ocrx_word' id='word_1_305' title='bbox 833 2845 862 2901; x_wconf 79' lang='grc' dir='ltr'><strong>η</strong></span> <span class='ocrx_word' id='word_1_306' title='bbox 905 2853 1086 2916; x_wconf 79' lang='grc' dir='ltr'>χρυσῆ</span> <span class='ocrx_word' id='word_1_307' title='bbox 1145 2845 1467 2896; x_wconf 84' lang='grc' dir='ltr'>καθίσταται</span> <span class='ocrx_word' id='word_1_308' title='bbox 1515 2843 1742 2916; x_wconf 86' lang='grc' dir='ltr'>στάμνος</span> <span class='ocrx_word' id='word_1_309' title='bbox 1791 2845 1880 2894; x_wconf 81' lang='grc' dir='ltr'>καὶ</span> <span class='ocrx_word' id='word_1_310' title='bbox 1939 2905 1942 2908; x_wconf 18' lang='grc' dir='ltr'>λ</span> 
     </span>
    </p>
   </div>
   <div class='ocr_carea' id='block_1_48' title="bbox 279 2929 1879 3006">
    <p class='ocr_par' dir='ltr' id='par_1_48' title="bbox 279 2929 1879 3006">
     <span class='ocr_line' id='line_1_48' title="bbox 279 2929 1879 3006; baseline -0.009 -9"><span class='ocrx_word' id='word_1_311' title='bbox 279 2929 497 3006; x_wconf 79' lang='grc' dir='ltr'>δέχεται</span> <span class='ocrx_word' id='word_1_312' title='bbox 525 2936 584 2985; x_wconf 78' lang='grc' dir='ltr'>τὸ</span> <span class='ocrx_word' id='word_1_313' title='bbox 623 2935 790 3006; x_wconf 73' lang='grc' dir='ltr'>μάννα</span> <span class='ocrx_word' id='word_1_314' title='bbox 830 2933 925 3005; x_wconf 88' lang='grc'>(6),</span> <span class='ocrx_word' id='word_1_315' title='bbox 986 2939 1075 2986; x_wconf 85' lang='grc' dir='ltr'>καὶ</span> <span class='ocrx_word' id='word_1_316' title='bbox 1120 2939 1212 2992; x_wconf 75' lang='grc' dir='ltr'>τήν</span> <span class='ocrx_word' id='word_1_317' title='bbox 1261 2934 1432 2986; x_wconf 78' lang='grc' dir='ltr'>εἰκόνα</span> <span class='ocrx_word' id='word_1_318' title='bbox 1481 2940 1572 2986; x_wconf 76' lang='grc' dir='ltr'><strong>τοῦ</strong></span> <span class='ocrx_word' id='word_1_319' title='bbox 1616 2932 1879 3004; x_wconf 86' lang='grc' dir='ltr'>μέλλοντος</span> 
     </span>
    </p>
   </div>
   <div class='ocr_carea' id='block_1_49' title="bbox 277 3021 986 3095">
    <p class='ocr_par' dir='ltr' id='par_1_49' title="bbox 277 3021 986 3095">
     <span class='ocr_line' id='line_1_49' title="bbox 277 3021 986 3095; baseline -0.001 -20"><span class='ocrx_word' id='word_1_320' title='bbox 277 3021 326 3075; x_wconf 82' lang='grc' dir='ltr'>ἐν</span> <span class='ocrx_word' id='word_1_321' title='bbox 358 3022 512 3095; x_wconf 76' lang='grc' dir='ltr'>ἑαυτῇ</span> <span class='ocrx_word' id='word_1_322' title='bbox 549 3021 800 3095; x_wconf 76' lang='grc' dir='ltr'>λαμπρῶς</span> <span class='ocrx_word' id='word_1_323' title='bbox 831 3026 986 3094; x_wconf 68' lang='grc' dir='ltr'>φέρει.</span> 
     </span>
    </p>
   </div>
   <div class='ocr_carea' id='block_1_50' title="bbox 351 3107 1880 3184">
    <p class='ocr_par' dir='ltr' id='par_1_50' title="bbox 351 3107 1880 3184">
     <span class='ocr_line' id='line_1_50' title="bbox 351 3107 1880 3184; baseline -0.001 -20"><span class='ocrx_word' id='word_1_324' title='bbox 351 3116 418 3164; x_wconf 73' lang='grc' dir='ltr'>Συ</span> <span class='ocrx_word' id='word_1_325' title='bbox 441 3107 501 3164; x_wconf 83' lang='grc' dir='ltr'><strong>δέ</strong></span> <span class='ocrx_word' id='word_1_326' title='bbox 529 3131 619 3184; x_wconf 90' lang='grc' dir='ltr'><strong>μοι</strong></span> <span class='ocrx_word' id='word_1_327' title='bbox 653 3116 742 3163; x_wconf 86' lang='grc' dir='ltr'>καὶ</span> <span class='ocrx_word' id='word_1_328' title='bbox 793 3115 886 3173; x_wconf 79' lang='grc' dir='ltr'><strong>τας</strong></span> <span class='ocrx_word' id='word_1_329' title='bbox 938 3111 1134 3172; x_wconf 78' lang='grc' dir='ltr'>πλάκας</span> <span class='ocrx_word' id='word_1_330' title='bbox 1194 3109 1350 3184; x_wconf 81' lang='grc' dir='ltr'>βλέπε</span> <span class='ocrx_word' id='word_1_331' title='bbox 1405 3115 1495 3163; x_wconf 86' lang='grc' dir='ltr'>καὶ</span> <span class='ocrx_word' id='word_1_332' title='bbox 1550 3113 1636 3163; x_wconf 88' lang='grc' dir='ltr'><strong>τόν</strong></span> <span class='ocrx_word' id='word_1_333' title='bbox 1694 3107 1741 3162; x_wconf 81' lang='grc' dir='ltr'>ἐν</span> <span class='ocrx_word' id='word_1_334' title='bbox 1790 3109 1880 3162; x_wconf 74' lang='grc' dir='ltr'><strong>αὗ-</strong></span> 
     </span>
    </p>
   </div>
   <div class='ocr_carea' id='block_1_51' title="bbox 1983 1947 3644 2020">
    <p class='ocr_par' dir='ltr' id='par_1_51' title="bbox 1983 1947 3644 2020">
     <span class='ocr_line' id='line_1_51' title="bbox 1983 1947 3644 2020; baseline 0 -16"><span class='ocrx_word' id='word_1_335' title='bbox 1983 1949 2043 2004; x_wconf 90' lang='lat' dir='ltr'><strong>in</strong></span> <span class='ocrx_word' id='word_1_336' title='bbox 2073 1964 2437 2020; x_wconf 89' lang='lat' dir='ltr'><strong>quacunque</strong></span> <span class='ocrx_word' id='word_1_337' title='bbox 2463 1948 2861 2019; x_wconf 81' lang='lat' dir='ltr'><strong>tribulatione,</strong></span> <span class='ocrx_word' id='word_1_338' title='bbox 2897 1947 3234 2005; x_wconf 81' lang='lat' dir='ltr'><strong>diﬁidentes</strong></span> <span class='ocrx_word' id='word_1_339' title='bbox 3260 1951 3435 2005; x_wconf 92' lang='lat' dir='ltr'><strong>aDeo</strong></span> <span class='ocrx_word' id='word_1_340' title='bbox 3464 1964 3644 2005; x_wconf 80' lang='lat' dir='ltr'><strong>exau-</strong></span> 
     </span>
    </p>
   </div>
   <div class='ocr_carea' id='block_1_52' title="bbox 1983 2037 3648 2107">
    <p class='ocr_par' dir='ltr' id='par_1_52' title="bbox 1983 2037 3648 2107">
     <span class='ocr_line' id='line_1_52' title="bbox 1983 2037 3648 2107; baseline 0.001 -13"><span class='ocrx_word' id='word_1_341' title='bbox 1983 2037 2099 2094; x_wconf 87' lang='lat' dir='ltr'><strong>diri</strong></span> <span class='ocrx_word' id='word_1_342' title='bbox 2114 2054 2254 2094; x_wconf 90' lang='lat' dir='ltr'><strong>cum</strong></span> <span class='ocrx_word' id='word_1_343' title='bbox 2276 2043 2764 2094; x_wconf 86' lang='lat' dir='ltr'><strong>converterentur</strong></span> <span class='ocrx_word' id='word_1_344' title='bbox 2780 2037 2857 2094; x_wconf 90' lang='lat' dir='ltr'><strong>ad</strong></span> <span class='ocrx_word' id='word_1_345' title='bbox 2871 2042 3086 2094; x_wconf 91' lang='lat' dir='ltr'><strong>eumut</strong></span> <span class='ocrx_word' id='word_1_346' title='bbox 3103 2041 3470 2107; x_wconf 80' lang='lat' dir='ltr'><strong>invocarent,</strong></span> <span class='ocrx_word' id='word_1_347' title='bbox 3494 2039 3648 2095; x_wconf 79' lang='lat' dir='ltr'><strong>sicut</strong></span> 
     </span>
    </p>
   </div>
   <div class='ocr_carea' id='block_1_53' title="bbox 1984 2126 3645 2200">
    <p class='ocr_par' dir='ltr' id='par_1_53' title="bbox 1984 2126 3645 2200">
     <span class='ocr_line' id='line_1_53' title="bbox 1984 2126 3645 2200; baseline 0 -17"><span class='ocrx_word' id='word_1_348' title='bbox 1984 2131 2143 2184; x_wconf 88' lang='lat' dir='ltr'><strong>certe</strong></span> <span class='ocrx_word' id='word_1_349' title='bbox 2177 2126 2447 2184; x_wconf 86' lang='lat' dir='ltr'><strong>sciebant</strong></span> <span class='ocrx_word' id='word_1_350' title='bbox 2472 2127 2824 2184; x_wconf 80' lang='lat' dir='ltr'><strong>exauditum</strong></span> <span class='ocrx_word' id='word_1_351' title='bbox 2853 2127 3036 2183; x_wconf 84' lang='lat' dir='ltr'><strong>fuisse</strong></span> <span class='ocrx_word' id='word_1_352' title='bbox 3066 2129 3327 2200; x_wconf 78' lang='lat' dir='ltr'><strong>Moysen]</strong></span> <span class='ocrx_word' id='word_1_353' title='bbox 3359 2142 3645 2197; x_wconf 86' lang='lat' dir='ltr'><strong>magnum</strong></span> 
     </span>
    </p>
   </div>
   <div class='ocr_carea' id='block_1_54' title="bbox 1985 2217 3647 2290">
    <p class='ocr_par' dir='ltr' id='par_1_54' title="bbox 1985 2217 3647 2290">
     <span class='ocr_line' id='line_1_54' title="bbox 1985 2217 3647 2290; baseline 0 -16"><span class='ocrx_word' id='word_1_354' title='bbox 1985 2223 2042 2274; x_wconf 90' lang='lat' dir='ltr'><strong>et</strong></span> <span class='ocrx_word' id='word_1_355' title='bbox 2065 2217 2398 2288; x_wconf 83' lang='lat' dir='ltr'><strong>legitimum</strong></span> <span class='ocrx_word' id='word_1_356' title='bbox 2431 2218 2529 2273; x_wconf 89' lang='lat' dir='ltr'><strong>Dei</strong></span> <span class='ocrx_word' id='word_1_357' title='bbox 2564 2234 2803 2274; x_wconf 87' lang='lat' dir='ltr'><strong>servum</strong></span> <span class='ocrx_word' id='word_1_358' title='bbox 2837 2234 2975 2274; x_wconf 89' lang='lat' dir='ltr'><strong>cum</strong></span> <span class='ocrx_word' id='word_1_359' title='bbox 3002 2217 3121 2274; x_wconf 89' lang='lat' dir='ltr'><strong>ﬁde</strong></span> <span class='ocrx_word' id='word_1_360' title='bbox 3152 2217 3563 2290; x_wconf 87' lang='lat' dir='ltr'><strong>postulantem</strong></span> <span class='ocrx_word' id='word_1_361' title='bbox 3589 2222 3647 2274; x_wconf 89' lang='lat' dir='ltr'><strong>et</strong></span> 
     </span>
    </p>
   </div>
   <div class='ocr_carea' id='block_1_55' title="bbox 1984 2306 3652 2378">
    <p class='ocr_par' dir='ltr' id='par_1_55' title="bbox 1984 2306 3652 2378">
     <span class='ocr_line' id='line_1_55' title="bbox 1984 2306 3652 2378; baseline 0 -16"><span class='ocrx_word' id='word_1_362' title='bbox 1984 2307 2386 2374; x_wconf 84' lang='lat' dir='ltr'><strong>invocantem,</strong></span> <span class='ocrx_word' id='word_1_363' title='bbox 2418 2306 2522 2378; x_wconf 90' lang='lat' dir='ltr'><strong>qui</strong></span> <span class='ocrx_word' id='word_1_364' title='bbox 2550 2312 2606 2362; x_wconf 90' lang='lat' dir='ltr'><strong>et</strong></span> <span class='ocrx_word' id='word_1_365' title='bbox 2627 2306 2835 2362; x_wconf 85' lang='lat' dir='ltr'><strong>omnia</strong></span> <span class='ocrx_word' id='word_1_366' title='bbox 2858 2307 3058 2363; x_wconf 89' lang='lat' dir='ltr'><strong>statim</strong></span> <span class='ocrx_word' id='word_1_367' title='bbox 3083 2307 3341 2363; x_wconf 89' lang='lat' dir='ltr'><strong>obtinuit</strong></span> <span class='ocrx_word' id='word_1_368' title='bbox 3364 2307 3534 2378; x_wconf 78' lang='lat' dir='ltr'><strong>juxta</strong></span> <span class='ocrx_word' id='word_1_369' title='bbox 3555 2323 3652 2378; x_wconf 91' lang='lat' dir='ltr'><strong>pe-</strong></span> 
     </span>
    </p>
   </div>
   <div class='ocr_carea' id='block_1_56' title="bbox 1987 2394 3652 2452">
    <p class='ocr_par' dir='ltr' id='par_1_56' title="bbox 1987 2394 3652 2452">
     <span class='ocr_line' id='line_1_56' title="bbox 1987 2394 3652 2452; baseline 0.001 -1"><span class='ocrx_word' id='word_1_370' title='bbox 1987 2394 2242 2452; x_wconf 91' lang='lat' dir='ltr'><strong>titiones.</strong></span> <span class='ocrx_word' id='word_1_371' title='bbox 2280 2395 2392 2451; x_wconf 90' lang='lat' dir='ltr'><strong>Sed</strong></span> <span class='ocrx_word' id='word_1_372' title='bbox 2424 2399 2480 2450; x_wconf 90' lang='lat' dir='ltr'><strong>et</strong></span> <span class='ocrx_word' id='word_1_373' title='bbox 2507 2396 2589 2450; x_wconf 88' lang='lat' dir='ltr'><strong>sic</strong></span> <span class='ocrx_word' id='word_1_374' title='bbox 2613 2394 2960 2452; x_wconf 81' lang='lat' dir='ltr'><strong>refocillavit</strong></span> <span class='ocrx_word' id='word_1_375' title='bbox 3001 2411 3126 2451; x_wconf 90' lang='lat' dir='ltr'><strong>non</strong></span> <span class='ocrx_word' id='word_1_376' title='bbox 3175 2399 3410 2451; x_wconf 91' lang='lat' dir='ltr'><strong>tantum</strong></span> <span class='ocrx_word' id='word_1_377' title='bbox 3467 2394 3652 2452; x_wconf 87' lang='lat' dir='ltr'><strong>corda</strong></span> 
     </span>
    </p>
   </div>
   <div class='ocr_carea' id='block_1_57' title="bbox 1985 2485 3652 2558">
    <p class='ocr_par' dir='ltr' id='par_1_57' title="bbox 1985 2485 3652 2558">
     <span class='ocr_line' id='line_1_57' title="bbox 1985 2485 3652 2558; baseline -0.001 -16"><span class='ocrx_word' id='word_1_378' title='bbox 1985 2486 2296 2542; x_wconf 88' lang='lat' dir='ltr'><strong>hominum</strong></span> <span class='ocrx_word' id='word_1_379' title='bbox 2326 2485 2431 2558; x_wconf 90' lang='lat' dir='ltr'><strong>qui</strong></span> <span class='ocrx_word' id='word_1_380' title='bbox 2454 2489 2592 2542; x_wconf 89' lang='lat' dir='ltr'><strong>tunc</strong></span> <span class='ocrx_word' id='word_1_381' title='bbox 2623 2491 2811 2554; x_wconf 91' lang='lat' dir='ltr'><strong>erant,</strong></span> <span class='ocrx_word' id='word_1_382' title='bbox 2845 2502 3056 2542; x_wconf 89' lang='lat' dir='ltr'><strong>omnes</strong></span> <span class='ocrx_word' id='word_1_383' title='bbox 3091 2491 3294 2542; x_wconf 91' lang='lat' dir='ltr'><strong>autem</strong></span> <span class='ocrx_word' id='word_1_384' title='bbox 3325 2486 3504 2542; x_wconf 90' lang='lat' dir='ltr'><strong>simul</strong></span> <span class='ocrx_word' id='word_1_385' title='bbox 3549 2501 3652 2542; x_wconf 91' lang='lat' dir='ltr'><strong>eos</strong></span> 
     </span>
    </p>
   </div>
   <div class='ocr_carea' id='block_1_58' title="bbox 1984 2575 3655 2650">
    <p class='ocr_par' dir='ltr' id='par_1_58' title="bbox 1984 2575 3655 2650">
     <span class='ocr_line' id='line_1_58' title="bbox 1984 2575 3655 2650; baseline -0.001 -17"><span class='ocrx_word' id='word_1_386' title='bbox 1984 2578 2091 2649; x_wconf 86' lang='lat' dir='ltr'><strong>qui</strong></span> <span class='ocrx_word' id='word_1_387' title='bbox 2119 2581 2332 2650; x_wconf 90' lang='lat' dir='ltr'><strong>postea</strong></span> <span class='ocrx_word' id='word_1_388' title='bbox 2365 2575 2505 2632; x_wconf 76' lang='lat' dir='ltr'><strong>facti</strong></span> <span class='ocrx_word' id='word_1_389' title='bbox 2545 2581 2702 2643; x_wconf 88' lang='lat' dir='ltr'><strong>sunt,</strong></span> <span class='ocrx_word' id='word_1_390' title='bbox 2749 2592 2825 2633; x_wconf 90' lang='lat' dir='ltr'><strong>ne</strong></span> <span class='ocrx_word' id='word_1_391' title='bbox 2860 2577 3110 2632; x_wconf 92' lang='lat' dir='ltr'><strong>omnino</strong></span> <span class='ocrx_word' id='word_1_392' title='bbox 3140 2575 3479 2633; x_wconf 74' lang='lat' dir='ltr'><strong>difﬁderent</strong></span> <span class='ocrx_word' id='word_1_393' title='bbox 3507 2575 3655 2648; x_wconf 88' lang='lat' dir='ltr'><strong>quin</strong></span> 
     </span>
    </p>
   </div>
   <div class='ocr_carea' id='block_1_59' title="bbox 1984 2666 3652 2742">
    <p class='ocr_par' dir='ltr' id='par_1_59' title="bbox 1984 2666 3652 2742">
     <span class='ocr_line' id='line_1_59' title="bbox 1984 2666 3652 2742; baseline 0.001 -18"><span class='ocrx_word' id='word_1_394' title='bbox 1984 2672 2232 2742; x_wconf 89' lang='lat' dir='ltr'><strong>propter</strong></span> <span class='ocrx_word' id='word_1_395' title='bbox 2253 2683 2364 2723; x_wconf 94' lang='lat' dir='ltr'><strong>nos</strong></span> <span class='ocrx_word' id='word_1_396' title='bbox 2394 2666 2469 2723; x_wconf 91' lang='lat' dir='ltr'><strong>de</strong></span> <span class='ocrx_word' id='word_1_397' title='bbox 2496 2667 2649 2724; x_wconf 68' lang='lat' dir='ltr'><strong>coelo</strong></span> <span class='ocrx_word' id='word_1_398' title='bbox 2675 2667 2914 2724; x_wconf 86' lang='lat' dir='ltr'><strong>caderet</strong></span> <span class='ocrx_word' id='word_1_399' title='bbox 2935 2668 3109 2741; x_wconf 89' lang='lat' dir='ltr'><strong>panis</strong></span> <span class='ocrx_word' id='word_1_400' title='bbox 3133 2668 3264 2724; x_wconf 69' lang='lat' dir='ltr'><strong>vitae</strong></span> <span class='ocrx_word' id='word_1_401' title='bbox 3293 2673 3349 2725; x_wconf 92' lang='lat' dir='ltr'><strong>et</strong></span> <span class='ocrx_word' id='word_1_402' title='bbox 3371 2666 3652 2740; x_wconf 87' lang='lat' dir='ltr'><strong>volupta-</strong></span> 
     </span>
    </p>
   </div>
   <div class='ocr_carea' id='block_1_60' title="bbox 1988 2755 2841 2829">
    <p class='ocr_par' dir='ltr' id='par_1_60' title="bbox 1988 2755 2841 2829">
     <span class='ocr_line' id='line_1_60' title="bbox 1988 2755 2841 2829; baseline -0.002 -16"><span class='ocrx_word' id='word_1_403' title='bbox 1988 2758 2059 2815; x_wconf 91' lang='lat' dir='ltr'><strong>tis</strong></span> <span class='ocrx_word' id='word_1_404' title='bbox 2087 2761 2382 2829; x_wconf 73' lang='lat' dir='ltr'><strong>praestans</strong></span> <span class='ocrx_word' id='word_1_405' title='bbox 2411 2761 2634 2812; x_wconf 65' lang='lat' dir='ltr'><strong>aeterna</strong></span> <span class='ocrx_word' id='word_1_406' title='bbox 2657 2755 2841 2812; x_wconf 89' lang='lat' dir='ltr'><strong>bona.</strong></span> 
     </span>
    </p>
   </div>
   <div class='ocr_carea' id='block_1_61' title="bbox 2060 2844 3653 2917">
    <p class='ocr_par' dir='ltr' id='par_1_61' title="bbox 2060 2844 3653 2917">
     <span class='ocr_line' id='line_1_61' title="bbox 2060 2844 3653 2917; baseline 0 -15"><span class='ocrx_word' id='word_1_407' title='bbox 2060 2848 2350 2903; x_wconf 69' lang='lat' dir='ltr'><strong>Caeterum</strong></span> <span class='ocrx_word' id='word_1_408' title='bbox 2409 2846 2472 2901; x_wconf 91' lang='lat' dir='ltr'><strong>in</strong></span> <span class='ocrx_word' id='word_1_409' title='bbox 2537 2844 2926 2902; x_wconf 91' lang='lat' dir='ltr'><strong>tabernaculo</strong></span> <span class='ocrx_word' id='word_1_410' title='bbox 2960 2846 3224 2917; x_wconf 91' lang='lat' dir='ltr'><strong>positum</strong></span> <span class='ocrx_word' id='word_1_411' title='bbox 3268 2845 3513 2904; x_wconf 86' lang='lat' dir='ltr'><strong>fuitvas</strong></span> <span class='ocrx_word' id='word_1_412' title='bbox 3546 2861 3653 2903; x_wconf 83' lang='lat' dir='ltr'><strong>au-</strong></span> 
     </span>
    </p>
   </div>
   <div class='ocr_carea' id='block_1_62' title="bbox 1987 2935 3656 3009">
    <p class='ocr_par' dir='ltr' id='par_1_62' title="bbox 1987 2935 3656 3009">
     <span class='ocr_line' id='line_1_62' title="bbox 1987 2935 3656 3009; baseline 0 -16"><span class='ocrx_word' id='word_1_413' title='bbox 1987 2952 2158 2994; x_wconf 91' lang='lat' dir='ltr'><strong>reum</strong></span> <span class='ocrx_word' id='word_1_414' title='bbox 2187 2935 2502 2992; x_wconf 90' lang='lat' dir='ltr'><strong>includens</strong></span> <span class='ocrx_word' id='word_1_415' title='bbox 2533 2951 2781 3004; x_wconf 87' lang='lat' dir='ltr'><strong>manna,</strong></span> <span class='ocrx_word' id='word_1_416' title='bbox 2797 2935 2969 3009; x_wconf 62' lang='lat' dir='ltr'><strong>fquod</strong></span> <span class='ocrx_word' id='word_1_417' title='bbox 2991 2935 3052 2991; x_wconf 90' lang='lat' dir='ltr'><strong>in</strong></span> <span class='ocrx_word' id='word_1_418' title='bbox 3081 2952 3145 2992; x_wconf 93' lang='lat' dir='ltr'><strong>se</strong></span> <span class='ocrx_word' id='word_1_419' title='bbox 3176 2935 3491 3009; x_wconf 90' lang='lat' dir='ltr'><strong>splendide</strong></span> <span class='ocrx_word' id='word_1_420' title='bbox 3521 2951 3656 3008; x_wconf 86' lang='lat' dir='ltr'><strong>pro-</strong></span> 
     </span>
    </p>
   </div>
   <div class='ocr_carea' id='block_1_63' title="bbox 1987 3023 2846 3094">
    <p class='ocr_par' dir='ltr' id='par_1_63' title="bbox 1987 3023 2846 3094">
     <span class='ocr_line' id='line_1_63' title="bbox 1987 3023 2846 3094; baseline -0.001 -14"><span class='ocrx_word' id='word_1_421' title='bbox 1987 3023 2098 3082; x_wconf 82' lang='lat' dir='ltr'><strong>fert</strong></span> <span class='ocrx_word' id='word_1_422' title='bbox 2126 3024 2458 3094; x_wconf 88' lang='lat' dir='ltr'><strong>imaginem</strong></span> <span class='ocrx_word' id='word_1_423' title='bbox 2487 3023 2846 3081; x_wconf 84' lang='lat' dir='ltr'><strong>futurorum.</strong></span> 
     </span>
    </p>
   </div>
   <div class='ocr_carea' id='block_1_64' title="bbox 2061 3111 3655 3171">
    <p class='ocr_par' dir='ltr' id='par_1_64' title="bbox 2061 3111 3655 3171">
     <span class='ocr_line' id='line_1_64' title="bbox 2061 3111 3655 3171; baseline -0.001 -1"><span class='ocrx_word' id='word_1_424' title='bbox 2061 3113 2177 3170; x_wconf 88' lang='lat' dir='ltr'><strong>Sed</strong></span> <span class='ocrx_word' id='word_1_425' title='bbox 2206 3128 2447 3169; x_wconf 88' lang='lat' dir='ltr'><strong>meeum</strong></span> <span class='ocrx_word' id='word_1_426' title='bbox 2473 3112 2796 3169; x_wconf 87' lang='lat' dir='ltr'><strong>considera</strong></span> <span class='ocrx_word' id='word_1_427' title='bbox 2823 3128 3029 3170; x_wconf 90' lang='lat' dir='ltr'><strong>sacras</strong></span> <span class='ocrx_word' id='word_1_428' title='bbox 3058 3111 3330 3170; x_wconf 89' lang='lat' dir='ltr'><strong>Tabulas</strong></span> <span class='ocrx_word' id='word_1_429' title='bbox 3362 3118 3419 3171; x_wconf 89' lang='lat' dir='ltr'><strong>et</strong></span> <span class='ocrx_word' id='word_1_430' title='bbox 3447 3113 3510 3170; x_wconf 90' lang='lat' dir='ltr'><strong>in</strong></span> <span class='ocrx_word' id='word_1_431' title='bbox 3543 3113 3655 3169; x_wconf 78' lang='lat' dir='ltr'><strong>illis</strong></span> 
     </span>
    </p>
   </div>
   <div class='ocr_carea' id='block_1_65' title="bbox 279 3197 2030 3288">
    <p class='ocr_par' dir='ltr' id='par_1_65' title="bbox 279 3197 2030 3288">
     <span class='ocr_line' id='line_1_65' title="bbox 279 3197 2030 3288; baseline -0.001 -36"><span class='ocrx_word' id='word_1_432' title='bbox 279 3197 396 3261; x_wconf 81' lang='grc' dir='ltr'>ταῖς</span> <span class='ocrx_word' id='word_1_433' title='bbox 427 3202 706 3274; x_wconf 72' lang='grc' dir='ltr'>θεόγραφον</span> <span class='ocrx_word' id='word_1_434' title='bbox 727 3204 882 3272; x_wconf 89' lang='grc' dir='ltr'>νόμον</span> <span class='ocrx_word' id='word_1_435' title='bbox 921 3206 996 3271; x_wconf 85' lang='grc'><strong>(7)</strong></span> <span class='ocrx_word' id='word_1_436' title='bbox 1052 3205 1124 3270; x_wconf 81' lang='grc' dir='ltr'>μὴ</span> <span class='ocrx_word' id='word_1_437' title='bbox 1185 3208 1296 3261; x_wconf 88' lang='grc' dir='ltr'>τοῖς</span> <span class='ocrx_word' id='word_1_438' title='bbox 1348 3198 1493 3262; x_wconf 78' lang='grc' dir='ltr'>ἐκτὸς</span> <span class='ocrx_word' id='word_1_439' title='bbox 1538 3203 1690 3273; x_wconf 90' lang='grc' dir='ltr'>μόνον</span> <span class='ocrx_word' id='word_1_440' title='bbox 1752 3197 1878 3272; x_wconf 73' lang='grc' dir='ltr'><strong>βοη⁸</strong></span> <span class='ocrx_word' id='word_1_441' title='bbox 1915 3231 1957 3288; x_wconf 72' lang='lat' dir='ltr'>c</span> <span class='ocrx_word' id='word_1_442' title='bbox 1991 3219 2030 3260; x_wconf 45' lang='lat' dir='ltr'><strong>si</strong></span> 
     </span>
    </p>
   </div>
   <div class='ocr_carea' id='block_1_66' title="bbox 1902 3197 3653 3288">
    <p class='ocr_par' dir='ltr' id='par_1_66' title="bbox 1915 3201 3653 3288">
     <span class='ocr_line' id='line_1_66' title="bbox 1915 3201 3653 3288; baseline -0.001 -28"><span class='ocrx_word' id='word_1_443' title='bbox 1915 3231 1957 3288; x_wconf 68' lang='grc' dir='ltr'><strong>ρ</strong></span> <span class='ocrx_word' id='word_1_444' title='bbox 1991 3203 2268 3274; x_wconf 74' lang='lat' dir='ltr'><strong>scriptam</strong></span> <span class='ocrx_word' id='word_1_445' title='bbox 2299 3201 2493 3273; x_wconf 81' lang='lat' dir='ltr'><strong>legem</strong></span> <span class='ocrx_word' id='word_1_446' title='bbox 2525 3202 2624 3256; x_wconf 89' lang='lat' dir='ltr'><strong>Dei</strong></span> <span class='ocrx_word' id='word_1_447' title='bbox 2656 3201 3082 3269; x_wconf 87' lang='lat' dir='ltr'><strong>viviﬁcantem,</strong></span> <span class='ocrx_word' id='word_1_448' title='bbox 3109 3219 3245 3275; x_wconf 67' lang='lat' dir='ltr'><strong>qua:</strong></span> <span class='ocrx_word' id='word_1_449' title='bbox 3290 3218 3414 3259; x_wconf 89' lang='lat' dir='ltr'><strong>non</strong></span> <span class='ocrx_word' id='word_1_450' title='bbox 3455 3203 3653 3260; x_wconf 90' lang='lat' dir='ltr'><strong>solum</strong></span> 
     </span>
    </p>
   </div>
   <div class='ocr_carea' id='block_1_67' title="bbox 283 3285 1880 3362">
    <p class='ocr_par' dir='ltr' id='par_1_67' title="bbox 283 3285 1880 3362">
     <span class='ocr_line' id='line_1_67' title="bbox 283 3285 1880 3362; baseline -0.001 -20"><span class='ocrx_word' id='word_1_451' title='bbox 283 3291 488 3353; x_wconf 89' lang='grc' dir='ltr'>θοῦντα,</span> <span class='ocrx_word' id='word_1_452' title='bbox 548 3290 798 3362; x_wconf 87' lang='grc' dir='ltr'>σωμάτων</span> <span class='ocrx_word' id='word_1_453' title='bbox 874 3293 1063 3342; x_wconf 74' lang='grc' dir='ltr'>ὡσανεὶ</span> <span class='ocrx_word' id='word_1_454' title='bbox 1145 3285 1545 3342; x_wconf 81' lang='grc' dir='ltr'>κινδυνευόντων</span> <span class='ocrx_word' id='word_1_455' title='bbox 1621 3292 1880 3341; x_wconf 86' lang='grc' dir='ltr'>σωστικόν</span> 
     </span>
    </p>
   </div>
   <div class='ocr_carea' id='block_1_68' title="bbox 279 3375 1880 3451">
    <p class='ocr_par' dir='ltr' id='par_1_68' title="bbox 279 3375 1880 3451">
     <span class='ocr_line' id='line_1_68' title="bbox 279 3375 1880 3451; baseline -0.001 -20"><span class='ocrx_word' id='word_1_456' title='bbox 279 3378 422 3444; x_wconf 84' lang='grc' dir='ltr'>ὂντα,</span> <span class='ocrx_word' id='word_1_457' title='bbox 454 3377 581 3432; x_wconf 77' lang='grc' dir='ltr'>ἀλλά</span> <span class='ocrx_word' id='word_1_458' title='bbox 605 3397 686 3431; x_wconf 80' lang='grc' dir='ltr'><strong>τοι</strong></span> <span class='ocrx_word' id='word_1_459' title='bbox 742 3382 832 3431; x_wconf 71' lang='grc' dir='ltr'>καὶ.</span> <span class='ocrx_word' id='word_1_460' title='bbox 882 3377 1074 3451; x_wconf 69' lang='grc' dir='ltr'>ψυχῶν</span> <span class='ocrx_word' id='word_1_461' title='bbox 1132 3377 1487 3451; x_wconf 71' lang='grc' dir='ltr'>ἑφικνούμενον</span> <span class='ocrx_word' id='word_1_462' title='bbox 1543 3384 1633 3432; x_wconf 77' lang='grc' dir='ltr'>καὶ</span> <span class='ocrx_word' id='word_1_463' title='bbox 1684 3375 1880 3431; x_wconf 73' lang='grc' dir='ltr'>παιδα-</span> 
     </span>
    </p>
   </div>
   <div class='ocr_carea' id='block_1_69' title="bbox 279 3468 1882 3542">
    <p class='ocr_par' dir='ltr' id='par_1_69' title="bbox 279 3468 1882 3542">
     <span class='ocr_line' id='line_1_69' title="bbox 279 3468 1882 3542; baseline 0.001 -25"><span class='ocrx_word' id='word_1_464' title='bbox 279 3476 552 3540; x_wconf 80' lang='grc' dir='ltr'>γωγοῦντα</span> <span class='ocrx_word' id='word_1_465' title='bbox 583 3470 795 3538; x_wconf 81' lang='grc' dir='ltr'>ταύτας,</span> <span class='ocrx_word' id='word_1_466' title='bbox 845 3472 936 3520; x_wconf 88' lang='grc' dir='ltr'><strong>καί</strong></span> <span class='ocrx_word' id='word_1_467' title='bbox 984 3487 1041 3540; x_wconf 77' lang='grc' dir='ltr'><strong>γε</strong></span> <span class='ocrx_word' id='word_1_468' title='bbox 1100 3468 1358 3542; x_wconf 72' lang='grc' dir='ltr'>σφαλεράς</span> <span class='ocrx_word' id='word_1_469' title='bbox 1405 3470 1584 3530; x_wconf 88' lang='grc' dir='ltr'>πάσης</span> <span class='ocrx_word' id='word_1_470' title='bbox 1640 3468 1882 3540; x_wconf 71' lang='grc' dir='ltr'>εξαιρού-</span> 
     </span>
    </p>
   </div>
   <div class='ocr_carea' id='block_1_70' title="bbox 277 3553 1883 3632">
    <p class='ocr_par' dir='ltr' id='par_1_70' title="bbox 277 3553 1883 3632">
     <span class='ocr_line' id='line_1_70' title="bbox 277 3553 1883 3632; baseline 0 -24"><span class='ocrx_word' id='word_1_471' title='bbox 277 3576 426 3630; x_wconf 87' lang='grc' dir='ltr'>μενον</span> <span class='ocrx_word' id='word_1_472' title='bbox 457 3561 578 3632; x_wconf 84' lang='grc' dir='ltr'>περὶ</span> <span class='ocrx_word' id='word_1_473' title='bbox 617 3565 750 3611; x_wconf 83' lang='grc' dir='ltr'><strong>Θεοῦ</strong></span> <span class='ocrx_word' id='word_1_474' title='bbox 807 3553 992 3620; x_wconf 80' lang='grc' dir='ltr'>δόξης.</span> <span class='ocrx_word' id='word_1_475' title='bbox 1052 3556 1207 3610; x_wconf 82' lang='grc' dir='ltr'>Βλέπε</span> <span class='ocrx_word' id='word_1_476' title='bbox 1275 3554 1342 3616; x_wconf 77' lang='grc' dir='ltr'>δὴ</span> <span class='ocrx_word' id='word_1_477' title='bbox 1409 3565 1596 3628; x_wconf 83' lang='grc' dir='ltr'>ταῦτα,</span> <span class='ocrx_word' id='word_1_478' title='bbox 1636 3562 1748 3623; x_wconf 82' lang='grc' dir='ltr'>καὶ,</span> <span class='ocrx_word' id='word_1_479' title='bbox 1796 3560 1883 3610; x_wconf 82' lang='grc' dir='ltr'>τὸν</span> 
     </span>
    </p>
   </div>
   <div class='ocr_carea' id='block_1_71' title="bbox 276 3646 1884 3723">
    <p class='ocr_par' dir='ltr' id='par_1_71' title="bbox 276 3646 1884 3723">
     <span class='ocr_line' id='line_1_71' title="bbox 276 3646 1884 3723; baseline 0 -25"><span class='ocrx_word' id='word_1_480' title='bbox 276 3653 396 3698; x_wconf 82' lang='grc' dir='ltr'>νοῦν</span> <span class='ocrx_word' id='word_1_481' title='bbox 466 3653 576 3708; x_wconf 88' lang='grc' dir='ltr'>τοῖς</span> <span class='ocrx_word' id='word_1_482' title='bbox 623 3647 899 3722; x_wconf 85' lang='grc' dir='ltr'>ὁρωμένοις</span> <span class='ocrx_word' id='word_1_483' title='bbox 952 3646 1116 3708; x_wconf 87' lang='grc' dir='ltr'>καλῶς</span> <span class='ocrx_word' id='word_1_484' title='bbox 1158 3650 1438 3723; x_wconf 83' lang='grc' dir='ltr'>προσέχων</span> <span class='ocrx_word' id='word_1_485' title='bbox 1504 3648 1730 3720; x_wconf 82' lang='grc' dir='ltr'>μάνθανε</span> <span class='ocrx_word' id='word_1_486' title='bbox 1796 3649 1884 3699; x_wconf 87' lang='grc' dir='ltr'>τὸν</span> 
     </span>
    </p>
   </div>
   <div class='ocr_carea' id='block_1_72' title="bbox 277 3731 1882 3810">
    <p class='ocr_par' dir='ltr' id='par_1_72' title="bbox 277 3731 1882 3810">
     <span class='ocr_line' id='line_1_72' title="bbox 277 3731 1882 3810; baseline -0.001 -23"><span class='ocrx_word' id='word_1_487' title='bbox 277 3736 622 3789; x_wconf 67' lang='grc' dir='ltr'>ἀνυπόστατον</span> <span class='ocrx_word' id='word_1_488' title='bbox 683 3735 833 3808; x_wconf 86' lang='grc' dir='ltr'>λόγον</span> <span class='ocrx_word' id='word_1_489' title='bbox 893 3731 1135 3808; x_wconf 80' lang='grc' dir='ltr'>δακτύλῳ</span> <span class='ocrx_word' id='word_1_490' title='bbox 1201 3744 1356 3805; x_wconf 74' lang='grc' dir='ltr'>Θεοῦ,</span> <span class='ocrx_word' id='word_1_491' title='bbox 1414 3739 1667 3810; x_wconf 73' lang='grc' dir='ltr'>πνεύματι</span> <span class='ocrx_word' id='word_1_492' title='bbox 1745 3737 1882 3806; x_wconf 77' lang='grc' dir='ltr'>θείῳ,</span> 
     </span>
    </p>
   </div>
   <div class='ocr_carea' id='block_1_73' title="bbox 276 3813 1888 3900">
    <p class='ocr_par' dir='ltr' id='par_1_73' title="bbox 276 3825 1888 3900">
     <span class='ocr_line' id='line_1_73' title="bbox 276 3825 1888 3900; baseline 0.002 -28"><span class='ocrx_word' id='word_1_493' title='bbox 276 3832 339 3897; x_wconf 74' lang='grc' dir='ltr'><strong>τῇ</strong></span> <span class='ocrx_word' id='word_1_494' title='bbox 372 3827 636 3899; x_wconf 31' lang='grc' dir='ltr'>,παρθένῳ</span> <span class='ocrx_word' id='word_1_495' title='bbox 687 3830 970 3900; x_wconf 58' lang='grc' dir='ltr'>γρασέντα,</span> <span class='ocrx_word' id='word_1_496' title='bbox 1028 3830 1119 3878; x_wconf 79' lang='grc' dir='ltr'>καὶ</span> <span class='ocrx_word' id='word_1_497' title='bbox 1178 3834 1278 3877; x_wconf 87' lang='grc' dir='ltr'><strong>τῶν</strong></span> <span class='ocrx_word' id='word_1_498' title='bbox 1354 3835 1618 3899; x_wconf 84' lang='grc' dir='ltr'>πατρικῶν</span> <span class='ocrx_word' id='word_1_499' title='bbox 1687 3825 1888 3878; x_wconf 80' lang='grc' dir='ltr'>κόλπων</span> 
     </span>
    </p>
   </div>
   <div class='ocr_carea' id='block_1_74' title="bbox 279 3911 1889 3988">
    <p class='ocr_par' dir='ltr' id='par_1_74' title="bbox 279 3911 1889 3988">
     <span class='ocr_line' id='line_1_74' title="bbox 279 3911 1889 3988; baseline -0.001 -21"><span class='ocrx_word' id='word_1_500' title='bbox 279 3916 564 3968; x_wconf 84' lang='grc' dir='ltr'>κενωθέντα</span> <span class='ocrx_word' id='word_1_501' title='bbox 611 3918 725 3988; x_wconf 69' lang='grc' dir='ltr'>μὲν,</span> <span class='ocrx_word' id='word_1_502' title='bbox 781 3915 876 3967; x_wconf 68' lang='grc' dir='ltr'>οὐκ</span> <span class='ocrx_word' id='word_1_503' title='bbox 928 3915 1226 3968; x_wconf 86' lang='grc' dir='ltr'>ἂποστόντα</span> <span class='ocrx_word' id='word_1_504' title='bbox 1279 3911 1356 3982; x_wconf 80' lang='grc' dir='ltr'>δὲ,</span> <span class='ocrx_word' id='word_1_505' title='bbox 1436 3935 1656 3988; x_wconf 89' lang='grc' dir='ltr'>μονοντα</span> <span class='ocrx_word' id='word_1_506' title='bbox 1725 3912 1775 3968; x_wconf 82' lang='grc' dir='ltr'>δ’</span> <span class='ocrx_word' id='word_1_507' title='bbox 1840 3914 1889 3967; x_wconf 83' lang='grc' dir='ltr'>ἐν</span> 
     </span>
    </p>
   </div>
   <div class='ocr_carea' id='block_1_75' title="bbox 284 4003 1890 4079">
    <p class='ocr_par' dir='ltr' id='par_1_75' title="bbox 284 4003 1890 4079">
     <span class='ocr_line' id='line_1_75' title="bbox 284 4003 1890 4079; baseline 0 -23"><span class='ocrx_word' id='word_1_508' title='bbox 284 4003 465 4065; x_wconf 70' lang='grc' dir='ltr'>αὐτοῖς</span> <span class='ocrx_word' id='word_1_509' title='bbox 528 4009 618 4057; x_wconf 79' lang='grc' dir='ltr'>καὶ</span> <span class='ocrx_word' id='word_1_510' title='bbox 682 4004 980 4078; x_wconf 83' lang='grc' dir='ltr'>πληροῦντα</span> <span class='ocrx_word' id='word_1_511' title='bbox 1059 4007 1250 4073; x_wconf 86' lang='grc' dir='ltr'>πάντα,</span> <span class='ocrx_word' id='word_1_512' title='bbox 1321 4009 1568 4079; x_wconf 86' lang='grc' dir='ltr'>χωρητόν</span> <span class='ocrx_word' id='word_1_513' title='bbox 1649 4007 1890 4077; x_wconf 79' lang='grc' dir='ltr'>γενέσθαι</span> 
     </span>
    </p>
   </div>
   <div class='ocr_carea' id='block_1_76' title="bbox 285 4091 1892 4169">
    <p class='ocr_par' dir='ltr' id='par_1_76' title="bbox 285 4091 1892 4169">
     <span class='ocr_line' id='line_1_76' title="bbox 285 4091 1892 4169; baseline 0.001 -23"><span class='ocrx_word' id='word_1_514' title='bbox 285 4101 398 4154; x_wconf 83' lang='grc' dir='ltr'>τοῖς</span> <span class='ocrx_word' id='word_1_515' title='bbox 445 4097 637 4168; x_wconf 86' lang='grc' dir='ltr'>μητρὸς</span> <span class='ocrx_word' id='word_1_516' title='bbox 675 4093 904 4163; x_wconf 85' lang='grc' dir='ltr'>κόλποις,</span> <span class='ocrx_word' id='word_1_517' title='bbox 952 4099 1040 4147; x_wconf 83' lang='grc' dir='ltr'>καὶ</span> <span class='ocrx_word' id='word_1_518' title='bbox 1112 4102 1294 4147; x_wconf 82' lang='grc' dir='ltr'>τοῦτον</span> <span class='ocrx_word' id='word_1_519' title='bbox 1382 4091 1449 4152; x_wconf 80' lang='grc' dir='ltr'>δὴ</span> <span class='ocrx_word' id='word_1_520' title='bbox 1530 4098 1620 4148; x_wconf 87' lang='grc' dir='ltr'>τὸν</span> <span class='ocrx_word' id='word_1_521' title='bbox 1703 4100 1892 4169; x_wconf 87' lang='grc' dir='ltr'>τρόπον</span> 
     </span>
    </p>
   </div>
   <div class='ocr_carea' id='block_1_77' title="bbox 290 4182 1508 4257">
    <p class='ocr_par' dir='ltr' id='par_1_77' title="bbox 290 4182 1508 4257">
     <span class='ocr_line' id='line_1_77' title="bbox 290 4182 1508 4257; baseline 0 -21"><span class='ocrx_word' id='word_1_522' title='bbox 290 4182 630 4236; x_wconf 84' lang='grc' dir='ltr'>ἐπανασῶσαι</span> <span class='ocrx_word' id='word_1_523' title='bbox 680 4188 878 4257; x_wconf 81' lang='grc' dir='ltr'>κόσμον</span> <span class='ocrx_word' id='word_1_524' title='bbox 941 4184 1075 4255; x_wconf 84' lang='grc' dir='ltr'>ὅλον,</span> <span class='ocrx_word' id='word_1_525' title='bbox 1156 4190 1247 4236; x_wconf 84' lang='grc' dir='ltr'>καὶ</span> <span class='ocrx_word' id='word_1_526' title='bbox 1324 4183 1508 4256; x_wconf 72' lang='grc' dir='ltr'>ψυχὰς</span> 
     </span>
    </p>
   </div>
   <div class='ocr_carea' id='block_1_78' title="bbox 293 4271 1750 4347">
    <p class='ocr_par' dir='ltr' id='par_1_78' title="bbox 293 4271 1750 4347">
     <span class='ocr_line' id='line_1_78' title="bbox 293 4271 1750 4347; baseline 0.002 -22"><span class='ocrx_word' id='word_1_527' title='bbox 293 4271 507 4344; x_wconf 79' lang='grc' dir='ltr'>ἀγνοίας</span> <span class='ocrx_word' id='word_1_528' title='bbox 533 4292 710 4326; x_wconf 84' lang='grc' dir='ltr'>σκότει</span> <span class='ocrx_word' id='word_1_529' title='bbox 738 4279 827 4326; x_wconf 84' lang='grc' dir='ltr'>καὶ</span> <span class='ocrx_word' id='word_1_530' title='bbox 859 4279 986 4344; x_wconf 83' lang='grc' dir='ltr'><strong>σκιᾲ</strong></span> <span class='ocrx_word' id='word_1_531' title='bbox 1012 4276 1232 4326; x_wconf 82' lang='grc' dir='ltr'>θανάτου</span> <span class='ocrx_word' id='word_1_532' title='bbox 1260 4276 1336 4346; x_wconf 90' lang='grc'><strong>(8)</strong></span> <span class='ocrx_word' id='word_1_533' title='bbox 1375 4279 1750 4347; x_wconf 82' lang='grc' dir='ltr'>κατεχομένας.</span> 
     </span>
    </p>
   </div>
   <div class='ocr_carea' id='block_1_79' title="bbox 1156 4186 1893 4260">
    <p class='ocr_par' dir='ltr' id='par_1_79' title="bbox 1156 4186 1893 4260">
     <span class='ocr_line' id='line_1_79' title="bbox 1156 4186 1893 4260; baseline 0.004 -24"><span class='ocrx_word' id='word_1_534' title='bbox 1156 4190 1247 4236; x_wconf 84' lang='grc' dir='ltr'>καὶ</span> <span class='ocrx_word' id='word_1_535' title='bbox 1324 4186 1508 4256; x_wconf 74' lang='grc' dir='ltr'>ψυχὰς</span> <span class='ocrx_word' id='word_1_536' title='bbox 1599 4186 1893 4260; x_wconf 75' lang='grc' dir='ltr'>ῥύσασθαι,</span> 
     </span>
    </p>
   </div>
   <div class='ocr_carea' id='block_1_80' title="bbox 366 4364 1895 4438">
    <p class='ocr_par' dir='ltr' id='par_1_80' title="bbox 366 4364 1895 4438">
     <span class='ocr_line' id='line_1_80' title="bbox 366 4364 1895 4438; baseline 0.001 -22"><span class='ocrx_word' id='word_1_537' title='bbox 366 4365 441 4417; x_wconf 72' lang='grc' dir='ltr'><strong>Οὐ</strong></span> <span class='ocrx_word' id='word_1_538' title='bbox 471 4368 575 4437; x_wconf 75' lang='grc' dir='ltr'>μὴν</span> <span class='ocrx_word' id='word_1_539' title='bbox 603 4364 731 4417; x_wconf 75' lang='grc' dir='ltr'>ἀλλὰ</span> <span class='ocrx_word' id='word_1_540' title='bbox 771 4373 938 4418; x_wconf 83' lang='grc' dir='ltr'>ταῦτα</span> <span class='ocrx_word' id='word_1_541' title='bbox 997 4370 1099 4438; x_wconf 78' lang='grc' dir='ltr'>μὴν</span> <span class='ocrx_word' id='word_1_542' title='bbox 1143 4369 1296 4417; x_wconf 64' lang='grc' dir='ltr'>οὕτω·</span> <span class='ocrx_word' id='word_1_543' title='bbox 1357 4371 1446 4418; x_wconf 82' lang='grc' dir='ltr'>καὶ</span> <span class='ocrx_word' id='word_1_544' title='bbox 1504 4366 1659 4428; x_wconf 71' lang='grc' dir='ltr'>οὓτως</span> <span class='ocrx_word' id='word_1_545' title='bbox 1706 4365 1895 4420; x_wconf 70' lang='grc' dir='ltr'>ἀνωθεν</span> 
     </span>
    </p>
   </div>
   <div class='ocr_carea' id='block_1_81' title="bbox 291 4452 1896 4528">
    <p class='ocr_par' dir='ltr' id='par_1_81' title="bbox 291 4452 1896 4528">
     <span class='ocr_line' id='line_1_81' title="bbox 291 4452 1896 4528; baseline 0 -21"><span class='ocrx_word' id='word_1_546' title='bbox 291 4455 360 4507; x_wconf 74' lang='grc' dir='ltr'>τὰ</span> <span class='ocrx_word' id='word_1_547' title='bbox 418 4456 555 4506; x_wconf 87' lang='grc' dir='ltr'><strong>κατά</strong></span> <span class='ocrx_word' id='word_1_548' title='bbox 609 4459 703 4513; x_wconf 83' lang='grc' dir='ltr'>τὴν</span> <span class='ocrx_word' id='word_1_549' title='bbox 764 4457 1014 4528; x_wconf 83' lang='grc' dir='ltr'>παρθένον</span> <span class='ocrx_word' id='word_1_550' title='bbox 1066 4463 1199 4508; x_wconf 80' lang='grc' dir='ltr'>Θεοῦ</span> <span class='ocrx_word' id='word_1_551' title='bbox 1261 4459 1459 4528; x_wconf 80' lang='grc' dir='ltr'>μητέρα</span> <span class='ocrx_word' id='word_1_552' title='bbox 1535 4452 1627 4508; x_wconf 72' lang='grc' dir='ltr'>διὰ</span> <span class='ocrx_word' id='word_1_553' title='bbox 1700 4457 1896 4510; x_wconf 83' lang='grc' dir='ltr'>πολλῶν</span> 
     </span>
    </p>
   </div>
   <div class='ocr_carea' id='block_1_82' title="bbox 290 4543 1898 4620">
    <p class='ocr_par' dir='ltr' id='par_1_82' title="bbox 290 4543 1898 4620">
     <span class='ocr_line' id='line_1_82' title="bbox 290 4543 1898 4620; baseline 0.002 -25"><span class='ocrx_word' id='word_1_554' title='bbox 290 4548 381 4596; x_wconf 81' lang='grc' dir='ltr'>καὶ</span> <span class='ocrx_word' id='word_1_555' title='bbox 432 4544 664 4617; x_wconf 83' lang='grc' dir='ltr'>μεγάλων</span> <span class='ocrx_word' id='word_1_556' title='bbox 710 4548 902 4604; x_wconf 78' lang='grc' dir='ltr'>ἠκοντα</span> <span class='ocrx_word' id='word_1_557' title='bbox 952 4553 1052 4596; x_wconf 88' lang='grc' dir='ltr'><strong>τῶν</strong></span> <span class='ocrx_word' id='word_1_558' title='bbox 1098 4543 1388 4617; x_wconf 73' lang='grc' dir='ltr'>συμϐόλων,</span> <span class='ocrx_word' id='word_1_559' title='bbox 1463 4555 1709 4618; x_wconf 85' lang='grc' dir='ltr'>πανταχῆ</span> <span class='ocrx_word' id='word_1_560' title='bbox 1758 4557 1898 4620; x_wconf 86' lang='grc' dir='ltr'>παρ-</span> 
     </span>
    </p>
   </div>
   <div class='ocr_carea' id='block_1_83' title="bbox 289 4632 1899 4710">
    <p class='ocr_par' dir='ltr' id='par_1_83' title="bbox 289 4632 1899 4710">
     <span class='ocr_line' id='line_1_83' title="bbox 289 4632 1899 4710; baseline 0 -22"><span class='ocrx_word' id='word_1_561' title='bbox 289 4639 485 4706; x_wconf 83' lang='grc' dir='ltr'>έχοντα</span> <span class='ocrx_word' id='word_1_562' title='bbox 527 4632 749 4707; x_wconf 79' lang='grc' dir='ltr'>δύναμιν</span> <span class='ocrx_word' id='word_1_563' title='bbox 799 4636 1078 4708; x_wconf 85' lang='grc' dir='ltr'>θαυμάτων</span> <span class='ocrx_word' id='word_1_564' title='bbox 1135 4636 1406 4709; x_wconf 68' lang='grc' dir='ltr'>ὑπερφυῶν</span> <span class='ocrx_word' id='word_1_565' title='bbox 1478 4636 1732 4710; x_wconf 70' lang='grc' dir='ltr'>εὑρήσεις,</span> <span class='ocrx_word' id='word_1_566' title='bbox 1789 4637 1899 4709; x_wconf 80' lang='grc' dir='ltr'>οἶμα</span> 
     </span>
    </p>
   </div>
   <div class='ocr_carea' id='block_1_84' title="bbox 291 4720 1895 4796">
    <p class='ocr_par' dir='ltr' id='par_1_84' title="bbox 291 4720 1895 4796">
     <span class='ocr_line' id='line_1_84' title="bbox 291 4720 1895 4796; baseline 0.003 -21"><span class='ocrx_word' id='word_1_567' title='bbox 291 4720 353 4775; x_wconf 79' lang='grc' dir='ltr'><strong>δε</strong></span> <span class='ocrx_word' id='word_1_568' title='bbox 399 4728 490 4776; x_wconf 80' lang='grc' dir='ltr'>καὶ</span> <span class='ocrx_word' id='word_1_569' title='bbox 548 4728 811 4796; x_wconf 86' lang='grc' dir='ltr'>σωτηρίαν</span> <span class='ocrx_word' id='word_1_570' title='bbox 857 4742 958 4775; x_wconf 89' lang='grc' dir='ltr'><strong>των</strong></span> <span class='ocrx_word' id='word_1_571' title='bbox 1012 4722 1255 4796; x_wconf 82' lang='grc' dir='ltr'>ἐσχάτως</span> <span class='ocrx_word' id='word_1_572' title='bbox 1305 4720 1728 4781; x_wconf 85' lang='grc' dir='ltr'>κινδυνευόντων.</span> <span class='ocrx_word' id='word_1_573' title='bbox 1794 4733 1895 4782; x_wconf 78' lang='grc' dir='ltr'><strong>Καὶ</strong></span> 
     </span>
    </p>
   </div>
   <div class='ocr_carea' id='block_1_85' title="bbox 288 4809 1895 4887">
    <p class='ocr_par' dir='ltr' id='par_1_85' title="bbox 288 4809 1895 4887">
     <span class='ocr_line' id='line_1_85' title="bbox 288 4809 1895 4887; baseline 0.002 -22"><span class='ocrx_word' id='word_1_574' title='bbox 288 4811 534 4866; x_wconf 82' lang='grc' dir='ltr'>ταπλείω</span> <span class='ocrx_word' id='word_1_575' title='bbox 584 4809 832 4876; x_wconf 80' lang='grc' dir='ltr'>διεξιέναι</span> <span class='ocrx_word' id='word_1_576' title='bbox 883 4821 1117 4886; x_wconf 68' lang='grc' dir='ltr'>παρῆκεν</span> <span class='ocrx_word' id='word_1_577' title='bbox 1176 4815 1202 4866; x_wconf 87' lang='grc' dir='ltr'><em>ὁ</em></span> <span class='ocrx_word' id='word_1_578' title='bbox 1250 4812 1421 4886; x_wconf 86' lang='grc' dir='ltr'>λόγος,</span> <span class='ocrx_word' id='word_1_579' title='bbox 1471 4817 1551 4867; x_wconf 87' lang='grc' dir='ltr'>ὅτι</span> <span class='ocrx_word' id='word_1_580' title='bbox 1606 4810 1745 4887; x_wconf 78' lang='grc' dir='ltr'>μηδὲ</span> <span class='ocrx_word' id='word_1_581' title='bbox 1805 4820 1895 4869; x_wconf 86' lang='grc' dir='ltr'>πέ-</span> 
     </span>
    </p>
   </div>
   <div class='ocr_carea' id='block_1_86' title="bbox 290 4899 1895 4980">
    <p class='ocr_par' dir='ltr' id='par_1_86' title="bbox 290 4899 1895 4980">
     <span class='ocr_line' id='line_1_86' title="bbox 290 4899 1895 4980; baseline 0.002 -26"><span class='ocrx_word' id='word_1_582' title='bbox 290 4921 419 4972; x_wconf 74' lang='grc' dir='ltr'>φυκε</span> <span class='ocrx_word' id='word_1_583' title='bbox 443 4907 515 4976; x_wconf 80' lang='grc' dir='ltr'>μὴ</span> <span class='ocrx_word' id='word_1_584' title='bbox 544 4906 623 4955; x_wconf 81' lang='grc' dir='ltr'><strong>ότι</strong></span> <span class='ocrx_word' id='word_1_585' title='bbox 647 4922 706 4974; x_wconf 82' lang='grc' dir='ltr'><strong>γε</strong></span> <span class='ocrx_word' id='word_1_586' title='bbox 737 4899 831 4955; x_wconf 79' lang='grc' dir='ltr'><strong>δια</strong></span> <span class='ocrx_word' id='word_1_587' title='bbox 872 4904 1077 4957; x_wconf 66' lang='grc' dir='ltr'>πάντων</span> <span class='ocrx_word' id='word_1_588' title='bbox 1137 4905 1308 4975; x_wconf 74' lang='grc' dir='ltr'>(τοῦτο</span> <span class='ocrx_word' id='word_1_589' title='bbox 1372 4907 1472 4980; x_wconf 81' lang='grc' dir='ltr'><strong>γαρ</strong></span> <span class='ocrx_word' id='word_1_590' title='bbox 1521 4909 1714 4966; x_wconf 88' lang='grc' dir='ltr'>παντός</span> <span class='ocrx_word' id='word_1_591' title='bbox 1769 4905 1895 4978; x_wconf 83' lang='grc' dir='ltr'>μᾶλ-</span> 
     </span>
    </p>
   </div>
   <div class='ocr_carea' id='block_1_87' title="bbox 289 4988 1896 5065">
    <p class='ocr_par' dir='ltr' id='par_1_87' title="bbox 289 4988 1896 5065">
     <span class='ocr_line' id='line_1_87' title="bbox 289 4988 1896 5065; baseline 0.003 -21"><span class='ocrx_word' id='word_1_592' title='bbox 289 4991 377 5044; x_wconf 89' lang='grc' dir='ltr'><strong>λον</strong></span> <span class='ocrx_word' id='word_1_593' title='bbox 416 4989 716 5064; x_wconf 80' lang='grc' dir='ltr'>ἀδύνατον),</span> <span class='ocrx_word' id='word_1_594' title='bbox 759 4990 884 5045; x_wconf 78' lang='grc' dir='ltr'>ἀλλὰ</span> <span class='ocrx_word' id='word_1_595' title='bbox 932 4988 1063 5065; x_wconf 81' lang='grc' dir='ltr'>μηδ’</span> <span class='ocrx_word' id='word_1_596' title='bbox 1114 4991 1188 5065; x_wconf 70' lang='grc' dir='ltr'><strong>ἐφ’</strong></span> <span class='ocrx_word' id='word_1_597' title='bbox 1245 4996 1416 5047; x_wconf 84' lang='grc' dir='ltr'>ἱκανὸν</span> <span class='ocrx_word' id='word_1_598' title='bbox 1470 4995 1638 5048; x_wconf 71' lang='grc' dir='ltr'>αὐτῶν</span> <span class='ocrx_word' id='word_1_599' title='bbox 1691 4998 1896 5049; x_wconf 79' lang='grc' dir='ltr'>ἱκέσθαι</span> 
     </span>
    </p>
   </div>
   <div class='ocr_carea' id='block_1_88' title="bbox 293 5080 1896 5160">
    <p class='ocr_par' dir='ltr' id='par_1_88' title="bbox 293 5080 1896 5160">
     <span class='ocr_line' id='line_1_88' title="bbox 293 5080 1896 5160; baseline 0.001 -24"><span class='ocrx_word' id='word_1_600' title='bbox 293 5080 606 5142; x_wconf 85' lang='grc' dir='ltr'>δυνηθῆναι·</span> <span class='ocrx_word' id='word_1_601' title='bbox 674 5091 779 5144; x_wconf 84' lang='grc' dir='ltr'><strong>πῶς</strong></span> <span class='ocrx_word' id='word_1_602' title='bbox 828 5084 1124 5160; x_wconf 73' lang='grc' dir='ltr'>γαρςὸπου</span> <span class='ocrx_word' id='word_1_603' title='bbox 1189 5102 1249 5155; x_wconf 85' lang='grc' dir='ltr'><strong>γε</strong></span> <span class='ocrx_word' id='word_1_604' title='bbox 1290 5089 1378 5137; x_wconf 86' lang='grc' dir='ltr'>καὶ</span> <span class='ocrx_word' id='word_1_605' title='bbox 1435 5093 1602 5138; x_wconf 86' lang='grc' dir='ltr'>ταῦτα</span> <span class='ocrx_word' id='word_1_606' title='bbox 1667 5086 1734 5138; x_wconf 83' lang='grc' dir='ltr'>ὧν</span> <span class='ocrx_word' id='word_1_607' title='bbox 1808 5085 1896 5160; x_wconf 77' lang='grc' dir='ltr'>αρο</span> 
     </span>
    </p>
   </div>
   <div class='ocr_carea' id='block_1_89' title="bbox 358 5327 1898 5417">
    <p class='ocr_par' dir='ltr' id='par_1_89' title="bbox 358 5327 1898 5417">
     <span class='ocr_line' id='line_1_89' title="bbox 358 5327 1898 5417; baseline 0.005 -32"><span class='ocrx_word' id='word_1_608' title='bbox 358 5327 448 5417; x_wconf 41' lang='grc'><strong>,(1)</strong></span> <span class='ocrx_word' id='word_1_609' title='bbox 475 5327 616 5386; x_wconf 84' lang='lat' dir='ltr'><strong>Vide</strong></span> <span class='ocrx_word' id='word_1_610' title='bbox 640 5330 824 5390; x_wconf 84' lang='lat' dir='ltr'><strong>Exod.</strong></span> <span class='ocrx_word' id='word_1_611' title='bbox 849 5348 1037 5389; x_wconf 81' lang='lat' dir='ltr'><strong>xv1.—-</strong></span> <span class='ocrx_word' id='word_1_612' title='bbox 1067 5333 1297 5391; x_wconf 89' lang='lat' dir='ltr'><strong>Deuter.</strong></span> <span class='ocrx_word' id='word_1_613' title='bbox 1340 5350 1454 5402; x_wconf 80' lang='lat' dir='ltr'><strong>vui,</strong></span> <span class='ocrx_word' id='word_1_614' title='bbox 1480 5338 1509 5391; x_wconf 86' lang='lat'><strong><em>3</em></strong></span> <span class='ocrx_word' id='word_1_615' title='bbox 1537 5352 1550 5392; x_wconf 90' lang='lat'>:</span> <span class='ocrx_word' id='word_1_616' title='bbox 1576 5333 1812 5410; x_wconf 73' lang='grc' dir='ltr'>ἐψώμισέ</span> <span class='ocrx_word' id='word_1_617' title='bbox 1841 5339 1898 5391; x_wconf 85' lang='grc' dir='ltr'><strong>σέ</strong></span> 
     </span>
    </p>
   </div>
   <div class='ocr_carea' id='block_1_90' title="bbox 338 5422 481 5458">
    <p class='ocr_par' dir='ltr' id='par_1_90' title="bbox 338 5422 481 5458">
     <span class='ocr_line' id='line_1_90' title="bbox 338 5422 481 5458; baseline 0.014 -2"><span class='ocrx_word' id='word_1_618' title='bbox 338 5422 481 5458; x_wconf 85' lang='grc' dir='ltr'>αννα.</span> 
     </span>
    </p>
   </div>
   <div class='ocr_carea' id='block_1_91' title="bbox 293 5424 934 5549">
    <p class='ocr_par' dir='ltr' id='par_1_91' title="bbox 293 5424 934 5549">
     <span class='ocr_line' id='line_1_91' title="bbox 293 5424 481 5477; baseline 0.011 -21"><span class='ocrx_word' id='word_1_619' title='bbox 293 5424 481 5477; x_wconf 84' lang='grc' dir='ltr'>μαννα.</span> 
     </span>
     <span class='ocr_line' id='line_1_92' title="bbox 368 5474 934 5549; baseline 0.002 -20"><span class='ocrx_word' id='word_1_620' title='bbox 368 5477 447 5549; x_wconf 74' lang='grc'><strong>(2)</strong></span> <span class='ocrx_word' id='word_1_621' title='bbox 480 5481 535 5531; x_wconf 92' lang='lat' dir='ltr'><strong>B.</strong></span> <span class='ocrx_word' id='word_1_622' title='bbox 564 5474 934 5549; x_wconf 84' lang='grc' dir='ltr'>προσλαϐόντι.</span> 
     </span>
    </p>
   </div>
   <div class='ocr_carea' id='block_1_92' title="bbox 391 5552 810 5615">
    <p class='ocr_par' dir='ltr' id='par_1_92' title="bbox 391 5552 810 5615">
     <span class='ocr_line' id='line_1_93' title="bbox 391 5552 810 5615; baseline 0.002 -16"><span class='ocrx_word' id='word_1_623' title='bbox 391 5552 444 5615; x_wconf 86' lang='lat'><strong>3)</strong></span> <span class='ocrx_word' id='word_1_624' title='bbox 478 5552 535 5615; x_wconf 80' lang='grc' dir='ltr'>Β,</span> <span class='ocrx_word' id='word_1_625' title='bbox 564 5553 810 5610; x_wconf 57' lang='lat' dir='ltr'><strong>Nomm.</strong></span> 
     </span>
    </p>
   </div>
   <div class='ocr_carea' id='block_1_93' title="bbox 365 5552 985 5692">
    <p class='ocr_par' dir='ltr' id='par_1_93' title="bbox 365 5552 985 5692">
     <span class='ocr_line' id='line_1_94' title="bbox 391 5552 810 5615; baseline 0.002 -16"><span class='ocrx_word' id='word_1_626' title='bbox 391 5552 420 5603; x_wconf 88' lang='lat'>3</span> <span class='ocrx_word' id='word_1_627' title='bbox 478 5552 535 5615; x_wconf 80' lang='grc' dir='ltr'>Β,</span> <span class='ocrx_word' id='word_1_628' title='bbox 564 5553 810 5610; x_wconf 58' lang='lat' dir='ltr'><strong>Nomm.</strong></span> 
     </span>
     <span class='ocr_line' id='line_1_95' title="bbox 365 5552 985 5692; baseline 0.002 -18"><span class='ocrx_word' id='word_1_629' title='bbox 365 5552 445 5691; x_wconf 46' lang='lat'><strong>£4;</strong></span> <span class='ocrx_word' id='word_1_630' title='bbox 479 5625 533 5688; x_wconf 89' lang='grc' dir='ltr'>Β,</span> <span class='ocrx_word' id='word_1_631' title='bbox 568 5621 754 5692; x_wconf 86' lang='grc' dir='ltr'>ὁμοίως</span> <span class='ocrx_word' id='word_1_632' title='bbox 781 5619 985 5681; x_wconf 72' lang='grc' dir='ltr'>αὐτούς.</span> 
     </span>
    </p>
   </div>
   <div class='ocr_carea' id='block_1_94' title="bbox 367 5692 1893 5774">
    <p class='ocr_par' dir='ltr' id='par_1_94' title="bbox 367 5692 1893 5774">
     <span class='ocr_line' id='line_1_96' title="bbox 367 5692 1893 5774; baseline 0.004 -29"><span class='ocrx_word' id='word_1_633' title='bbox 367 5692 758 5774; x_wconf 49' lang='grc' dir='ltr'><strong>ςξίξξίθερθοιᾳ</strong></span> <span class='ocrx_word' id='word_1_634' title='bbox 778 5692 859 5750; x_wconf 92' lang='lat' dir='ltr'><strong>ad</strong></span> <span class='ocrx_word' id='word_1_635' title='bbox 877 5693 1049 5774; x_wconf 66' lang='lat' dir='ltr'><strong>Joan.</strong></span> <span class='ocrx_word' id='word_1_636' title='bbox 1087 5695 1288 5774; x_wconf 44' lang='lat' dir='ltr'><strong>v1,‘33</strong></span> <span class='ocrx_word' id='word_1_637' title='bbox 1337 5695 1539 5774; x_wconf 84' lang='lat' dir='ltr'><strong>sq.:o&#39;_</strong></span> <span class='ocrx_word' id='word_1_638' title='bbox 1586 5697 1684 5771; x_wconf 79' lang='grc' dir='ltr'><strong>γὰρ</strong></span> <span class='ocrx_word' id='word_1_639' title='bbox 1736 5697 1893 5774; x_wconf 75' lang='grc' dir='ltr'>ἄρτος</span> 
     </span>
    </p>
   </div>
   <div class='ocr_carea' id='block_1_95' title="bbox 293 5764 1890 5847">
    <p class='ocr_par' dir='ltr' id='par_1_95' title="bbox 293 5764 1890 5847">
     <span class='ocr_line' id='line_1_97' title="bbox 293 5764 1890 5847; baseline 0.006 -30"><span class='ocrx_word' id='word_1_640' title='bbox 293 5769 388 5822; x_wconf 89' lang='grc' dir='ltr'><strong>τοῦ</strong></span> <span class='ocrx_word' id='word_1_641' title='bbox 417 5769 498 5818; x_wconf 84' lang='grc' dir='ltr'><strong>Θῦ</strong></span> <span class='ocrx_word' id='word_1_642' title='bbox 554 5782 669 5820; x_wconf 89' lang='grc' dir='ltr'>στιν</span> <span class='ocrx_word' id='word_1_643' title='bbox 719 5765 746 5819; x_wconf 92' lang='grc' dir='ltr'><strong>ὀ</strong></span> <span class='ocrx_word' id='word_1_644' title='bbox 793 5764 1120 5823; x_wconf 81' lang='grc' dir='ltr'>καταϐαίνων</span> <span class='ocrx_word' id='word_1_645' title='bbox 1179 5765 1237 5821; x_wconf 79' lang='grc' dir='ltr'>ἐκ</span> <span class='ocrx_word' id='word_1_646' title='bbox 1285 5764 1432 5822; x_wconf 74' lang='grc' dir='ltr'>εοτὸῦ</span> <span class='ocrx_word' id='word_1_647' title='bbox 1483 5764 1617 5847; x_wconf 75' lang='grc' dir='ltr'>οὐρα</span> <span class='ocrx_word' id='word_1_648' title='bbox 1655 5764 1890 5842; x_wconf 81' lang='grc' dir='ltr'>ὀῦ,’καὶ</span> 
     </span>
    </p>
   </div>
   <div class='ocr_carea' id='block_1_96' title="bbox 426 5477 447 5690">
    <p class='ocr_par' dir='ltr' id='par_1_96' title="bbox 426 5477 447 5690">
     <span class='ocr_line' id='line_1_98' title="bbox 426 5477 447 5690; baseline 0 0"><span class='ocrx_word' id='word_1_649' title='bbox 426 5477 447 5690; x_wconf 70' lang='grc' dir='ltr'><em>ξ</em></span> 
     </span>
    </p>
   </div>
   <div class='ocr_carea' id='block_1_97' title="bbox 1990 3291 3657 3365">
    <p class='ocr_par' dir='ltr' id='par_1_97' title="bbox 1990 3291 3657 3365">
     <span class='ocr_line' id='line_1_99' title="bbox 1990 3291 3657 3365; baseline -0.001 -16"><span class='ocrx_word' id='word_1_650' title='bbox 1990 3297 2228 3350; x_wconf 88' lang='lat' dir='ltr'><strong>externe</strong></span> <span class='ocrx_word' id='word_1_651' title='bbox 2251 3291 2540 3349; x_wconf 79' lang='lat' dir='ltr'><strong>auxilium</strong></span> <span class='ocrx_word' id='word_1_652' title='bbox 2554 3295 2815 3363; x_wconf 75' lang='lat' dir='ltr'><strong>praestat,</strong></span> <span class='ocrx_word' id='word_1_653' title='bbox 2831 3291 3009 3364; x_wconf 89' lang='lat' dir='ltr'><strong>quasi</strong></span> <span class='ocrx_word' id='word_1_654' title='bbox 3037 3291 3393 3364; x_wconf 89' lang='lat' dir='ltr'><strong>corporibus</strong></span> <span class='ocrx_word' id='word_1_655' title='bbox 3420 3292 3482 3348; x_wconf 92' lang='lat' dir='ltr'><strong>in</strong></span> <span class='ocrx_word' id='word_1_656' title='bbox 3507 3291 3657 3365; x_wconf 88' lang='lat' dir='ltr'><strong>peri-</strong></span> 
     </span>
    </p>
   </div>
   <div class='ocr_carea' id='block_1_98' title="bbox 1992 3379 3658 3454">
    <p class='ocr_par' dir='ltr' id='par_1_98' title="bbox 1992 3379 3658 3454">
     <span class='ocr_line' id='line_1_100' title="bbox 1992 3379 3658 3454; baseline -0.001 -16"><span class='ocrx_word' id='word_1_657' title='bbox 1992 3381 2126 3438; x_wconf 92' lang='lat' dir='ltr'><strong>culo</strong></span> <span class='ocrx_word' id='word_1_658' title='bbox 2144 3380 2519 3437; x_wconf 83' lang='lat' dir='ltr'><strong>versantibus</strong></span> <span class='ocrx_word' id='word_1_659' title='bbox 2542 3379 2794 3436; x_wconf 83' lang='lat' dir='ltr'><strong>salutem</strong></span> <span class='ocrx_word' id='word_1_660' title='bbox 2809 3380 3090 3453; x_wconf 85' lang='lat' dir='ltr'><strong>proferat,</strong></span> <span class='ocrx_word' id='word_1_661' title='bbox 3108 3380 3213 3438; x_wconf 91' lang='lat' dir='ltr'><strong>sed</strong></span> <span class='ocrx_word' id='word_1_662' title='bbox 3226 3397 3362 3454; x_wconf 84' lang='lat' dir='ltr'><strong>quae</strong></span> <span class='ocrx_word' id='word_1_663' title='bbox 3383 3381 3564 3437; x_wconf 91' lang='lat' dir='ltr'><strong>etiam</strong></span> <span class='ocrx_word' id='word_1_664' title='bbox 3577 3381 3658 3437; x_wconf 85' lang='lat' dir='ltr'><strong>ad</strong></span> 
     </span>
    </p>
   </div>
   <div class='ocr_carea' id='block_1_99' title="bbox 1991 3469 3660 3541">
    <p class='ocr_par' dir='ltr' id='par_1_99' title="bbox 1991 3469 3660 3541">
     <span class='ocr_line' id='line_1_101' title="bbox 1991 3469 3660 3541; baseline -0.001 -13"><span class='ocrx_word' id='word_1_665' title='bbox 1991 3471 2218 3528; x_wconf 89' lang='lat' dir='ltr'><strong>animas</strong></span> <span class='ocrx_word' id='word_1_666' title='bbox 2239 3469 2471 3541; x_wconf 87' lang='lat' dir='ltr'><strong>attingit</strong></span> <span class='ocrx_word' id='word_1_667' title='bbox 2491 3475 2548 3526; x_wconf 92' lang='lat' dir='ltr'><strong>et</strong></span> <span class='ocrx_word' id='word_1_668' title='bbox 2567 3469 2741 3526; x_wconf 91' lang='lat' dir='ltr'><strong>docet</strong></span> <span class='ocrx_word' id='word_1_669' title='bbox 2763 3469 2914 3536; x_wconf 89' lang='lat' dir='ltr'><strong>illas,</strong></span> <span class='ocrx_word' id='word_1_670' title='bbox 2931 3475 2987 3527; x_wconf 92' lang='lat' dir='ltr'><strong>et</strong></span> <span class='ocrx_word' id='word_1_671' title='bbox 3004 3471 3082 3526; x_wconf 91' lang='lat' dir='ltr'><strong>ab</strong></span> <span class='ocrx_word' id='word_1_672' title='bbox 3102 3471 3268 3526; x_wconf 90' lang='lat' dir='ltr'><strong>omni</strong></span> <span class='ocrx_word' id='word_1_673' title='bbox 3291 3486 3450 3527; x_wconf 88' lang='lat' dir='ltr'><strong>vana</strong></span> <span class='ocrx_word' id='word_1_674' title='bbox 3469 3471 3660 3541; x_wconf 83' lang='lat' dir='ltr'><strong>gloria</strong></span> 
     </span>
    </p>
   </div>
   <div class='ocr_carea' id='block_1_100' title="bbox 1992 3559 3664 3632">
    <p class='ocr_par' dir='ltr' id='par_1_100' title="bbox 1992 3559 3664 3632">
     <span class='ocr_line' id='line_1_102' title="bbox 1992 3559 3664 3632; baseline -0.001 -15"><span class='ocrx_word' id='word_1_675' title='bbox 1992 3564 2234 3617; x_wconf 88' lang='lat' dir='ltr'><strong>revocat</strong></span> <span class='ocrx_word' id='word_1_676' title='bbox 2253 3559 2332 3615; x_wconf 91' lang='lat' dir='ltr'><strong>ad</strong></span> <span class='ocrx_word' id='word_1_677' title='bbox 2366 3562 2572 3615; x_wconf 92' lang='lat' dir='ltr'><strong>Deum.</strong></span> <span class='ocrx_word' id='word_1_678' title='bbox 2598 3561 2731 3615; x_wconf 77' lang='lat' dir='ltr'><strong>Haec</strong></span> <span class='ocrx_word' id='word_1_679' title='bbox 2757 3559 3076 3616; x_wconf 88' lang='lat' dir='ltr'><strong>considera</strong></span> <span class='ocrx_word' id='word_1_680' title='bbox 3104 3559 3501 3616; x_wconf 83' lang='lat' dir='ltr'><strong>attentissime</strong></span> <span class='ocrx_word' id='word_1_681' title='bbox 3541 3559 3664 3632; x_wconf 78' lang='lat' dir='ltr'><strong>spi-</strong></span> 
     </span>
    </p>
   </div>
   <div class='ocr_carea' id='block_1_101' title="bbox 1993 3647 3661 3722">
    <p class='ocr_par' dir='ltr' id='par_1_101' title="bbox 1993 3647 3661 3722">
     <span class='ocr_line' id='line_1_103' title="bbox 1993 3647 3661 3722; baseline -0.001 -16"><span class='ocrx_word' id='word_1_682' title='bbox 1993 3649 2132 3714; x_wconf 89' lang='lat' dir='ltr'><strong>ritu,</strong></span> <span class='ocrx_word' id='word_1_683' title='bbox 2154 3648 2439 3722; x_wconf 88' lang='lat' dir='ltr'><strong>disceque</strong></span> <span class='ocrx_word' id='word_1_684' title='bbox 2469 3663 2809 3705; x_wconf 91' lang='lat' dir='ltr'><strong>sermonem</strong></span> <span class='ocrx_word' id='word_1_685' title='bbox 2841 3647 3028 3718; x_wconf 80' lang='lat' dir='ltr'><strong>digito</strong></span> <span class='ocrx_word' id='word_1_686' title='bbox 3077 3647 3179 3704; x_wconf 90' lang='lat' dir='ltr'><strong>Dei</strong></span> <span class='ocrx_word' id='word_1_687' title='bbox 3235 3647 3661 3705; x_wconf 87' lang='lat' dir='ltr'><strong>subsistentem</strong></span> 
     </span>
    </p>
   </div>
   <div class='ocr_carea' id='block_1_102' title="bbox 1995 3737 3660 3813">
    <p class='ocr_par' dir='ltr' id='par_1_102' title="bbox 1995 3737 3660 3813">
     <span class='ocr_line' id='line_1_104' title="bbox 1995 3737 3660 3813; baseline -0.001 -18"><span class='ocrx_word' id='word_1_688' title='bbox 1995 3739 2216 3813; x_wconf 87' lang='lat' dir='ltr'><strong>Spiritu</strong></span> <span class='ocrx_word' id='word_1_689' title='bbox 2245 3739 2428 3809; x_wconf 64' lang='lat' dir='ltr'><strong>Deijn</strong></span> <span class='ocrx_word' id='word_1_690' title='bbox 2456 3737 2688 3809; x_wconf 88' lang='lat' dir='ltr'><strong>Virgine</strong></span> <span class='ocrx_word' id='word_1_691' title='bbox 2713 3737 3024 3811; x_wconf 89' lang='lat' dir='ltr'><strong>scriptum,</strong></span> <span class='ocrx_word' id='word_1_692' title='bbox 3079 3753 3110 3794; x_wconf 90' lang='lat' dir='ltr'><strong>e</strong></span> <span class='ocrx_word' id='word_1_693' title='bbox 3142 3738 3278 3794; x_wconf 90' lang='lat' dir='ltr'><strong>sinu</strong></span> <span class='ocrx_word' id='word_1_694' title='bbox 3331 3739 3518 3794; x_wconf 88' lang='lat' dir='ltr'><strong>Patris</strong></span> <span class='ocrx_word' id='word_1_695' title='bbox 3565 3754 3660 3794; x_wconf 87' lang='lat' dir='ltr'><strong>ex-</strong></span> 
     </span>
    </p>
   </div>
   <div class='ocr_carea' id='block_1_103' title="bbox 1998 3827 3662 3901">
    <p class='ocr_par' dir='ltr' id='par_1_103' title="bbox 1998 3827 3662 3901">
     <span class='ocr_line' id='line_1_105' title="bbox 1998 3827 3662 3901; baseline -0.001 -16"><span class='ocrx_word' id='word_1_696' title='bbox 1998 3834 2240 3885; x_wconf 91' lang='lat' dir='ltr'><strong>euntem</strong></span> <span class='ocrx_word' id='word_1_697' title='bbox 2270 3827 2536 3901; x_wconf 90' lang='lat' dir='ltr'><strong>quidem,</strong></span> <span class='ocrx_word' id='word_1_698' title='bbox 2566 3827 2673 3883; x_wconf 90' lang='lat' dir='ltr'><strong>sed</strong></span> <span class='ocrx_word' id='word_1_699' title='bbox 2699 3842 2822 3883; x_wconf 93' lang='lat' dir='ltr'><strong>non</strong></span> <span class='ocrx_word' id='word_1_700' title='bbox 2855 3827 3315 3900; x_wconf 89' lang='lat' dir='ltr'><strong>relinquentem,</strong></span> <span class='ocrx_word' id='word_1_701' title='bbox 3353 3827 3455 3883; x_wconf 92' lang='lat' dir='ltr'><strong>sed</strong></span> <span class='ocrx_word' id='word_1_702' title='bbox 3486 3828 3546 3884; x_wconf 90' lang='lat' dir='ltr'><strong>in</strong></span> <span class='ocrx_word' id='word_1_703' title='bbox 3590 3843 3662 3883; x_wconf 93' lang='lat' dir='ltr'><strong>eo</strong></span> 
     </span>
    </p>
   </div>
   <div class='ocr_carea' id='block_1_104' title="bbox 1998 3916 3663 3989">
    <p class='ocr_par' dir='ltr' id='par_1_104' title="bbox 1998 3916 3663 3989">
     <span class='ocr_line' id='line_1_106' title="bbox 1998 3916 3663 3989; baseline -0.002 -13"><span class='ocrx_word' id='word_1_704' title='bbox 1998 3922 2345 3976; x_wconf 90' lang='lat' dir='ltr'><strong>manentem</strong></span> <span class='ocrx_word' id='word_1_705' title='bbox 2361 3921 2419 3973; x_wconf 89' lang='lat' dir='ltr'><strong>et</strong></span> <span class='ocrx_word' id='word_1_706' title='bbox 2430 3916 2759 3989; x_wconf 89' lang='lat' dir='ltr'><strong>replentem</strong></span> <span class='ocrx_word' id='word_1_707' title='bbox 2772 3916 3000 3984; x_wconf 88' lang='lat' dir='ltr'><strong>omnia,</strong></span> <span class='ocrx_word' id='word_1_708' title='bbox 3016 3921 3369 3973; x_wconf 91' lang='lat' dir='ltr'><strong>contentum</strong></span> <span class='ocrx_word' id='word_1_709' title='bbox 3399 3917 3580 3974; x_wconf 90' lang='lat' dir='ltr'><strong>simul</strong></span> <span class='ocrx_word' id='word_1_710' title='bbox 3601 3917 3663 3973; x_wconf 88' lang='lat' dir='ltr'><strong>in</strong></span> 
     </span>
    </p>
   </div>
   <div class='ocr_carea' id='block_1_105' title="bbox 2001 4005 3664 4072">
    <p class='ocr_par' dir='ltr' id='par_1_105' title="bbox 2001 4005 3664 4072">
     <span class='ocr_line' id='line_1_107' title="bbox 2001 4005 3664 4072; baseline -0.001 -8"><span class='ocrx_word' id='word_1_711' title='bbox 2001 4008 2137 4064; x_wconf 91' lang='lat' dir='ltr'><strong>sinu</strong></span> <span class='ocrx_word' id='word_1_712' title='bbox 2163 4006 2382 4072; x_wconf 82' lang='lat' dir='ltr'><strong>Matris,</strong></span> <span class='ocrx_word' id='word_1_713' title='bbox 2421 4010 2487 4062; x_wconf 92' lang='lat' dir='ltr'><strong>ut</strong></span> <span class='ocrx_word' id='word_1_714' title='bbox 2519 4006 2602 4062; x_wconf 90' lang='lat' dir='ltr'><strong>ita</strong></span> <span class='ocrx_word' id='word_1_715' title='bbox 2623 4005 2881 4063; x_wconf 87' lang='lat' dir='ltr'><strong>salvaret</strong></span> <span class='ocrx_word' id='word_1_716' title='bbox 2903 4005 3256 4062; x_wconf 87' lang='lat' dir='ltr'><strong>universum</strong></span> <span class='ocrx_word' id='word_1_717' title='bbox 3284 4005 3582 4062; x_wconf 90' lang='lat' dir='ltr'><strong>mundum</strong></span> <span class='ocrx_word' id='word_1_718' title='bbox 3606 4009 3664 4063; x_wconf 89' lang='lat' dir='ltr'><strong>et</strong></span> 
     </span>
    </p>
   </div>
   <div class='ocr_carea' id='block_1_106' title="bbox 2002 4095 3664 4166">
    <p class='ocr_par' dir='ltr' id='par_1_106' title="bbox 2002 4095 3664 4166">
     <span class='ocr_line' id='line_1_108' title="bbox 2002 4095 3664 4166; baseline -0.001 -12"><span class='ocrx_word' id='word_1_719' title='bbox 2002 4097 2238 4154; x_wconf 87' lang='lat' dir='ltr'><strong>animas</strong></span> <span class='ocrx_word' id='word_1_720' title='bbox 2256 4095 2535 4153; x_wconf 88' lang='lat' dir='ltr'><strong>liberaret</strong></span> <span class='ocrx_word' id='word_1_721' title='bbox 2554 4110 2786 4151; x_wconf 90' lang='lat' dir='ltr'><strong>mersas</strong></span> <span class='ocrx_word' id='word_1_722' title='bbox 2809 4095 2871 4151; x_wconf 92' lang='lat' dir='ltr'><strong>in</strong></span> <span class='ocrx_word' id='word_1_723' title='bbox 2903 4095 3162 4152; x_wconf 87' lang='lat' dir='ltr'><strong>tenebris</strong></span> <span class='ocrx_word' id='word_1_724' title='bbox 3183 4095 3400 4152; x_wconf 89' lang='lat' dir='ltr'><strong>erroris</strong></span> <span class='ocrx_word' id='word_1_725' title='bbox 3417 4100 3476 4152; x_wconf 87' lang='lat' dir='ltr'><strong>et</strong></span> <span class='ocrx_word' id='word_1_726' title='bbox 3497 4095 3664 4166; x_wconf 87' lang='lat' dir='ltr'><strong>igno-</strong></span> 
     </span>
    </p>
   </div>
   <div class='ocr_carea' id='block_1_107' title="bbox 2002 4183 3241 4243">
    <p class='ocr_par' dir='ltr' id='par_1_107' title="bbox 2002 4183 3241 4243">
     <span class='ocr_line' id='line_1_109' title="bbox 2002 4183 3241 4243; baseline -0.002 0"><span class='ocrx_word' id='word_1_727' title='bbox 2002 4186 2212 4243; x_wconf 72' lang='lat' dir='ltr'><strong>rantiae</strong></span> <span class='ocrx_word' id='word_1_728' title='bbox 2248 4189 2305 4242; x_wconf 92' lang='lat' dir='ltr'><strong>et</strong></span> <span class='ocrx_word' id='word_1_729' title='bbox 2336 4184 2400 4240; x_wconf 91' lang='lat' dir='ltr'><strong>in</strong></span> <span class='ocrx_word' id='word_1_730' title='bbox 2435 4183 2655 4240; x_wconf 89' lang='lat' dir='ltr'><strong>umbra</strong></span> <span class='ocrx_word' id='word_1_731' title='bbox 2689 4184 2900 4242; x_wconf 90' lang='lat' dir='ltr'><strong>mortis</strong></span> <span class='ocrx_word' id='word_1_732' title='bbox 2936 4184 3241 4241; x_wconf 90' lang='lat' dir='ltr'><strong>sedentes.</strong></span> 
     </span>
    </p>
   </div>
   <div class='ocr_carea' id='block_1_108' title="bbox 2078 4361 3666 4436">
    <p class='ocr_par' dir='ltr' id='par_1_108' title="bbox 2078 4361 3666 4436">
     <span class='ocr_line' id='line_1_110' title="bbox 2078 4361 3666 4436; baseline 0 -16"><span class='ocrx_word' id='word_1_733' title='bbox 2078 4366 2210 4420; x_wconf 65' lang='lat' dir='ltr'><strong>Haec</strong></span> <span class='ocrx_word' id='word_1_734' title='bbox 2230 4365 2433 4420; x_wconf 88' lang='lat' dir='ltr'><strong>autem</strong></span> <span class='ocrx_word' id='word_1_735' title='bbox 2454 4361 2608 4418; x_wconf 90' lang='lat' dir='ltr'><strong>adeo</strong></span> <span class='ocrx_word' id='word_1_736' title='bbox 2632 4365 2772 4418; x_wconf 88' lang='lat' dir='ltr'><strong>sunt</strong></span> <span class='ocrx_word' id='word_1_737' title='bbox 2790 4377 2954 4432; x_wconf 81' lang='lat' dir='ltr'><strong>vera,</strong></span> <span class='ocrx_word' id='word_1_738' title='bbox 2978 4365 3042 4419; x_wconf 89' lang='lat' dir='ltr'><strong>ut</strong></span> <span class='ocrx_word' id='word_1_739' title='bbox 3064 4361 3112 4417; x_wconf 91' lang='lat' dir='ltr'><strong>si</strong></span> <span class='ocrx_word' id='word_1_740' title='bbox 3138 4378 3174 4419; x_wconf 90' lang='lat' dir='ltr'><strong>a</strong></span> <span class='ocrx_word' id='word_1_741' title='bbox 3193 4361 3487 4435; x_wconf 88' lang='lat' dir='ltr'><strong>principio</strong></span> <span class='ocrx_word' id='word_1_742' title='bbox 3503 4378 3666 4436; x_wconf 65' lang='lat' dir='ltr'><strong>quae-</strong></span> 
     </span>
    </p>
   </div>
   <div class='ocr_carea' id='block_1_109' title="bbox 2005 4452 3672 4526">
    <p class='ocr_par' dir='ltr' id='par_1_109' title="bbox 2005 4452 3672 4526">
     <span class='ocr_line' id='line_1_111' title="bbox 2005 4452 3672 4526; baseline -0.001 -14"><span class='ocrx_word' id='word_1_743' title='bbox 2005 4470 2105 4512; x_wconf 90' lang='lat' dir='ltr'><strong>ras</strong></span> <span class='ocrx_word' id='word_1_744' title='bbox 2140 4469 2276 4526; x_wconf 63' lang='lat' dir='ltr'><strong>quae</strong></span> <span class='ocrx_word' id='word_1_745' title='bbox 2307 4453 2382 4508; x_wconf 91' lang='lat' dir='ltr'><strong>de</strong></span> <span class='ocrx_word' id='word_1_746' title='bbox 2417 4457 2601 4509; x_wconf 85' lang='lat' dir='ltr'><strong>Mater</strong></span> <span class='ocrx_word' id='word_1_747' title='bbox 2619 4452 2720 4508; x_wconf 91' lang='lat' dir='ltr'><strong>Dei</strong></span> <span class='ocrx_word' id='word_1_748' title='bbox 2742 4467 2848 4524; x_wconf 92' lang='lat' dir='ltr'><strong>per</strong></span> <span class='ocrx_word' id='word_1_749' title='bbox 2868 4452 3059 4509; x_wconf 90' lang='lat' dir='ltr'><strong>multa</strong></span> <span class='ocrx_word' id='word_1_750' title='bbox 3084 4458 3141 4508; x_wconf 91' lang='lat' dir='ltr'><strong>et</strong></span> <span class='ocrx_word' id='word_1_751' title='bbox 3161 4453 3490 4522; x_wconf 88' lang='lat' dir='ltr'><strong>singularia</strong></span> <span class='ocrx_word' id='word_1_752' title='bbox 3506 4470 3672 4525; x_wconf 85' lang='lat' dir='ltr'><strong>sym-</strong></span> 
     </span>
    </p>
   </div>
   <div class='ocr_carea' id='block_1_110' title="bbox 2005 4540 3670 4614">
    <p class='ocr_par' dir='ltr' id='par_1_110' title="bbox 2005 4540 3670 4614">
     <span class='ocr_line' id='line_1_112' title="bbox 2005 4540 3670 4614; baseline -0.001 -14"><span class='ocrx_word' id='word_1_753' title='bbox 2005 4542 2146 4600; x_wconf 92' lang='lat' dir='ltr'><strong>bola</strong></span> <span class='ocrx_word' id='word_1_754' title='bbox 2163 4541 2594 4612; x_wconf 86' lang='lat' dir='ltr'><strong>signiﬁcantur,</strong></span> <span class='ocrx_word' id='word_1_755' title='bbox 2620 4556 2859 4612; x_wconf 90' lang='lat' dir='ltr'><strong>semper</strong></span> <span class='ocrx_word' id='word_1_756' title='bbox 2881 4545 2939 4598; x_wconf 88' lang='lat' dir='ltr'><strong>et</strong></span> <span class='ocrx_word' id='word_1_757' title='bbox 2965 4540 3188 4614; x_wconf 89' lang='lat' dir='ltr'><strong>ubique</strong></span> <span class='ocrx_word' id='word_1_758' title='bbox 3221 4541 3490 4598; x_wconf 88' lang='lat' dir='ltr'><strong>invenies</strong></span> <span class='ocrx_word' id='word_1_759' title='bbox 3515 4542 3670 4598; x_wconf 86' lang='lat' dir='ltr'><strong>ines-</strong></span> 
     </span>
    </p>
   </div>
   <div class='ocr_carea' id='block_1_111' title="bbox 2006 4629 3670 4704">
    <p class='ocr_par' dir='ltr' id='par_1_111' title="bbox 2006 4629 3670 4704">
     <span class='ocr_line' id='line_1_113' title="bbox 2006 4629 3670 4704; baseline -0.002 -15"><span class='ocrx_word' id='word_1_760' title='bbox 2006 4648 2069 4688; x_wconf 91' lang='lat' dir='ltr'><strong>se</strong></span> <span class='ocrx_word' id='word_1_761' title='bbox 2105 4633 2459 4704; x_wconf 89' lang='lat' dir='ltr'><strong>potestatem</strong></span> <span class='ocrx_word' id='word_1_762' title='bbox 2495 4629 2866 4686; x_wconf 88' lang='lat' dir='ltr'><strong>mirabilium</strong></span> <span class='ocrx_word' id='word_1_763' title='bbox 2901 4629 3450 4702; x_wconf 89' lang='lat' dir='ltr'><strong>supernaturalium</strong></span> <span class='ocrx_word' id='word_1_764' title='bbox 3489 4630 3670 4687; x_wconf 90' lang='lat' dir='ltr'><strong>simul</strong></span> 
     </span>
    </p>
   </div>
   <div class='ocr_carea' id='block_1_112' title="bbox 2008 4718 3666 4794">
    <p class='ocr_par' dir='ltr' id='par_1_112' title="bbox 2008 4718 3666 4794">
     <span class='ocr_line' id='line_1_114' title="bbox 2008 4718 3666 4794; baseline -0.003 -15"><span class='ocrx_word' id='word_1_765' title='bbox 2008 4726 2186 4794; x_wconf 87' lang='lat' dir='ltr'><strong>atque</strong></span> <span class='ocrx_word' id='word_1_766' title='bbox 2218 4718 2563 4776; x_wconf 88' lang='lat' dir='ltr'><strong>salvationis</strong></span> <span class='ocrx_word' id='word_1_767' title='bbox 2592 4735 2802 4776; x_wconf 89' lang='lat' dir='ltr'><strong>eorum</strong></span> <span class='ocrx_word' id='word_1_768' title='bbox 2837 4721 2942 4792; x_wconf 89' lang='lat' dir='ltr'><strong>qui</strong></span> <span class='ocrx_word' id='word_1_769' title='bbox 2975 4719 3037 4775; x_wconf 89' lang='lat' dir='ltr'><strong>in</strong></span> <span class='ocrx_word' id='word_1_770' title='bbox 3073 4719 3352 4776; x_wconf 79' lang='lat' dir='ltr'><strong>extremis</strong></span> <span class='ocrx_word' id='word_1_771' title='bbox 3389 4719 3666 4792; x_wconf 90' lang='lat' dir='ltr'><strong>periculis</strong></span> 
     </span>
    </p>
   </div>
   <div class='ocr_carea' id='block_1_113' title="bbox 2003 4807 3670 4882">
    <p class='ocr_par' dir='ltr' id='par_1_113' title="bbox 2003 4807 3670 4882">
     <span class='ocr_line' id='line_1_115' title="bbox 2003 4807 3670 4882; baseline -0.002 -14"><span class='ocrx_word' id='word_1_772' title='bbox 2003 4814 2346 4868; x_wconf 86' lang='lat' dir='ltr'><strong>versantur.</strong></span> <span class='ocrx_word' id='word_1_773' title='bbox 2381 4811 2447 4865; x_wconf 89' lang='lat' dir='ltr'><strong>Et</strong></span> <span class='ocrx_word' id='word_1_774' title='bbox 2482 4824 2682 4866; x_wconf 89' lang='lat' dir='ltr'><strong>sermo</strong></span> <span class='ocrx_word' id='word_1_775' title='bbox 2719 4807 3079 4882; x_wconf 90' lang='lat' dir='ltr'><strong>plerumque</strong></span> <span class='ocrx_word' id='word_1_776' title='bbox 3113 4825 3254 4865; x_wconf 91' lang='lat' dir='ltr'><strong>cum</strong></span> <span class='ocrx_word' id='word_1_777' title='bbox 3274 4809 3387 4865; x_wconf 89' lang='lat' dir='ltr'><strong>ista</strong></span> <span class='ocrx_word' id='word_1_778' title='bbox 3405 4809 3670 4882; x_wconf 89' lang='lat' dir='ltr'><strong>loquitur</strong></span> 
     </span>
    </p>
   </div>
   <div class='ocr_carea' id='block_1_114' title="bbox 2003 4897 3668 4975">
    <p class='ocr_par' dir='ltr' id='par_1_114' title="bbox 2003 4897 3668 4975">
     <span class='ocr_line' id='line_1_116' title="bbox 2003 4897 3668 4975; baseline -0.002 -18"><span class='ocrx_word' id='word_1_779' title='bbox 2003 4900 2190 4975; x_wconf 88' lang='lat' dir='ltr'><strong>liquet</strong></span> <span class='ocrx_word' id='word_1_780' title='bbox 2224 4905 2434 4972; x_wconf 89' lang='lat' dir='ltr'><strong>aqtum</strong></span> <span class='ocrx_word' id='word_1_781' title='bbox 2473 4913 2597 4954; x_wconf 95' lang='lat' dir='ltr'><strong>non</strong></span> <span class='ocrx_word' id='word_1_782' title='bbox 2627 4913 2754 4954; x_wconf 90' lang='lat' dir='ltr'><strong>esse</strong></span> <span class='ocrx_word' id='word_1_783' title='bbox 2784 4913 2908 4954; x_wconf 92' lang='lat' dir='ltr'><strong>non</strong></span> <span class='ocrx_word' id='word_1_784' title='bbox 2929 4897 3114 4954; x_wconf 90' lang='lat' dir='ltr'><strong>modo</strong></span> <span class='ocrx_word' id='word_1_785' title='bbox 3135 4898 3213 4954; x_wconf 91' lang='lat' dir='ltr'><strong>ad</strong></span> <span class='ocrx_word' id='word_1_786' title='bbox 3235 4899 3442 4955; x_wconf 90' lang='lat' dir='ltr'><strong>omnia</strong></span> <span class='ocrx_word' id='word_1_787' title='bbox 3474 4898 3668 4971; x_wconf 86' lang='lat' dir='ltr'><strong>expri-</strong></span> 
     </span>
    </p>
   </div>
   <div class='ocr_carea' id='block_1_115' title="bbox 2005 4987 3667 5062">
    <p class='ocr_par' dir='ltr' id='par_1_115' title="bbox 2005 4987 3667 5062">
     <span class='ocr_line' id='line_1_117' title="bbox 2005 4987 3667 5062; baseline -0.003 -14"><span class='ocrx_word' id='word_1_788' title='bbox 2005 4990 2318 5059; x_wconf 90' lang='lat' dir='ltr'><strong>mendum,</strong></span> <span class='ocrx_word' id='word_1_789' title='bbox 2331 4987 2498 5062; x_wconf 89' lang='lat' dir='ltr'><strong>quod</strong></span> <span class='ocrx_word' id='word_1_790' title='bbox 2512 4987 2691 5060; x_wconf 90' lang='lat' dir='ltr'><strong>plane</strong></span> <span class='ocrx_word' id='word_1_791' title='bbox 2705 4987 3077 5061; x_wconf 89' lang='lat' dir='ltr'><strong>impossibile</strong></span> <span class='ocrx_word' id='word_1_792' title='bbox 3091 4992 3197 5055; x_wconf 88' lang='lat' dir='ltr'><strong>est,</strong></span> <span class='ocrx_word' id='word_1_793' title='bbox 3214 4988 3322 5046; x_wconf 89' lang='lat' dir='ltr'><strong>sed</strong></span> <span class='ocrx_word' id='word_1_794' title='bbox 3333 5005 3407 5045; x_wconf 90' lang='lat' dir='ltr'><strong>ne</strong></span> <span class='ocrx_word' id='word_1_795' title='bbox 3429 4988 3667 5062; x_wconf 88' lang='lat' dir='ltr'><strong>quidem</strong></span> 
     </span>
    </p>
   </div>
   <div class='ocr_carea' id='block_1_116' title="bbox 2006 5078 3667 5155">
    <p class='ocr_par' dir='ltr' id='par_1_116' title="bbox 2006 5078 3667 5155">
     <span class='ocr_line' id='line_1_118' title="bbox 2006 5078 3667 5155; baseline -0.002 -15"><span class='ocrx_word' id='word_1_796' title='bbox 2006 5082 2086 5141; x_wconf 89' lang='lat' dir='ltr'><strong>ad</strong></span> <span class='ocrx_word' id='word_1_797' title='bbox 2104 5079 2416 5155; x_wconf 89' lang='lat' dir='ltr'><strong>quoddam</strong></span> <span class='ocrx_word' id='word_1_798' title='bbox 2444 5078 2868 5152; x_wconf 82' lang='lat' dir='ltr'><strong>exponendum</strong></span> <span class='ocrx_word' id='word_1_799' title='bbox 2898 5078 3064 5151; x_wconf 88' lang='lat' dir='ltr'><strong>quod</strong></span> <span class='ocrx_word' id='word_1_800' title='bbox 3089 5079 3435 5137; x_wconf 84' lang='lat' dir='ltr'><strong>conveniret</strong></span> <span class='ocrx_word' id='word_1_801' title='bbox 3456 5095 3667 5138; x_wconf 88' lang='lat' dir='ltr'><strong>earum</strong></span> 
     </span>
    </p>
   </div>
   <div class='ocr_carea' id='block_1_117' title="bbox 2008 5323 3663 5403">
    <p class='ocr_par' dir='ltr' id='par_1_117' title="bbox 2008 5323 3663 5403">
     <span class='ocr_line' id='line_1_119' title="bbox 2008 5323 3663 5403; baseline 0 -17"><span class='ocrx_word' id='word_1_802' title='bbox 2008 5335 2146 5396; x_wconf 78' lang='grc' dir='ltr'>ζωὴν</span> <span class='ocrx_word' id='word_1_803' title='bbox 2175 5323 2361 5394; x_wconf 78' lang='grc' dir='ltr'>διδοὺς</span> <span class='ocrx_word' id='word_1_804' title='bbox 2412 5339 2485 5403; x_wconf 77' lang='grc' dir='ltr'>τῷ</span> <span class='ocrx_word' id='word_1_805' title='bbox 2533 5334 2786 5403; x_wconf 85' lang='grc' dir='ltr'>κόσμῳ...</span> <span class='ocrx_word' id='word_1_806' title='bbox 2836 5331 2962 5386; x_wconf 79' lang='grc' dir='ltr'>Εἰπέ</span> <span class='ocrx_word' id='word_1_807' title='bbox 3023 5324 3082 5386; x_wconf 70' lang='grc' dir='ltr'>δὲ</span> <span class='ocrx_word' id='word_1_808' title='bbox 3112 5330 3292 5396; x_wconf 72' lang='grc' dir='ltr'>αὐτοῖς</span> <span class='ocrx_word' id='word_1_809' title='bbox 3335 5333 3360 5385; x_wconf 87' lang='grc' dir='ltr'><strong>ό</strong></span> <span class='ocrx_word' id='word_1_810' title='bbox 3406 5332 3608 5395; x_wconf 79' lang='grc' dir='ltr'>Ἰησοῦς</span> <span class='ocrx_word' id='word_1_811' title='bbox 3647 5350 3663 5367; x_wconf 81' lang='grc' dir='ltr'><strong>ο</strong></span> 
     </span>
    </p>
   </div>
   <div class='ocr_carea' id='block_1_118' title="bbox 2007 5405 2786 5480">
    <p class='ocr_par' dir='ltr' id='par_1_118' title="bbox 2007 5405 2786 5480">
     <span class='ocr_line' id='line_1_120' title="bbox 2007 5405 2786 5480; baseline -0.009 -20"><span class='ocrx_word' id='word_1_812' title='bbox 2007 5406 2106 5480; x_wconf 73' lang='grc' dir='ltr'><strong>ἐγώ</strong></span> <span class='ocrx_word' id='word_1_813' title='bbox 2133 5405 2238 5480; x_wconf 77' lang='grc' dir='ltr'>εἶμι</span> <span class='ocrx_word' id='word_1_814' title='bbox 2266 5406 2292 5480; x_wconf 77' lang='grc' dir='ltr'><strong>ό</strong></span> <span class='ocrx_word' id='word_1_815' title='bbox 2322 5406 2592 5480; x_wconf 71' lang='grc' dir='ltr'>οἶρτοςτῆς</span> <span class='ocrx_word' id='word_1_816' title='bbox 2625 5405 2730 5464; x_wconf 74' lang='grc' dir='ltr'><strong>ζωῇ</strong></span> <span class='ocrx_word' id='word_1_817' title='bbox 2747 5425 2786 5466; x_wconf 85' lang='grc' dir='ltr'><strong>ς,</strong></span> 
     </span>
    </p>
   </div>
   <div class='ocr_carea' id='block_1_119' title="bbox 2097 5473 2817 5547">
    <p class='ocr_par' dir='ltr' id='par_1_119' title="bbox 2097 5473 2817 5547">
     <span class='ocr_line' id='line_1_121' title="bbox 2097 5473 2817 5547; baseline -0.006 -13"><span class='ocrx_word' id='word_1_818' title='bbox 2097 5480 2152 5547; x_wconf 90' lang='grc'><strong>6)</strong></span> <span class='ocrx_word' id='word_1_819' title='bbox 2176 5473 2323 5532; x_wconf 61' lang='lat' dir='ltr'><strong>&quot;Vide</strong></span> <span class='ocrx_word' id='word_1_820' title='bbox 2353 5473 2536 5532; x_wconf 84' lang='lat' dir='ltr'><strong>Exod.</strong></span> <span class='ocrx_word' id='word_1_821' title='bbox 2579 5491 2697 5543; x_wconf 78' lang='lat' dir='ltr'><strong>xu,</strong></span> <span class='ocrx_word' id='word_1_822' title='bbox 2728 5479 2817 5533; x_wconf 88' lang='lat'><strong>33.</strong></span> 
     </span>
    </p>
   </div>
   <div class='ocr_carea' id='block_1_120' title="bbox 2074 5480 2728 5621">
    <p class='ocr_par' dir='ltr' id='par_1_120' title="bbox 2074 5480 2728 5621">
     <span class='ocr_line' id='line_1_122' title="bbox 2097 5480 2697 5547; baseline -0.008 -13"><span class='ocrx_word' id='word_1_823' title='bbox 2097 5480 2152 5547; x_wconf 90' lang='lat'><strong>6)</strong></span> <span class='ocrx_word' id='word_1_824' title='bbox 2183 5480 2323 5532; x_wconf 86' lang='lat' dir='ltr'><strong>Vide</strong></span> <span class='ocrx_word' id='word_1_825' title='bbox 2353 5480 2536 5532; x_wconf 84' lang='lat' dir='ltr'><strong>Exod.</strong></span> <span class='ocrx_word' id='word_1_826' title='bbox 2579 5491 2697 5543; x_wconf 78' lang='lat' dir='ltr'><strong>xu,</strong></span> 
     </span>
     <span class='ocr_line' id='line_1_123' title="bbox 2074 5480 2728 5621; baseline -0.006 -16"><span class='ocrx_word' id='word_1_827' title='bbox 2074 5480 2158 5621; x_wconf 48' lang='lat' dir='ltr'><strong>E7)</strong></span> <span class='ocrx_word' id='word_1_828' title='bbox 2199 5551 2728 5621; x_wconf 70' lang='lat' dir='ltr'><strong>Deuteron._v,2_2.</strong></span> 
     </span>
    </p>
   </div>
   <div class='ocr_carea' id='block_1_121' title="bbox 2074 5618 3669 5694">
    <p class='ocr_par' dir='ltr' id='par_1_121' title="bbox 2074 5618 3669 5694">
     <span class='ocr_line' id='line_1_124' title="bbox 2074 5618 3669 5694; baseline 0.002 -16"><span class='ocrx_word' id='word_1_829' title='bbox 2074 5618 2148 5694; x_wconf 73' lang='grc'><strong>(8)</strong></span> <span class='ocrx_word' id='word_1_830' title='bbox 2183 5624 2483 5694; x_wconf 81' lang='lat' dir='ltr'><strong>Frequens</strong></span> <span class='ocrx_word' id='word_1_831' title='bbox 2504 5619 2576 5694; x_wconf 91' lang='lat' dir='ltr'><strong>_in</strong></span> <span class='ocrx_word' id='word_1_832' title='bbox 2607 5618 2809 5694; x_wconf 86' lang='lat' dir='ltr'><strong>Bibliis</strong></span> <span class='ocrx_word' id='word_1_833' title='bbox 2837 5620 3216 5693; x_wconf 89' lang='lat' dir='ltr'><strong>metaphora.</strong></span> <span class='ocrx_word' id='word_1_834' title='bbox 3267 5620 3421 5680; x_wconf 86' lang='lat' dir='ltr'><strong>Psal.</strong></span> <span class='ocrx_word' id='word_1_835' title='bbox 3458 5621 3566 5688; x_wconf 79' lang='lat' dir='ltr'><strong>cvi,</strong></span> <span class='ocrx_word' id='word_1_836' title='bbox 3604 5623 3669 5681; x_wconf 78' lang='grc'><strong>14</strong></span> 
     </span>
    </p>
   </div>
   <div class='ocr_carea' id='block_1_122' title="bbox 2004 5689 3378 5769">
    <p class='ocr_par' dir='ltr' id='par_1_122' title="bbox 2004 5689 3378 5769">
     <span class='ocr_line' id='line_1_125' title="bbox 2004 5689 3378 5769; baseline -0.001 -16"><span class='ocrx_word' id='word_1_837' title='bbox 2004 5689 2252 5769; x_wconf 72' lang='grc' dir='ltr'>ἑξόγοιγεν</span> <span class='ocrx_word' id='word_1_838' title='bbox 2280 5689 2465 5756; x_wconf 64' lang='grc' dir='ltr'>αὖτοὺς</span> <span class='ocrx_word' id='word_1_839' title='bbox 2496 5689 2552 5746; x_wconf 82' lang='grc' dir='ltr'>ἐκ</span> <span class='ocrx_word' id='word_1_840' title='bbox 2577 5692 2797 5756; x_wconf 83' lang='grc' dir='ltr'>σκότους</span> <span class='ocrx_word' id='word_1_841' title='bbox 2823 5696 2914 5748; x_wconf 80' lang='grc' dir='ltr'>καὶ</span> <span class='ocrx_word' id='word_1_842' title='bbox 2945 5689 3095 5757; x_wconf 57' lang='grc' dir='ltr'>σκιᾶς</span> <span class='ocrx_word' id='word_1_843' title='bbox 3137 5695 3378 5751; x_wconf 84' lang='grc' dir='ltr'>θανάτου.</span> 
     </span>
    </p>
   </div>
  </div>
