4434 6452
819 398 955 456 1507

2145 381 2521 441 NICEPHORI
2558 382 2840 443 CHUMNI.

4044 398 4171 452 1508

807 536 1039 578 rerum.
1072 522 1187 575 Nec
1222 518 1466 574 mirum.
1514 517 1660 572 Cum
1694 530 1835 585 ergo
1861 514 1937 570 de
1955 512 2081 569 istis
2112 508 2294 565 modo
2317 505 2463 560 dixi-
2495 510 2541 561 Α

2421 522 2463 560 1-
2495 510 2541 561 Α
2572 513 2693 571 τίως
2742 508 3091 587 ἐμνήσθημεν,
3154 517 3259 587 οὐχ
3313 514 3446 568 ὥστε
3499 520 3589 567 καὶ
3645 515 3798 587 ὀλίγα
3858 516 3914 568 ἐκ
3975 518 4171 570 πολλῶν

811 626 972 676 mus,
1011 624 1132 665 non
1168 612 1234 663 ut
1266 606 1550 680 quaedam
1584 604 1897 674 seligentes
1922 603 2073 657 inter
2099 598 2285 655 multa
2315 594 2460 649 deli-

809 698 954 753 bare
983 695 1286 752 narrando
1322 693 1786 757 conﬁderemus,
1833 691 1938 745 sed
1985 693 2048 743 ut
2077 682 2461 742 solummodo

810 802 917 858 per
951 786 1301 842 strictiorem
1328 784 1772 849 iudicationem,
1806 782 1963 836 dicta
1984 793 2176 849 nuper
2215 775 2476 851 demon-~

809 881 1157 941 straremus,
1183 874 1402 930 scilicet
1422 872 1713 928 salutares
1745 886 1877 926 esse
1899 882 2135 939 semper
2157 869 2211 919 et
2232 862 2457 932 ubique

806 964 1035 1033 ﬁguras
1071 968 1128 1018 et
1162 964 1411 1017 umbras
1450 977 1660 1016 eorum
1685 976 1821 1032 qum
1843 962 2052 1030 postea
2074 954 2303 1024 absque
2331 948 2457 1003 velo

806 1051 882 1107 de
916 1052 1148 1121 Virgine
1177 1051 1438 1106 revelata
1473 1055 1529 1105 et
1562 1053 1807 1103 ostensa
1842 1047 2096 1101 fuerunt.
2139 1045 2457 1110 Postquam

804 1142 965 1195 enim
1019 1140 1360 1211 adimpletae
1402 1142 1542 1193 sunt
1573 1137 1782 1206 ﬁgurae
1821 1142 1878 1190 et
1925 1133 2155 1188 umbraa
2190 1127 2457 1200 depulsae

805 1228 1145 1300 veritasque
1182 1229 1334 1283 inter
1370 1226 1648 1281 homines
1686 1224 1910 1279 sincere
1946 1222 2154 1279 illuXit,
2202 1215 2458 1280 gloriam

804 1315 1060 1370 afferens
1098 1316 1319 1384 Virgini
1356 1331 1491 1386 quae
1529 1312 1847 1385 splendore
1886 1325 1996 1365 suo
2027 1308 2210 1363 caelos
2247 1318 2460 1360 omnes

803 1404 1502 1475 obscurat,cmlestesque
1515 1409 1762 1457 cunctas
1778 1400 2074 1455 claritates
2087 1398 2266 1463 longe
2278 1391 2461 1447 vincit

802 1498 981 1565 atque
1036 1494 1171 1564 ipsa
1199 1492 1511 1563 Serapbim
1548 1496 1604 1546 et
1640 1489 1965 1546 Cherubim
2001 1496 2262 1558 superat,
2321 1482 2459 1553 quis

805 1597 1005 1636 sermo
1040 1581 1133 1636 vel
1162 1596 1297 1651 quae
1328 1580 1539 1647 lingua
1567 1584 1651 1633 tot
1682 1585 1738 1633 et
1763 1582 2067 1632 tantorum
2094 1570 2460 1627 mirabilium

800 1673 1017 1739 poterit
1052 1684 1350 1740 exponere
1384 1667 1815 1738 plenitudinem
1849 1665 1876 1718 ?
1904 1667 2023 1732 Ego
2052 1662 2227 1731 igitur
2254 1672 2463 1713 vereor

800 1771 877 1811 ne
902 1772 1084 1827 paena
1108 1756 1330 1826 dignus
1349 1756 1639 1819 inveniar,
1668 1753 1774 1824 qui
1797 1768 1917 1807 non
1937 1752 2061 1820 jam
2086 1762 2335 1804 manum
2357 1744 2461 1798 sed

2571 597 2711 666 ἡμᾶς
2772 598 3179 673 ἀπολεξαμένους
3239 602 3386 672 ἐρεῖν,
3449 606 3635 655 τούτου
3685 607 3847 676 χάριν
3909 609 4169 676 ἐμνήσθη-

2568 703 2678 754 μεν,
2719 685 2826 737 ἀλλ’
2864 692 2997 742 ὥστε
3049 698 3201 760 μόνον
3249 692 3511 761 ἅψασθαι,
3568 697 3656 743 καὶ
3705 697 3763 743 τό
3802 692 3984 764 λεχθὲν
4042 697 4163 746 ὑπο-

2570 770 2757 844 δεῖξαι,
2832 784 3089 841 σωζοντας
3149 779 3278 832 εἶναι
3326 778 3569 837 δηλονότι
3620 790 3898 853 πανταχοῦ
3940 788 4055 843 τοὺς
4084 788 4172 834 τύ-

2566 881 2716 927 πους,
2749 870 2962 929 καὶτὰς
2994 872 3141 929 σκιὰς
3193 879 3293 920 τῶν
3350 870 3565 941 ὕστερον
3618 869 3700 921 ἐπὶ
3766 879 3861 930 τῆς
3911 874 4163 945 παρθένου

2568 947 2707 1022 δίχα
2758 960 2948 1017 παντὸς
3014 956 3435 1029 ἐπικαλύμματος
3500 958 3745 1031 λαμπρῶς
3797 958 4161 1030 ἑκφανθέντων.

2569 1041 2713 1095 Ἐπεὶ
2784 1041 2834 1096 δ’
2885 1049 2933 1097 οὶ
2980 1051 3135 1099 τύποι
3232 1049 3496 1120 παρῆλθον
3562 1055 3650 1100 καὶ
3719 1050 4075 1123 ὑπεχώρησαν
4125 1069 4158 1100 α

2570 1138 2738 1197 σκιαὶ,
2792 1139 2881 1185 καὶ
2936 1138 3179 1208 καθαρῶς
3231 1139 3260 1193 η
3324 1135 3539 1193 ἀλήθεια
3596 1142 3797 1208 γέγονεν
3859 1137 3907 1188 ἐν
3974 1136 4168 1208 ἀνθρω-

2566 1239 2705 1287 ποις,
2774 1219 2931 1284 δόξαν
2985 1229 3213 1296 φέρουσα
3276 1234 3337 1297 τῇ
3389 1228 3624 1298 παρθένῳ
3680 1229 3873 1286 πάντας
3926 1227 4171 1299 ούρανούς

2569 1309 3005 1382 ἀποκρύπτουσαν
3108 1320 3198 1366 καὶ
3285 1314 3798 1388 ύπεραναϐαίνουσαν
3896 1319 3984 1378 μὲν
4080 1318 4169 1375 τὰς

2570 1400 2672 1449 οἱνω
2753 1400 3136 1472 λαμπρότητας,
3215 1402 3349 1454 αύτά
3420 1400 3479 1455 δὲ
3553 1404 3632 1471 (1)
3705 1405 3932 1455 κάτωθεν
3990 1404 4169 1463 ἑαυτῆς

2571 1492 2797 1559 Σεραφὶμ
2871 1494 2958 1540 καὶ
3042 1490 3308 1564 Χερουϐὶμ
3362 1490 3622 1562 ἀφιεῖσαν,
3683 1497 3756 1552 τίς
3821 1492 3883 1542 ἂν
3944 1491 4097 1563 λόγος
4136 1493 4165 1549 ἣ

2569 1581 2697 1627 ποία
2752 1576 2972 1646 γλῶσσα
3036 1588 3133 1630 τὼν
3191 1583 3450 1631 τοσούτων
3500 1586 3589 1632 καὶ
3646 1584 3887 1633 τοιούτων
3950 1580 4172 1653 ἀπείρων

2571 1669 2654 1715 καὶ
2742 1674 2967 1737 φρικτῶν
3013 1670 3287 1739 θαυμάτων
3345 1666 3709 1740 ἐκδιηγεῖσθαι
3760 1674 4089 1741 κατισχύσοι
4111 1674 4176 1721 τὰ

2571 1751 2744 1809 πλήθη
2780 1771 2793 1820 ;
2829 1755 2958 1824 Ἐγὼ
2988 1760 3076 1827 μὲν
3109 1758 3196 1808 οὖν
3229 1754 3449 1809 δέδοικα
3474 1762 3547 1829 μὴ
3575 1762 3699 1810 ποτέ
3737 1777 3826 1829 μοι
3882 1764 3971 1810 καὶ
4021 1766 4176 1810 τοῦτο

799 1845 1040 1916 impura
1061 1844 1222 1899 labia
1236 1849 1323 1899 ad
1346 1859 1549 1898 arcam
1568 1846 1686 1897 Deo
1705 1841 1946 1913 plenam
1960 1836 2351 1900 admoverim,
2366 1848 2462 1886 ve-
2490 1850 2536 1904 Β

2427 1849 2536 1904 B-B
2572 1845 2874 1916 κατάκριμα
2908 1914 2909 1919 η
2944 1849 3144 1914 γένοιτο
3231 1851 3380 1919 φέρον
3447 1847 3681 1912 εὐθύνην,
3752 1849 3816 1915 εὶ,
3885 1852 3956 1918 μή
4015 1852 4178 1920 χερσὶ

799 1935 941 1990 teris
970 1934 1126 1989 illius
1146 1933 1418 1990 miraculi
1448 1932 1760 1988 iteratione
1788 1930 1930 1985 mihi
1948 1928 2278 2000 proposita,
2297 1922 2461 1995 quod

798 2039 1077 2079 monerer
1097 2023 1399 2094 prohiberi
1420 2038 1523 2077 eos
1545 2022 1649 2093 qui
1668 2037 1792 2075 non
1819 2024 1957 2074 sunt
1988 2018 2218 2088 absque
2253 2030 2465 2069 macu-

796 2113 876 2179 la,
904 2128 976 2168 ne
997 2113 1263 2167 audeant
1278 2112 1563 2167 accedere
1582 2110 1671 2165 vel
1690 2110 1765 2165 ad
1789 2108 2040 2163 umbras
2065 2122 2248 2160 arcae:
2273 2108 2331 2158 et
2350 2104 2463 2158 hoc

799 2216 837 2257 a
866 2203 985 2256 Deo
1015 2201 1146 2270 ipso
1172 2199 1319 2255 mihi
1353 2198 1606 2254 videbar
1642 2198 1851 2253 audire
1892 2213 1904 2249 :
1946 2218 1973 2245 «
2007 2196 2201 2259 Quare
2229 2196 2285 2247 te
2322 2206 2460 2245 cum

797 2292 1004 2346 sordes
1053 2305 1175 2345 non
1212 2288 1636 2361 expurgaveris
1692 2285 1935 2341 salutari
1986 2283 2269 2344 carbone,
2310 2281 2463 2334 sicut

797 2379 933 2435 fecit
958 2380 1161 2444 Isaias,
1190 2393 1386 2450 neque
1408 2377 1679 2449 linguam
1706 2375 1989 2431 exemeris
2021 2370 2287 2444 pondere
2323 2384 2458 2424 ma-

795 2467 993 2524 lorum
1028 2484 1164 2541 qua:
1200 2483 1271 2523 ea
1306 2466 1595 2535 irretiunt,
1633 2464 1931 2520 mirabilia
1986 2461 2243 2516 sustines
2281 2473 2458 2513 enar-

796 2573 927 2612 rare
962 2558 1184 2629 quibus
1218 2556 1417 2627 impar
1451 2560 1541 2610 est
1573 2554 1754 2610 etiam
1813 2550 2167 2621 angelorum
2219 2553 2456 2616 natura,

795 2664 930 2720 quae
965 2649 1152 2703 haeret
1186 2662 1310 2718 pra;
1346 2645 1704 2716 ignorantia,
1755 2642 2090 2710 intelligens
2152 2637 2456 2693 celsitudi-

794 2754 938 2793 nem
972 2739 998 2791 ‘P
1035 2759 1062 2785 »

865 2915 962 2970 His
979 2914 1214 2969 territus
1244 2911 1726 2982 cogitationibus,
1744 2925 1864 2964 non
1893 2922 2145 2979 possum
2169 2904 2324 2960 ultra
2351 2919 2453 2959 ac-

791 3004 1024 3060 cedere.
1058 3003 1172 3057 Sed
1197 3019 1335 3057 cum
1373 3018 1409 3056 a
1444 3009 1497 3056 te
1521 3000 1789 3056 salvatus
1822 3000 1956 3061 sim,
1990 3013 2026 3052 o
2064 2998 2243 3050 Mater
2275 2994 2392 3049 Dei.
2419 3009 2455 3048 a

789 3098 846 3149 te
864 3093 1011 3147 dum
1042 3090 1383 3158 ceciderim,
1425 3095 1676 3155 erectus,
1708 3088 1851 3141 dum
1886 3088 2149 3153 frangor,
2178 3082 2450 3138 refectus.

2571 1936 2745 2001 μόνον,
2780 1930 2906 1983 ἀλλὰ
2944 1938 3033 1985 καὶ
3063 1934 3295 2005 χείλεσιν
3325 1934 3564 2006 ἀνάγνοις
3620 1944 3683 2007 τῇ
3740 1932 3980 2007 θεοδόχῳ
4018 1942 4177 2008 πρόσι

2572 2038 2678 2090 ειμι
2764 2019 2989 2091 κιϐωτῷ,
3072 2022 3334 2096 πόρρωθεν
3408 2024 3561 2085 αὖθις
3643 2024 3817 2098 ἑτέρου

2572 2106 2920 2171 ἀπειλοῦντος,
2955 2110 3065 2182 ἅμα
3092 2108 3151 2163 δὲ
3204 2117 3294 2163 καὶ
3332 2110 3666 2185 ἀπείργοντος
3728 2122 3829 2164 τῶν
3902 2117 3972 2184 μὴ
4018 2116 4180 2165 καθα-

3918 2026 4153 2096 θαύματο
4162 2046 4184 2086 ς

2569 2206 2670 2270 ρων
2741 2194 2945 2268 μηδένα
3024 2198 3217 2271 τολμᾷν
3301 2203 3702 2274 προσάπτεσθαι
3767 2198 3907 2272 μηδὲ
3970 2210 4067 2263 τῆς
4131 2202 4183 2253 ἐν

2568 2293 2681 2359 τρῖς
2714 2295 2886 2347 σκιαῖς
2912 2286 3137 2339 κιϐωτοῦ
3168 2290 3247 2356 (2)
3302 2309 3313 2321 ·
3368 2288 3571 2341 κάκεῖνο
3620 2297 3714 2340 τοῦ
3768 2298 3903 2343 Θεοῦ
3957 2287 4183 2352 δικαίως

2569 2373 2859 2447 ἀκούσαιμι
2922 2376 3153 2447 λέγοντος
3196 2398 3208 2410 ο
3260 2377 3418 2429 «Ἰνα
3473 2384 3526 2429 τί
3578 2382 3665 2445 σύ,
3734 2385 3866 2450 μήτε
3903 2382 4179 2452 καθαρσιῳ

2566 2472 2666 2514 τῶν
2719 2465 2893 2538 ρύπων
2962 2469 3301 2538 χρησάμενος
3356 2469 3596 2539 ἄνθρακι,
3652 2469 3770 2519 καθ’
3819 2468 4038 2521 Ἠσαίαν
4096 2469 4179 2538 (3)

2568 2553 2709 2610 ῐσως,
2735 2558 2860 2623 μήτε
2887 2556 2982 2609 τὴν
3040 2552 3304 2622 γλῶττταν
3363 2553 3498 2615 ἀνεὶς
3556 2562 3647 2605 τοῦ
3704 2558 4023 2627 ἐπικειμένου
4081 2554 4178 2627 βοί-

2564 2657 2685 2710 ρους
2779 2647 2880 2690 τῶν
2960 2637 3256 2692 πεδούντων
3332 2651 3525 2699 κακῶν.
3593 2638 3816 2714 έκδιηγῇ
3878 2645 4176 2715 θαυμάσια,

2563 2733 2693 2799 πρός
2746 2727 2779 2778 ἆ
2825 2725 2955 2800 μηδ’
3016 2728 3243 2799 ἀγγελῶν
3295 2728 3496 2803 ἐξαρκεῖ
3557 2734 3711 2802 φύσις
3770 2748 3782 2797 ;
3844 2730 4027 2803 ἀπορεῖ
4084 2736 4179 2782 καὶ

2561 2818 2663 2887 γὰρ
2688 2817 2819 2873 αὕτη
2851 2825 3182 2869 κατανοοῦσα
3210 2822 3268 2869 τό
3300 2821 3530 2889 μέγεθος.
3563 2838 3594 2871 ›

2633 2908 2839 2955 Τούτων
2894 2925 2956 2976 με
3010 2904 3302 2977 φοϐούντων
3390 2916 3489 2958 τῶν
3563 2906 3852 2979 λογισμων,
3908 2908 4003 2960 οῦκ
4065 2912 4178 2980 ἔχω

2561 2992 2858 3066 προσϐῆναι
2919 3002 3026 3045 τοῖν
3075 2993 3278 3065 ἐφεξης.
3342 2995 3502 3061 Πλὴν,
3558 2998 3637 3047 ὅτι
3699 2993 3793 3047 διὰ
3855 3005 3951 3049 σοῦ
4001 3003 4179 3049 σέσω-

2565 3101 2717 3153 σμαι,
2743 3090 2906 3156 μῆτερ
2967 3091 3123 3150 Θεοῦ,
3179 3088 3269 3135 καὶ
3313 3089 3484 3136 πεσὼν
3554 3083 3888 3160 ἀνωρθώθην,
3959 3092 4049 3138 καὶ
4081 3107 4181 3138 συν

789 3180 1090 3253 numquid
1126 3179 1369 3234 tandem
1398 3179 1673 3232 virtutem
1724 3175 2017 3230 sermonis
2078 3173 2353 3243 adeptus,
2398 3176 2455 3226 et
2484 3207 2523 3261 Ο

2438 3176 2523 3261 lC
2562 3169 2755 3243 τριϐεὶς
2812 3168 3234 3243 ἀναπέπλασμαι,
3318 3180 3424 3231 πῶς
3478 3172 3537 3223 ἆν
3595 3173 3743 3243 ὅλως,
3804 3173 3961 3244 λόγου
4020 3171 4184 3225 δύνα-

789 3269 1128 3342 quamdam
1161 3268 1425 3322 emittere
1456 3282 1668 3321 vocem
1704 3264 2059 3336 permissus,
2092 3276 2213 3316 non
2247 3267 2453 3331 potero

788 3358 995 3414 conari
1026 3364 1089 3412 ut
1118 3356 1335 3427 loquar
1358 3354 1387 3409 ‘?
1410 3354 1643 3410 Minime
1677 3369 1818 3424 ergo
1849 3351 2060 3407 tacebo
2096 3348 2451 3420 mysterium

790 3448 1020 3516 salutis,
1057 3446 1162 3501 sed
1190 3452 1255 3500 ut
1287 3444 1483 3500 licebit
1509 3443 1814 3499 eructabo.

861 3627 977 3679 Nos
1014 3622 1129 3678 sub
1158 3622 1310 3692 jugo
1336 3635 1447 3675 suo
1483 3614 1689 3674 servos
1719 3615 1960 3673 tenebat
1988 3614 2082 3670 ille
2104 3630 2207 3687 qui
2235 3629 2271 3668 a
2292 3615 2449 3685 prin-

786 3714 945 3787 cipio
981 3711 1199 3768 erravit
1232 3716 1291 3765 et
1326 3710 1684 3782 apostatavit
1717 3723 1754 3762 a
1798 3709 1935 3768 Deo,
1973 3720 2207 3776 nosque
2244 3703 2447 3773 gloriae

784 3803 837 3874 ej
848 3819 916 3857 us
943 3817 1115 3873 aqua
1128 3799 1419 3855 deciditet
1431 3796 1676 3853 avulsus
1689 3794 2055 3851 esthaaredes
2068 3792 2302 3848 futuros
2326 3799 2448 3848 ten-

784 3889 1109 3947 tationibus
1144 3887 1499 3955 lacessebat,
1544 3890 1789 3957 propter
1826 3884 2115 3955 antiquan
2174 3881 2447 3937 rebellio-

780 3996 925 4036 nem
955 3980 1015 4035 in
1042 3978 1355 4050 passiones
1386 3992 1499 4030 nos
1528 3973 1912 4046 praecipitans
1934 3971 2109 4043 quasi
2141 3970 2446 4041 compedi-

779 4069 897 4125 bus
934 4068 1233 4123 vinciebat
1262 4063 1795 4125 inextricabilibus,
1852 4078 1926 4117 ne
1958 4062 2171 4115 iterum
2208 4059 2287 4115 ab
2316 4059 2447 4129 ejus

781 4158 1100 4230 tyrannide
1125 4155 1379 4223 liberati,
1405 4168 1725 4226 possemus
1748 4151 1827 4207 ad
1859 4151 2165 4206 Dominum
2190 4150 2446 4218 regredi,

780 4254 857 4314 et,
884 4252 1073 4302 morte
1092 4244 1267 4300 nobis
1290 4259 1398 4315 pro
1423 4242 1672 4298 custode
1696 4240 2036 4309 constituta,
2064 4240 2123 4293 in
2145 4238 2445 4293 infernum

779 4334 1113 4391 includeret
1156 4338 1212 4386 et
1269 4330 1596 4385 custodiret
1646 4328 1760 4383 sub
1799 4327 1985 4399 portis
2038 4326 2443 4382 tenebrarum.

779 4426 899 4479 Nos
933 4437 1072 4476 vero
1094 4420 1226 4491 ejus
1244 4419 1558 4491 potestatis
1586 4418 1910 4489 tyrannica
1925 4416 2091 4471 triste
2105 4422 2442 4482 servientes,

777 4527 976 4584 neque
1003 4510 1183 4566 tantis
1204 4510 1264 4563 in
1286 4508 1504 4581 quibus
1528 4506 1922 4561 versabamur
1962 4504 2135 4560 malis
2162 4504 2439 4576 permoti,

780 4601 1204 4673 gaudebamus
1223 4599 1298 4654 de
1318 4599 1514 4663 ruina,
1541 4596 1950 4667 gloriabamur
1974 4596 2033 4650 in
2054 4595 2441 4666 passionibus

780 4707 917 4762 quae
938 4706 1049 4745 nos
1070 4689 1147 4745 ad
1166 4694 1423 4743 mortem
1445 4702 1634 4759 usque
1658 4685 1994 4745 trahebant,
2021 4692 2266 4755 propter
2287 4700 2443 4738 erro-

778 4795 906 4834 rem
938 4784 994 4833 et
1020 4783 1248 4833 tantam
1280 4776 1675 4846 dejectionem
1714 4773 2127 4829 misericordia
2156 4772 2343 4841 digni.
2378 4774 2445 4827 Et

776 4868 991 4942 quales
1020 4874 1191 4923 erant
1212 4866 1314 4938 qui
1348 4866 1486 4922 talia
1514 4865 1897 4937 patiebantur
1926 4864 1953 4916 ‘I
1986 4863 2314 4935 imaginem
2344 4863 2443 4918 Dei

778 4964 1075 5030 gerentes,
1108 4956 1440 5013 miserrime
1468 4956 1737 5026 jacentes
1766 4955 1826 5009 in
1881 4954 2161 5009 servitute
2220 4959 2277 5008 et
2330 4952 2443 5008 sub

776 5046 1095 5121 tyrannide.
1126 5044 1372 5113 inimici,
1402 5043 1841 5114 miserrimique
1873 5043 2071 5111 magis
2095 5041 2441 5113 propterin~

777 5136 1248 5202 sensibilitatem,
1283 5134 1447 5206 quia,
1474 5132 1774 5189 factorem
1815 5131 2180 5195 deserentes,
2213 5131 2441 5201 seipsos

775 5225 933 5282 hosti
964 5224 1302 5290 tradebant,
1325 5222 1430 5294 qui
1450 5236 1638 5277 manu
1667 5220 1822 5276 dura
1847 5223 2075 5285 tenens,
2126 5224 2442 5290 sequentes

845 5503 932 5587 (l).
965 5505 1149 5587 Codd.
1185 5490 1402 5587 αύταδε.
1427 5510 1490 5563 In
1525 5500 1572 5563 Α
1603 5490 1932 5587 praesertim
1982 5488 2327 5587 conjunctio
2379 5484 2439 5561 δὲ

774 5579 1003 5661 passim
1019 5579 1099 5636 ad
1119 5578 1531 5636 encliticarum
1547 5578 1800 5636 modum
1815 5581 2158 5653 estscripta,
2185 5587 2436 5636 accentu

770 5657 1276 5795 relggtgercussus
1303 5727 1390 5780 est
1413 5738 1451 5780 a
1468 5725 1587 5780 Deo
1609 5724 1758 5794 01a,
1779 5722 1948 5795 quod
1966 5739 2174 5781 arcam
2192 5721 2435 5780 fmderis

2562 3279 2649 3331 μιν
2689 3262 2825 3330 ἔχων
2856 3265 2946 3311 καὶ
3007 3266 3176 3330 φωνην
3232 3281 3350 3312 τινα
3412 3258 3698 3334 δυνάμενος
3755 3261 3980 3334 ἀφιέναι,
4049 3263 4179 3315 ἄλλο

2560 3368 2611 3399 τι
2698 3344 3068 3419 πουὸλσαιμι
3112 3353 3213 3422 πρὸ
3283 3358 3375 3400 τοῦ
3428 3358 3597 3401 ταῦτα
3637 3354 3909 3424 κηρύττειν
3940 3369 3955 3413 ς
3987 3353 4182 3403 οὔκουν

2560 3434 2684 3489 οὐδὲ
2755 3441 2841 3489 τὸν
2915 3446 3005 3497 τῆς
3058 3443 3321 3511 σωτηρίας
3374 3445 3717 3511 σιωπήσομαι
3768 3446 3981 3513 τρόπον,
4040 3440 4179 3511 ἀλλ’,

2559 3530 2629 3589 ὡς
2669 3531 2796 3596 ενὸν,
2830 3529 2962 3598 ὑμνη
2974 3546 3068 3582 σω.

2628 3612 2759 3687 Εἶχε
2814 3620 2904 3688 μὲν
2986 3618 3125 3687 ἡμᾶς
3175 3613 3573 3689 δουλωσάμενος
3620 3620 3646 3671 ό
3698 3624 3788 3671 καὶ
3832 3624 3927 3677 την
3987 3618 4175 3692 ἀρχὴν

2556 3704 2819 3765 πλανήσας
2844 3710 2932 3757 καὶ
2972 3704 3278 3766 ἀποστήσας
3319 3714 3473 3772 Θεοῦ,
3524 3713 3614 3760 καὶ
3662 3705 3818 3771 δόξης
3884 3714 3976 3780 μὲν
4030 3708 4174 3763 ἐκεί-

2556 3815 2649 3857 νης
2731 3797 2843 3848 ὅθεν
2919 3795 3068 3855 αὐτὸς
3154 3794 3422 3857 ἐκϐληθεὶς
3500 3796 3753 3872 ἀπερρίφη
3830 3798 4180 3872 κληρονομεῖν

2555 3883 2829 3956 μέλλοντας
2885 3882 2933 3935 ἐν
2983 3892 3249 3955 μηχαναῖς
3300 3884 3662 3957 ἀπωσάμενος,
3714 3890 3839 3959 πρὸς
3902 3883 3953 3939 δ’
3993 3886 4180 3959 ἐσχά-

2555 3993 2651 4033 της
2718 3971 2931 4045 ἀτιμίας
2986 3975 3129 4031 πάθη
3179 3980 3518 4045 κατενεγκὼν,
3583 3981 3674 4027 καὶ
3731 3973 3870 4046 εἶχεν
3920 3975 4185 4048 ἀφύκτοις

2557 4064 2739 4115 ὡσονεὶ
2804 4058 2991 4123 πέδαις
3071 4059 3368 4134 δεσμεύσας
3449 4066 3515 4124 ὡς
3580 4061 3710 4135 μηδ’
3790 4068 3931 4135 ἔχειν
4024 4070 4185 4128 αῦθις

2557 4154 2715 4223 ημᾶς,
2765 4149 3066 4211 ἐκλυθέντας
3124 4158 3220 4212 τῆς
3284 4152 3444 4204 αὑτοῦ
3497 4150 3837 4227 πυραννίδος,
3901 4158 4031 4228 πρὸς
4088 4161 4185 4208 τόν

3790 4068 3931 4137 ἔχειν

2558 4237 2821 4297 δεσπότην
2910 4237 3250 4311 ἀναδραμεῖν,
3313 4246 3404 4293 καὶ
3458 4244 3675 4294 θάνατον
3733 4245 3858 4314 ἡμῖν
3911 4243 4186 4302 ἐπέστησε

2557 4330 2779 4398 φύλακα,
2820 4335 2911 4381 καὶ
2940 4330 3204 4402 καθεῖρξεν
3273 4328 3321 4380 ἐν
3390 4327 3526 4400 ᾅδου
3576 4336 3665 4383 καὶ
3713 4332 3898 4392 πύλαις
3947 4341 4185 4397 σκότους

2556 4418 3008 4490 κατησφαλίσατο.
3074 4424 3174 4471 Καὶ
3259 4420 3411 4491 ἡμεῖς
3470 4416 3596 4489 ἦμεν
3659 4428 3719 4493 τῇ
3776 4424 3965 4473 τούτου
4013 4420 4185 4477 δυνα-

2558 4513 2705 4579 στείᾳ
2788 4512 2873 4559 καὶ
2938 4504 3210 4580 τυραννίδι
3268 4504 3617 4579 δουλεύοντες,
3678 4506 3810 4581 μηδ’
3868 4511 4039 4563 αὐτῶν
4109 4511 4183 4572 δὴ

2554 4600 2749 4649 τούτων
2817 4596 2867 4648 ἐν
2934 4597 3005 4656 οἷς
3071 4595 3223 4668 ἐσμεν
3284 4594 3528 4654 δηλονότι
3571 4606 3726 4650 κακοῖ
3774 4599 4182 4673 αἰσθανόμενοι,

2552 4694 2611 4758 τῇ
2681 4682 2728 4737 δ⁸
2812 4684 3041 4757 ἀπωλείᾳ
3114 4691 3626 4761 συνευφραινόμεναι,
3714 4690 3855 4744 πάθη
3917 4701 4184 4762 τιμῶντες

2554 4772 2679 4847 ἦμεν
2719 4773 2771 4837 ἐξ
2828 4775 2895 4824 ὧν
2952 4773 3029 4826 ἐπ’
3078 4774 3234 4826 αὐτόν
3284 4774 3564 4848 ἐτρέχομεν
3624 4778 3861 4845 θάνατον,
3932 4778 4182 4835 ἐλλεεινοὶ

2812 4684 3041 4757 ἀπωλείᾳ
3114 4691 3626 4761 συνευφραινόμεναι,

2551 4873 2641 4924 τῆς
2698 4861 2903 4924 ἀπάτης
2952 4868 3041 4914 καὶ
3087 4872 3179 4924 τῆς
3235 4868 3501 4927 τοσαύτης
3555 4862 3793 4928 ἀδοξίας·
3844 4872 3934 4921 καὶ
4000 4880 4185 4923 ταῦτα

2551 4958 2729 5023 τίνες,
2786 4955 2834 5004 οἱ
2885 4961 2981 5013 τῆς
3046 4952 3239 5015 εἰκόνος
3297 4961 3454 5019 Θεοῦ,
3517 4953 3840 5030 ἐλεεινότεροι
3888 4966 3986 5018 τῆς
4052 4957 4185 5012 δου-

2552 5041 2690 5103 λείας
2750 5047 2840 5093 καὶ
2919 5050 3010 5101 τῆς
3075 5062 3167 5094 του
3225 5043 3424 5115 ἐχθροῦ
3503 5042 3832 5118 τυραννίδος,
3869 5046 4052 5118 πολλῷ
4116 5047 4183 5102 δὲ

2551 5132 2700 5183 πλέον
2749 5130 2922 5183 ἄθλιοι
2967 5139 3063 5192 τῆς
3123 5131 3496 5202 ἀναισθησίας,
3561 5136 3641 5186 ὅτι
3694 5138 3779 5187 τόν
3838 5132 4183 5213 δημιουργὸν

2551 5218 2997 5292 ἐγκαταλιπόντες,
3076 5224 3307 5293 φέροντες
3377 5222 3595 5283 ἑαυτοὺς
3649 5232 3722 5293 τῷ
3778 5224 4015 5296 πολεμίῳ
4080 5249 4182 5280 πα·

2546 5506 2737 5562 manu
2764 5492 3213 5574 contrectasset,
3246 5496 3313 5561 ut
3345 5504 3436 5561 est
3460 5488 3521 5560 in
3557 5496 3597 5560 lt
3622 5488 3767 5575 ᾖδε.
3808 5506 3859 5561 (Ξ.
3899 5512 3976 5562 vi.
4020 5500 4179 5565 Sunt

2546 5584 2605 5634 et
2633 5578 2750 5634 alia
2776 5577 3050 5649 exempla
3080 5577 3317 5633 similia.

2618 5652 2699 5723 (3)
2729 5650 2869 5706 Vide
2890 5651 3026 5706 lsai.
3064 5666 3142 5721 vr,
3168 5654 3222 5720 6,
3256 5654 3313 5706 7.
