4434 6452
244 445 268 496 i
278 444 381 497 509

1295 434 1384 488 DE
1426 428 1641 485 FESTO
1682 422 2132 481 DORMITIONIS
2171 428 2227 482 S.
2270 428 2533 483 MARI/E.

3465 428 3602 483 i510

241 560 615 636 ραδεδώκαμεν
647 578 661 590 ’
706 564 731 611 ο
773 556 831 611 δὲ
858 559 1245 632 χειρωσάμενος
1298 556 1445 614 ὅλους
1512 552 1673 605 εἷλκεν
1722 547 1841 599 ἀκο-
1870 548 1917 599 Α

1991 547 2235 605 rabebat
2253 550 2581 620 gaudenter
2602 550 2661 605 in
2692 550 3017 615 infernum,
3038 548 3204 621 quod
3232 548 3245 602 i
3277 554 3363 604 est
3383 548 3602 604 domus

240 653 549 709 λουθούντας
604 651 888 722 προθύμως
964 648 1030 706 εἰς
1087 646 1334 719 βάραθρα
1386 647 1443 694 τὸ
1507 638 1691 693 ἑαυτὸν
1755 655 1844 687 κα-

242 758 504 811 ταγωγιον
514 781 526 793 .

315 846 390 897 Ού
422 850 524 916 μὴν
555 843 682 895 ἀλλὰ
717 839 959 915 παρεδεὶν
1034 847 1194 912 μέχρι
1250 842 1440 897 παντὸς
1504 836 1597 886 οὐκ
1651 834 1711 894 ἦν
1756 836 1847 881 τού

242 941 358 993 ταῖς
413 936 573 1005 χερσὶ
621 931 908 989 πλάσαντος
973 936 1061 979 καὶ
1150 937 1243 987 τῆς
1314 924 1448 985 ἰδίας
1543 918 1848 995 μπαδὸντος

246 1022 435 1082 εἰκόνος
483 1026 571 1072 καὶ
592 1028 869 1091 τῆςτιμῆς
903 1041 913 1051 ·
989 1019 1173 1069 οὔκουν
1228 1014 1350 1069 ούδε
1414 1010 1677 1087 παρεῖδεν,
1734 1006 1850 1061 οὐδ’

246 1110 411 1180 ἀφῆκε
441 1116 630 1180 τροπον
660 1109 713 1159 ὃν
743 1109 931 1179 ἔφημεν
982 1105 1199 1166 δούλους
1265 1105 1568 1175 ἀγομένους,
1633 1101 1718 1160 οὓς
1778 1102 1847 1169 μὴ

246 1204 398 1269 μόνον
429 1196 743 1270 ἐλευθερους,
810 1196 938 1247 ἀλλὰ
1005 1202 1094 1247 καὶ
1148 1204 1245 1246 τῶν
1312 1192 1395 1244 ἐπὶ
1455 1200 1551 1260 γῆς
1617 1188 1853 1239 ἁπάντων

247 1286 432 1358 ἄρχειν
462 1291 794 1359 προκρέκρινε
847 1305 859 1318 ·
919 1292 1086 1357 χωρεῖ
1143 1280 1191 1335 δ’
1247 1282 1292 1342 ἐς
1355 1282 1564 1343 αύτούς,
1622 1282 1709 1328 καὶ
1764 1282 1854 1326 τού

246 1384 552 1445 κρατοῦντος
601 1374 899 1448 ἐξαιρεῖται,
977 1372 1274 1431 καταλύσας
1342 1375 1436 1427 την
1522 1364 1851 1420 δυναστείαν,

247 1466 356 1534 ἁμα
387 1460 445 1515 δε
474 1466 638 1514 καὶτὸ
688 1472 783 1523 τῆς
846 1462 1057 1531 ἀγνοίας
1118 1458 1393 1518 διαλύσας.
1432 1462 1612 1514 σκότος
1684 1453 1766 1524 ὑφ’

1534 1562 1547 1609 ;
1581 1575 1649 1583 —-
1716 1540 1856 1595 Ἀλλ’

249 1640 469 1692 ενταύθά
520 1659 610 1710 μοι
648 1645 737 1691 καὶ
782 1641 808 1690 ὁ
858 1645 960 1699 πᾶς
1024 1638 1191 1707 λόγος,
1243 1632 1423 1691 ἐπειδὴ
1503 1639 1587 1685 καὶ
1672 1635 1855 1690 πάντες

247 1560 463 1622 κατεῖχε
492 1552 851 1623 πλανωμένους
881 1554 1020 1622 ἡμᾶς
1049 1571 1061 1582 ·
1106 1556 1274 1623 χωρεῖ
1304 1544 1363 1599 δὲ
1390 1554 1500 1606 πῶς

251 1732 428 1793 τύποι,
454 1734 544 1780 καὶ
586 1726 843 1799 σύμϐολα,
912 1732 1003 1778 καὶ
1063 1729 1111 1778 οἱ
1158 1728 1596 1797 προκηρύττοντες
1646 1719 1854 1793 πορρω-

256 1819 356 1883 θεν,
417 1816 637 1868 ἐνταῦθα
694 1816 976 1889 πληροῦσι,
1040 1815 1178 1874 τέλος
1223 1818 1430 1885 ἔχοντες
1491 1817 1584 1868 τήν
1669 1810 1855 1882 παρθέ-

251 1925 353 1956 νον,
392 1904 551 1965 Αὐτὸς
618 1910 705 1956 καὶ
756 1908 858 1977 γὰρ
918 1909 947 1954 ὅ
995 1910 1305 1976 προαιώνιος
1350 1910 1441 1952 του
1500 1907 1632 1951 Θεοῦ
1693 1903 1855 1966 Λόγος
1887 1888 1928 1941 Β

253 1994 483 2053 καταϐὰς
522 1993 569 2045 εν
600 1994 756 2064 αὐτῇ,
796 1995 1004 2067 καθαρᾷ
1060 1992 1190 2063 ούση
1241 1996 1324 2042 καὶ
1393 1989 1611 2061 αμωμῳ,
1660 1992 1749 2037 καὶ
1806 1990 1856 2036 τί

256 2080 307 2135 δ’
326 2082 447 2134 ἄλλο
500 2084 528 2141 ἦ
616 2090 706 2134 τού
769 2083 1096 2141 κατελθοντος
1156 2080 1295 2151 ἀξία,
1354 2079 1485 2153 σὰρξ
1532 2083 1729 2148 γίνεται
1784 2072 1857 2126 δι’

255 2173 421 2241 ἡμῶς,
457 2190 680 2243 φορρσας
717 2174 908 2228 ταύτην
964 2170 1019 2222 ἐκ
1064 2179 1163 2221 τῶν
1217 2169 1383 2227 αύτής
1443 2170 1717 2238 ὰχοάντων
1770 2171 1860 2216 καὶ

258 2264 528 2331 πανάγνων
602 2263 857 2332 αἱμάτων,
926 2267 1033 2329 καὶ,
1087 2265 1179 2316 τὴν
1233 2259 1348 2310 κατ’
1410 2258 1578 2309 εἰκονα
1634 2254 1858 2327 προσλα-

1020 2306 1033 2329 3

256 2350 358 2401 ϐών
415 2353 570 2421 φύσιν
623 2350 745 2407 ὅλην
810 2351 1113 2423 φθαρεῖσαν,
1179 2353 1425 2419 μίγνυται
1512 2348 1693 2416 ταύτῃ.
1774 2348 1860 2393 καὶ

258 2436 568 2490 ἀναπλάττει
631 2446 691 2509 τῇ
744 2443 1003 2509 κοινωνία,
1059 2442 1179 2498 τούς
1253 2434 1417 2495 ἰδίους
1476 2432 1626 2495 αὖθις
1676 2432 1860 2484 ἐπανα-

1530 2528 1619 2575 τού
1631 2545 1650 2584 ς
1726 2524 1862 2573 απωο

260 2527 444 2587 σώζων
498 2531 627 2598 πρὸς
682 2527 879 2596 ἑαυτὸν,
930 2534 1018 2578 και
1114 2526 1455 2597 οἰκειούμενος

263 2618 474 2676 σθίντας
510 2624 570 2688 τῇ
613 2617 862 2691 ἁμαρτίᾳ.

335 2742 499 2801 Οὗτος
533 2744 558 2792 ὁ
615 2750 708 2802 τῆς
767 2744 1014 2813 ἡμετέρας
1072 2745 1335 2812 σωτηρίας
1388 2744 1577 2811 τρόπος
1643 2756 1653 2767 ·
1716 2745 1865 2789 τοῦτο

271 2835 327 2881 το
397 2829 558 2880 πάλαι
624 2836 711 2881 και
778 2832 1196 2901 προτυπούμενον
1272 2833 1360 2879 καὶ
1425 2834 1863 2899 προμηνυομενον,

261 2925 354 2970 καὶ
431 2926 537 2979 τοῖς
602 2924 890 2991 προφήταις
938 2917 1264 2989 λαλούμενον,
1328 2922 1536 2989 φρικτὸν
1583 2923 1669 2968 καὶ
1735 2921 1869 2985 μέγα

263 3013 573 3079 μυστήριον,
625 3012 749 3067 Θεὸς
795 3012 1066 3079 μεγόγενος
1097 3008 1387 3078 ἄνθρωπος,
1451 3008 1531 3056 ἵνα
1587 3012 1730 3077 σώσῃ
1783 3009 1868 3055 τὸν

266 3098 557 3169 ἄνθρωπον,
601 3100 724 3155 Θεὸς
778 3095 825 3147 ἐν
883 3102 1059 3169 μήτρᾳ
1105 3097 1366 3168 Παρθένου
1443 3100 1531 3145 καὶ
1591 3098 1869 3166 σωματού-

266 3204 415 3256 μενος
470 3190 558 3236 καὶ
604 3186 971 3256 πλαττόμενος,
1042 3190 1128 3237 καὶ
1188 3190 1442 3257 χρονικήν
1499 3180 1867 3255 καταδεχόμε-

264 3293 347 3333 νος
398 3278 659 3344 γέννησιν,
712 3278 802 3325 καὶ
853 3276 921 3334 ὡς
971 3271 1154 3345 βρέφος
1199 3275 1452 3345 ὁρώμενος
1514 3279 1602 3324 καὶ
1666 3272 1871 3344 βαστα-

269 3364 478 3433 ζομενος
528 3360 777 3433 ἀγκάλαις
844 3366 1066 3434 μητρὸς.
1114 3364 1139 3413 ο
1197 3365 1262 3413 τὰ
1308 3365 1477 3414 πάντα
1528 3362 1734 3435 πληρῶν
1784 3366 1873 3412 καὶ

270 3447 523 3521 μηδαμοῦ
582 3446 828 3521 μηδολως
904 3453 1258 3521 χωρούμενος.
1324 3454 1457 3523 Πρὸς
1524 3459 1691 3501 ταῦτα
1743 3454 1875 3510 τίνες

270 3537 518 3610 ἀγγελῶν,
598 3544 724 3598 τίνες
808 3538 1174 3612 ἀρχαγγέλων,

828 3634 953 3679 ποῖα
1022 3626 1308 3700 Χερουϐὶμ,

598 3544 724 3598 τίνες
808 3539 1174 3609 ἁρχαγγέλων,
1260 3539 1317 3590 οὗ
1398 3539 1801 3609 κατεπλάγησαν
1858 3556 1870 3604 ;

269 3635 397 3679 ποῖα
484 3633 729 3701 Σεραφὶμ,
828 3634 953 3679 ποῖα
1022 3627 1308 3700 Χερουϐὶμ,
1392 3628 1484 3679 ούκ
1559 3627 1874 3698 ἐθαύμασεν,

271 3719 470 3790 ὁρῶντα
523 3722 609 3775 τὴν
667 3720 924 3774 τοσαύτην
1009 3726 1100 3769 τού
1183 3726 1317 3770 Θεου
1366 3724 1578 3771 κένωσιν
1644 3724 1732 3769 καὶ
1789 3721 1876 3778 τὸς

268 3814 518 3858 τοσοῦτον
575 3802 722 3866 αὖθις
779 3810 930 3877 ὄγκον
966 3814 1061 3866 τῆς
1126 3812 1245 3879 περὶ
1297 3810 1437 3879 ἡμᾶς
1495 3808 1876 3880 φιλανθρωπίας

268 3901 358 3947 καὶ
388 3904 479 3955 τῆς
505 3894 735 3947 ἐπέκεινα
759 3897 937 3955 πάσης
963 3894 1219 3955 ύπεϐολῆς
1250 3894 1587 3966 ἀγαθοτητος.

1137 4012 1237 4055 τῶν

340 4009 626 4074 Τοιγαροῦν
696 4008 786 4054 καὶ
869 4010 1037 4054 πᾶσαι
1137 4012 1237 4055 τῶν
1336 4004 1563 4075 οὐρανῶν
1629 4002 1876 4077 δυνάμεις

271 4092 419 4152 εύθύς
489 4091 811 4164 ἀνύμνησαν,
906 4097 994 4144 καὶ
1070 4093 1182 4164 μεθ’
1251 4095 1397 4164 ἡμῶν
1478 4091 1585 4146 δεῖν
1652 4094 1878 4165 ἔγνωσαν

276 4189 464 4239 στῆναι
541 4188 737 4251 γενεαῖς
795 4179 1022 4240 ἀπάσαις
1068 4186 1160 4239 τὴν
1241 4184 1497 4254 Παρθένον
1568 4183 1858 4255 μακαριζον

276 4290 399 4335 των,
436 4274 527 4322 καὶ
564 4271 958 4345 μακαριζοντών
1018 4272 1146 4342 ὁμοῦ
1196 4274 1284 4342 μὲν
1342 4271 1509 4323 αὐτῶν
1568 4270 1630 4328 3r,
1689 4277 1883 4324 τούτων

280 4360 440 4411 ἕνεκεν
512 4368 611 4409 τῶν
692 4359 853 4420 οὕτως
910 4360 1179 4432 ὑπερφυῶν
1252 4359 1382 4430 αὐτῇ
1456 4361 1736 4431 μεγαλείων
1794 4380 1885 4431 γε-

280 4452 592 4519 γενημένων,
650 4448 787 4519 ὁμοῦ
842 4444 892 4498 δ’
940 4449 1019 4499 ὅτι
1077 4454 1167 4499 καὶ
1237 4453 1331 4506 τὴν
1378 4455 1549 4505 κοινὴν
1602 4448 1888 4520 ἐλευθερίαν

286 4533 357 4588 δι’
390 4538 555 4599 αὐτῆς
580 4538 704 4609 ἡμῖν
750 4536 974 4609 ὑπῆρξεν
1015 4535 1311 4602 ἀπολαϐεῖν,
1368 4538 1479 4609 οἶμα
1532 4535 1591 4590 δὲ
1638 4545 1727 4591 καὶ
1788 4549 1889 4591 τῶν

287 4626 509 4689 καθεξῆς
552 4626 855 4699 εύεργεσιῶν
921 4628 1104 4700 χάριν,
1157 4624 1216 4689 ἃς
1274 4627 1332 4678 ού
1391 4624 1617 4680 διέλεπεν
1668 4626 1784 4681 οὐδ’
1833 4629 1890 4681 ού

287 4721 491 4787 μήποτε
571 4715 696 4787 λίπῃ
756 4712 847 4767 διὰ
913 4719 1107 4777 παντὸς
1189 4717 1634 4789 κατεργαζομένη.
1710 4726 1890 4792 Ιιαρα-

285 4804 522 4857 λαϐοῦσα
583 4810 673 4856 καὶ
727 4807 827 4879 γὰρ
876 4806 1009 4875 ἡμᾶς
1074 4801 1212 4856 ἰδίαν
1271 4809 1456 4858 ωσανεὶ
1524 4814 1891 4880 κληρονομίαν,

286 4902 393 4950 τοῖς
417 4901 509 4945 τού
536 4896 660 4945 Υἰου
700 4892 856 4953 αὐτῆς
888 4894 1104 4965 αἰμασιν
1156 4894 1254 4945 ἀπὸ
1312 4904 1408 4956 τῆς
1459 4898 1736 4969 μοχθηρᾶς
1802 4905 1892 4951 καὶ

288 4983 482 5055 φαύλης
542 4979 775 5038 δουλείας
828 4982 1294 5056 ἐξηγορασμένους,
1346 4984 1511 5037 ἐκεῖνα
1566 4991 1654 5037 καὶ
1710 4993 1890 5039 πεποί-

286 5092 407 5129 ηκεν
436 5074 563 5146 ὑπὲρ
612 5074 758 5143 ἡμῶν
800 5077 887 5123 καὶ
933 5080 1087 5141 ποιεῖ,
1145 5074 1211 5123 ὧν
1247 5079 1335 5125 καὶ
1392 5080 1537 5147 γέμει
1600 5078 1807 5147 σύμπας
1864 5079 1890 5129 ὁ

286 5160 421 5234 βίος,
458 5161 696 5223 ἐξαισίων
725 5162 804 5212 αεὶ
839 5161 1167 5233 τελούμενων,

360 5266 571 5327 Ἐπειδὴ
604 5271 705 5342 γὰρ
756 5270 782 5320 ὁ
821 5271 956 5320 κατὰ
1010 5278 1106 5331 τῆς
1148 5276 1361 5343 πρώτης
1418 5274 1563 5343 ἡμῶν
1620 5271 1889 5347 ἐπιχειρή-

286 5378 387 5421 σας
462 5358 771 5435 ἐλευθερίας,
849 5364 939 5411 καὶ
987 5368 1155 5420 κακῶς
1200 5360 1362 5419 αὐτὴν
1420 5360 1740 5434 ἀφελόμενος,
1796 5369 1889 5422 τὴν

283 5450 411 5509 ὅλην
445 5450 592 5521 ἡμῶν
646 5446 961 5521 καθύϐρισεν
1012 5449 1180 5515 ἀξίαν,
1240 5448 1620 5504 ἀπαλλάττεται
1683 5450 1735 5505 δ’
1773 5450 1889 5505 οὐδ’

283 5535 430 5600 αὖθις
518 5544 608 5591 καὶ
683 5542 819 5591 κατὰ
900 5548 1000 5590 τῶν
1078 5536 1327 5613 δευτέρων
1377 5540 1455 5594 ἀεὶ
1512 5548 1893 5615 μηχανώμενος

282 5627 561 5700 ἀμεινόνων
624 5626 709 5680 ἐπὶ
745 5626 914 5697 πολλῲ
980 5632 1111 5700 πρὸς
1163 5625 1321 5690 δόξαν
1386 5636 1755 5703 γεγενημένων,
1807 5633 1892 5684 ού-

285 5714 513 5790 δαμοθεν
552 5718 761 5770 ἄλλοθεν
815 5717 965 5788 ἡμεῖς
1023 5716 1242 5779 ἕξάντεις
1288 5728 1385 5770 τῶν
1429 5720 1591 5773 αὐτοῦ
1646 5721 1889 5774 ποικίλων

1908 3237 1951 3290 C

1954 638 2100 708 ejus.

2030 830 2151 882 Non
2192 834 2421 899 poterat
2447 837 2646 886 autem
2671 847 2780 886 nos
2795 834 3041 888 omnino
3077 833 3347 887 deserere
3366 834 3465 904 qui
3492 850 3603 889 ma-

1958 916 2135 971 nibus
2159 934 2267 973 nos
2286 919 2705 989 plasmaverat,
2736 923 3039 993 propriam
3074 922 3397 993 imaginem
3413 922 3605 991 etglo-

1959 1005 2109 1059 riam
2143 1007 2407 1062 tribuens
2442 1009 2657 1077 :igitur
2693 1010 3365 1081 nequedeseruitneque
3384 1012 3607 1067 amovit

1960 1100 2265 1149 creaturas
2296 1112 2448 1167 quas
2485 1098 2837 1152 dicebamus
2877 1099 2935 1153 in
3005 1100 3343 1153 servitutem
3398 1101 3607 1154 mortis

1962 1180 2307 1245 destinatas,
2332 1186 2475 1238 dum
2510 1201 2612 1240 eas
2634 1201 2753 1240 non
2786 1186 2966 1241 modo
2994 1186 3209 1242 liberas
3241 1187 3474 1251 fecerat,
3501 1187 3603 1242 sed

1965 1270 2208 1341 insuper
2242 1278 2307 1325 ut
2342 1278 2537 1327 essent
2568 1290 2747 1345 super
2766 1275 2969 1330 omnia
2996 1291 3131 1347 qua:
3169 1281 3306 1330 sunt
3335 1276 3395 1331 in
3417 1280 3599 1330 terra.

1966 1359 2135 1413 Venit
2165 1366 2363 1415 autem
2394 1360 2470 1415 ad
2503 1377 2605 1416 eos
2644 1369 2695 1416 et
2729 1379 2797 1416 ex
2847 1369 3085 1433 potente
3106 1365 3296 1435 eripit,
3336 1365 3463 1434 ejus
3496 1364 3613 1419 sol-

1967 1464 2112 1503 vens
2144 1447 2492 1521 potentiam,
2530 1458 2584 1506 et
2619 1452 2921 1523 dissipans
2951 1454 3228 1509 umbram
3260 1456 3609 1525 ignorantiae

1965 1552 2087 1607 qua
2110 1553 2222 1593 nos
2258 1538 2588 1594 involverat
2625 1540 2906 1611 deceptos
2942 1549 2993 1596 et
3031 1548 3315 1597 errantes.
3355 1544 3612 1608 Quomo-

1966 1625 2044 1679 do
2077 1632 2278 1681 autem
2315 1628 2473 1681 venit
2501 1628 2666 1682 ?Huc
2702 1629 2850 1683 enim
2889 1630 3170 1685 tendebat
3222 1635 3377 1685 totus
3440 1646 3612 1685 meus

1967 1729 2183 1779 sermo,
2222 1716 2372 1769 sicut
2398 1721 2451 1770 et
2472 1732 2684 1771 omnes
2707 1718 2913 1781 ﬁgurae
2942 1721 3214 1774 etomuia
3238 1719 3534 1791 symbola,
3558 1724 3612 1773 et

1966 1818 2177 1857 omnes
2216 1820 2251 1857 a
2286 1810 2439 1859 retro
2478 1805 2803 1876 prophetiae
2826 1807 2941 1861 huc
2973 1808 3376 1879 adimplentur
3430 1808 3613 1862 tinem

1968 1906 2154 1945 unum
2196 1892 2485 1947 habentes
2525 1895 2845 1961 Virginem.
2897 1899 3093 1967 Ipsum
3115 1897 3273 1951 enim
3325 1900 3614 1951 reternum

1968 1980 2067 2034 Dei
2108 1980 2361 2035 Verbum
2390 1981 2765 2038 descendens
2804 1984 2861 2038 in
2903 1985 3005 2040 Illa
3033 2000 3167 2057 qum
3205 1990 3331 2040 erat
3364 2000 3517 2056 pura
3561 1991 3617 2039 et

1968 2069 2579 2137 irreprehensibilis.et
2605 2074 2677 2126 de
2692 2079 2902 2128 caetero
2924 2074 3381 2145 quodammodo
3408 2074 3611 2143 digna.

1970 2160 2050 2212 Eo
2076 2160 2176 2229 qui
2216 2159 2506 2224 veniebat,
2541 2158 2761 2215 factum
2798 2168 2885 2216 est
2920 2178 3028 2233 pro
3064 2163 3237 2217 nobis
3272 2163 3619 2225 caro;hanc

1970 2263 2212 2301 carnem
2254 2264 2575 2302 assumens
2614 2266 2682 2303 ex
2722 2250 3035 2305 innocente
3108 2258 3163 2306 et
3230 2252 3618 2306 immaculato

1971 2336 2218 2405 Virginis
2256 2337 2568 2404 sanguine,
2600 2339 2896 2409 accipiens
2927 2346 3111 2395 totam
3135 2348 3409 2395 naturam
3456 2341 3621 2396 vitia-

1972 2431 2096 2479 tam
2128 2427 2187 2480 in
2215 2426 2478 2491 imagine
2504 2428 2620 2492 Dei,
2661 2444 2787 2483 sese
2818 2429 2893 2483 illi
2924 2430 3177 2495 miscuit,
3203 2436 3255 2485 et
3281 2430 3621 2485 reformavit

1974 2513 2126 2569 illam
2141 2515 2254 2569 hac
2269 2516 2508 2579 unione,
2528 2533 2671 2571 suos
2684 2518 2889 2572 iterum
2910 2520 3148 2575 salvans
3166 2525 3217 2573 et
3232 2520 3308 2574 ad
3323 2524 3375 2574 te
3389 2519 3623 2587 erigens

1971 2604 2308 2675 uniensque
2322 2621 2458 2675 quos
2469 2610 2871 2661 vastaveratet
2888 2607 3283 2663 exinaniverat
3296 2614 3621 2679 peccatum.

2046 2728 2199 2785 Talis
2236 2734 2323 2784 est
2350 2734 2568 2785 nostra:
2590 2730 2797 2787 salutis
2817 2732 2966 2788 ordo
2993 2750 3005 2787 :
3034 2732 3147 2788 tale
3183 2738 3271 2788 est
3295 2732 3461 2804 quod
3482 2732 3625 2788 olim

1980 2816 2429 2889 praefiguratum
2451 2826 2557 2885 est,
2595 2822 3062 2890 praenuntiatum
3098 2828 3155 2876 et
3173 2836 3276 2892 per
3302 2820 3627 2893 prophetas

1979 2906 2357 2977 praedictum,
2378 2908 2755 2963 tremendum
2779 2925 3189 2982 maguumque
3228 2911 3585 2981 mysterium
3611 2927 3624 2963 :

1983 2997 2135 3049 Deus
2154 3010 2370 3066 nempe
2390 2995 2561 3051 homo
2578 2996 2768 3051 factus
2786 2998 3160 3053 uthominem
3174 2998 3449 3065 salvaret,
3478 3001 3631 3053 Deus

1980 3084 2039 3138 in
2078 3091 2244 3138 utero
2268 3084 2524 3150 Virginis
2548 3085 2964 3157 incorporatus
2984 3092 3040 3141 et
3071 3086 3381 3156 formatus,
3403 3093 3460 3143 et
3488 3092 3632 3142 tem-

1982 3174 2249 3244 poralem
2282 3175 2578 3245 accipiens
2596 3177 3064 3243 generationem,
3089 3176 3254 3231 visus
3269 3184 3326 3231 et
3363 3182 3631 3246 gestatus

1984 3268 2045 3316 ut
2080 3279 2228 3333 puer
2258 3262 2410 3317 inter
2450 3263 2656 3317 matris
2700 3263 2971 3335 brachia,
3035 3265 3185 3320 dum
3237 3267 3364 3337 ipse
3427 3266 3634 3321 omnia.

1984 3352 2163 3422 replet
2181 3358 2236 3406 et
2261 3350 2471 3406 nullibi
2494 3352 2887 3407 omninoloco
2907 3355 3121 3409 mutari
3147 3362 3359 3426 potest.
3386 3355 3477 3409 Ad
3505 3356 3635 3411 haec

1984 3442 2232 3512 quinam
2272 3440 2625 3509 angelorum
2661 3448 2717 3495 et
2748 3442 3247 3511 archangelorum
3280 3459 3403 3499 non
3430 3443 3635 3500 obstu-

1984 3536 2244 3601 puerunt
2262 3530 2289 3584 ‘?
2314 3532 2455 3595 Quaa
2470 3530 2791 3602 seraphim,
2808 3547 2941 3601 quas
2955 3532 3265 3588 cherubim
3287 3549 3409 3588 non
3423 3534 3640 3590 mirata

1986 3624 2142 3685 sunt,
2182 3624 2411 3675 tantam
2449 3636 2587 3674 cum
2610 3626 2918 3675 cernerent
2944 3622 3043 3676 Dei
3058 3620 3547 3687 exinanitionem.
3584 3628 3640 3679 et

1986 3708 2163 3763 simul
2203 3714 2430 3763 tantam
2464 3708 3181 3776 exuberantiam,amoris
3220 3711 3339 3781 Dei,
3375 3717 3429 3767 et
3460 3726 3641 3783 super

1987 3797 2373 3853 eminentiam
2413 3796 2751 3852 excellentis
2779 3798 3063 3854 bonitatis
3101 3798 3129 3852 ‘2

2050 3997 2261 4054 Omnes
2275 3997 2476 4069 itaque
2489 3997 2732 4052 virtutes
2746 3996 3025 4053 caelorum
3040 4001 3399 4071 propensius
3412 4003 3473 4058 in
3484 4003 3651 4076 bym-

1991 4104 2102 4143 nos
2138 4092 2465 4158 eruperunt
2499 4092 2556 4140 et
2589 4085 2908 4142 nobiscum
2931 4096 3307 4159 agnoverunt
3330 4092 3409 4146 ab
3459 4093 3654 4148 omni-

1991 4178 2106 4233 bus
2135 4174 2623 4243 generationibus
2653 4170 3133 4233 benedicendam
3174 4194 3305 4235 esse
3344 4181 3651 4253 Virginem

1996 4274 2121 4321 tum
2162 4271 2403 4337 propter
2428 4280 2499 4319 ea
2519 4279 2653 4336 quae
2675 4263 2788 4335 ipsi
2818 4264 3038 4321 collata
3051 4273 3192 4323 sunt
3209 4284 3435 4339 magna
3461 4276 3517 4326 et
3542 4288 3650 4326 su-

1996 4354 2423 4429 pernaturalia;
2449 4359 2563 4409 tum
2582 4354 2726 4426 quia
2745 4370 2849 4425 per
2869 4355 3022 4411 illam
3038 4358 3213 4412 nobis
3226 4358 3426 4414 datum
3443 4366 3533 4417 est
3553 4361 3654 4417 de-

2000 4461 2182 4516 super
2216 4443 2487 4515 accipere
2526 4457 2917 4499 communem
2953 4443 3309 4513 libertatem,
3350 4447 3653 4520 simulque

2000 4541 2242 4608 propter
2268 4539 2483 4589 castera
2503 4532 2794 4588 beneﬁcia
2811 4550 2947 4604 quae
2981 4550 3297 4607 nunquam
3317 4537 3649 4608 intermisit,

2001 4627 2147 4697 quin
2183 4626 2243 4679 in
2265 4639 2376 4679 nos
2397 4638 2581 4694 supra
2620 4621 2869 4677 modum
2896 4623 3136 4679 abunde
3162 4627 3489 4696 perfecerit.
3516 4630 3653 4684 Sus-

2001 4716 2142 4786 cipit
2177 4714 2335 4768 enim
2373 4728 2483 4767 nos
2550 4712 2722 4782 quasi
2760 4712 3068 4783 propriam
3095 4714 3533 4772 hmreditariam
3571 4718 3653 4773 fa-

2003 4805 2230 4859 miliam
2260 4801 2483 4874 proprii
2510 4800 2627 4855 Filii
2662 4800 2754 4855 sui
2791 4803 3086 4869 sanguine
3148 4804 3533 4861 redimendos
3580 4822 3656 4862 ex

2000 4893 2350 4950 miseranda
2374 4890 2784 4962 vilissimaque
2809 4892 3106 4961 servitute,
3150 4900 3393 4965 propter
3408 4911 3521 4951 nos
3542 4896 3657 4952 ista

2000 4984 2134 5039 fecit
2154 4988 2211 5039 et
2240 4996 2401 5037 nunc
2429 4995 2673 5053 quoque
2708 4978 2869 5047 facit,
2912 4982 3135 5052 quibus
3190 4985 3387 5039 omnis
3448 4992 3657 5043 nostra

1998 5074 2297 5146 repleatur
2330 5072 2449 5125 vita
2476 5069 2653 5124 bonis
2683 5068 3065 5126 faustissimis
3099 5076 3157 5128 et
3192 5075 3447 5130 aeternis.

2072 5275 2218 5329 Cum
2254 5276 2455 5327 autem
2481 5267 2576 5324 ille
2598 5268 2702 5341 qui
2729 5268 2896 5340 prius
2923 5275 3133 5327 contra
3168 5277 3437 5331 nostram
3482 5275 3656 5334 liber-

1997 5368 2182 5420 tatem
2203 5358 2786 5430 insurrexiteamque
2811 5358 2985 5415 nobis
3002 5360 3219 5417 misere
3248 5363 3493 5433 ademit,
3509 5367 3655 5424 inte-

2000 5468 2171 5523 gram
2202 5456 2469 5507 nostram
2500 5447 2734 5503 fcedana
2768 5447 3141 5517 dignitatem,
3174 5468 3298 5509 non
3335 5460 3530 5512 cesset
3553 5472 3656 5528 po-

2001 5541 2348 5598 sterioribus
2374 5539 2534 5594 hisce
2560 5543 2618 5592 et
2645 5537 3091 5609 pretiosissimis
3121 5557 3358 5615 semper
3382 5546 3655 5603 insidiari

1999 5632 2175 5688 bonis
2209 5646 2346 5702 quas
2377 5628 2649 5701 proxime
2685 5626 2763 5683 ad
2805 5627 3058 5698 gloriam
3095 5646 3206 5686 nos
3267 5642 3508 5697 ornant,
3547 5652 3654 5708 per

2003 5720 2233 5777 nullum
2269 5719 2475 5787 alium,
2512 5733 2549 5773 ο
2582 5717 2775 5789 Virgo,
2818 5718 3156 5788 ejusvarias
3181 5722 3541 5794 etfugiemus
3567 5742 3656 5784 se-
