  <div class='ocr_page' id='page_1' title='image "/cluster/home/n/w/nwhite01/storage/ocr_20150623/140/nnc1.0046979905/771.png"; bbox 0 0 4434 6452; ppageno 0'>
   <div class='ocr_carea' id='block_1_1' title="bbox 837 396 968 451">
    <p class='ocr_par' dir='ltr' id='par_1_1' title="bbox 837 396 968 451">
     <span class='ocr_line' id='line_1_1' title="bbox 837 396 968 451; baseline 0 -2"><span class='ocrx_word' id='word_1_1' title='bbox 837 396 968 451; x_wconf 81' lang='grc'><strong>1511</strong></span> 
     </span>
    </p>
   </div>
   <div class='ocr_carea' id='block_1_2' title="bbox 2157 381 2862 445">
    <p class='ocr_par' dir='ltr' id='par_1_2' title="bbox 2157 381 2862 445">
     <span class='ocr_line' id='line_1_2' title="bbox 2157 381 2862 445; baseline 0.001 -1"><span class='ocrx_word' id='word_1_2' title='bbox 2157 381 2531 444; x_wconf 80' lang='lat' dir='ltr'><strong>NICEPHORI</strong></span> <span class='ocrx_word' id='word_1_3' title='bbox 2568 382 2663 437; x_wconf 84' lang='lat' dir='ltr'><strong>CH</strong></span> <span class='ocrx_word' id='word_1_4' title='bbox 2673 386 2862 445; x_wconf 78' lang='lat' dir='ltr'><strong>UMNI.</strong></span> 
     </span>
    </p>
   </div>
   <div class='ocr_carea' id='block_1_3' title="bbox 4064 395 4201 449">
    <p class='ocr_par' dir='ltr' id='par_1_3' title="bbox 4064 395 4201 449">
     <span class='ocr_line' id='line_1_3' title="bbox 4064 395 4201 449; baseline 0 -1"><span class='ocrx_word' id='word_1_5' title='bbox 4064 395 4201 449; x_wconf 75' lang='grc'><strong>1512</strong></span> 
     </span>
    </p>
   </div>
   <div class='ocr_carea' id='block_1_4' title="bbox 828 506 2565 592">
    <p class='ocr_par' dir='ltr' id='par_1_4' title="bbox 828 506 2565 586">
     <span class='ocr_line' id='line_1_4' title="bbox 828 506 2565 586; baseline -0.007 -13"><span class='ocrx_word' id='word_1_6' title='bbox 828 516 1139 573; x_wconf 80' lang='lat' dir='ltr'><strong>ductiones</strong></span> <span class='ocrx_word' id='word_1_7' title='bbox 1159 528 1345 585; x_wconf 90' lang='lat' dir='ltr'><strong>quam</strong></span> <span class='ocrx_word' id='word_1_8' title='bbox 1379 528 1483 586; x_wconf 91' lang='lat' dir='ltr'><strong>per</strong></span> <span class='ocrx_word' id='word_1_9' title='bbox 1522 517 1577 569; x_wconf 89' lang='lat' dir='ltr'><strong>te</strong></span> <span class='ocrx_word' id='word_1_10' title='bbox 1612 528 1801 586; x_wconf 89' lang='lat' dir='ltr'><strong>quam</strong></span> <span class='ocrx_word' id='word_1_11' title='bbox 1830 514 2074 571; x_wconf 82' lang='lat' dir='ltr'><strong>heroem</strong></span> <span class='ocrx_word' id='word_1_12' title='bbox 2094 511 2313 569; x_wconf 88' lang='lat' dir='ltr'><strong>ducem</strong></span> <span class='ocrx_word' id='word_1_13' title='bbox 2345 506 2483 564; x_wconf 86' lang='lat' dir='ltr'>belli</span> <span class='ocrx_word' id='word_1_14' title='bbox 2518 522 2565 575; x_wconf 68' lang='grc' dir='ltr'><strong>ν</strong></span> 
     </span>
    </p>
   </div>
   <div class='ocr_carea' id='block_1_5' title="bbox 2522 506 4206 592">
    <p class='ocr_par' dir='ltr' id='par_1_5' title="bbox 2522 516 4206 592">
     <span class='ocr_line' id='line_1_5' title="bbox 2522 516 4206 592; baseline 0.002 -25"><span class='ocrx_word' id='word_1_15' title='bbox 2522 516 3018 585; x_wconf 71' lang='grc' dir='ltr'>νμηχανημάτων,</span> <span class='ocrx_word' id='word_1_16' title='bbox 3052 518 3081 574; x_wconf 79' lang='grc' dir='ltr'><strong>ἦ</strong></span> <span class='ocrx_word' id='word_1_17' title='bbox 3146 518 3222 588; x_wconf 73' lang='grc' dir='ltr'><strong>σε,</strong></span> <span class='ocrx_word' id='word_1_18' title='bbox 3295 517 3544 589; x_wconf 82' lang='grc' dir='ltr'>Παρθένε,</span> <span class='ocrx_word' id='word_1_19' title='bbox 3598 520 3877 589; x_wconf 79' lang='grc' dir='ltr'><strong>πρόμαχον</strong></span> <span class='ocrx_word' id='word_1_20' title='bbox 3941 519 4032 568; x_wconf 85' lang='grc' dir='ltr'>καὶ</span> <span class='ocrx_word' id='word_1_21' title='bbox 4078 532 4206 592; x_wconf 78' lang='grc' dir='ltr'>προ·</span> 
     </span>
    </p>
   </div>
   <div class='ocr_carea' id='block_1_6' title="bbox 829 596 2483 675">
    <p class='ocr_par' dir='ltr' id='par_1_6' title="bbox 829 596 2483 675">
     <span class='ocr_line' id='line_1_6' title="bbox 829 596 2483 675; baseline -0.005 -15"><span class='ocrx_word' id='word_1_22' title='bbox 829 604 1169 660; x_wconf 85' lang='lat' dir='ltr'><strong>invenimus</strong></span> <span class='ocrx_word' id='word_1_23' title='bbox 1207 606 1263 657; x_wconf 91' lang='lat' dir='ltr'><strong>et</strong></span> <span class='ocrx_word' id='word_1_24' title='bbox 1288 607 1592 675; x_wconf 89' lang='lat' dir='ltr'><strong>potentem</strong></span> <span class='ocrx_word' id='word_1_25' title='bbox 1616 608 1955 674; x_wconf 82' lang='lat' dir='ltr'><strong>patronam,</strong></span> <span class='ocrx_word' id='word_1_26' title='bbox 1992 602 2259 673; x_wconf 85' lang='lat' dir='ltr'><strong>undique</strong></span> <span class='ocrx_word' id='word_1_27' title='bbox 2295 596 2483 671; x_wconf 82' lang='lat' dir='ltr'><strong>ipsius</strong></span> 
     </span>
    </p>
   </div>
   <div class='ocr_carea' id='block_1_7' title="bbox 833 686 2485 763">
    <p class='ocr_par' dir='ltr' id='par_1_7' title="bbox 833 686 2485 763">
     <span class='ocr_line' id='line_1_7' title="bbox 833 686 2485 763; baseline -0.005 -14"><span class='ocrx_word' id='word_1_28' title='bbox 833 693 1207 762; x_wconf 81' lang='lat' dir='ltr'><strong>frangentem</strong></span> <span class='ocrx_word' id='word_1_29' title='bbox 1248 691 1506 746; x_wconf 81' lang='lat' dir='ltr'><strong>fervidos</strong></span> <span class='ocrx_word' id='word_1_30' title='bbox 1558 692 1836 763; x_wconf 84' lang='lat' dir='ltr'><strong>impetus.</strong></span> <span class='ocrx_word' id='word_1_31' title='bbox 1896 692 1992 748; x_wconf 80' lang='lat' dir='ltr'><strong>ille</strong></span> <span class='ocrx_word' id='word_1_32' title='bbox 2048 691 2209 747; x_wconf 92' lang='lat' dir='ltr'><strong>enim</strong></span> <span class='ocrx_word' id='word_1_33' title='bbox 2262 686 2485 759; x_wconf 82' lang='lat' dir='ltr'><strong>duplex</strong></span> 
     </span>
    </p>
   </div>
   <div class='ocr_carea' id='block_1_8' title="bbox 834 775 2483 846">
    <p class='ocr_par' dir='ltr' id='par_1_8' title="bbox 834 775 2483 846">
     <span class='ocr_line' id='line_1_8' title="bbox 834 775 2483 846; baseline -0.005 -10"><span class='ocrx_word' id='word_1_34' title='bbox 834 779 1340 846; x_wconf 88' lang='lat' dir='ltr'><strong>suseitatbellum,</strong></span> <span class='ocrx_word' id='word_1_35' title='bbox 1357 779 1479 835; x_wconf 89' lang='lat' dir='ltr'><strong>sive</strong></span> <span class='ocrx_word' id='word_1_36' title='bbox 1499 784 1738 835; x_wconf 89' lang='lat' dir='ltr'><strong>nostras</strong></span> <span class='ocrx_word' id='word_1_37' title='bbox 1760 781 2041 837; x_wconf 86' lang='lat' dir='ltr'><strong>saucians</strong></span> <span class='ocrx_word' id='word_1_38' title='bbox 2057 778 2292 834; x_wconf 90' lang='lat' dir='ltr'><strong>animas</strong></span> <span class='ocrx_word' id='word_1_39' title='bbox 2306 775 2483 846; x_wconf 89' lang='lat' dir='ltr'><strong>ipsis-</strong></span> 
     </span>
    </p>
   </div>
   <div class='ocr_carea' id='block_1_9' title="bbox 832 863 2482 941">
    <p class='ocr_par' dir='ltr' id='par_1_9' title="bbox 832 863 2482 941">
     <span class='ocr_line' id='line_1_9' title="bbox 832 863 2482 941; baseline -0.005 -17"><span class='ocrx_word' id='word_1_40' title='bbox 832 885 949 941; x_wconf 89' lang='lat' dir='ltr'><strong>que</strong></span> <span class='ocrx_word' id='word_1_41' title='bbox 988 867 1216 923; x_wconf 81' lang='lat' dir='ltr'><strong>occulte</strong></span> <span class='ocrx_word' id='word_1_42' title='bbox 1243 867 1555 933; x_wconf 86' lang='lat' dir='ltr'><strong>insidians,</strong></span> <span class='ocrx_word' id='word_1_43' title='bbox 1586 869 1710 923; x_wconf 90' lang='lat' dir='ltr'><strong>sive</strong></span> <span class='ocrx_word' id='word_1_44' title='bbox 1739 868 1869 924; x_wconf 89' lang='lat' dir='ltr'><strong>illas</strong></span> <span class='ocrx_word' id='word_1_45' title='bbox 1895 867 2210 941; x_wconf 88' lang='lat' dir='ltr'><strong>impellens</strong></span> <span class='ocrx_word' id='word_1_46' title='bbox 2262 863 2341 919; x_wconf 90' lang='lat' dir='ltr'><strong>ad</strong></span> <span class='ocrx_word' id='word_1_47' title='bbox 2387 878 2482 918; x_wconf 91' lang='lat' dir='ltr'><strong>res</strong></span> 
     </span>
    </p>
   </div>
   <div class='ocr_carea' id='block_1_10' title="bbox 832 952 2485 1030">
    <p class='ocr_par' dir='ltr' id='par_1_10' title="bbox 832 952 2485 1030">
     <span class='ocr_line' id='line_1_10' title="bbox 832 952 2485 1030; baseline -0.005 -15"><span class='ocrx_word' id='word_1_48' title='bbox 832 964 1131 1026; x_wconf 76' lang='lat' dir='ltr'><strong>externas,</strong></span> <span class='ocrx_word' id='word_1_49' title='bbox 1155 962 1221 1013; x_wconf 92' lang='lat' dir='ltr'><strong>ut</strong></span> <span class='ocrx_word' id='word_1_50' title='bbox 1255 957 1338 1013; x_wconf 88' lang='lat' dir='ltr'><strong>sic</strong></span> <span class='ocrx_word' id='word_1_51' title='bbox 1374 958 1684 1013; x_wconf 79' lang='lat' dir='ltr'><strong>manifeste</strong></span> <span class='ocrx_word' id='word_1_52' title='bbox 1715 974 1888 1015; x_wconf 90' lang='lat' dir='ltr'><strong>suam</strong></span> <span class='ocrx_word' id='word_1_53' title='bbox 1908 958 2206 1030; x_wconf 86' lang='lat' dir='ltr'><strong>compleat</strong></span> <span class='ocrx_word' id='word_1_54' title='bbox 2255 955 2316 1009; x_wconf 93' lang='lat' dir='ltr'><strong>in</strong></span> <span class='ocrx_word' id='word_1_55' title='bbox 2373 952 2485 1008; x_wconf 84' lang='lat' dir='ltr'><strong>illis</strong></span> 
     </span>
    </p>
   </div>
   <div class='ocr_carea' id='block_1_11' title="bbox 830 1045 2486 1103">
    <p class='ocr_par' dir='ltr' id='par_1_11' title="bbox 830 1045 2486 1103">
     <span class='ocr_line' id='line_1_11' title="bbox 830 1045 2486 1103; baseline -0.004 0"><span class='ocrx_word' id='word_1_56' title='bbox 830 1046 1120 1103; x_wconf 82' lang='lat' dir='ltr'><strong>invidiam</strong></span> <span class='ocrx_word' id='word_1_57' title='bbox 1177 1050 1234 1101; x_wconf 90' lang='lat' dir='ltr'><strong>et</strong></span> <span class='ocrx_word' id='word_1_58' title='bbox 1284 1046 1595 1102; x_wconf 78' lang='lat' dir='ltr'><strong>malitiam.</strong></span> <span class='ocrx_word' id='word_1_59' title='bbox 1668 1050 1751 1103; x_wconf 92' lang='lat' dir='ltr'><strong>Tu</strong></span> <span class='ocrx_word' id='word_1_60' title='bbox 1822 1064 1963 1103; x_wconf 92' lang='lat' dir='ltr'><strong>vero</strong></span> <span class='ocrx_word' id='word_1_61' title='bbox 2038 1045 2203 1101; x_wconf 88' lang='lat' dir='ltr'><strong>fortis</strong></span> <span class='ocrx_word' id='word_1_62' title='bbox 2277 1046 2486 1098; x_wconf 88' lang='lat' dir='ltr'><strong>contra</strong></span> 
     </span>
    </p>
   </div>
   <div class='ocr_carea' id='block_1_12' title="bbox 831 1130 2484 1208">
    <p class='ocr_par' dir='ltr' id='par_1_12' title="bbox 831 1130 2484 1208">
     <span class='ocr_line' id='line_1_12' title="bbox 831 1130 2484 1208; baseline -0.005 -16"><span class='ocrx_word' id='word_1_63' title='bbox 831 1140 1153 1207; x_wconf 92' lang='lat' dir='ltr'><strong>utrumque</strong></span> <span class='ocrx_word' id='word_1_64' title='bbox 1168 1134 1392 1190; x_wconf 89' lang='lat' dir='ltr'><strong>bellum</strong></span> <span class='ocrx_word' id='word_1_65' title='bbox 1410 1140 1622 1206; x_wconf 92' lang='lat' dir='ltr'><strong>potens</strong></span> <span class='ocrx_word' id='word_1_66' title='bbox 1638 1140 1889 1208; x_wconf 73' lang='lat' dir='ltr'><strong>praestas</strong></span> <span class='ocrx_word' id='word_1_67' title='bbox 1904 1134 2187 1191; x_wconf 90' lang='lat' dir='ltr'><strong>omnibus</strong></span> <span class='ocrx_word' id='word_1_68' title='bbox 2205 1130 2484 1188; x_wconf 78' lang='lat' dir='ltr'><strong>auxilium</strong></span> 
     </span>
    </p>
   </div>
   <div class='ocr_carea' id='block_1_13' title="bbox 831 1222 2481 1292">
    <p class='ocr_par' dir='ltr' id='par_1_13' title="bbox 831 1222 2481 1292">
     <span class='ocr_line' id='line_1_13' title="bbox 831 1222 2481 1292; baseline -0.004 -11"><span class='ocrx_word' id='word_1_69' title='bbox 831 1240 942 1281; x_wconf 90' lang='lat' dir='ltr'><strong>nec</strong></span> <span class='ocrx_word' id='word_1_70' title='bbox 964 1224 1162 1280; x_wconf 92' lang='lat' dir='ltr'><strong>solum</strong></span> <span class='ocrx_word' id='word_1_71' title='bbox 1181 1239 1525 1279; x_wconf 79' lang='lat' dir='ltr'><strong>succurrere</strong></span> <span class='ocrx_word' id='word_1_72' title='bbox 1553 1223 1877 1290; x_wconf 86' lang='lat' dir='ltr'><strong>desideras,</strong></span> <span class='ocrx_word' id='word_1_73' title='bbox 1903 1223 2008 1280; x_wconf 90' lang='lat' dir='ltr'><strong>sed</strong></span> <span class='ocrx_word' id='word_1_74' title='bbox 2024 1228 2081 1279; x_wconf 88' lang='lat' dir='ltr'><strong>et</strong></span> <span class='ocrx_word' id='word_1_75' title='bbox 2106 1222 2277 1278; x_wconf 88' lang='lat' dir='ltr'><strong>facile</strong></span> <span class='ocrx_word' id='word_1_76' title='bbox 2291 1225 2481 1292; x_wconf 85' lang='lat' dir='ltr'><strong>potes.</strong></span> 
     </span>
    </p>
   </div>
   <div class='ocr_carea' id='block_1_14' title="bbox 831 1312 2485 1385">
    <p class='ocr_par' dir='ltr' id='par_1_14' title="bbox 831 1312 2485 1385">
     <span class='ocr_line' id='line_1_14' title="bbox 831 1312 2485 1385; baseline -0.005 -15"><span class='ocrx_word' id='word_1_77' title='bbox 831 1312 1010 1370; x_wconf 87' lang='lat' dir='ltr'><strong>Nobis</strong></span> <span class='ocrx_word' id='word_1_78' title='bbox 1036 1313 1257 1368; x_wconf 91' lang='lat' dir='ltr'><strong>idcirco</strong></span> <span class='ocrx_word' id='word_1_79' title='bbox 1272 1313 1566 1368; x_wconf 88' lang='lat' dir='ltr'><strong>succurris</strong></span> <span class='ocrx_word' id='word_1_80' title='bbox 1579 1319 1631 1368; x_wconf 88' lang='lat' dir='ltr'><strong>et</strong></span> <span class='ocrx_word' id='word_1_81' title='bbox 1650 1313 1959 1385; x_wconf 67' lang='lat' dir='ltr'><strong>praecedis,</strong></span> <span class='ocrx_word' id='word_1_82' title='bbox 1975 1318 2039 1367; x_wconf 95' lang='lat' dir='ltr'><strong>ut</strong></span> <span class='ocrx_word' id='word_1_83' title='bbox 2053 1326 2285 1384; x_wconf 83' lang='lat' dir='ltr'><strong>pugnes</strong></span> <span class='ocrx_word' id='word_1_84' title='bbox 2304 1315 2485 1381; x_wconf 92' lang='lat' dir='ltr'><strong>atque</strong></span> 
     </span>
    </p>
   </div>
   <div class='ocr_carea' id='block_1_15' title="bbox 832 1396 2483 1475">
    <p class='ocr_par' dir='ltr' id='par_1_15' title="bbox 832 1396 2483 1475">
     <span class='ocr_line' id='line_1_15' title="bbox 832 1396 2483 1475; baseline -0.005 -16"><span class='ocrx_word' id='word_1_85' title='bbox 832 1408 896 1459; x_wconf 91' lang='lat' dir='ltr'><strong>ut</strong></span> <span class='ocrx_word' id='word_1_86' title='bbox 925 1403 1091 1475; x_wconf 88' lang='lat' dir='ltr'><strong>prius</strong></span> <span class='ocrx_word' id='word_1_87' title='bbox 1121 1402 1284 1457; x_wconf 89' lang='lat' dir='ltr'><strong>mala</strong></span> <span class='ocrx_word' id='word_1_88' title='bbox 1324 1401 1660 1473; x_wconf 80' lang='lat' dir='ltr'><strong>ingruentia</strong></span> <span class='ocrx_word' id='word_1_89' title='bbox 1691 1403 1957 1471; x_wconf 84' lang='lat' dir='ltr'><strong>corrigas</strong></span> <span class='ocrx_word' id='word_1_90' title='bbox 1990 1400 2320 1458; x_wconf 66' lang='lat' dir='ltr'><strong>et&#39;innoxia</strong></span> <span class='ocrx_word' id='word_1_91' title='bbox 2344 1396 2483 1453; x_wconf 86' lang='lat' dir='ltr'><strong>red-</strong></span> 
     </span>
    </p>
   </div>
   <div class='ocr_carea' id='block_1_16' title="bbox 832 1487 2484 1563">
    <p class='ocr_par' dir='ltr' id='par_1_16' title="bbox 832 1487 2484 1563">
     <span class='ocr_line' id='line_1_16' title="bbox 832 1487 2484 1563; baseline -0.004 -16"><span class='ocrx_word' id='word_1_92' title='bbox 832 1491 942 1547; x_wconf 91' lang='lat' dir='ltr'><strong>das</strong></span> <span class='ocrx_word' id='word_1_93' title='bbox 962 1506 1148 1563; x_wconf 89' lang='lat' dir='ltr'><strong>quam</strong></span> <span class='ocrx_word' id='word_1_94' title='bbox 1179 1490 1257 1545; x_wconf 88' lang='lat' dir='ltr'><strong>ab</strong></span> <span class='ocrx_word' id='word_1_95' title='bbox 1287 1491 1370 1545; x_wconf 91' lang='lat' dir='ltr'><strong>eis</strong></span> <span class='ocrx_word' id='word_1_96' title='bbox 1401 1491 1649 1547; x_wconf 90' lang='lat' dir='ltr'><strong>omnino</strong></span> <span class='ocrx_word' id='word_1_97' title='bbox 1681 1491 2077 1546; x_wconf 87' lang='lat' dir='ltr'><strong>inlirmemur.</strong></span> <span class='ocrx_word' id='word_1_98' title='bbox 2135 1493 2334 1560; x_wconf 76' lang='lat' dir='ltr'><strong>Neque</strong></span> <span class='ocrx_word' id='word_1_99' title='bbox 2369 1487 2484 1541; x_wconf 89' lang='lat' dir='ltr'><strong>hoc</strong></span> 
     </span>
    </p>
   </div>
   <div class='ocr_carea' id='block_1_17' title="bbox 832 1578 2484 1652">
    <p class='ocr_par' dir='ltr' id='par_1_17' title="bbox 832 1578 2484 1652">
     <span class='ocr_line' id='line_1_17' title="bbox 832 1578 2484 1652; baseline -0.005 -16"><span class='ocrx_word' id='word_1_100' title='bbox 832 1580 1048 1636; x_wconf 90' lang='lat' dir='ltr'><strong>solum.</strong></span> <span class='ocrx_word' id='word_1_101' title='bbox 1086 1580 1200 1635; x_wconf 91' lang='lat' dir='ltr'><strong>Sed</strong></span> <span class='ocrx_word' id='word_1_102' title='bbox 1222 1595 1359 1634; x_wconf 94' lang='lat' dir='ltr'><strong>cum</strong></span> <span class='ocrx_word' id='word_1_103' title='bbox 1384 1578 1674 1635; x_wconf 84' lang='lat' dir='ltr'><strong>adversus</strong></span> <span class='ocrx_word' id='word_1_104' title='bbox 1734 1581 1865 1652; x_wconf 87' lang='lat' dir='ltr'><strong>ejus</strong></span> <span class='ocrx_word' id='word_1_105' title='bbox 1925 1580 2196 1647; x_wconf 83' lang='lat' dir='ltr'><strong>insidias,</strong></span> <span class='ocrx_word' id='word_1_106' title='bbox 2242 1581 2484 1646; x_wconf 82' lang='lat' dir='ltr'><strong>agentes</strong></span> 
     </span>
    </p>
   </div>
   <div class='ocr_carea' id='block_1_18' title="bbox 830 1664 2480 1740">
    <p class='ocr_par' dir='ltr' id='par_1_18' title="bbox 830 1664 2480 1740">
     <span class='ocr_line' id='line_1_18' title="bbox 830 1664 2480 1740; baseline -0.005 -15"><span class='ocrx_word' id='word_1_107' title='bbox 830 1668 979 1725; x_wconf 88' lang='lat' dir='ltr'><strong>nihil</strong></span> <span class='ocrx_word' id='word_1_108' title='bbox 1005 1664 1351 1740; x_wconf 78' lang='lat' dir='ltr'><strong>proficimus</strong></span> <span class='ocrx_word' id='word_1_109' title='bbox 1365 1667 2069 1740; x_wconf 81' lang='lat' dir='ltr'><strong>etdifﬁcillimeimpetum</strong></span> <span class='ocrx_word' id='word_1_110' title='bbox 2093 1666 2480 1731; x_wconf 86' lang='lat' dir='ltr'><strong>sustinemus,</strong></span> 
     </span>
    </p>
   </div>
   <div class='ocr_carea' id='block_1_19' title="bbox 829 1753 2481 1831">
    <p class='ocr_par' dir='ltr' id='par_1_19' title="bbox 829 1753 2481 1831">
     <span class='ocr_line' id='line_1_19' title="bbox 829 1753 2481 1831; baseline -0.005 -16"><span class='ocrx_word' id='word_1_111' title='bbox 829 1758 1006 1831; x_wconf 88' lang='lat' dir='ltr'><strong>quasi</strong></span> <span class='ocrx_word' id='word_1_112' title='bbox 1036 1756 1388 1812; x_wconf 85' lang='lat' dir='ltr'><strong>voluntariis</strong></span> <span class='ocrx_word' id='word_1_113' title='bbox 1414 1757 1587 1813; x_wconf 86' lang='lat' dir='ltr'><strong>malis</strong></span> <span class='ocrx_word' id='word_1_114' title='bbox 1624 1757 2084 1813; x_wconf 88' lang='lat' dir='ltr'><strong>succumbentes</strong></span> <span class='ocrx_word' id='word_1_115' title='bbox 2138 1755 2251 1825; x_wconf 87' lang='lat' dir='ltr'><strong>(ille</strong></span> <span class='ocrx_word' id='word_1_116' title='bbox 2322 1753 2481 1809; x_wconf 87' lang='lat' dir='ltr'><strong>enim</strong></span> 
     </span>
    </p>
   </div>
   <div class='ocr_carea' id='block_1_20' title="bbox 830 1843 2482 1918">
    <p class='ocr_par' dir='ltr' id='par_1_20' title="bbox 830 1843 2482 1918">
     <span class='ocr_line' id='line_1_20' title="bbox 830 1843 2482 1918; baseline -0.005 -14"><span class='ocrx_word' id='word_1_117' title='bbox 830 1863 943 1904; x_wconf 90' lang='lat' dir='ltr'><strong>nos</strong></span> <span class='ocrx_word' id='word_1_118' title='bbox 981 1846 1316 1902; x_wconf 83' lang='lat' dir='ltr'><strong>voluntarie</strong></span> <span class='ocrx_word' id='word_1_119' title='bbox 1348 1851 1661 1917; x_wconf 87' lang='lat' dir='ltr'><strong>corruptos</strong></span> <span class='ocrx_word' id='word_1_120' title='bbox 1689 1847 2055 1918; x_wconf 88' lang='lat' dir='ltr'><strong>impugnans</strong></span> <span class='ocrx_word' id='word_1_121' title='bbox 2076 1845 2258 1901; x_wconf 89' lang='lat' dir='ltr'><strong>libere</strong></span> <span class='ocrx_word' id='word_1_122' title='bbox 2281 1845 2402 1914; x_wconf 88' lang='lat' dir='ltr'><strong>agit</strong></span> <span class='ocrx_word' id='word_1_123' title='bbox 2422 1843 2482 1896; x_wconf 90' lang='lat' dir='ltr'><strong>in</strong></span> 
     </span>
    </p>
   </div>
   <div class='ocr_carea' id='block_1_21' title="bbox 829 1934 2481 2009">
    <p class='ocr_par' dir='ltr' id='par_1_21' title="bbox 829 1934 2481 2009">
     <span class='ocr_line' id='line_1_21' title="bbox 829 1934 2481 2009; baseline -0.004 -16"><span class='ocrx_word' id='word_1_124' title='bbox 829 1937 891 1993; x_wconf 93' lang='lat' dir='ltr'><strong>id</strong></span> <span class='ocrx_word' id='word_1_125' title='bbox 909 1934 1077 2009; x_wconf 91' lang='lat' dir='ltr'><strong>quod</strong></span> <span class='ocrx_word' id='word_1_126' title='bbox 1103 1935 1405 1992; x_wconf 87' lang='lat' dir='ltr'><strong>desiderat</strong></span> <span class='ocrx_word' id='word_1_127' title='bbox 1436 1952 1448 1990; x_wconf 88' lang='lat'><strong>:</strong></span> <span class='ocrx_word' id='word_1_128' title='bbox 1478 1936 1600 1991; x_wconf 90' lang='lat' dir='ltr'><strong>vult</strong></span> <span class='ocrx_word' id='word_1_129' title='bbox 1626 1942 1824 1992; x_wconf 90' lang='lat' dir='ltr'><strong>autem</strong></span> <span class='ocrx_word' id='word_1_130' title='bbox 1859 1937 2119 2009; x_wconf 85' lang='lat' dir='ltr'><strong>pessima</strong></span> <span class='ocrx_word' id='word_1_131' title='bbox 2149 1941 2203 1991; x_wconf 90' lang='lat' dir='ltr'><strong>et</strong></span> <span class='ocrx_word' id='word_1_132' title='bbox 2243 1934 2321 1989; x_wconf 89' lang='lat' dir='ltr'><strong>ad</strong></span> <span class='ocrx_word' id='word_1_133' title='bbox 2360 1934 2481 1988; x_wconf 73' lang='lat' dir='ltr'><strong>lliBC</strong></span> 
     </span>
    </p>
   </div>
   <div class='ocr_carea' id='block_1_22' title="bbox 830 2025 2482 2098">
    <p class='ocr_par' dir='ltr' id='par_1_22' title="bbox 830 2025 2482 2098">
     <span class='ocr_line' id='line_1_22' title="bbox 830 2025 2482 2098; baseline -0.002 -16"><span class='ocrx_word' id='word_1_134' title='bbox 830 2026 1118 2098; x_wconf 87' lang='lat' dir='ltr'><strong>impellit),</strong></span> <span class='ocrx_word' id='word_1_135' title='bbox 1151 2025 1699 2095; x_wconf 88' lang='lat' dir='ltr'><strong>etindignationem</strong></span> <span class='ocrx_word' id='word_1_136' title='bbox 1713 2026 2035 2082; x_wconf 87' lang='lat' dir='ltr'><strong>Deicontra</strong></span> <span class='ocrx_word' id='word_1_137' title='bbox 2062 2042 2171 2081; x_wconf 91' lang='lat' dir='ltr'><strong>nos</strong></span> <span class='ocrx_word' id='word_1_138' title='bbox 2198 2038 2482 2096; x_wconf 86' lang='lat' dir='ltr'><strong>provoca-</strong></span> 
     </span>
    </p>
   </div>
   <div class='ocr_carea' id='block_1_23' title="bbox 829 2113 2482 2187">
    <p class='ocr_par' dir='ltr' id='par_1_23' title="bbox 829 2113 2482 2187">
     <span class='ocr_line' id='line_1_23' title="bbox 829 2113 2482 2187; baseline 0 -17"><span class='ocrx_word' id='word_1_139' title='bbox 829 2132 986 2180; x_wconf 90' lang='lat' dir='ltr'><strong>mus,</strong></span> <span class='ocrx_word' id='word_1_140' title='bbox 1016 2114 1312 2187; x_wconf 88' lang='lat' dir='ltr'><strong>qui,justa</strong></span> <span class='ocrx_word' id='word_1_141' title='bbox 1325 2114 1713 2183; x_wconf 88' lang='lat' dir='ltr'><strong>concitusira,</strong></span> <span class='ocrx_word' id='word_1_142' title='bbox 1734 2120 2015 2170; x_wconf 88' lang='lat' dir='ltr'><strong>statutam</strong></span> <span class='ocrx_word' id='word_1_143' title='bbox 2033 2113 2482 2187; x_wconf 84' lang='lat' dir='ltr'><strong>paratinlligcre</strong></span> 
     </span>
    </p>
   </div>
   <div class='ocr_carea' id='block_1_24' title="bbox 828 2204 2481 2277">
    <p class='ocr_par' dir='ltr' id='par_1_24' title="bbox 828 2204 2481 2277">
     <span class='ocr_line' id='line_1_24' title="bbox 828 2204 2481 2277; baseline -0.001 -18"><span class='ocrx_word' id='word_1_144' title='bbox 828 2220 1096 2277; x_wconf 73' lang='lat' dir='ltr'><strong>pcenam,</strong></span> <span class='ocrx_word' id='word_1_145' title='bbox 1128 2210 1191 2259; x_wconf 86' lang='lat' dir='ltr'><strong>tu</strong></span> <span class='ocrx_word' id='word_1_146' title='bbox 1215 2204 1327 2259; x_wconf 94' lang='lat' dir='ltr'><strong>cito</strong></span> <span class='ocrx_word' id='word_1_147' title='bbox 1353 2205 1649 2274; x_wconf 80' lang='lat' dir='ltr'><strong>praevenis</strong></span> <span class='ocrx_word' id='word_1_148' title='bbox 1679 2210 1735 2259; x_wconf 91' lang='lat' dir='ltr'><strong>et</strong></span> <span class='ocrx_word' id='word_1_149' title='bbox 1761 2204 1924 2275; x_wconf 89' lang='lat' dir='ltr'><strong>apud</strong></span> <span class='ocrx_word' id='word_1_150' title='bbox 1956 2204 2123 2259; x_wconf 87' lang='lat' dir='ltr'><strong>illum</strong></span> <span class='ocrx_word' id='word_1_151' title='bbox 2151 2204 2310 2259; x_wconf 87' lang='lat' dir='ltr'><strong>facta</strong></span> <span class='ocrx_word' id='word_1_152' title='bbox 2358 2219 2481 2259; x_wconf 86' lang='lat' dir='ltr'><strong>me-</strong></span> 
     </span>
    </p>
   </div>
   <div class='ocr_carea' id='block_1_25' title="bbox 828 2291 2478 2365">
    <p class='ocr_par' dir='ltr' id='par_1_25' title="bbox 828 2291 2478 2365">
     <span class='ocr_line' id='line_1_25' title="bbox 828 2291 2478 2365; baseline -0.001 -17"><span class='ocrx_word' id='word_1_153' title='bbox 828 2294 1059 2361; x_wconf 80' lang='lat' dir='ltr'><strong>diatrix,</strong></span> <span class='ocrx_word' id='word_1_154' title='bbox 1092 2293 1254 2348; x_wconf 86' lang='lat' dir='ltr'><strong>hunc</strong></span> <span class='ocrx_word' id='word_1_155' title='bbox 1287 2293 1572 2348; x_wconf 88' lang='lat' dir='ltr'><strong>maternis</strong></span> <span class='ocrx_word' id='word_1_156' title='bbox 1598 2292 2250 2365; x_wconf 87' lang='lat' dir='ltr'><strong>precibusjuribusque</strong></span> <span class='ocrx_word' id='word_1_157' title='bbox 2272 2291 2478 2362; x_wconf 81' lang='lat' dir='ltr'><strong>flectis;</strong></span> 
     </span>
    </p>
   </div>
   <div class='ocr_carea' id='block_1_26' title="bbox 826 2381 2481 2455">
    <p class='ocr_par' dir='ltr' id='par_1_26' title="bbox 826 2381 2481 2455">
     <span class='ocr_line' id='line_1_26' title="bbox 826 2381 2481 2455; baseline -0.001 -16"><span class='ocrx_word' id='word_1_158' title='bbox 826 2399 969 2439; x_wconf 86' lang='lat' dir='ltr'><strong>nam</strong></span> <span class='ocrx_word' id='word_1_159' title='bbox 998 2398 1175 2455; x_wconf 90' lang='lat' dir='ltr'><strong>super</strong></span> <span class='ocrx_word' id='word_1_160' title='bbox 1202 2382 1443 2454; x_wconf 89' lang='lat' dir='ltr'><strong>propria</strong></span> <span class='ocrx_word' id='word_1_161' title='bbox 1469 2382 1608 2452; x_wconf 91' lang='lat' dir='ltr'><strong>jura</strong></span> <span class='ocrx_word' id='word_1_162' title='bbox 1642 2399 1849 2455; x_wconf 86' lang='lat' dir='ltr'><strong>preces</strong></span> <span class='ocrx_word' id='word_1_163' title='bbox 1884 2381 2244 2455; x_wconf 88' lang='lat' dir='ltr'><strong>protendens</strong></span> <span class='ocrx_word' id='word_1_164' title='bbox 2300 2387 2357 2437; x_wconf 92' lang='lat' dir='ltr'><strong>et</strong></span> <span class='ocrx_word' id='word_1_165' title='bbox 2401 2382 2481 2438; x_wconf 92' lang='lat' dir='ltr'><strong>illi</strong></span> 
     </span>
    </p>
   </div>
   <div class='ocr_carea' id='block_1_27' title="bbox 827 2471 2479 2543">
    <p class='ocr_par' dir='ltr' id='par_1_27' title="bbox 827 2471 2479 2543">
     <span class='ocr_line' id='line_1_27' title="bbox 827 2471 2479 2543; baseline -0.001 -15"><span class='ocrx_word' id='word_1_166' title='bbox 827 2488 1269 2528; x_wconf 87' lang='lat' dir='ltr'><strong>commemoras</strong></span> <span class='ocrx_word' id='word_1_167' title='bbox 1295 2471 1461 2543; x_wconf 91' lang='lat' dir='ltr'><strong>quod</strong></span> <span class='ocrx_word' id='word_1_168' title='bbox 1488 2472 1696 2527; x_wconf 88' lang='lat' dir='ltr'><strong>similis</strong></span> <span class='ocrx_word' id='word_1_169' title='bbox 1720 2474 1802 2527; x_wconf 91' lang='lat' dir='ltr'><strong>tui</strong></span> <span class='ocrx_word' id='word_1_170' title='bbox 1831 2488 1903 2527; x_wconf 78' lang='lat' dir='ltr'><strong>ex</strong></span> <span class='ocrx_word' id='word_1_171' title='bbox 1925 2476 2139 2527; x_wconf 90' lang='lat' dir='ltr'><strong>natura</strong></span> <span class='ocrx_word' id='word_1_172' title='bbox 2180 2476 2281 2528; x_wconf 89' lang='lat' dir='ltr'><strong>tua</strong></span> <span class='ocrx_word' id='word_1_173' title='bbox 2340 2487 2479 2543; x_wconf 89' lang='lat' dir='ltr'><strong>par-</strong></span> 
     </span>
    </p>
   </div>
   <div class='ocr_carea' id='block_1_28' title="bbox 827 2560 2478 2633">
    <p class='ocr_par' dir='ltr' id='par_1_28' title="bbox 827 2560 2478 2633">
     <span class='ocr_line' id='line_1_28' title="bbox 827 2560 2478 2633; baseline -0.001 -16"><span class='ocrx_word' id='word_1_174' title='bbox 827 2561 1111 2633; x_wconf 89' lang='lat' dir='ltr'><strong>ticipavit,</strong></span> <span class='ocrx_word' id='word_1_175' title='bbox 1153 2566 1209 2616; x_wconf 92' lang='lat' dir='ltr'><strong>et</strong></span> <span class='ocrx_word' id='word_1_176' title='bbox 1230 2560 1395 2631; x_wconf 89' lang='lat' dir='ltr'><strong>quod</strong></span> <span class='ocrx_word' id='word_1_177' title='bbox 1416 2560 1476 2615; x_wconf 92' lang='lat' dir='ltr'><strong>in</strong></span> <span class='ocrx_word' id='word_1_178' title='bbox 1509 2562 1626 2616; x_wconf 90' lang='lat' dir='ltr'><strong>tuis</strong></span> <span class='ocrx_word' id='word_1_179' title='bbox 1650 2561 1982 2616; x_wconf 89' lang='lat' dir='ltr'><strong>visceribus</strong></span> <span class='ocrx_word' id='word_1_180' title='bbox 2014 2560 2185 2616; x_wconf 92' lang='lat' dir='ltr'><strong>illum</strong></span> <span class='ocrx_word' id='word_1_181' title='bbox 2217 2561 2478 2631; x_wconf 89' lang='lat' dir='ltr'><strong>gestasti,</strong></span> 
     </span>
    </p>
   </div>
   <div class='ocr_carea' id='block_1_29' title="bbox 824 2650 2484 2723">
    <p class='ocr_par' dir='ltr' id='par_1_29' title="bbox 824 2650 2484 2723">
     <span class='ocr_line' id='line_1_29' title="bbox 824 2650 2484 2723; baseline 0 -16"><span class='ocrx_word' id='word_1_182' title='bbox 824 2667 897 2707; x_wconf 86' lang='lat' dir='ltr'><strong>ex</strong></span> <span class='ocrx_word' id='word_1_183' title='bbox 937 2650 1224 2706; x_wconf 88' lang='lat' dir='ltr'><strong>uberibus</strong></span> <span class='ocrx_word' id='word_1_184' title='bbox 1260 2650 1373 2706; x_wconf 90' lang='lat' dir='ltr'><strong>tuis</strong></span> <span class='ocrx_word' id='word_1_185' title='bbox 1394 2650 1486 2705; x_wconf 86' lang='lat' dir='ltr'><strong>lac</strong></span> <span class='ocrx_word' id='word_1_186' title='bbox 1519 2650 1600 2705; x_wconf 89' lang='lat' dir='ltr'><strong>illi</strong></span> <span class='ocrx_word' id='word_1_187' title='bbox 1623 2651 1954 2723; x_wconf 68' lang='lat' dir='ltr'><strong>praebuisti,</strong></span> <span class='ocrx_word' id='word_1_188' title='bbox 1986 2650 2227 2723; x_wconf 89' lang='lat' dir='ltr'><strong>etquod</strong></span> <span class='ocrx_word' id='word_1_189' title='bbox 2250 2651 2484 2722; x_wconf 82' lang='lat' dir='ltr'><strong>passio-</strong></span> 
     </span>
    </p>
   </div>
   <div class='ocr_carea' id='block_1_30' title="bbox 824 2739 2480 2812">
    <p class='ocr_par' dir='ltr' id='par_1_30' title="bbox 824 2739 2480 2812">
     <span class='ocr_line' id='line_1_30' title="bbox 824 2739 2480 2812; baseline 0 -17"><span class='ocrx_word' id='word_1_190' title='bbox 824 2741 917 2796; x_wconf 91' lang='lat' dir='ltr'><strong>nis</strong></span> <span class='ocrx_word' id='word_1_191' title='bbox 938 2756 1062 2795; x_wconf 65' lang='lat' dir='ltr'><strong>suaa</strong></span> <span class='ocrx_word' id='word_1_192' title='bbox 1094 2740 1279 2795; x_wconf 87' lang='lat' dir='ltr'><strong>ﬁnem</strong></span> <span class='ocrx_word' id='word_1_193' title='bbox 1310 2755 1549 2795; x_wconf 90' lang='lat' dir='ltr'><strong>cernere</strong></span> <span class='ocrx_word' id='word_1_194' title='bbox 1564 2740 1905 2812; x_wconf 71' lang='lat' dir='ltr'><strong>prtestolata</strong></span> <span class='ocrx_word' id='word_1_195' title='bbox 1922 2741 2088 2810; x_wconf 77' lang='lat' dir='ltr'><strong>juxta</strong></span> <span class='ocrx_word' id='word_1_196' title='bbox 2114 2756 2353 2795; x_wconf 89' lang='lat' dir='ltr'><strong>erucem</strong></span> <span class='ocrx_word' id='word_1_197' title='bbox 2378 2739 2480 2795; x_wconf 83' lang='lat' dir='ltr'><strong>ubi</strong></span> 
     </span>
    </p>
   </div>
   <div class='ocr_carea' id='block_1_31' title="bbox 824 2828 2481 2901">
    <p class='ocr_par' dir='ltr' id='par_1_31' title="bbox 824 2828 2481 2901">
     <span class='ocr_line' id='line_1_31' title="bbox 824 2828 2481 2901; baseline -0.001 -16"><span class='ocrx_word' id='word_1_198' title='bbox 824 2828 1195 2886; x_wconf 90' lang='lat' dir='ltr'><strong>moriebatur</strong></span> <span class='ocrx_word' id='word_1_199' title='bbox 1224 2828 1474 2894; x_wconf 91' lang='lat' dir='ltr'><strong>steteris,</strong></span> <span class='ocrx_word' id='word_1_200' title='bbox 1515 2829 1722 2885; x_wconf 87' lang='lat' dir='ltr'><strong>omnia</strong></span> <span class='ocrx_word' id='word_1_201' title='bbox 1742 2834 1799 2885; x_wconf 93' lang='lat' dir='ltr'><strong>et</strong></span> <span class='ocrx_word' id='word_1_202' title='bbox 1867 2830 2000 2901; x_wconf 90' lang='lat' dir='ltr'><strong>ipsa</strong></span> <span class='ocrx_word' id='word_1_203' title='bbox 2055 2829 2288 2901; x_wconf 86' lang='lat' dir='ltr'><strong>patiens</strong></span> <span class='ocrx_word' id='word_1_204' title='bbox 2346 2845 2481 2901; x_wconf 75' lang='lat' dir='ltr'><strong>quae</strong></span> 
     </span>
    </p>
   </div>
   <div class='ocr_carea' id='block_1_32' title="bbox 822 2917 2479 2991">
    <p class='ocr_par' dir='ltr' id='par_1_32' title="bbox 822 2917 2479 2991">
     <span class='ocr_line' id='line_1_32' title="bbox 822 2917 2479 2991; baseline -0.001 -17"><span class='ocrx_word' id='word_1_205' title='bbox 822 2917 953 2991; x_wconf 92' lang='lat' dir='ltr'><strong>ipse</strong></span> <span class='ocrx_word' id='word_1_206' title='bbox 983 2934 1092 2991; x_wconf 90' lang='lat' dir='ltr'><strong>pro</strong></span> <span class='ocrx_word' id='word_1_207' title='bbox 1122 2917 1300 2974; x_wconf 91' lang='lat' dir='ltr'><strong>nobis</strong></span> <span class='ocrx_word' id='word_1_208' title='bbox 1337 2918 1453 2973; x_wconf 90' lang='lat' dir='ltr'><strong>reis</strong></span> <span class='ocrx_word' id='word_1_209' title='bbox 1482 2922 1539 2973; x_wconf 93' lang='lat' dir='ltr'><strong>et</strong></span> <span class='ocrx_word' id='word_1_210' title='bbox 1576 2917 1878 2974; x_wconf 88' lang='lat' dir='ltr'><strong>damnatis</strong></span> <span class='ocrx_word' id='word_1_211' title='bbox 1909 2918 2091 2974; x_wconf 88' lang='lat' dir='ltr'><strong>subiit</strong></span> <span class='ocrx_word' id='word_1_212' title='bbox 2116 2923 2179 2973; x_wconf 92' lang='lat' dir='ltr'><strong>ut</strong></span> <span class='ocrx_word' id='word_1_213' title='bbox 2216 2933 2328 2973; x_wconf 91' lang='lat' dir='ltr'><strong>nos</strong></span> <span class='ocrx_word' id='word_1_214' title='bbox 2360 2917 2479 2973; x_wconf 86' lang='lat' dir='ltr'><strong>sol-</strong></span> 
     </span>
    </p>
   </div>
   <div class='ocr_carea' id='block_1_33' title="bbox 820 3006 2481 3079">
    <p class='ocr_par' dir='ltr' id='par_1_33' title="bbox 820 3006 2481 3079">
     <span class='ocr_line' id='line_1_33' title="bbox 820 3006 2481 3079; baseline 0 -16"><span class='ocrx_word' id='word_1_215' title='bbox 820 3012 985 3063; x_wconf 89' lang='lat' dir='ltr'><strong>veret</strong></span> <span class='ocrx_word' id='word_1_216' title='bbox 1013 3023 1049 3064; x_wconf 86' lang='lat' dir='ltr'><strong>a</strong></span> <span class='ocrx_word' id='word_1_217' title='bbox 1073 3006 1321 3078; x_wconf 89' lang='lat' dir='ltr'><strong>judicio.</strong></span> <span class='ocrx_word' id='word_1_218' title='bbox 1356 3006 1526 3063; x_wconf 88' lang='lat' dir='ltr'><strong>lllum</strong></span> <span class='ocrx_word' id='word_1_219' title='bbox 1547 3022 1691 3077; x_wconf 86' lang='lat' dir='ltr'><strong>ergo</strong></span> <span class='ocrx_word' id='word_1_220' title='bbox 1721 3007 1985 3064; x_wconf 88' lang='lat' dir='ltr'><strong>converti</strong></span> <span class='ocrx_word' id='word_1_221' title='bbox 2031 3007 2175 3063; x_wconf 90' lang='lat' dir='ltr'><strong>facis</strong></span> <span class='ocrx_word' id='word_1_222' title='bbox 2233 3008 2331 3079; x_wconf 93' lang='lat' dir='ltr'><strong>pia</strong></span> <span class='ocrx_word' id='word_1_223' title='bbox 2383 3023 2481 3063; x_wconf 89' lang='lat' dir='ltr'><strong>ne—</strong></span> 
     </span>
    </p>
   </div>
   <div class='ocr_carea' id='block_1_34' title="bbox 821 3096 2476 3168">
    <p class='ocr_par' dir='ltr' id='par_1_34' title="bbox 821 3096 2476 3168">
     <span class='ocr_line' id='line_1_34' title="bbox 821 3096 2476 3168; baseline -0.001 -15"><span class='ocrx_word' id='word_1_224' title='bbox 821 3096 1100 3166; x_wconf 80' lang='lat' dir='ltr'><strong>gotiatrix</strong></span> <span class='ocrx_word' id='word_1_225' title='bbox 1126 3110 1138 3163; x_wconf 90' lang='lat'><strong>;</strong></span> <span class='ocrx_word' id='word_1_226' title='bbox 1164 3096 1413 3168; x_wconf 89' lang='lat' dir='ltr'><strong>insuper</strong></span> <span class='ocrx_word' id='word_1_227' title='bbox 1432 3096 1671 3151; x_wconf 89' lang='lat' dir='ltr'><strong>donans</strong></span> <span class='ocrx_word' id='word_1_228' title='bbox 1691 3100 1755 3152; x_wconf 92' lang='lat' dir='ltr'><strong>ut</strong></span> <span class='ocrx_word' id='word_1_229' title='bbox 1781 3096 1967 3151; x_wconf 91' lang='lat' dir='ltr'><strong>Deum</strong></span> <span class='ocrx_word' id='word_1_230' title='bbox 1989 3096 2214 3151; x_wconf 89' lang='lat' dir='ltr'><strong>nedum</strong></span> <span class='ocrx_word' id='word_1_231' title='bbox 2236 3097 2476 3163; x_wconf 90' lang='lat' dir='ltr'><strong>iratum,</strong></span> 
     </span>
    </p>
   </div>
   <div class='ocr_carea' id='block_1_35' title="bbox 821 3184 2548 3267">
    <p class='ocr_par' dir='ltr' id='par_1_35' title="bbox 821 3184 2548 3267">
     <span class='ocr_line' id='line_1_35' title="bbox 821 3184 2548 3267; baseline 0 -26"><span class='ocrx_word' id='word_1_232' title='bbox 821 3184 946 3242; x_wconf 90' lang='lat' dir='ltr'><strong>imo</strong></span> <span class='ocrx_word' id='word_1_233' title='bbox 972 3185 1320 3256; x_wconf 88' lang='lat' dir='ltr'><strong>diligentem</strong></span> <span class='ocrx_word' id='word_1_234' title='bbox 1348 3190 1404 3241; x_wconf 89' lang='lat' dir='ltr'><strong>et</strong></span> <span class='ocrx_word' id='word_1_235' title='bbox 1424 3185 1600 3240; x_wconf 87' lang='lat' dir='ltr'><strong>bonis</strong></span> <span class='ocrx_word' id='word_1_236' title='bbox 1633 3184 2043 3242; x_wconf 92' lang='lat' dir='ltr'><strong>cumulantem</strong></span> <span class='ocrx_word' id='word_1_237' title='bbox 2058 3185 2475 3257; x_wconf 85' lang='lat' dir='ltr'><strong>experiamur;</strong></span> <span class='ocrx_word' id='word_1_238' title='bbox 2510 3212 2548 3267; x_wconf 66' lang='grc' dir='ltr'><strong>ρ</strong></span> 
     </span>
    </p>
   </div>
   <div class='ocr_carea' id='block_1_36' title="bbox 820 3274 2478 3348">
    <p class='ocr_par' dir='ltr' id='par_1_36' title="bbox 820 3274 2478 3348">
     <span class='ocr_line' id='line_1_36' title="bbox 820 3274 2478 3348; baseline -0.001 -16"><span class='ocrx_word' id='word_1_239' title='bbox 820 3276 1059 3332; x_wconf 88' lang='lat' dir='ltr'><strong>donans</strong></span> <span class='ocrx_word' id='word_1_240' title='bbox 1104 3280 1163 3331; x_wconf 89' lang='lat' dir='ltr'><strong>ut</strong></span> <span class='ocrx_word' id='word_1_241' title='bbox 1195 3275 1272 3331; x_wconf 86' lang='lat' dir='ltr'><strong>ab</strong></span> <span class='ocrx_word' id='word_1_242' title='bbox 1302 3290 1374 3330; x_wconf 92' lang='lat' dir='ltr'><strong>eo</strong></span> <span class='ocrx_word' id='word_1_243' title='bbox 1408 3274 1574 3331; x_wconf 91' lang='lat' dir='ltr'><strong>bona</strong></span> <span class='ocrx_word' id='word_1_244' title='bbox 1603 3274 1888 3346; x_wconf 87' lang='lat' dir='ltr'><strong>donaque</strong></span> <span class='ocrx_word' id='word_1_245' title='bbox 1923 3275 2323 3348; x_wconf 87' lang='lat' dir='ltr'><strong>suscipiamus</strong></span> <span class='ocrx_word' id='word_1_246' title='bbox 2369 3291 2478 3347; x_wconf 89' lang='lat' dir='ltr'><strong>pro</strong></span> 
     </span>
    </p>
   </div>
   <div class='ocr_carea' id='block_1_37' title="bbox 820 3364 2479 3438">
    <p class='ocr_par' dir='ltr' id='par_1_37' title="bbox 820 3364 2479 3438">
     <span class='ocr_line' id='line_1_37' title="bbox 820 3364 2479 3438; baseline -0.001 -16"><span class='ocrx_word' id='word_1_247' title='bbox 820 3365 996 3422; x_wconf 91' lang='lat' dir='ltr'><strong>malis</strong></span> <span class='ocrx_word' id='word_1_248' title='bbox 1027 3381 1164 3438; x_wconf 74' lang='lat' dir='ltr'><strong>quae</strong></span> <span class='ocrx_word' id='word_1_249' title='bbox 1196 3364 1530 3436; x_wconf 88' lang='lat' dir='ltr'><strong>suscepturi</strong></span> <span class='ocrx_word' id='word_1_250' title='bbox 1562 3381 1837 3421; x_wconf 89' lang='lat' dir='ltr'><strong>creamus</strong></span> <span class='ocrx_word' id='word_1_251' title='bbox 1873 3370 1927 3421; x_wconf 84' lang='lat' dir='ltr'><strong>et</strong></span> <span class='ocrx_word' id='word_1_252' title='bbox 1959 3364 2154 3437; x_wconf 69' lang='lat' dir='ltr'><strong>poenis</strong></span> <span class='ocrx_word' id='word_1_253' title='bbox 2186 3381 2340 3437; x_wconf 88' lang='lat' dir='ltr'><strong>quas</strong></span> <span class='ocrx_word' id='word_1_254' title='bbox 2368 3364 2479 3421; x_wconf 83' lang='lat' dir='ltr'><strong>sol-</strong></span> 
     </span>
    </p>
   </div>
   <div class='ocr_carea' id='block_1_38' title="bbox 819 3454 2479 3527">
    <p class='ocr_par' dir='ltr' id='par_1_38' title="bbox 819 3454 2479 3527">
     <span class='ocr_line' id='line_1_38' title="bbox 819 3454 2479 3527; baseline -0.001 -15"><span class='ocrx_word' id='word_1_255' title='bbox 819 3471 958 3512; x_wconf 85' lang='lat' dir='ltr'><strong>vere</strong></span> <span class='ocrx_word' id='word_1_256' title='bbox 978 3454 1423 3511; x_wconf 88' lang='lat' dir='ltr'><strong>debuissemus.</strong></span> <span class='ocrx_word' id='word_1_257' title='bbox 1460 3454 1615 3509; x_wconf 88' lang='lat' dir='ltr'><strong>Nihil</strong></span> <span class='ocrx_word' id='word_1_258' title='bbox 1638 3454 1798 3509; x_wconf 87' lang='lat' dir='ltr'><strong>enim</strong></span> <span class='ocrx_word' id='word_1_259' title='bbox 1816 3460 1902 3510; x_wconf 91' lang='lat' dir='ltr'><strong>est</strong></span> <span class='ocrx_word' id='word_1_260' title='bbox 1931 3455 2180 3511; x_wconf 86' lang='lat' dir='ltr'><strong>omnino</strong></span> <span class='ocrx_word' id='word_1_261' title='bbox 2217 3454 2384 3527; x_wconf 89' lang='lat' dir='ltr'><strong>quod</strong></span> <span class='ocrx_word' id='word_1_262' title='bbox 2415 3459 2479 3510; x_wconf 91' lang='lat' dir='ltr'><strong>tu</strong></span> 
     </span>
    </p>
   </div>
   <div class='ocr_carea' id='block_1_39' title="bbox 819 3542 2478 3616">
    <p class='ocr_par' dir='ltr' id='par_1_39' title="bbox 819 3542 2478 3616">
     <span class='ocr_line' id='line_1_39' title="bbox 819 3542 2478 3616; baseline -0.002 -15"><span class='ocrx_word' id='word_1_263' title='bbox 819 3544 1170 3601; x_wconf 88' lang='lat' dir='ltr'><strong>desiderans</strong></span> <span class='ocrx_word' id='word_1_264' title='bbox 1184 3560 1294 3616; x_wconf 92' lang='lat' dir='ltr'><strong>pro</strong></span> <span class='ocrx_word' id='word_1_265' title='bbox 1316 3548 1519 3600; x_wconf 89' lang='lat' dir='ltr'><strong>nostra</strong></span> <span class='ocrx_word' id='word_1_266' title='bbox 1538 3542 1933 3600; x_wconf 87' lang='lat' dir='ltr'><strong>beneﬁcentia</strong></span> <span class='ocrx_word' id='word_1_267' title='bbox 1951 3560 1986 3599; x_wconf 88' lang='lat' dir='ltr'><strong>a</strong></span> <span class='ocrx_word' id='word_1_268' title='bbox 2009 3546 2126 3599; x_wconf 93' lang='lat' dir='ltr'><strong>Deo</strong></span> <span class='ocrx_word' id='word_1_269' title='bbox 2146 3558 2267 3599; x_wconf 92' lang='lat' dir='ltr'><strong>non</strong></span> <span class='ocrx_word' id='word_1_270' title='bbox 2283 3543 2478 3616; x_wconf 90' lang='lat' dir='ltr'><strong>possis</strong></span> 
     </span>
    </p>
   </div>
   <div class='ocr_carea' id='block_1_40' title="bbox 819 3632 2477 3706">
    <p class='ocr_par' dir='ltr' id='par_1_40' title="bbox 819 3632 2477 3706">
     <span class='ocr_line' id='line_1_40' title="bbox 819 3632 2477 3706; baseline 0 -17"><span class='ocrx_word' id='word_1_271' title='bbox 819 3632 1173 3706; x_wconf 86' lang='lat' dir='ltr'><strong>impetrare:</strong></span> <span class='ocrx_word' id='word_1_272' title='bbox 1216 3633 1339 3689; x_wconf 91' lang='lat' dir='ltr'><strong>imo</strong></span> <span class='ocrx_word' id='word_1_273' title='bbox 1370 3637 1541 3705; x_wconf 91' lang='lat' dir='ltr'><strong>potes</strong></span> <span class='ocrx_word' id='word_1_274' title='bbox 1572 3633 1778 3688; x_wconf 90' lang='lat' dir='ltr'><strong>omnia</strong></span> <span class='ocrx_word' id='word_1_275' title='bbox 1806 3638 1960 3688; x_wconf 91' lang='lat' dir='ltr'><strong>certe</strong></span> <span class='ocrx_word' id='word_1_276' title='bbox 2001 3638 2057 3688; x_wconf 93' lang='lat' dir='ltr'><strong>et</strong></span> <span class='ocrx_word' id='word_1_277' title='bbox 2084 3632 2477 3689; x_wconf 88' lang='lat' dir='ltr'><strong>donasmulto</strong></span> 
     </span>
    </p>
   </div>
   <div class='ocr_carea' id='block_1_41' title="bbox 818 3721 2477 3794">
    <p class='ocr_par' dir='ltr' id='par_1_41' title="bbox 818 3721 2477 3794">
     <span class='ocr_line' id='line_1_41' title="bbox 818 3721 2477 3794; baseline -0.002 -15"><span class='ocrx_word' id='word_1_278' title='bbox 818 3724 1014 3793; x_wconf 88' lang='lat' dir='ltr'><strong>magis</strong></span> <span class='ocrx_word' id='word_1_279' title='bbox 1045 3728 1102 3778; x_wconf 93' lang='lat' dir='ltr'><strong>et</strong></span> <span class='ocrx_word' id='word_1_280' title='bbox 1122 3722 1356 3778; x_wconf 90' lang='lat' dir='ltr'><strong>facilius</strong></span> <span class='ocrx_word' id='word_1_281' title='bbox 1375 3738 1562 3794; x_wconf 90' lang='lat' dir='ltr'><strong>quam</strong></span> <span class='ocrx_word' id='word_1_282' title='bbox 1580 3721 1727 3777; x_wconf 87' lang='lat' dir='ltr'><strong>forte</strong></span> <span class='ocrx_word' id='word_1_283' title='bbox 1741 3738 1850 3777; x_wconf 90' lang='lat' dir='ltr'><strong>nos</strong></span> <span class='ocrx_word' id='word_1_284' title='bbox 1864 3722 1924 3777; x_wconf 94' lang='lat' dir='ltr'><strong>in</strong></span> <span class='ocrx_word' id='word_1_285' title='bbox 1942 3722 2093 3777; x_wconf 91' lang='lat' dir='ltr'><strong>votis</strong></span> <span class='ocrx_word' id='word_1_286' title='bbox 2106 3722 2328 3778; x_wconf 86' lang='lat' dir='ltr'><strong>habere</strong></span> <span class='ocrx_word' id='word_1_287' title='bbox 2341 3738 2477 3793; x_wconf 90' lang='lat' dir='ltr'><strong>pos-</strong></span> 
     </span>
    </p>
   </div>
   <div class='ocr_carea' id='block_1_42' title="bbox 820 3811 2476 3884">
    <p class='ocr_par' dir='ltr' id='par_1_42' title="bbox 820 3811 2476 3884">
     <span class='ocr_line' id='line_1_42' title="bbox 820 3811 2476 3884; baseline -0.001 -15"><span class='ocrx_word' id='word_1_288' title='bbox 820 3829 1050 3870; x_wconf 90' lang='lat' dir='ltr'><strong>sumus.</strong></span> <span class='ocrx_word' id='word_1_289' title='bbox 1084 3815 1399 3884; x_wconf 85' lang='lat' dir='ltr'><strong>Propterea</strong></span> <span class='ocrx_word' id='word_1_290' title='bbox 1430 3811 1653 3867; x_wconf 85' lang='lat' dir='ltr'><strong>videris</strong></span> <span class='ocrx_word' id='word_1_291' title='bbox 1678 3814 1733 3866; x_wconf 91' lang='lat' dir='ltr'><strong>et</strong></span> <span class='ocrx_word' id='word_1_292' title='bbox 1786 3812 2100 3884; x_wconf 89' lang='lat' dir='ltr'><strong>petitiones</strong></span> <span class='ocrx_word' id='word_1_293' title='bbox 2147 3812 2476 3883; x_wconf 70' lang='lat' dir='ltr'><strong>praevenire</strong></span> 
     </span>
    </p>
   </div>
   <div class='ocr_carea' id='block_1_43' title="bbox 819 3901 2478 3974">
    <p class='ocr_par' dir='ltr' id='par_1_43' title="bbox 819 3901 2478 3974">
     <span class='ocr_line' id='line_1_43' title="bbox 819 3901 2478 3974; baseline -0.002 -15"><span class='ocrx_word' id='word_1_294' title='bbox 819 3908 876 3960; x_wconf 91' lang='lat' dir='ltr'><strong>et</strong></span> <span class='ocrx_word' id='word_1_295' title='bbox 905 3919 1016 3958; x_wconf 88' lang='lat' dir='ltr'><strong>nos</strong></span> <span class='ocrx_word' id='word_1_296' title='bbox 1047 3902 1220 3974; x_wconf 90' lang='lat' dir='ltr'><strong>quasi</strong></span> <span class='ocrx_word' id='word_1_297' title='bbox 1235 3901 1540 3971; x_wconf 90' lang='lat' dir='ltr'><strong>donajam</strong></span> <span class='ocrx_word' id='word_1_298' title='bbox 1571 3908 1818 3973; x_wconf 89' lang='lat' dir='ltr'><strong>accepta</strong></span> <span class='ocrx_word' id='word_1_299' title='bbox 1844 3901 2245 3971; x_wconf 80' lang='lat' dir='ltr'><strong>eﬂlagitamus</strong></span> <span class='ocrx_word' id='word_1_300' title='bbox 2271 3902 2478 3957; x_wconf 92' lang='lat' dir='ltr'><strong>omnia</strong></span> 
     </span>
    </p>
   </div>
   <div class='ocr_carea' id='block_1_44' title="bbox 820 3990 2476 4065">
    <p class='ocr_par' dir='ltr' id='par_1_44' title="bbox 820 3990 2476 4065">
     <span class='ocr_line' id='line_1_44' title="bbox 820 3990 2476 4065; baseline -0.001 -17"><span class='ocrx_word' id='word_1_301' title='bbox 820 3992 1041 4065; x_wconf 91' lang='lat' dir='ltr'><strong>quibus</strong></span> <span class='ocrx_word' id='word_1_302' title='bbox 1062 3991 1425 4060; x_wconf 87' lang='lat' dir='ltr'><strong>indigemus,</strong></span> <span class='ocrx_word' id='word_1_303' title='bbox 1458 3996 1515 4045; x_wconf 91' lang='lat' dir='ltr'><strong>et</strong></span> <span class='ocrx_word' id='word_1_304' title='bbox 1535 4006 1671 4062; x_wconf 66' lang='lat' dir='ltr'><strong>quae</strong></span> <span class='ocrx_word' id='word_1_305' title='bbox 1686 3995 1823 4045; x_wconf 91' lang='lat' dir='ltr'><strong>ante</strong></span> <span class='ocrx_word' id='word_1_306' title='bbox 1842 3990 2270 4061; x_wconf 90' lang='lat' dir='ltr'><strong>postulationes</strong></span> <span class='ocrx_word' id='word_1_307' title='bbox 2294 4007 2399 4063; x_wconf 93' lang='lat' dir='ltr'><strong>per</strong></span> <span class='ocrx_word' id='word_1_308' title='bbox 2424 3996 2476 4046; x_wconf 94' lang='lat' dir='ltr'><strong>te</strong></span> 
     </span>
    </p>
   </div>
   <div class='ocr_carea' id='block_1_45' title="bbox 818 4079 2478 4151">
    <p class='ocr_par' dir='ltr' id='par_1_45' title="bbox 818 4079 2478 4151">
     <span class='ocr_line' id='line_1_45' title="bbox 818 4079 2478 4151; baseline -0.002 -12"><span class='ocrx_word' id='word_1_309' title='bbox 818 4081 996 4139; x_wconf 89' lang='lat' dir='ltr'><strong>nobis</strong></span> <span class='ocrx_word' id='word_1_310' title='bbox 1022 4080 1192 4136; x_wconf 85' lang='lat' dir='ltr'><strong>ﬁunt.</strong></span> <span class='ocrx_word' id='word_1_311' title='bbox 1229 4083 1375 4136; x_wconf 91' lang='lat' dir='ltr'><strong>Cum</strong></span> <span class='ocrx_word' id='word_1_312' title='bbox 1398 4084 1599 4135; x_wconf 88' lang='lat' dir='ltr'><strong>autem</strong></span> <span class='ocrx_word' id='word_1_313' title='bbox 1648 4079 1978 4151; x_wconf 83' lang='lat' dir='ltr'><strong>aliquando</strong></span> <span class='ocrx_word' id='word_1_314' title='bbox 2010 4080 2071 4134; x_wconf 90' lang='lat' dir='ltr'><strong>in</strong></span> <span class='ocrx_word' id='word_1_315' title='bbox 2101 4080 2282 4135; x_wconf 88' lang='lat' dir='ltr'><strong>rebus</strong></span> <span class='ocrx_word' id='word_1_316' title='bbox 2331 4079 2478 4135; x_wconf 88' lang='lat' dir='ltr'><strong>utili-</strong></span> 
     </span>
    </p>
   </div>
   <div class='ocr_carea' id='block_1_46' title="bbox 817 4167 2477 4243">
    <p class='ocr_par' dir='ltr' id='par_1_46' title="bbox 817 4167 2477 4243">
     <span class='ocr_line' id='line_1_46' title="bbox 817 4167 2477 4243; baseline -0.002 -16"><span class='ocrx_word' id='word_1_317' title='bbox 817 4171 936 4227; x_wconf 88' lang='lat' dir='ltr'><strong>bus</strong></span> <span class='ocrx_word' id='word_1_318' title='bbox 946 4185 1252 4243; x_wconf 80' lang='lat' dir='ltr'><strong>perperam</strong></span> <span class='ocrx_word' id='word_1_319' title='bbox 1266 4167 1693 4231; x_wconf 86' lang='lat' dir='ltr'><strong>desideramus,</strong></span> <span class='ocrx_word' id='word_1_320' title='bbox 1714 4183 2153 4240; x_wconf 86' lang='lat' dir='ltr'><strong>perperamque</strong></span> <span class='ocrx_word' id='word_1_321' title='bbox 2166 4168 2477 4224; x_wconf 88' lang='lat' dir='ltr'><strong>studemus</strong></span> 
     </span>
    </p>
   </div>
   <div class='ocr_carea' id='block_1_47' title="bbox 821 4256 2474 4329">
    <p class='ocr_par' dir='ltr' id='par_1_47' title="bbox 821 4256 2474 4329">
     <span class='ocr_line' id='line_1_47' title="bbox 821 4256 2474 4329; baseline -0.003 -13"><span class='ocrx_word' id='word_1_322' title='bbox 821 4264 878 4316; x_wconf 87' lang='lat' dir='ltr'><strong>et</strong></span> <span class='ocrx_word' id='word_1_323' title='bbox 918 4258 1179 4329; x_wconf 88' lang='lat' dir='ltr'><strong>agimus,</strong></span> <span class='ocrx_word' id='word_1_324' title='bbox 1216 4262 1276 4311; x_wconf 91' lang='lat' dir='ltr'><strong>tu</strong></span> <span class='ocrx_word' id='word_1_325' title='bbox 1305 4256 1437 4328; x_wconf 89' lang='lat' dir='ltr'><strong>ipsa</strong></span> <span class='ocrx_word' id='word_1_326' title='bbox 1468 4256 1597 4311; x_wconf 75' lang='lat' dir='ltr'><strong>haec</strong></span> <span class='ocrx_word' id='word_1_327' title='bbox 1630 4256 1853 4327; x_wconf 89' lang='lat' dir='ltr'><strong>optime</strong></span> <span class='ocrx_word' id='word_1_328' title='bbox 1884 4256 2146 4325; x_wconf 84' lang='lat' dir='ltr'><strong>dirigens</strong></span> <span class='ocrx_word' id='word_1_329' title='bbox 2177 4262 2233 4312; x_wconf 89' lang='lat' dir='ltr'><strong>et</strong></span> <span class='ocrx_word' id='word_1_330' title='bbox 2269 4273 2474 4326; x_wconf 90' lang='lat' dir='ltr'><strong>agens,</strong></span> 
     </span>
    </p>
   </div>
   <div class='ocr_carea' id='block_1_48' title="bbox 819 4343 2479 4417">
    <p class='ocr_par' dir='ltr' id='par_1_48' title="bbox 819 4343 2479 4417">
     <span class='ocr_line' id='line_1_48' title="bbox 819 4343 2479 4417; baseline -0.002 -14"><span class='ocrx_word' id='word_1_331' title='bbox 819 4347 882 4402; x_wconf 92' lang='lat' dir='ltr'><strong>in</strong></span> <span class='ocrx_word' id='word_1_332' title='bbox 904 4348 1017 4403; x_wconf 89' lang='lat' dir='ltr'><strong>hoc</strong></span> <span class='ocrx_word' id='word_1_333' title='bbox 1048 4344 1310 4401; x_wconf 78' lang='lat' dir='ltr'><strong>maxime</strong></span> <span class='ocrx_word' id='word_1_334' title='bbox 1326 4343 1592 4399; x_wconf 90' lang='lat' dir='ltr'><strong>ostendis</strong></span> <span class='ocrx_word' id='word_1_335' title='bbox 1612 4343 1902 4399; x_wconf 90' lang='lat' dir='ltr'><strong>bonitatis</strong></span> <span class='ocrx_word' id='word_1_336' title='bbox 1926 4345 2299 4415; x_wconf 83' lang='lat' dir='ltr'><strong>thesaurum,</strong></span> <span class='ocrx_word' id='word_1_337' title='bbox 2332 4344 2479 4417; x_wconf 90' lang='lat' dir='ltr'><strong>quia</strong></span> 
     </span>
    </p>
   </div>
   <div class='ocr_carea' id='block_1_49' title="bbox 820 4434 2477 4509">
    <p class='ocr_par' dir='ltr' id='par_1_49' title="bbox 820 4434 2477 4509">
     <span class='ocr_line' id='line_1_49' title="bbox 820 4434 2477 4509; baseline -0.002 -15"><span class='ocrx_word' id='word_1_338' title='bbox 820 4439 978 4494; x_wconf 92' lang='lat' dir='ltr'><strong>circa</strong></span> <span class='ocrx_word' id='word_1_339' title='bbox 1005 4452 1143 4509; x_wconf 72' lang='lat' dir='ltr'><strong>qua:</strong></span> <span class='ocrx_word' id='word_1_340' title='bbox 1156 4451 1277 4490; x_wconf 91' lang='lat' dir='ltr'><strong>non</strong></span> <span class='ocrx_word' id='word_1_341' title='bbox 1304 4434 1642 4503; x_wconf 88' lang='lat' dir='ltr'><strong>cogitamus</strong></span> <span class='ocrx_word' id='word_1_342' title='bbox 1666 4448 1863 4505; x_wconf 88' lang='lat' dir='ltr'><strong>neque</strong></span> <span class='ocrx_word' id='word_1_343' title='bbox 1886 4434 2165 4506; x_wconf 90' lang='lat' dir='ltr'><strong>petimus,</strong></span> <span class='ocrx_word' id='word_1_344' title='bbox 2182 4434 2275 4490; x_wconf 90' lang='lat' dir='ltr'><strong>vel</strong></span> <span class='ocrx_word' id='word_1_345' title='bbox 2296 4435 2477 4491; x_wconf 91' lang='lat' dir='ltr'><strong>etiam</strong></span> 
     </span>
    </p>
   </div>
   <div class='ocr_carea' id='block_1_50' title="bbox 821 4522 2476 4596">
    <p class='ocr_par' dir='ltr' id='par_1_50' title="bbox 821 4522 2476 4596">
     <span class='ocr_line' id='line_1_50' title="bbox 821 4522 2476 4596; baseline -0.004 -11"><span class='ocrx_word' id='word_1_346' title='bbox 821 4543 961 4585; x_wconf 90' lang='lat' dir='ltr'><strong>cum</strong></span> <span class='ocrx_word' id='word_1_347' title='bbox 990 4525 1408 4582; x_wconf 82' lang='lat' dir='ltr'><strong>desideramus</strong></span> <span class='ocrx_word' id='word_1_348' title='bbox 1436 4528 1492 4579; x_wconf 90' lang='lat' dir='ltr'><strong>et</strong></span> <span class='ocrx_word' id='word_1_349' title='bbox 1520 4522 1823 4579; x_wconf 90' lang='lat' dir='ltr'><strong>tendimus</strong></span> <span class='ocrx_word' id='word_1_350' title='bbox 1855 4523 1933 4580; x_wconf 90' lang='lat' dir='ltr'><strong>ad</strong></span> <span class='ocrx_word' id='word_1_351' title='bbox 1958 4524 2187 4596; x_wconf 86' lang='lat' dir='ltr'><strong>pejora,</strong></span> <span class='ocrx_word' id='word_1_352' title='bbox 2206 4540 2317 4581; x_wconf 92' lang='lat' dir='ltr'><strong>nos</strong></span> <span class='ocrx_word' id='word_1_353' title='bbox 2346 4525 2476 4581; x_wconf 89' lang='lat' dir='ltr'><strong>istis</strong></span> 
     </span>
    </p>
   </div>
   <div class='ocr_carea' id='block_1_51' title="bbox 819 4612 2477 4687">
    <p class='ocr_par' dir='ltr' id='par_1_51' title="bbox 819 4612 2477 4687">
     <span class='ocr_line' id='line_1_51' title="bbox 819 4612 2477 4687; baseline -0.004 -11"><span class='ocrx_word' id='word_1_354' title='bbox 819 4617 1107 4675; x_wconf 83' lang='lat' dir='ltr'><strong>violenter</strong></span> <span class='ocrx_word' id='word_1_355' title='bbox 1139 4614 1318 4687; x_wconf 81' lang='lat' dir='ltr'><strong>eripis</strong></span> <span class='ocrx_word' id='word_1_356' title='bbox 1345 4618 1449 4669; x_wconf 92' lang='lat' dir='ltr'><strong>aut</strong></span> <span class='ocrx_word' id='word_1_357' title='bbox 1472 4613 1651 4669; x_wconf 91' lang='lat' dir='ltr'><strong>etiam</strong></span> <span class='ocrx_word' id='word_1_358' title='bbox 1687 4612 1834 4668; x_wconf 86' lang='lat' dir='ltr'><strong>facis</strong></span> <span class='ocrx_word' id='word_1_359' title='bbox 1870 4618 1935 4668; x_wconf 95' lang='lat' dir='ltr'><strong>ut</strong></span> <span class='ocrx_word' id='word_1_360' title='bbox 1986 4613 2243 4670; x_wconf 89' lang='lat' dir='ltr'><strong>multum</strong></span> <span class='ocrx_word' id='word_1_361' title='bbox 2289 4615 2477 4685; x_wconf 86' lang='lat' dir='ltr'><strong>proli-</strong></span> 
     </span>
    </p>
   </div>
   <div class='ocr_carea' id='block_1_52' title="bbox 821 4702 2471 4775">
    <p class='ocr_par' dir='ltr' id='par_1_52' title="bbox 821 4702 2471 4775">
     <span class='ocr_line' id='line_1_52' title="bbox 821 4702 2471 4775; baseline -0.002 -11"><span class='ocrx_word' id='word_1_362' title='bbox 821 4707 1000 4775; x_wconf 90' lang='lat' dir='ltr'><strong>eiant,</strong></span> <span class='ocrx_word' id='word_1_363' title='bbox 1032 4721 1171 4762; x_wconf 90' lang='lat' dir='ltr'><strong>cum</strong></span> <span class='ocrx_word' id='word_1_364' title='bbox 1192 4704 1255 4759; x_wconf 93' lang='lat' dir='ltr'><strong>in</strong></span> <span class='ocrx_word' id='word_1_365' title='bbox 1296 4702 1445 4775; x_wconf 88' lang='lat' dir='ltr'><strong>ipsis</strong></span> <span class='ocrx_word' id='word_1_366' title='bbox 1510 4717 1650 4757; x_wconf 90' lang='lat' dir='ltr'><strong>vere</strong></span> <span class='ocrx_word' id='word_1_367' title='bbox 1715 4706 1911 4773; x_wconf 89' lang='lat' dir='ltr'><strong>potest</strong></span> <span class='ocrx_word' id='word_1_368' title='bbox 1972 4703 2166 4759; x_wconf 91' lang='lat' dir='ltr'><strong>inesse</strong></span> <span class='ocrx_word' id='word_1_369' title='bbox 2215 4704 2471 4762; x_wconf 90' lang='lat' dir='ltr'><strong>utilitas:</strong></span> 
     </span>
    </p>
   </div>
   <div class='ocr_carea' id='block_1_53' title="bbox 820 4790 2475 4870">
    <p class='ocr_par' dir='ltr' id='par_1_53' title="bbox 820 4790 2475 4870">
     <span class='ocr_line' id='line_1_53' title="bbox 820 4790 2475 4870; baseline -0.003 -16"><span class='ocrx_word' id='word_1_370' title='bbox 820 4796 993 4870; x_wconf 88' lang='lat' dir='ltr'><strong>quasi</strong></span> <span class='ocrx_word' id='word_1_371' title='bbox 1025 4795 1238 4852; x_wconf 91' lang='lat' dir='ltr'><strong>invitos</strong></span> <span class='ocrx_word' id='word_1_372' title='bbox 1261 4790 1627 4848; x_wconf 86' lang='lat' dir='ltr'><strong>benevolens</strong></span> <span class='ocrx_word' id='word_1_373' title='bbox 1654 4790 1716 4846; x_wconf 90' lang='lat' dir='ltr'><strong>in</strong></span> <span class='ocrx_word' id='word_1_374' title='bbox 1744 4790 1901 4847; x_wconf 88' lang='lat' dir='ltr'><strong>hanc</strong></span> <span class='ocrx_word' id='word_1_375' title='bbox 1937 4810 2044 4849; x_wconf 91' lang='lat' dir='ltr'><strong>nos</strong></span> <span class='ocrx_word' id='word_1_376' title='bbox 2076 4793 2261 4849; x_wconf 87' lang='lat' dir='ltr'><strong>trahis</strong></span> <span class='ocrx_word' id='word_1_377' title='bbox 2289 4794 2475 4864; x_wconf 91' lang='lat' dir='ltr'><strong>viam,</strong></span> 
     </span>
    </p>
   </div>
   <div class='ocr_carea' id='block_1_54' title="bbox 820 4881 2476 4955">
    <p class='ocr_par' dir='ltr' id='par_1_54' title="bbox 820 4881 2476 4955">
     <span class='ocr_line' id='line_1_54' title="bbox 820 4881 2476 4955; baseline -0.003 -10"><span class='ocrx_word' id='word_1_378' title='bbox 820 4893 877 4945; x_wconf 90' lang='lat' dir='ltr'><strong>et</strong></span> <span class='ocrx_word' id='word_1_379' title='bbox 900 4885 1117 4944; x_wconf 90' lang='lat' dir='ltr'><strong>deinde</strong></span> <span class='ocrx_word' id='word_1_380' title='bbox 1140 4898 1386 4941; x_wconf 91' lang='lat' dir='ltr'><strong>sensum</strong></span> <span class='ocrx_word' id='word_1_381' title='bbox 1416 4886 1473 4937; x_wconf 93' lang='lat' dir='ltr'><strong>et</strong></span> <span class='ocrx_word' id='word_1_382' title='bbox 1496 4881 1805 4938; x_wconf 83' lang='lat' dir='ltr'><strong>scientiam</strong></span> <span class='ocrx_word' id='word_1_383' title='bbox 1835 4881 2057 4955; x_wconf 89' lang='lat' dir='ltr'><strong>adepti,</strong></span> <span class='ocrx_word' id='word_1_384' title='bbox 2091 4883 2214 4938; x_wconf 90' lang='lat' dir='ltr'><strong>vim</strong></span> <span class='ocrx_word' id='word_1_385' title='bbox 2268 4884 2476 4954; x_wconf 90' lang='lat' dir='ltr'><strong>diliga-</strong></span> 
     </span>
    </p>
   </div>
   <div class='ocr_carea' id='block_1_55' title="bbox 819 4968 2475 5047">
    <p class='ocr_par' dir='ltr' id='par_1_55' title="bbox 819 4968 2475 5047">
     <span class='ocr_line' id='line_1_55' title="bbox 819 4968 2475 5047; baseline -0.002 -14"><span class='ocrx_word' id='word_1_386' title='bbox 819 4992 957 5034; x_wconf 89' lang='lat' dir='ltr'><strong>mus</strong></span> <span class='ocrx_word' id='word_1_387' title='bbox 968 4989 1092 5047; x_wconf 87' lang='lat' dir='ltr'><strong>qua</strong></span> <span class='ocrx_word' id='word_1_388' title='bbox 1120 4973 1182 5028; x_wconf 91' lang='lat' dir='ltr'><strong>in</strong></span> <span class='ocrx_word' id='word_1_389' title='bbox 1198 4970 1625 5044; x_wconf 81' lang='lat' dir='ltr'><strong>experientiam</strong></span> <span class='ocrx_word' id='word_1_390' title='bbox 1639 4968 1785 5025; x_wconf 94' lang='lat' dir='ltr'><strong>boni</strong></span> <span class='ocrx_word' id='word_1_391' title='bbox 1812 4970 2206 5027; x_wconf 83' lang='lat' dir='ltr'><strong>introivimus.</strong></span> <span class='ocrx_word' id='word_1_392' title='bbox 2246 4973 2332 5028; x_wconf 90' lang='lat' dir='ltr'><strong>Ita</strong></span> <span class='ocrx_word' id='word_1_393' title='bbox 2361 4988 2475 5029; x_wconf 89' lang='lat' dir='ltr'><strong>nos</strong></span> 
     </span>
    </p>
   </div>
   <div class='ocr_carea' id='block_1_56' title="bbox 820 5058 2478 5135">
    <p class='ocr_par' dir='ltr' id='par_1_56' title="bbox 820 5058 2478 5135">
     <span class='ocr_line' id='line_1_56' title="bbox 820 5058 2478 5135; baseline -0.003 -11"><span class='ocrx_word' id='word_1_394' title='bbox 820 5082 853 5124; x_wconf 91' lang='lat' dir='ltr'><strong>e</strong></span> <span class='ocrx_word' id='word_1_395' title='bbox 882 5065 1032 5123; x_wconf 89' lang='lat' dir='ltr'><strong>vitiis</strong></span> <span class='ocrx_word' id='word_1_396' title='bbox 1070 5061 1271 5135; x_wconf 88' lang='lat' dir='ltr'><strong>eripis,</strong></span> <span class='ocrx_word' id='word_1_397' title='bbox 1312 5060 1414 5117; x_wconf 88' lang='lat' dir='ltr'><strong>illa</strong></span> <span class='ocrx_word' id='word_1_398' title='bbox 1444 5060 1621 5129; x_wconf 91' lang='lat' dir='ltr'><strong>longe</strong></span> <span class='ocrx_word' id='word_1_399' title='bbox 1642 5058 1969 5131; x_wconf 92' lang='lat' dir='ltr'><strong>depellens,</strong></span> <span class='ocrx_word' id='word_1_400' title='bbox 1993 5076 2068 5116; x_wconf 91' lang='lat' dir='ltr'><strong>ne</strong></span> <span class='ocrx_word' id='word_1_401' title='bbox 2104 5061 2369 5134; x_wconf 88' lang='lat' dir='ltr'><strong>primum</strong></span> <span class='ocrx_word' id='word_1_402' title='bbox 2414 5063 2478 5119; x_wconf 94' lang='lat' dir='ltr'><strong>in</strong></span> 
     </span>
    </p>
   </div>
   <div class='ocr_carea' id='block_1_57' title="bbox 819 5148 2479 5227">
    <p class='ocr_par' dir='ltr' id='par_1_57' title="bbox 819 5148 2479 5227">
     <span class='ocr_line' id='line_1_57' title="bbox 819 5148 2479 5227; baseline -0.001 -14"><span class='ocrx_word' id='word_1_403' title='bbox 819 5155 936 5214; x_wconf 85' lang='lat' dir='ltr'><strong>ista</strong></span> <span class='ocrx_word' id='word_1_404' title='bbox 963 5153 1375 5227; x_wconf 84' lang='lat' dir='ltr'><strong>impingamus</strong></span> <span class='ocrx_word' id='word_1_405' title='bbox 1405 5166 1544 5205; x_wconf 92' lang='lat' dir='ltr'><strong>cum</strong></span> <span class='ocrx_word' id='word_1_406' title='bbox 1566 5148 1896 5221; x_wconf 89' lang='lat' dir='ltr'><strong>improviso</strong></span> <span class='ocrx_word' id='word_1_407' title='bbox 1919 5150 2251 5223; x_wconf 89' lang='lat' dir='ltr'><strong>periculum</strong></span> <span class='ocrx_word' id='word_1_408' title='bbox 2294 5151 2479 5211; x_wconf 89' lang='lat' dir='ltr'><strong>instat</strong></span> 
     </span>
    </p>
   </div>
   <div class='ocr_carea' id='block_1_58' title="bbox 821 5238 2476 5315">
    <p class='ocr_par' dir='ltr' id='par_1_58' title="bbox 821 5238 2476 5315">
     <span class='ocr_line' id='line_1_58' title="bbox 821 5238 2476 5315; baseline -0.004 -10"><span class='ocrx_word' id='word_1_409' title='bbox 821 5243 1080 5305; x_wconf 86' lang='lat' dir='ltr'><strong>cadendi</strong></span> <span class='ocrx_word' id='word_1_410' title='bbox 1112 5259 1124 5309; x_wconf 88' lang='lat'><strong>;</strong></span> <span class='ocrx_word' id='word_1_411' title='bbox 1158 5246 1215 5299; x_wconf 92' lang='lat' dir='ltr'><strong>et</strong></span> <span class='ocrx_word' id='word_1_412' title='bbox 1250 5240 1299 5297; x_wconf 90' lang='lat' dir='ltr'><strong>si</strong></span> <span class='ocrx_word' id='word_1_413' title='bbox 1335 5240 1485 5297; x_wconf 88' lang='lat' dir='ltr'><strong>forte</strong></span> <span class='ocrx_word' id='word_1_414' title='bbox 1511 5238 1896 5296; x_wconf 90' lang='lat' dir='ltr'><strong>inciderimus</strong></span> <span class='ocrx_word' id='word_1_415' title='bbox 1924 5240 2164 5298; x_wconf 84' lang='lat' dir='ltr'><strong>ruinam</strong></span> <span class='ocrx_word' id='word_1_416' title='bbox 2194 5246 2252 5299; x_wconf 91' lang='lat' dir='ltr'><strong>et</strong></span> <span class='ocrx_word' id='word_1_417' title='bbox 2278 5244 2476 5315; x_wconf 90' lang='lat' dir='ltr'><strong>perni-</strong></span> 
     </span>
    </p>
   </div>
   <div class='ocr_carea' id='block_1_59' title="bbox 820 5328 2477 5406">
    <p class='ocr_par' dir='ltr' id='par_1_59' title="bbox 820 5328 2477 5406">
     <span class='ocr_line' id='line_1_59' title="bbox 820 5328 2477 5406; baseline -0.003 -11"><span class='ocrx_word' id='word_1_418' title='bbox 820 5337 973 5395; x_wconf 91' lang='lat' dir='ltr'><strong>ciem</strong></span> <span class='ocrx_word' id='word_1_419' title='bbox 1002 5333 1296 5391; x_wconf 87' lang='lat' dir='ltr'><strong>reformas</strong></span> <span class='ocrx_word' id='word_1_420' title='bbox 1330 5334 1421 5390; x_wconf 90' lang='lat' dir='ltr'><strong>:et</strong></span> <span class='ocrx_word' id='word_1_421' title='bbox 1444 5329 1493 5386; x_wconf 88' lang='lat' dir='ltr'><strong>si</strong></span> <span class='ocrx_word' id='word_1_422' title='bbox 1526 5328 1675 5402; x_wconf 93' lang='lat' dir='ltr'><strong>quid</strong></span> <span class='ocrx_word' id='word_1_423' title='bbox 1704 5330 1922 5387; x_wconf 89' lang='lat' dir='ltr'><strong>horum</strong></span> <span class='ocrx_word' id='word_1_424' title='bbox 1949 5336 2222 5403; x_wconf 89' lang='lat' dir='ltr'><strong>potenter</strong></span> <span class='ocrx_word' id='word_1_425' title='bbox 2252 5349 2477 5406; x_wconf 74' lang='lat' dir='ltr'><strong>praeva-</strong></span> 
     </span>
    </p>
   </div>
   <div class='ocr_carea' id='block_1_60' title="bbox 818 5419 2475 5496">
    <p class='ocr_par' dir='ltr' id='par_1_60' title="bbox 818 5419 2475 5496">
     <span class='ocr_line' id='line_1_60' title="bbox 818 5419 2475 5496; baseline -0.003 -10"><span class='ocrx_word' id='word_1_426' title='bbox 818 5426 1013 5496; x_wconf 90' lang='lat' dir='ltr'><strong>luerit,</strong></span> <span class='ocrx_word' id='word_1_427' title='bbox 1051 5430 1113 5481; x_wconf 86' lang='lat' dir='ltr'><strong>tu</strong></span> <span class='ocrx_word' id='word_1_428' title='bbox 1132 5426 1401 5480; x_wconf 90' lang='lat' dir='ltr'><strong>nostram</strong></span> <span class='ocrx_word' id='word_1_429' title='bbox 1442 5423 1687 5492; x_wconf 82' lang='lat' dir='ltr'><strong>experta</strong></span> <span class='ocrx_word' id='word_1_430' title='bbox 1715 5419 2025 5491; x_wconf 85' lang='lat' dir='ltr'><strong>ﬁduciam,</strong></span> <span class='ocrx_word' id='word_1_431' title='bbox 2055 5427 2112 5477; x_wconf 95' lang='lat' dir='ltr'><strong>et</strong></span> <span class='ocrx_word' id='word_1_432' title='bbox 2140 5423 2475 5495; x_wconf 91' lang='lat' dir='ltr'><strong>periculum</strong></span> 
     </span>
    </p>
   </div>
   <div class='ocr_carea' id='block_1_61' title="bbox 819 5509 2476 5586">
    <p class='ocr_par' dir='ltr' id='par_1_61' title="bbox 819 5509 2476 5586">
     <span class='ocr_line' id='line_1_61' title="bbox 819 5509 2476 5586; baseline -0.004 -9"><span class='ocrx_word' id='word_1_433' title='bbox 819 5512 1355 5586; x_wconf 88' lang='lat' dir='ltr'><strong>evidenteraperis,</strong></span> <span class='ocrx_word' id='word_1_434' title='bbox 1380 5515 1435 5568; x_wconf 92' lang='lat' dir='ltr'><strong>et</strong></span> <span class='ocrx_word' id='word_1_435' title='bbox 1460 5509 1846 5583; x_wconf 90' lang='lat' dir='ltr'><strong>potissimum</strong></span> <span class='ocrx_word' id='word_1_436' title='bbox 1872 5512 2207 5569; x_wconf 90' lang='lat' dir='ltr'><strong>remedium</strong></span> <span class='ocrx_word' id='word_1_437' title='bbox 2239 5514 2476 5586; x_wconf 69' lang='lat' dir='ltr'><strong>praebes</strong></span> 
     </span>
    </p>
   </div>
   <div class='ocr_carea' id='block_1_62' title="bbox 2598 603 4206 679">
    <p class='ocr_par' dir='ltr' id='par_1_62' title="bbox 2598 603 4206 679">
     <span class='ocr_line' id='line_1_62' title="bbox 2598 603 4206 679; baseline 0.004 -28"><span class='ocrx_word' id='word_1_438' title='bbox 2598 603 2780 653; x_wconf 89' lang='grc' dir='ltr'>στάτιν</span> <span class='ocrx_word' id='word_1_439' title='bbox 2808 607 3060 676; x_wconf 81' lang='grc' dir='ltr'>κραταιὰν</span> <span class='ocrx_word' id='word_1_440' title='bbox 3102 610 3425 679; x_wconf 88' lang='grc' dir='ltr'>κεκτημένοι,</span> <span class='ocrx_word' id='word_1_441' title='bbox 3474 608 3804 678; x_wconf 71' lang='grc' dir='ltr'><strong>πανταχόθεν</strong></span> <span class='ocrx_word' id='word_1_442' title='bbox 3860 605 4002 675; x_wconf 76' lang='grc' dir='ltr'>αύτῷ</span> <span class='ocrx_word' id='word_1_443' title='bbox 4056 626 4206 677; x_wconf 87' lang='grc' dir='ltr'>περι-</span> 
     </span>
    </p>
   </div>
   <div class='ocr_carea' id='block_1_63' title="bbox 2595 692 4208 769">
    <p class='ocr_par' dir='ltr' id='par_1_63' title="bbox 2595 692 4208 769">
     <span class='ocr_line' id='line_1_63' title="bbox 2595 692 4208 769; baseline 0.006 -29"><span class='ocrx_word' id='word_1_444' title='bbox 2595 694 2885 763; x_wconf 84' lang='grc' dir='ltr'>τρέπουσαν</span> <span class='ocrx_word' id='word_1_445' title='bbox 2934 698 3026 756; x_wconf 83' lang='grc' dir='ltr'><strong>τας</strong></span> <span class='ocrx_word' id='word_1_446' title='bbox 3088 696 3275 769; x_wconf 87' lang='grc' dir='ltr'>ὁρμάς,</span> <span class='ocrx_word' id='word_1_447' title='bbox 3346 694 3405 747; x_wconf 79' lang='grc' dir='ltr'><strong>Ὀ</strong></span> <span class='ocrx_word' id='word_1_448' title='bbox 3442 699 3530 766; x_wconf 77' lang='grc' dir='ltr'><strong>μεν</strong></span> <span class='ocrx_word' id='word_1_449' title='bbox 3586 698 3687 769; x_wconf 78' lang='grc' dir='ltr'><strong>γαρ</strong></span> <span class='ocrx_word' id='word_1_450' title='bbox 3760 692 3976 746; x_wconf 80' lang='grc' dir='ltr'>διπλοῦν</span> <span class='ocrx_word' id='word_1_451' title='bbox 4023 698 4208 768; x_wconf 60' lang='grc' dir='ltr'>ἐγείρει</span> 
     </span>
    </p>
   </div>
   <div class='ocr_carea' id='block_1_64' title="bbox 2594 782 4205 856">
    <p class='ocr_par' dir='ltr' id='par_1_64' title="bbox 2594 782 4205 856">
     <span class='ocr_line' id='line_1_64' title="bbox 2594 782 4205 856; baseline 0.005 -28"><span class='ocrx_word' id='word_1_452' title='bbox 2594 782 2680 829; x_wconf 87' lang='grc' dir='ltr'>τὸν</span> <span class='ocrx_word' id='word_1_453' title='bbox 2719 782 2955 854; x_wconf 81' lang='grc' dir='ltr'>πολεμον,</span> <span class='ocrx_word' id='word_1_454' title='bbox 3012 788 3097 835; x_wconf 77' lang='grc' dir='ltr'>τὸν</span> <span class='ocrx_word' id='word_1_455' title='bbox 3138 787 3248 856; x_wconf 75' lang='grc' dir='ltr'>μεν,</span> <span class='ocrx_word' id='word_1_456' title='bbox 3318 785 3509 855; x_wconf 73' lang='grc' dir='ltr'>ψυχῶν</span> <span class='ocrx_word' id='word_1_457' title='bbox 3572 784 3739 836; x_wconf 68' lang='grc' dir='ltr'>αὐτῶν</span> <span class='ocrx_word' id='word_1_458' title='bbox 3798 786 4205 855; x_wconf 70' lang='grc' dir='ltr'><strong>καθικνούμενος</strong></span> 
     </span>
    </p>
   </div>
   <div class='ocr_carea' id='block_1_65' title="bbox 2595 868 4202 943">
    <p class='ocr_par' dir='ltr' id='par_1_65' title="bbox 2595 868 4202 943">
     <span class='ocr_line' id='line_1_65' title="bbox 2595 868 4202 943; baseline 0.002 -25"><span class='ocrx_word' id='word_1_459' title='bbox 2595 873 2682 920; x_wconf 86' lang='grc' dir='ltr'>καὶ</span> <span class='ocrx_word' id='word_1_460' title='bbox 2752 868 2956 941; x_wconf 77' lang='grc' dir='ltr'>ἀφανῶς</span> <span class='ocrx_word' id='word_1_461' title='bbox 3021 876 3235 933; x_wconf 75' lang='grc' dir='ltr'><strong>ταύταις</strong></span> <span class='ocrx_word' id='word_1_462' title='bbox 3290 870 3650 937; x_wconf 69' lang='grc' dir='ltr'>ἐπιϐουλεύων,</span> <span class='ocrx_word' id='word_1_463' title='bbox 3708 877 3791 924; x_wconf 82' lang='grc' dir='ltr'><strong>τόν</strong></span> <span class='ocrx_word' id='word_1_464' title='bbox 3849 870 3926 937; x_wconf 76' lang='grc' dir='ltr'>δὲ,</span> <span class='ocrx_word' id='word_1_465' title='bbox 3993 869 4202 943; x_wconf 82' lang='grc' dir='ltr'>βάλλων</span> 
     </span>
    </p>
   </div>
   <div class='ocr_carea' id='block_1_66' title="bbox 2594 958 4208 1034">
    <p class='ocr_par' dir='ltr' id='par_1_66' title="bbox 2594 958 4208 1034">
     <span class='ocr_line' id='line_1_66' title="bbox 2594 958 4208 1034; baseline 0.001 -25"><span class='ocrx_word' id='word_1_466' title='bbox 2594 960 2723 1029; x_wconf 85' lang='grc' dir='ltr'>πρὸς</span> <span class='ocrx_word' id='word_1_467' title='bbox 2762 961 2826 1010; x_wconf 74' lang='grc' dir='ltr'>τὰ</span> <span class='ocrx_word' id='word_1_468' title='bbox 2855 958 2999 1021; x_wconf 75' lang='grc' dir='ltr'>ἐκτός</span> <span class='ocrx_word' id='word_1_469' title='bbox 3055 966 3145 1014; x_wconf 80' lang='grc' dir='ltr'>καὶ</span> <span class='ocrx_word' id='word_1_470' title='bbox 3204 964 3420 1034; x_wconf 73' lang='grc' dir='ltr'>φανερὰν</span> <span class='ocrx_word' id='word_1_471' title='bbox 3488 962 3537 1013; x_wconf 81' lang='grc' dir='ltr'>ἐν</span> <span class='ocrx_word' id='word_1_472' title='bbox 3600 964 3805 1022; x_wconf 86' lang='grc' dir='ltr'>τούτοις</span> <span class='ocrx_word' id='word_1_473' title='bbox 3853 961 4059 1032; x_wconf 81' lang='grc' dir='ltr'>πληρῶν</span> <span class='ocrx_word' id='word_1_474' title='bbox 4112 966 4208 1017; x_wconf 76' lang='grc' dir='ltr'>τὴν</span> 
     </span>
    </p>
   </div>
   <div class='ocr_carea' id='block_1_67' title="bbox 2595 1044 4209 1122">
    <p class='ocr_par' dir='ltr' id='par_1_67' title="bbox 2595 1044 4209 1122">
     <span class='ocr_line' id='line_1_67' title="bbox 2595 1044 4209 1122; baseline 0.002 -25"><span class='ocrx_word' id='word_1_475' title='bbox 2595 1044 2881 1118; x_wconf 79' lang='grc' dir='ltr'>ἀπέχθειαν</span> <span class='ocrx_word' id='word_1_476' title='bbox 2943 1070 2955 1082; x_wconf 77' lang='grc' dir='ltr'><strong>ο</strong></span> <span class='ocrx_word' id='word_1_477' title='bbox 3003 1054 3068 1102; x_wconf 81' lang='grc' dir='ltr'><strong>σύ</strong></span> <span class='ocrx_word' id='word_1_478' title='bbox 3127 1047 3179 1103; x_wconf 79' lang='grc' dir='ltr'>δ’</span> <span class='ocrx_word' id='word_1_479' title='bbox 3228 1050 3337 1101; x_wconf 82' lang='grc' dir='ltr'>ἀλλ’</span> <span class='ocrx_word' id='word_1_480' title='bbox 3394 1049 3623 1120; x_wconf 77' lang='grc' dir='ltr'>ἀπαντᾲς</span> <span class='ocrx_word' id='word_1_481' title='bbox 3683 1049 4038 1122; x_wconf 66' lang='grc' dir='ltr'><strong>ἀμφοτέρωθεν</strong></span> <span class='ocrx_word' id='word_1_482' title='bbox 4094 1048 4209 1101; x_wconf 81' lang='grc' dir='ltr'>ἐπί·</span> 
     </span>
    </p>
   </div>
   <div class='ocr_carea' id='block_1_68' title="bbox 2594 1136 4208 1211">
    <p class='ocr_par' dir='ltr' id='par_1_68' title="bbox 2594 1136 4208 1211">
     <span class='ocr_line' id='line_1_68' title="bbox 2594 1136 4208 1211; baseline 0.002 -26"><span class='ocrx_word' id='word_1_483' title='bbox 2594 1154 2775 1208; x_wconf 90' lang='grc' dir='ltr'>κουρος</span> <span class='ocrx_word' id='word_1_484' title='bbox 2805 1141 3049 1210; x_wconf 80' lang='grc' dir='ltr'>κραταιά,</span> <span class='ocrx_word' id='word_1_485' title='bbox 3083 1141 3250 1191; x_wconf 85' lang='grc' dir='ltr'>πάντα</span> <span class='ocrx_word' id='word_1_486' title='bbox 3300 1137 3512 1211; x_wconf 82' lang='grc' dir='ltr'><strong>βοηθεῖν</strong></span> <span class='ocrx_word' id='word_1_487' title='bbox 3565 1143 3635 1210; x_wconf 80' lang='grc' dir='ltr'>μή</span> <span class='ocrx_word' id='word_1_488' title='bbox 3697 1144 3849 1211; x_wconf 89' lang='grc' dir='ltr'>μόνον</span> <span class='ocrx_word' id='word_1_489' title='bbox 3902 1157 3960 1209; x_wconf 86' lang='grc' dir='ltr'><strong>γε</strong></span> <span class='ocrx_word' id='word_1_490' title='bbox 4020 1136 4208 1209; x_wconf 84' lang='grc' dir='ltr'>βουλο-</span> 
     </span>
    </p>
   </div>
   <div class='ocr_carea' id='block_1_69' title="bbox 2593 1224 4207 1301">
    <p class='ocr_par' dir='ltr' id='par_1_69' title="bbox 2593 1224 4207 1301">
     <span class='ocr_line' id='line_1_69' title="bbox 2593 1224 4207 1301; baseline 0.002 -26"><span class='ocrx_word' id='word_1_491' title='bbox 2593 1224 2892 1295; x_wconf 75' lang='grc' dir='ltr'>μένη,αλλὰ</span> <span class='ocrx_word' id='word_1_492' title='bbox 2916 1232 3004 1279; x_wconf 80' lang='grc' dir='ltr'>καὶ</span> <span class='ocrx_word' id='word_1_493' title='bbox 3058 1224 3260 1301; x_wconf 73' lang='grc' dir='ltr'>ῥαδίως</span> <span class='ocrx_word' id='word_1_494' title='bbox 3321 1225 3669 1299; x_wconf 82' lang='grc' dir='ltr'>δεδυνημένη.</span> <span class='ocrx_word' id='word_1_495' title='bbox 3728 1230 3903 1299; x_wconf 77' lang='grc' dir='ltr'>Ταύτῃ</span> <span class='ocrx_word' id='word_1_496' title='bbox 3968 1246 4048 1279; x_wconf 91' lang='grc' dir='ltr'><strong>τοι</strong></span> <span class='ocrx_word' id='word_1_497' title='bbox 4112 1231 4207 1279; x_wconf 85' lang='grc' dir='ltr'>καὶ</span> 
     </span>
    </p>
   </div>
   <div class='ocr_carea' id='block_1_70' title="bbox 2595 1312 4197 1391">
    <p class='ocr_par' dir='ltr' id='par_1_70' title="bbox 2595 1312 4197 1391">
     <span class='ocr_line' id='line_1_70' title="bbox 2595 1312 4197 1391; baseline 0.001 -26"><span class='ocrx_word' id='word_1_498' title='bbox 2595 1312 2804 1385; x_wconf 75' lang='grc' dir='ltr'><strong>βοηθεῖς</strong></span> <span class='ocrx_word' id='word_1_499' title='bbox 2833 1322 3186 1388; x_wconf 80' lang='grc' dir='ltr'>προῖσταμένη</span> <span class='ocrx_word' id='word_1_500' title='bbox 3228 1322 3318 1369; x_wconf 82' lang='grc' dir='ltr'>καὶ</span> <span class='ocrx_word' id='word_1_501' title='bbox 3368 1324 3748 1391; x_wconf 80' lang='grc' dir='ltr'>προμαχοῦσα,</span> <span class='ocrx_word' id='word_1_502' title='bbox 3800 1321 3908 1381; x_wconf 83' lang='grc' dir='ltr'>καὶ,</span> <span class='ocrx_word' id='word_1_503' title='bbox 3973 1320 4095 1388; x_wconf 80' lang='grc' dir='ltr'>πρὶν</span> <span class='ocrx_word' id='word_1_504' title='bbox 4166 1316 4197 1373; x_wconf 75' lang='grc' dir='ltr'>ἡ</span> 
     </span>
    </p>
   </div>
   <div class='ocr_carea' id='block_1_71' title="bbox 2593 1405 4205 1476">
    <p class='ocr_par' dir='ltr' id='par_1_71' title="bbox 2593 1405 4205 1476">
     <span class='ocr_line' id='line_1_71' title="bbox 2593 1405 4205 1476; baseline 0.002 -23"><span class='ocrx_word' id='word_1_505' title='bbox 2593 1405 2832 1476; x_wconf 90' lang='grc' dir='ltr'>καθαρῶς</span> <span class='ocrx_word' id='word_1_506' title='bbox 2862 1408 3001 1476; x_wconf 71' lang='grc' dir='ltr'>ἡμας</span> <span class='ocrx_word' id='word_1_507' title='bbox 3031 1406 3311 1458; x_wconf 75' lang='grc' dir='ltr'><strong>αἰσθέσθαι</strong></span> <span class='ocrx_word' id='word_1_508' title='bbox 3341 1414 3440 1457; x_wconf 85' lang='grc' dir='ltr'><strong>τῶν</strong></span> <span class='ocrx_word' id='word_1_509' title='bbox 3498 1405 3745 1457; x_wconf 77' lang='grc' dir='ltr'>ἐπιόντων</span> <span class='ocrx_word' id='word_1_510' title='bbox 3818 1414 4009 1470; x_wconf 86' lang='grc' dir='ltr'>κακῶν,</span> <span class='ocrx_word' id='word_1_511' title='bbox 4078 1408 4205 1475; x_wconf 88' lang='grc' dir='ltr'>τρέ-</span> 
     </span>
    </p>
   </div>
   <div class='ocr_carea' id='block_1_72' title="bbox 2593 1490 4204 1567">
    <p class='ocr_par' dir='ltr' id='par_1_72' title="bbox 2593 1490 4204 1567">
     <span class='ocr_line' id='line_1_72' title="bbox 2593 1490 4204 1567; baseline 0.001 -25"><span class='ocrx_word' id='word_1_512' title='bbox 2593 1510 2705 1551; x_wconf 86' lang='grc' dir='ltr'>πεις</span> <span class='ocrx_word' id='word_1_513' title='bbox 2735 1502 2901 1543; x_wconf 84' lang='grc' dir='ltr'>ταῦτα</span> <span class='ocrx_word' id='word_1_514' title='bbox 2927 1498 3014 1545; x_wconf 84' lang='grc' dir='ltr'>καὶ</span> <span class='ocrx_word' id='word_1_515' title='bbox 3058 1503 3353 1567; x_wconf 86' lang='grc' dir='ltr'>καταργεῖς.</span> <span class='ocrx_word' id='word_1_516' title='bbox 3414 1494 3489 1546; x_wconf 87' lang='grc' dir='ltr'>Ού</span> <span class='ocrx_word' id='word_1_517' title='bbox 3546 1502 3698 1547; x_wconf 87' lang='grc' dir='ltr'>τοῦτο</span> <span class='ocrx_word' id='word_1_518' title='bbox 3756 1490 3815 1547; x_wconf 75' lang='grc' dir='ltr'><strong>δε</strong></span> <span class='ocrx_word' id='word_1_519' title='bbox 3866 1499 4041 1566; x_wconf 85' lang='grc' dir='ltr'>μόνον,</span> <span class='ocrx_word' id='word_1_520' title='bbox 4116 1492 4204 1544; x_wconf 79' lang='grc' dir='ltr'>αλ-</span> 
     </span>
    </p>
   </div>
   <div class='ocr_carea' id='block_1_73' title="bbox 4036 1578 4208 1653">
    <p class='ocr_par' dir='ltr' id='par_1_73' title="bbox 4036 1578 4208 1653">
     <span class='ocr_line' id='line_1_73' title="bbox 4036 1578 4208 1653; baseline -0.023 -15"><span class='ocrx_word' id='word_1_521' title='bbox 4036 1578 4208 1653; x_wconf 63' lang='grc' dir='ltr'>μηδὲν</span> 
     </span>
    </p>
   </div>
   <div class='ocr_carea' id='block_1_74' title="bbox 2592 1668 4208 1744">
    <p class='ocr_par' dir='ltr' id='par_1_74' title="bbox 2592 1668 4208 1744">
     <span class='ocr_line' id='line_1_74' title="bbox 2592 1668 4208 1744; baseline 0.001 -24"><span class='ocrx_word' id='word_1_522' title='bbox 2592 1670 2739 1741; x_wconf 78' lang='grc' dir='ltr'>ἡμεῖς</span> <span class='ocrx_word' id='word_1_523' title='bbox 2794 1669 3221 1743; x_wconf 77' lang='grc' dir='ltr'>ἀντιπράττομεν,</span> <span class='ocrx_word' id='word_1_524' title='bbox 3284 1680 3667 1744; x_wconf 81' lang='grc' dir='ltr'>συμμαχοῦμεν</span> <span class='ocrx_word' id='word_1_525' title='bbox 3728 1668 3785 1723; x_wconf 73' lang='grc' dir='ltr'><strong>δε</strong></span> <span class='ocrx_word' id='word_1_526' title='bbox 3839 1671 4048 1743; x_wconf 68' lang='grc' dir='ltr'>μᾶλλον,</span> <span class='ocrx_word' id='word_1_527' title='bbox 4116 1671 4208 1722; x_wconf 79' lang='grc' dir='ltr'>αύ-</span> 
     </span>
    </p>
   </div>
   <div class='ocr_carea' id='block_1_75' title="bbox 2592 1579 3962 1654">
    <p class='ocr_par' dir='ltr' id='par_1_75' title="bbox 2592 1579 3962 1654">
     <span class='ocr_line' id='line_1_75' title="bbox 2592 1579 3962 1654; baseline 0.004 -24"><span class='ocrx_word' id='word_1_528' title='bbox 2592 1579 2656 1631; x_wconf 74' lang='grc' dir='ltr'><strong>λίι</strong></span> <span class='ocrx_word' id='word_1_529' title='bbox 2711 1586 2799 1631; x_wconf 81' lang='grc' dir='ltr'>καὶ</span> <span class='ocrx_word' id='word_1_530' title='bbox 2856 1586 2981 1654; x_wconf 83' lang='grc' dir='ltr'>πρὸς</span> <span class='ocrx_word' id='word_1_531' title='bbox 3030 1586 3124 1644; x_wconf 82' lang='grc' dir='ltr'>τὰς</span> <span class='ocrx_word' id='word_1_532' title='bbox 3168 1582 3445 1643; x_wconf 72' lang='grc' dir='ltr'>ἐπιϐουλὰς</span> <span class='ocrx_word' id='word_1_533' title='bbox 3502 1582 3694 1635; x_wconf 84' lang='grc' dir='ltr'>ἐκείνου</span> <span class='ocrx_word' id='word_1_534' title='bbox 3773 1582 3817 1635; x_wconf 82' lang='grc' dir='ltr'>εἱ</span> <span class='ocrx_word' id='word_1_535' title='bbox 3903 1603 3962 1653; x_wconf 90' lang='grc' dir='ltr'><strong>γε</strong></span> 
     </span>
    </p>
   </div>
   <div class='ocr_carea' id='block_1_76' title="bbox 2595 1756 4207 1835">
    <p class='ocr_par' dir='ltr' id='par_1_76' title="bbox 2595 1756 4207 1835">
     <span class='ocr_line' id='line_1_76' title="bbox 2595 1756 4207 1835; baseline 0.002 -26"><span class='ocrx_word' id='word_1_536' title='bbox 2595 1760 2849 1832; x_wconf 82' lang='grc' dir='ltr'>θαιρέτοις</span> <span class='ocrx_word' id='word_1_537' title='bbox 2886 1763 3071 1812; x_wconf 76' lang='grc' dir='ltr'>ὡσανεὶ</span> <span class='ocrx_word' id='word_1_538' title='bbox 3110 1768 3293 1823; x_wconf 87' lang='grc' dir='ltr'>κακοῖς</span> <span class='ocrx_word' id='word_1_539' title='bbox 3344 1766 3732 1835; x_wconf 77' lang='grc' dir='ltr'>περιπίπτοντες</span> <span class='ocrx_word' id='word_1_540' title='bbox 3793 1762 3840 1829; x_wconf 81' lang='grc' dir='ltr'>(ο</span> <span class='ocrx_word' id='word_1_541' title='bbox 3902 1756 3960 1813; x_wconf 61' lang='grc' dir='ltr'>δε</span> <span class='ocrx_word' id='word_1_542' title='bbox 4025 1779 4207 1834; x_wconf 83' lang='grc' dir='ltr'>παρει-</span> 
     </span>
    </p>
   </div>
   <div class='ocr_carea' id='block_1_77' title="bbox 2522 1847 4208 1926">
    <p class='ocr_par' dir='ltr' id='par_1_77' title="bbox 2522 1847 4208 1926">
     <span class='ocr_line' id='line_1_77' title="bbox 2522 1847 4208 1926; baseline -0.001 -27"><span class='ocrx_word' id='word_1_543' title='bbox 2522 1847 2764 1921; x_wconf 72' lang='grc' dir='ltr'>Βληφῶς</span> <span class='ocrx_word' id='word_1_544' title='bbox 2832 1850 3037 1910; x_wconf 80' lang='grc' dir='ltr'>ἑκόντας</span> <span class='ocrx_word' id='word_1_545' title='bbox 3110 1853 3472 1926; x_wconf 61' lang='grc' dir='ltr'>φθειρομένους</span> <span class='ocrx_word' id='word_1_546' title='bbox 3567 1850 3682 1921; x_wconf 83' lang='grc' dir='ltr'>ἆγει</span> <span class='ocrx_word' id='word_1_547' title='bbox 3766 1850 3882 1901; x_wconf 88' lang='grc' dir='ltr'>κατ’</span> <span class='ocrx_word' id='word_1_548' title='bbox 3962 1848 4208 1911; x_wconf 80' lang='grc' dir='ltr'>ἐξουσίαν</span> 
     </span>
    </p>
   </div>
   <div class='ocr_carea' id='block_1_78' title="bbox 2589 1935 4204 2011">
    <p class='ocr_par' dir='ltr' id='par_1_78' title="bbox 2589 1935 4204 2011">
     <span class='ocr_line' id='line_1_78' title="bbox 2589 1935 4204 2011; baseline -0.001 -21"><span class='ocrx_word' id='word_1_549' title='bbox 2589 1941 2715 2010; x_wconf 87' lang='grc' dir='ltr'>πρὸς</span> <span class='ocrx_word' id='word_1_550' title='bbox 2740 1939 2836 1990; x_wconf 80' lang='grc' dir='ltr'>ὃτι</span> <span class='ocrx_word' id='word_1_551' title='bbox 2875 1944 2964 1991; x_wconf 80' lang='grc' dir='ltr'>καὶ</span> <span class='ocrx_word' id='word_1_552' title='bbox 2987 1938 3229 2011; x_wconf 74' lang='grc' dir='ltr'>βούλοιτο</span> <span class='ocrx_word' id='word_1_553' title='bbox 3274 1960 3287 1973; x_wconf 75' lang='grc'><em>’</em></span> <span class='ocrx_word' id='word_1_554' title='bbox 3324 1938 3564 2011; x_wconf 83' lang='grc' dir='ltr'>βούλεται</span> <span class='ocrx_word' id='word_1_555' title='bbox 3616 1935 3675 1991; x_wconf 73' lang='grc' dir='ltr'><strong>δε</strong></span> <span class='ocrx_word' id='word_1_556' title='bbox 3742 1944 3831 1991; x_wconf 81' lang='grc' dir='ltr'>καὶ</span> <span class='ocrx_word' id='word_1_557' title='bbox 3897 1936 4015 2008; x_wconf 85' lang='grc' dir='ltr'>ἆγει</span> <span class='ocrx_word' id='word_1_558' title='bbox 4068 1940 4204 1990; x_wconf 78' lang='grc' dir='ltr'>πάν-</span> 
     </span>
    </p>
   </div>
   <div class='ocr_carea' id='block_1_79' title="bbox 2591 2026 4205 2102">
    <p class='ocr_par' dir='ltr' id='par_1_79' title="bbox 2591 2026 4205 2102">
     <span class='ocr_line' id='line_1_79' title="bbox 2591 2026 4205 2102; baseline -0.001 -23"><span class='ocrx_word' id='word_1_559' title='bbox 2591 2047 2689 2088; x_wconf 89' lang='grc' dir='ltr'><strong>τως</strong></span> <span class='ocrx_word' id='word_1_560' title='bbox 2721 2026 2803 2079; x_wconf 79' lang='grc' dir='ltr'><strong>ἐπὶ</strong></span> <span class='ocrx_word' id='word_1_561' title='bbox 2875 2030 2939 2079; x_wconf 74' lang='grc' dir='ltr'><strong>τα</strong></span> <span class='ocrx_word' id='word_1_562' title='bbox 2988 2031 3284 2102; x_wconf 87' lang='grc' dir='ltr'>χείριστα),</span> <span class='ocrx_word' id='word_1_563' title='bbox 3332 2035 3521 2100; x_wconf 82' lang='grc' dir='ltr'>νεμεσᾲ</span> <span class='ocrx_word' id='word_1_564' title='bbox 3581 2032 3671 2100; x_wconf 72' lang='grc' dir='ltr'><strong>μεν</strong></span> <span class='ocrx_word' id='word_1_565' title='bbox 3725 2031 3844 2087; x_wconf 78' lang='grc' dir='ltr'>Θεὸς</span> <span class='ocrx_word' id='word_1_566' title='bbox 3902 2029 4049 2099; x_wconf 76' lang='grc' dir='ltr'>ἡμῖν,</span> <span class='ocrx_word' id='word_1_567' title='bbox 4112 2031 4205 2078; x_wconf 80' lang='grc' dir='ltr'>καὶ</span> 
     </span>
    </p>
   </div>
   <div class='ocr_carea' id='block_1_80' title="bbox 2590 2114 4207 2190">
    <p class='ocr_par' dir='ltr' id='par_1_80' title="bbox 2590 2114 4207 2190">
     <span class='ocr_line' id='line_1_80' title="bbox 2590 2114 4207 2190; baseline -0.001 -22"><span class='ocrx_word' id='word_1_568' title='bbox 2590 2121 2719 2190; x_wconf 88' lang='grc' dir='ltr'>πρὸς</span> <span class='ocrx_word' id='word_1_569' title='bbox 2750 2119 2910 2189; x_wconf 86' lang='grc' dir='ltr'>ὀργην</span> <span class='ocrx_word' id='word_1_570' title='bbox 2957 2114 3169 2170; x_wconf 89' lang='grc' dir='ltr'>δικαίαν</span> <span class='ocrx_word' id='word_1_571' title='bbox 3228 2122 3576 2189; x_wconf 79' lang='grc' dir='ltr'>κεκινημένος,</span> <span class='ocrx_word' id='word_1_572' title='bbox 3632 2116 3879 2189; x_wconf 84' lang='grc' dir='ltr'>βούλεται</span> <span class='ocrx_word' id='word_1_573' title='bbox 3917 2119 4009 2177; x_wconf 80' lang='grc' dir='ltr'><strong>τὰς</strong></span> <span class='ocrx_word' id='word_1_574' title='bbox 4116 2116 4207 2167; x_wconf 78' lang='grc' dir='ltr'>εύ-</span> 
     </span>
    </p>
   </div>
   <div class='ocr_carea' id='block_1_81' title="bbox 2594 2203 4207 2281">
    <p class='ocr_par' dir='ltr' id='par_1_81' title="bbox 2594 2203 4207 2281">
     <span class='ocr_line' id='line_1_81' title="bbox 2594 2203 4207 2281; baseline -0.002 -23"><span class='ocrx_word' id='word_1_575' title='bbox 2594 2208 2748 2267; x_wconf 83' lang='grc' dir='ltr'>θύνας</span> <span class='ocrx_word' id='word_1_576' title='bbox 2775 2204 3006 2267; x_wconf 76' lang='grc' dir='ltr'>ἐνδίκους</span> <span class='ocrx_word' id='word_1_577' title='bbox 3062 2207 3467 2281; x_wconf 77' lang='grc' dir='ltr'>εἰσπράττεσθαι</span> <span class='ocrx_word' id='word_1_578' title='bbox 3530 2228 3541 2240; x_wconf 78' lang='grc'><strong>’</strong></span> <span class='ocrx_word' id='word_1_579' title='bbox 3594 2210 3661 2258; x_wconf 81' lang='grc' dir='ltr'>σὺ</span> <span class='ocrx_word' id='word_1_580' title='bbox 3723 2203 3781 2259; x_wconf 77' lang='grc' dir='ltr'><strong>δε</strong></span> <span class='ocrx_word' id='word_1_581' title='bbox 3829 2208 4032 2277; x_wconf 71' lang='grc' dir='ltr'>φθάνεις</span> <span class='ocrx_word' id='word_1_582' title='bbox 4083 2207 4207 2256; x_wconf 86' lang='grc' dir='ltr'>κάν-</span> 
     </span>
    </p>
   </div>
   <div class='ocr_carea' id='block_1_82' title="bbox 2590 2291 4210 2371">
    <p class='ocr_par' dir='ltr' id='par_1_82' title="bbox 2590 2291 4210 2371">
     <span class='ocr_line' id='line_1_82' title="bbox 2590 2291 4210 2371; baseline -0.001 -24"><span class='ocrx_word' id='word_1_583' title='bbox 2590 2298 2759 2348; x_wconf 77' lang='grc' dir='ltr'>τανθα</span> <span class='ocrx_word' id='word_1_584' title='bbox 2817 2300 3095 2369; x_wconf 74' lang='grc' dir='ltr'>γιγνομένη</span> <span class='ocrx_word' id='word_1_585' title='bbox 3155 2315 3359 2367; x_wconf 81' lang='grc' dir='ltr'>μεστις,</span> <span class='ocrx_word' id='word_1_586' title='bbox 3416 2304 3525 2357; x_wconf 85' lang='grc' dir='ltr'>ταῖς</span> <span class='ocrx_word' id='word_1_587' title='bbox 3609 2303 3894 2371; x_wconf 77' lang='grc' dir='ltr'>μητρικαῗς</span> <span class='ocrx_word' id='word_1_588' title='bbox 3970 2291 4210 2346; x_wconf 81' lang='grc' dir='ltr'>καταδυ-</span> 
     </span>
    </p>
   </div>
   <div class='ocr_carea' id='block_1_83' title="bbox 2594 2382 4210 2461">
    <p class='ocr_par' dir='ltr' id='par_1_83' title="bbox 2594 2382 4210 2461">
     <span class='ocr_line' id='line_1_83' title="bbox 2594 2382 4210 2461; baseline -0.001 -25"><span class='ocrx_word' id='word_1_589' title='bbox 2594 2396 2846 2438; x_wconf 82' lang='grc' dir='ltr'>σωπονσα</span> <span class='ocrx_word' id='word_1_590' title='bbox 2873 2385 3216 2461; x_wconf 80' lang='grc' dir='ltr'>παρρησίαις,</span> <span class='ocrx_word' id='word_1_591' title='bbox 3283 2391 3373 2438; x_wconf 83' lang='grc' dir='ltr'>καὶ</span> <span class='ocrx_word' id='word_1_592' title='bbox 3442 2388 3511 2448; x_wconf 74' lang='grc' dir='ltr'>ὼς</span> <span class='ocrx_word' id='word_1_593' title='bbox 3559 2387 3685 2461; x_wconf 77' lang='grc' dir='ltr'>ὑπὲρ</span> <span class='ocrx_word' id='word_1_594' title='bbox 3748 2382 3898 2437; x_wconf 83' lang='grc' dir='ltr'>ἰδίων</span> <span class='ocrx_word' id='word_1_595' title='bbox 3953 2387 4210 2436; x_wconf 82' lang='grc' dir='ltr'>κατατεί-</span> 
     </span>
    </p>
   </div>
   <div class='ocr_carea' id='block_1_84' title="bbox 2589 2476 4210 2549">
    <p class='ocr_par' dir='ltr' id='par_1_84' title="bbox 2589 2476 4210 2549">
     <span class='ocr_line' id='line_1_84' title="bbox 2589 2476 4210 2549; baseline 0 -23"><span class='ocrx_word' id='word_1_596' title='bbox 2589 2480 2691 2536; x_wconf 80' lang='grc' dir='ltr'>νέις</span> <span class='ocrx_word' id='word_1_597' title='bbox 2753 2480 2873 2536; x_wconf 87' lang='grc' dir='ltr'>τούς</span> <span class='ocrx_word' id='word_1_598' title='bbox 2949 2476 3256 2549; x_wconf 80' lang='grc' dir='ltr'>ἰκετηρίους,</span> <span class='ocrx_word' id='word_1_599' title='bbox 3322 2480 3382 2527; x_wconf 84' lang='grc' dir='ltr'>τὸ</span> <span class='ocrx_word' id='word_1_600' title='bbox 3470 2484 3557 2535; x_wconf 88' lang='grc' dir='ltr'>τῆς</span> <span class='ocrx_word' id='word_1_601' title='bbox 3652 2478 3853 2547; x_wconf 77' lang='grc' dir='ltr'>φύσεως</span> <span class='ocrx_word' id='word_1_602' title='bbox 3961 2477 4210 2545; x_wconf 73' lang='grc' dir='ltr'>συγγενὲς</span> 
     </span>
    </p>
   </div>
   <div class='ocr_carea' id='block_1_85' title="bbox 2590 2562 4202 2639">
    <p class='ocr_par' dir='ltr' id='par_1_85' title="bbox 2590 2562 4202 2639">
     <span class='ocr_line' id='line_1_85' title="bbox 2590 2562 4202 2639; baseline -0.002 -22"><span class='ocrx_word' id='word_1_603' title='bbox 2590 2565 3001 2639; x_wconf 70' lang='grc' dir='ltr'>προϐαλλομένη,</span> <span class='ocrx_word' id='word_1_604' title='bbox 3042 2567 3151 2638; x_wconf 77' lang='grc' dir='ltr'><strong>άμα</strong></span> <span class='ocrx_word' id='word_1_605' title='bbox 3204 2562 3253 2617; x_wconf 88' lang='grc' dir='ltr'>δ’</span> <span class='ocrx_word' id='word_1_606' title='bbox 3326 2570 3451 2627; x_wconf 86' lang='grc' dir='ltr'>ῖσως</span> <span class='ocrx_word' id='word_1_607' title='bbox 3504 2567 3719 2617; x_wconf 88' lang='grc' dir='ltr'>κάκεῖνα</span> <span class='ocrx_word' id='word_1_608' title='bbox 3778 2562 4202 2639; x_wconf 79' lang='grc' dir='ltr'>προϐαλλομένη,</span> 
     </span>
    </p>
   </div>
   <div class='ocr_carea' id='block_1_86' title="bbox 2590 2650 4207 2725">
    <p class='ocr_par' dir='ltr' id='par_1_86' title="bbox 2590 2650 4207 2725">
     <span class='ocr_line' id='line_1_86' title="bbox 2590 2650 4207 2725; baseline 0 -22"><span class='ocrx_word' id='word_1_609' title='bbox 2590 2656 2658 2715; x_wconf 76' lang='grc' dir='ltr'>ὡς</span> <span class='ocrx_word' id='word_1_610' title='bbox 2716 2653 2869 2706; x_wconf 86' lang='grc' dir='ltr'>αύτόν</span> <span class='ocrx_word' id='word_1_611' title='bbox 2945 2653 3272 2725; x_wconf 74' lang='grc' dir='ltr'>σπλάγχνοις</span> <span class='ocrx_word' id='word_1_612' title='bbox 3334 2650 3544 2716; x_wconf 80' lang='grc' dir='ltr'>ἐνεδέξω</span> <span class='ocrx_word' id='word_1_613' title='bbox 3588 2658 3677 2705; x_wconf 83' lang='grc' dir='ltr'>καὶ</span> <span class='ocrx_word' id='word_1_614' title='bbox 3735 2654 3921 2724; x_wconf 79' lang='grc' dir='ltr'>μαζοῑς</span> <span class='ocrx_word' id='word_1_615' title='bbox 3975 2652 4207 2724; x_wconf 53' lang='grc' dir='ltr'>ἔθρεψας</span> 
     </span>
    </p>
   </div>
   <div class='ocr_carea' id='block_1_87' title="bbox 2593 2739 4209 2814">
    <p class='ocr_par' dir='ltr' id='par_1_87' title="bbox 2593 2739 4209 2814">
     <span class='ocr_line' id='line_1_87' title="bbox 2593 2739 4209 2814; baseline -0.001 -21"><span class='ocrx_word' id='word_1_616' title='bbox 2593 2748 2681 2794; x_wconf 77' lang='grc' dir='ltr'>καὶ</span> <span class='ocrx_word' id='word_1_617' title='bbox 2719 2743 2855 2814; x_wconf 84' lang='grc' dir='ltr'>γάλα</span> <span class='ocrx_word' id='word_1_618' title='bbox 2940 2742 3186 2803; x_wconf 77' lang='grc' dir='ltr'>ἐπότισας</span> <span class='ocrx_word' id='word_1_619' title='bbox 3234 2748 3318 2794; x_wconf 73' lang='grc' dir='ltr'>καὶ</span> <span class='ocrx_word' id='word_1_620' title='bbox 3371 2743 3537 2804; x_wconf 75' lang='grc' dir='ltr'>πάθος</span> <span class='ocrx_word' id='word_1_621' title='bbox 3590 2741 3750 2794; x_wconf 70' lang='grc' dir='ltr'>αὐτοῦ</span> <span class='ocrx_word' id='word_1_622' title='bbox 3807 2747 3864 2793; x_wconf 88' lang='grc' dir='ltr'><strong>τό</strong></span> <span class='ocrx_word' id='word_1_623' title='bbox 3915 2739 4209 2793; x_wconf 83' lang='grc' dir='ltr'>τελευταῖον</span> 
     </span>
    </p>
   </div>
   <div class='ocr_carea' id='block_1_88' title="bbox 2590 2829 4211 2904">
    <p class='ocr_par' dir='ltr' id='par_1_88' title="bbox 2590 2829 4211 2904">
     <span class='ocr_line' id='line_1_88' title="bbox 2590 2829 4211 2904; baseline -0.001 -21"><span class='ocrx_word' id='word_1_624' title='bbox 2590 2829 2822 2884; x_wconf 83' lang='grc' dir='ltr'>κατιδεῖν</span> <span class='ocrx_word' id='word_1_625' title='bbox 2854 2837 2943 2884; x_wconf 85' lang='grc' dir='ltr'>καὶ</span> <span class='ocrx_word' id='word_1_626' title='bbox 3000 2835 3224 2904; x_wconf 85' lang='grc' dir='ltr'>σταυρὸν</span> <span class='ocrx_word' id='word_1_627' title='bbox 3257 2832 3488 2903; x_wconf 77' lang='grc' dir='ltr'>ἠνέσχου</span> <span class='ocrx_word' id='word_1_628' title='bbox 3546 2832 3623 2902; x_wconf 85' lang='grc'><strong>(1)</strong></span> <span class='ocrx_word' id='word_1_629' title='bbox 3679 2836 3768 2883; x_wconf 85' lang='grc' dir='ltr'>καὶ</span> <span class='ocrx_word' id='word_1_630' title='bbox 3815 2831 4055 2897; x_wconf 85' lang='grc' dir='ltr'>θάνατον,</span> <span class='ocrx_word' id='word_1_631' title='bbox 4116 2833 4211 2881; x_wconf 84' lang='grc' dir='ltr'>καὶ</span> 
     </span>
    </p>
   </div>
   <div class='ocr_carea' id='block_1_89' title="bbox 2590 2917 4212 2993">
    <p class='ocr_par' dir='ltr' id='par_1_89' title="bbox 2590 2917 4212 2993">
     <span class='ocr_line' id='line_1_89' title="bbox 2590 2917 4212 2993; baseline -0.001 -22"><span class='ocrx_word' id='word_1_632' title='bbox 2590 2922 2741 2973; x_wconf 86' lang='grc' dir='ltr'>πάνθ’</span> <span class='ocrx_word' id='word_1_633' title='bbox 2797 2924 2897 2973; x_wconf 85' lang='grc' dir='ltr'>ὅσα</span> <span class='ocrx_word' id='word_1_634' title='bbox 2955 2920 3080 2973; x_wconf 79' lang='grc' dir='ltr'>ἑκὼν</span> <span class='ocrx_word' id='word_1_635' title='bbox 3139 2921 3325 2982; x_wconf 82' lang='grc' dir='ltr'>ἐκεῖνος</span> <span class='ocrx_word' id='word_1_636' title='bbox 3365 2917 3439 2973; x_wconf 89' lang='grc' dir='ltr'>δι’</span> <span class='ocrx_word' id='word_1_637' title='bbox 3498 2922 3636 2993; x_wconf 73' lang='grc' dir='ltr'>ἡμᾶς</span> <span class='ocrx_word' id='word_1_638' title='bbox 3699 2923 3819 2982; x_wconf 83' lang='grc' dir='ltr'>τούς</span> <span class='ocrx_word' id='word_1_639' title='bbox 3858 2925 4212 2992; x_wconf 84' lang='grc' dir='ltr'>κατακρίτους</span> 
     </span>
    </p>
   </div>
   <div class='ocr_carea' id='block_1_90' title="bbox 4021 3015 4213 3062">
    <p class='ocr_par' dir='ltr' id='par_1_90' title="bbox 4021 3015 4213 3062">
     <span class='ocr_line' id='line_1_90' title="bbox 4021 3015 4213 3062; baseline -0.005 0"><span class='ocrx_word' id='word_1_640' title='bbox 4021 3015 4213 3062; x_wconf 79' lang='grc' dir='ltr'>Τοίνυν</span> 
     </span>
    </p>
   </div>
   <div class='ocr_carea' id='block_1_91' title="bbox 2590 3007 3934 3085">
    <p class='ocr_par' dir='ltr' id='par_1_91' title="bbox 2590 3007 3934 3085">
     <span class='ocr_line' id='line_1_91' title="bbox 2590 3007 3934 3085; baseline 0.001 -22"><span class='ocrx_word' id='word_1_641' title='bbox 2590 3012 2847 3084; x_wconf 70' lang='grc' dir='ltr'>ὑπέμεινε,</span> <span class='ocrx_word' id='word_1_642' title='bbox 2910 3020 3003 3073; x_wconf 79' lang='grc' dir='ltr'>τῆς</span> <span class='ocrx_word' id='word_1_643' title='bbox 3079 3007 3395 3073; x_wconf 87' lang='grc' dir='ltr'>καταδίκης,</span> <span class='ocrx_word' id='word_1_644' title='bbox 3474 3008 3934 3085; x_wconf 82' lang='grc' dir='ltr'>ἀπολυτρούμενος.</span> 
     </span>
    </p>
   </div>
   <div class='ocr_carea' id='block_1_92' title="bbox 2589 3096 4208 3175">
    <p class='ocr_par' dir='ltr' id='par_1_92' title="bbox 2589 3096 4208 3175">
     <span class='ocr_line' id='line_1_92' title="bbox 2589 3096 4208 3175; baseline -0.003 -21"><span class='ocrx_word' id='word_1_645' title='bbox 2589 3107 2677 3154; x_wconf 85' lang='grc' dir='ltr'>καὶ</span> <span class='ocrx_word' id='word_1_646' title='bbox 2737 3104 2993 3173; x_wconf 87' lang='grc' dir='ltr'>κάμπτεις</span> <span class='ocrx_word' id='word_1_647' title='bbox 3044 3100 3411 3175; x_wconf 77' lang='grc' dir='ltr'>πρεσϐεύουσα</span> <span class='ocrx_word' id='word_1_648' title='bbox 3449 3121 3461 3134; x_wconf 79' lang='grc' dir='ltr'><strong>ο</strong></span> <span class='ocrx_word' id='word_1_649' title='bbox 3502 3097 3613 3153; x_wconf 82' lang='grc' dir='ltr'>εἶτα</span> <span class='ocrx_word' id='word_1_650' title='bbox 3662 3096 3828 3162; x_wconf 86' lang='grc' dir='ltr'>δίδως</span> <span class='ocrx_word' id='word_1_651' title='bbox 3888 3101 4034 3173; x_wconf 72' lang='grc' dir='ltr'>ἡμῖν,</span> <span class='ocrx_word' id='word_1_652' title='bbox 4095 3098 4208 3150; x_wconf 78' lang='grc' dir='ltr'>ἀντ’</span> 
     </span>
    </p>
   </div>
   <div class='ocr_carea' id='block_1_93' title="bbox 2590 3189 4208 3265">
    <p class='ocr_par' dir='ltr' id='par_1_93' title="bbox 2590 3189 4208 3265">
     <span class='ocr_line' id='line_1_93' title="bbox 2590 3189 4208 3265; baseline -0.003 -22"><span class='ocrx_word' id='word_1_653' title='bbox 2590 3190 2952 3264; x_wconf 74' lang='grc' dir='ltr'>ὀργιζομένου,</span> <span class='ocrx_word' id='word_1_654' title='bbox 3008 3189 3554 3265; x_wconf 78' lang='grc' dir='ltr'>φιλανθρωπευομένου</span> <span class='ocrx_word' id='word_1_655' title='bbox 3635 3190 3919 3264; x_wconf 74' lang='grc' dir='ltr'>πειρᾶσθαι</span> <span class='ocrx_word' id='word_1_656' title='bbox 3999 3196 4137 3241; x_wconf 86' lang='grc' dir='ltr'>Θεοῦ</span> <span class='ocrx_word' id='word_1_657' title='bbox 4190 3206 4208 3223; x_wconf 78' lang='grc' dir='ltr'><strong>ο</strong></span> 
     </span>
    </p>
   </div>
   <div class='ocr_carea' id='block_1_94' title="bbox 2589 3274 4211 3353">
    <p class='ocr_par' dir='ltr' id='par_1_94' title="bbox 2589 3274 4211 3353">
     <span class='ocr_line' id='line_1_94' title="bbox 2589 3274 4211 3353; baseline -0.004 -20"><span class='ocrx_word' id='word_1_658' title='bbox 2589 3277 2753 3341; x_wconf 87' lang='grc' dir='ltr'>δίδως</span> <span class='ocrx_word' id='word_1_659' title='bbox 2778 3284 2868 3332; x_wconf 84' lang='grc' dir='ltr'>καὶ</span> <span class='ocrx_word' id='word_1_660' title='bbox 2898 3281 3129 3352; x_wconf 82' lang='grc' dir='ltr'>πάσχειν</span> <span class='ocrx_word' id='word_1_661' title='bbox 3186 3275 3238 3331; x_wconf 79' lang='grc' dir='ltr'>εὖ</span> <span class='ocrx_word' id='word_1_662' title='bbox 3292 3280 3417 3353; x_wconf 85' lang='grc' dir='ltr'>παρ’</span> <span class='ocrx_word' id='word_1_663' title='bbox 3470 3278 3630 3331; x_wconf 82' lang='grc' dir='ltr'>αύτοῦ</span> <span class='ocrx_word' id='word_1_664' title='bbox 3669 3284 3759 3330; x_wconf 85' lang='grc' dir='ltr'>καὶ</span> <span class='ocrx_word' id='word_1_665' title='bbox 3810 3274 4005 3353; x_wconf 77' lang='grc' dir='ltr'>δωρεὰς</span> <span class='ocrx_word' id='word_1_666' title='bbox 4069 3278 4211 3349; x_wconf 81' lang='grc' dir='ltr'>λαμ-</span> 
     </span>
    </p>
   </div>
   <div class='ocr_carea' id='block_1_95' title="bbox 2588 3363 4211 3442">
    <p class='ocr_par' dir='ltr' id='par_1_95' title="bbox 2588 3363 4211 3442">
     <span class='ocr_line' id='line_1_95' title="bbox 2588 3363 4211 3442; baseline -0.002 -20"><span class='ocrx_word' id='word_1_667' title='bbox 2588 3368 2755 3422; x_wconf 80' lang='grc' dir='ltr'>ϐάνειν</span> <span class='ocrx_word' id='word_1_668' title='bbox 2786 3369 2891 3422; x_wconf 76' lang='grc' dir='ltr'>ἀνθ’</span> <span class='ocrx_word' id='word_1_669' title='bbox 2944 3370 3011 3420; x_wconf 84' lang='grc' dir='ltr'>ὧν</span> <span class='ocrx_word' id='word_1_670' title='bbox 3079 3367 3344 3442; x_wconf 69' lang='grc' dir='ltr'>ἐμέλλομεν</span> <span class='ocrx_word' id='word_1_671' title='bbox 3397 3377 3564 3429; x_wconf 84' lang='grc' dir='ltr'>κακῶς</span> <span class='ocrx_word' id='word_1_672' title='bbox 3610 3370 3842 3440; x_wconf 87' lang='grc' dir='ltr'>πάσχειν</span> <span class='ocrx_word' id='word_1_673' title='bbox 3898 3374 3989 3419; x_wconf 86' lang='grc' dir='ltr'>καὶ</span> <span class='ocrx_word' id='word_1_674' title='bbox 4047 3363 4211 3428; x_wconf 81' lang='grc' dir='ltr'>δίκας</span> 
     </span>
    </p>
   </div>
   <div class='ocr_carea' id='block_1_96' title="bbox 2589 3454 4213 3533">
    <p class='ocr_par' dir='ltr' id='par_1_96' title="bbox 2589 3454 4213 3533">
     <span class='ocr_line' id='line_1_96' title="bbox 2589 3454 4213 3533; baseline -0.002 -21"><span class='ocrx_word' id='word_1_675' title='bbox 2589 3457 2803 3522; x_wconf 89' lang='grc' dir='ltr'>δικαίας</span> <span class='ocrx_word' id='word_1_676' title='bbox 2859 3458 3211 3513; x_wconf 70' lang='grc' dir='ltr'>ἀποτιννύναι.</span> <span class='ocrx_word' id='word_1_677' title='bbox 3280 3454 3420 3511; x_wconf 79' lang='grc' dir='ltr'>Ούδε</span> <span class='ocrx_word' id='word_1_678' title='bbox 3466 3461 3568 3533; x_wconf 90' lang='grc' dir='ltr'><strong>γάρ</strong></span> <span class='ocrx_word' id='word_1_679' title='bbox 3641 3457 3782 3510; x_wconf 73' lang='grc' dir='ltr'>ἐστιν</span> <span class='ocrx_word' id='word_1_680' title='bbox 3836 3455 3959 3509; x_wconf 77' lang='grc' dir='ltr'>ούδε</span> <span class='ocrx_word' id='word_1_681' title='bbox 4024 3458 4213 3529; x_wconf 67' lang='grc' dir='ltr'>οὐμεν-</span> 
     </span>
    </p>
   </div>
   <div class='ocr_carea' id='block_1_97' title="bbox 2777 3543 4213 3621">
    <p class='ocr_par' dir='ltr' id='par_1_97' title="bbox 2777 3543 4213 3621">
     <span class='ocr_line' id='line_1_97' title="bbox 2777 3543 4213 3621; baseline -0.002 -20"><span class='ocrx_word' id='word_1_682' title='bbox 2777 3552 2802 3601; x_wconf 86' lang='grc' dir='ltr'><strong><em>ὃ</em></strong></span> <span class='ocrx_word' id='word_1_683' title='bbox 2858 3568 2913 3620; x_wconf 88' lang='grc' dir='ltr'><strong>γε</strong></span> <span class='ocrx_word' id='word_1_684' title='bbox 2983 3552 3046 3601; x_wconf 80' lang='grc' dir='ltr'><strong>σύ</strong></span> <span class='ocrx_word' id='word_1_685' title='bbox 3103 3546 3391 3621; x_wconf 83' lang='grc' dir='ltr'>βουλομένη</span> <span class='ocrx_word' id='word_1_686' title='bbox 3453 3553 3523 3619; x_wconf 83' lang='grc' dir='ltr'>μὴ</span> <span class='ocrx_word' id='word_1_687' title='bbox 3611 3567 3663 3599; x_wconf 88' lang='grc' dir='ltr'><strong>τι</strong></span> <span class='ocrx_word' id='word_1_688' title='bbox 3746 3552 3835 3599; x_wconf 84' lang='grc' dir='ltr'>καὶ</span> <span class='ocrx_word' id='word_1_689' title='bbox 3906 3543 4213 3604; x_wconf 77' lang='grc' dir='ltr'>δεδύνησαι</span> 
     </span>
    </p>
   </div>
   <div class='ocr_carea' id='block_1_98' title="bbox 4044 3631 4209 3685">
    <p class='ocr_par' dir='ltr' id='par_1_98' title="bbox 4044 3631 4209 3685">
     <span class='ocr_line' id='line_1_98' title="bbox 4044 3631 4209 3685; baseline 0 0"><span class='ocrx_word' id='word_1_690' title='bbox 4044 3651 4058 3664; x_wconf 89' lang='grc'><strong>·</strong></span> <span class='ocrx_word' id='word_1_691' title='bbox 4096 3631 4209 3685; x_wconf 78' lang='grc' dir='ltr'>ἀλλ’</span> 
     </span>
    </p>
   </div>
   <div class='ocr_carea' id='block_1_99' title="bbox 2590 3724 4207 3799">
    <p class='ocr_par' dir='ltr' id='par_1_99' title="bbox 2590 3724 4207 3799">
     <span class='ocr_line' id='line_1_99' title="bbox 2590 3724 4207 3799; baseline -0.004 -20"><span class='ocrx_word' id='word_1_692' title='bbox 2590 3728 2795 3799; x_wconf 87' lang='grc' dir='ltr'>ἰσχύεις</span> <span class='ocrx_word' id='word_1_693' title='bbox 2832 3730 2999 3777; x_wconf 83' lang='grc' dir='ltr'>πάντα</span> <span class='ocrx_word' id='word_1_694' title='bbox 3046 3728 3369 3795; x_wconf 78' lang='grc' dir='ltr'>πάνταπασι,</span> <span class='ocrx_word' id='word_1_695' title='bbox 3427 3730 3517 3777; x_wconf 85' lang='grc' dir='ltr'>καὶ</span> <span class='ocrx_word' id='word_1_696' title='bbox 3569 3729 3732 3796; x_wconf 85' lang='grc' dir='ltr'>νέμεις</span> <span class='ocrx_word' id='word_1_697' title='bbox 3784 3724 3952 3794; x_wconf 82' lang='grc' dir='ltr'>πολλῴ</span> <span class='ocrx_word' id='word_1_698' title='bbox 4006 3724 4207 3795; x_wconf 63' lang='grc' dir='ltr'>μᾶλλον</span> 
     </span>
    </p>
   </div>
   <div class='ocr_carea' id='block_1_100' title="bbox 2586 3569 2696 3611">
    <p class='ocr_par' dir='ltr' id='par_1_100' title="bbox 2586 3569 2696 3611">
     <span class='ocr_line' id='line_1_100' title="bbox 2586 3569 2696 3611; baseline -0.009 -9"><span class='ocrx_word' id='word_1_699' title='bbox 2586 3569 2696 3611; x_wconf 85' lang='grc' dir='ltr'>ουν,</span> 
     </span>
    </p>
   </div>
   <div class='ocr_carea' id='block_1_101' title="bbox 2585 3635 4005 3711">
    <p class='ocr_par' dir='ltr' id='par_1_101' title="bbox 2585 3635 4005 3711">
     <span class='ocr_line' id='line_1_101' title="bbox 2585 3635 4005 3711; baseline -0.004 -21"><span class='ocrx_word' id='word_1_700' title='bbox 2585 3642 2717 3709; x_wconf 82' lang='grc' dir='ltr'>πρὸς</span> <span class='ocrx_word' id='word_1_701' title='bbox 2765 3637 3060 3711; x_wconf 85' lang='grc' dir='ltr'>εύεργεσίαν</span> <span class='ocrx_word' id='word_1_702' title='bbox 3114 3639 3257 3708; x_wconf 73' lang='grc' dir='ltr'>ημῶν</span> <span class='ocrx_word' id='word_1_703' title='bbox 3317 3635 3371 3687; x_wconf 88' lang='grc' dir='ltr'>ἐκ</span> <span class='ocrx_word' id='word_1_704' title='bbox 3424 3644 3559 3688; x_wconf 82' lang='grc' dir='ltr'>Θεοῦ</span> <span class='ocrx_word' id='word_1_705' title='bbox 3624 3637 4005 3687; x_wconf 85' lang='grc' dir='ltr'>κατατίθεσθαι</span> 
     </span>
    </p>
   </div>
   <div class='ocr_carea' id='block_1_102' title="bbox 2585 3813 4211 3890">
    <p class='ocr_par' dir='ltr' id='par_1_102' title="bbox 2585 3813 4211 3890">
     <span class='ocr_line' id='line_1_102' title="bbox 2585 3813 4211 3890; baseline -0.003 -22"><span class='ocrx_word' id='word_1_706' title='bbox 2585 3822 2675 3868; x_wconf 83' lang='grc' dir='ltr'>καὶ</span> <span class='ocrx_word' id='word_1_707' title='bbox 2701 3816 2883 3890; x_wconf 73' lang='grc' dir='ltr'>ρᾲονὴ</span> <span class='ocrx_word' id='word_1_708' title='bbox 2940 3818 3007 3877; x_wconf 80' lang='grc' dir='ltr'>ὡς</span> <span class='ocrx_word' id='word_1_709' title='bbox 3050 3813 3110 3865; x_wconf 76' lang='grc' dir='ltr'>ἄν</span> <span class='ocrx_word' id='word_1_710' title='bbox 3152 3816 3297 3886; x_wconf 72' lang='grc' dir='ltr'>ἡμεῖς</span> <span class='ocrx_word' id='word_1_711' title='bbox 3356 3814 3723 3884; x_wconf 83' lang='grc' dir='ltr'>ἐπευξαίμεθα.</span> <span class='ocrx_word' id='word_1_712' title='bbox 3760 3816 3853 3865; x_wconf 79' lang='grc' dir='ltr'><strong>Διά</strong></span> <span class='ocrx_word' id='word_1_713' title='bbox 3909 3820 4065 3864; x_wconf 87' lang='grc' dir='ltr'>τοῦτο</span> <span class='ocrx_word' id='word_1_714' title='bbox 4114 3819 4211 3864; x_wconf 80' lang='grc' dir='ltr'>καὶ</span> 
     </span>
    </p>
   </div>
   <div class='ocr_carea' id='block_1_103' title="bbox 2585 3913 2837 3978">
    <p class='ocr_par' dir='ltr' id='par_1_103' title="bbox 2585 3913 2837 3978">
     <span class='ocr_line' id='line_1_103' title="bbox 2585 3913 2837 3978; baseline 0.004 -1"><span class='ocrx_word' id='word_1_715' title='bbox 2585 3913 2837 3978; x_wconf 75' lang='grc' dir='ltr'>χορηγεῖς</span> 
     </span>
    </p>
   </div>
   <div class='ocr_carea' id='block_1_104' title="bbox 2587 3988 4207 4067">
    <p class='ocr_par' dir='ltr' id='par_1_104' title="bbox 2587 3988 4207 4067">
     <span class='ocr_line' id='line_1_104' title="bbox 2587 3988 4207 4067; baseline -0.001 -22"><span class='ocrx_word' id='word_1_716' title='bbox 2587 3999 2736 4067; x_wconf 75' lang='grc' dir='ltr'>ἡμεῖς</span> <span class='ocrx_word' id='word_1_717' title='bbox 2804 3997 2957 4045; x_wconf 84' lang='grc' dir='ltr'>οἱονεὶ</span> <span class='ocrx_word' id='word_1_718' title='bbox 3019 3998 3236 4045; x_wconf 80' lang='grc' dir='ltr'>κατόπιν</span> <span class='ocrx_word' id='word_1_719' title='bbox 3289 4000 3389 4044; x_wconf 84' lang='grc' dir='ltr'><strong>τῶν</strong></span> <span class='ocrx_word' id='word_1_720' title='bbox 3440 3988 3646 4067; x_wconf 78' lang='grc' dir='ltr'>δωρεῶν</span> <span class='ocrx_word' id='word_1_721' title='bbox 3689 3995 3875 4065; x_wconf 77' lang='grc' dir='ltr'>ἧκομεν</span> <span class='ocrx_word' id='word_1_722' title='bbox 3914 3992 4207 4061; x_wconf 85' lang='grc' dir='ltr'>αἰτοῦντες,</span> 
     </span>
    </p>
   </div>
   <div class='ocr_carea' id='block_1_105' title="bbox 2923 3902 4208 3977">
    <p class='ocr_par' dir='ltr' id='par_1_105' title="bbox 2923 3902 4208 3977">
     <span class='ocr_line' id='line_1_105' title="bbox 2923 3902 4208 3977; baseline -0.002 -21"><span class='ocrx_word' id='word_1_723' title='bbox 2923 3902 3505 3977; x_wconf 63' lang='grc' dir='ltr'>προκαταλαμϐάνουσα</span> <span class='ocrx_word' id='word_1_724' title='bbox 3589 3906 3681 3965; x_wconf 80' lang='grc' dir='ltr'><strong>τὰς</strong></span> <span class='ocrx_word' id='word_1_725' title='bbox 3773 3903 4026 3967; x_wconf 73' lang='grc' dir='ltr'>αἰτήσεις,</span> <span class='ocrx_word' id='word_1_726' title='bbox 4114 3908 4208 3954; x_wconf 79' lang='grc' dir='ltr'>καὶ</span> 
     </span>
    </p>
   </div>
   <div class='ocr_carea' id='block_1_106' title="bbox 2586 4081 4208 4155">
    <p class='ocr_par' dir='ltr' id='par_1_106' title="bbox 2586 4081 4208 4155">
     <span class='ocr_line' id='line_1_106' title="bbox 2586 4081 4208 4155; baseline -0.003 -18"><span class='ocrx_word' id='word_1_727' title='bbox 2586 4087 2809 4149; x_wconf 86' lang='grc' dir='ltr'>πάντων,</span> <span class='ocrx_word' id='word_1_728' title='bbox 2890 4084 2957 4133; x_wconf 83' lang='grc' dir='ltr'>ὧν</span> <span class='ocrx_word' id='word_1_729' title='bbox 3012 4085 3072 4134; x_wconf 76' lang='grc' dir='ltr'>ἄν</span> <span class='ocrx_word' id='word_1_730' title='bbox 3121 4081 3169 4133; x_wconf 87' lang='grc' dir='ltr'>ἐν</span> <span class='ocrx_word' id='word_1_731' title='bbox 3254 4087 3414 4155; x_wconf 77' lang='grc' dir='ltr'>χρεία</span> <span class='ocrx_word' id='word_1_732' title='bbox 3464 4084 3760 4154; x_wconf 84' lang='grc' dir='ltr'>γενοίμεθα,</span> <span class='ocrx_word' id='word_1_733' title='bbox 3805 4086 3895 4133; x_wconf 90' lang='grc' dir='ltr'>καὶ</span> <span class='ocrx_word' id='word_1_734' title='bbox 3947 4084 4050 4153; x_wconf 83' lang='grc' dir='ltr'>πρὸ</span> <span class='ocrx_word' id='word_1_735' title='bbox 4103 4090 4208 4133; x_wconf 80' lang='grc' dir='ltr'><strong>τῶν</strong></span> 
     </span>
    </p>
   </div>
   <div class='ocr_carea' id='block_1_107' title="bbox 2587 4168 4209 4245">
    <p class='ocr_par' dir='ltr' id='par_1_107' title="bbox 2587 4168 4209 4245">
     <span class='ocr_line' id='line_1_107' title="bbox 2587 4168 4209 4245; baseline 0 -21"><span class='ocrx_word' id='word_1_736' title='bbox 2587 4174 2837 4232; x_wconf 78' lang='grc' dir='ltr'>αἰτήσεων</span> <span class='ocrx_word' id='word_1_737' title='bbox 2881 4176 3006 4245; x_wconf 74' lang='grc' dir='ltr'>ἡμῖν</span> <span class='ocrx_word' id='word_1_738' title='bbox 3041 4168 3136 4224; x_wconf 71' lang='grc' dir='ltr'>διὰ</span> <span class='ocrx_word' id='word_1_739' title='bbox 3167 4180 3262 4224; x_wconf 78' lang='grc' dir='ltr'><strong>σού</strong></span> <span class='ocrx_word' id='word_1_740' title='bbox 3300 4176 3639 4244; x_wconf 83' lang='grc' dir='ltr'>γιγνομένων.</span> <span class='ocrx_word' id='word_1_741' title='bbox 3701 4176 3801 4224; x_wconf 81' lang='grc' dir='ltr'><strong>Καὶ</strong></span> <span class='ocrx_word' id='word_1_742' title='bbox 3858 4176 4029 4223; x_wconf 89' lang='grc' dir='ltr'>τοίνυν</span> <span class='ocrx_word' id='word_1_743' title='bbox 4082 4177 4209 4245; x_wconf 78' lang='grc' dir='ltr'>περὶ</span> 
     </span>
    </p>
   </div>
   <div class='ocr_carea' id='block_1_108' title="bbox 2585 4256 4210 4335">
    <p class='ocr_par' dir='ltr' id='par_1_108' title="bbox 2585 4256 4210 4335">
     <span class='ocr_line' id='line_1_108' title="bbox 2585 4256 4210 4335; baseline -0.002 -21"><span class='ocrx_word' id='word_1_744' title='bbox 2585 4271 2682 4314; x_wconf 83' lang='grc' dir='ltr'><strong>τῶν</strong></span> <span class='ocrx_word' id='word_1_745' title='bbox 2756 4265 3120 4335; x_wconf 76' lang='grc' dir='ltr'>συμφερόντων</span> <span class='ocrx_word' id='word_1_746' title='bbox 3198 4263 3335 4313; x_wconf 83' lang='grc' dir='ltr'>ἔστιν</span> <span class='ocrx_word' id='word_1_747' title='bbox 3392 4262 3473 4312; x_wconf 82' lang='grc' dir='ltr'>ὅτε</span> <span class='ocrx_word' id='word_1_748' title='bbox 3532 4269 3706 4321; x_wconf 85' lang='grc' dir='ltr'>κακῶς</span> <span class='ocrx_word' id='word_1_749' title='bbox 3762 4262 3907 4331; x_wconf 72' lang='grc' dir='ltr'>ἡμῶν</span> <span class='ocrx_word' id='word_1_750' title='bbox 3954 4256 4210 4331; x_wconf 83' lang='grc' dir='ltr'>βουλευο-</span> 
     </span>
    </p>
   </div>
   <div class='ocr_carea' id='block_1_109' title="bbox 2586 4348 4209 4423">
    <p class='ocr_par' dir='ltr' id='par_1_109' title="bbox 2586 4348 4209 4423">
     <span class='ocr_line' id='line_1_109' title="bbox 2586 4348 4209 4423; baseline -0.002 -20"><span class='ocrx_word' id='word_1_751' title='bbox 2586 4357 2768 4423; x_wconf 82' lang='grc' dir='ltr'>μένων,</span> <span class='ocrx_word' id='word_1_752' title='bbox 2819 4352 2907 4403; x_wconf 81' lang='grc' dir='ltr'><strong>άτε</strong></span> <span class='ocrx_word' id='word_1_753' title='bbox 2969 4354 3059 4402; x_wconf 84' lang='grc' dir='ltr'>καὶ</span> <span class='ocrx_word' id='word_1_754' title='bbox 3138 4358 3312 4410; x_wconf 82' lang='grc' dir='ltr'>κακῶς</span> <span class='ocrx_word' id='word_1_755' title='bbox 3376 4348 3734 4420; x_wconf 83' lang='grc' dir='ltr'>ἑπεγνωκότων</span> <span class='ocrx_word' id='word_1_756' title='bbox 3807 4352 3898 4399; x_wconf 82' lang='grc' dir='ltr'>καὶ</span> <span class='ocrx_word' id='word_1_757' title='bbox 3949 4368 4209 4423; x_wconf 79' lang='grc' dir='ltr'>πραγμα-</span> 
     </span>
    </p>
   </div>
   <div class='ocr_carea' id='block_1_110' title="bbox 2586 4436 4213 4513">
    <p class='ocr_par' dir='ltr' id='par_1_110' title="bbox 2586 4436 4213 4513">
     <span class='ocr_line' id='line_1_110' title="bbox 2586 4436 4213 4513; baseline -0.002 -20"><span class='ocrx_word' id='word_1_758' title='bbox 2586 4445 2887 4513; x_wconf 86' lang='grc' dir='ltr'>τευομένων,</span> <span class='ocrx_word' id='word_1_759' title='bbox 2962 4440 3092 4498; x_wconf 74' lang='grc' dir='ltr'>αύτή</span> <span class='ocrx_word' id='word_1_760' title='bbox 3172 4447 3339 4491; x_wconf 81' lang='grc' dir='ltr'>ταῦτα</span> <span class='ocrx_word' id='word_1_761' title='bbox 3400 4444 3639 4511; x_wconf 77' lang='grc' dir='ltr'>πράττεις</span> <span class='ocrx_word' id='word_1_762' title='bbox 3721 4436 3947 4512; x_wconf 82' lang='grc' dir='ltr'>ἀρίστως</span> <span class='ocrx_word' id='word_1_763' title='bbox 4004 4438 4213 4490; x_wconf 83' lang='grc' dir='ltr'>οἰκονο-</span> 
     </span>
    </p>
   </div>
   <div class='ocr_carea' id='block_1_111' title="bbox 2586 4527 4211 4603">
    <p class='ocr_par' dir='ltr' id='par_1_111' title="bbox 2586 4527 4211 4603">
     <span class='ocr_line' id='line_1_111' title="bbox 2586 4527 4211 4603; baseline -0.003 -20"><span class='ocrx_word' id='word_1_764' title='bbox 2586 4538 2781 4603; x_wconf 85' lang='grc' dir='ltr'>μοῦσα,</span> <span class='ocrx_word' id='word_1_765' title='bbox 2829 4534 2918 4582; x_wconf 87' lang='grc' dir='ltr'><strong>καί</strong></span> <span class='ocrx_word' id='word_1_766' title='bbox 2979 4548 3038 4600; x_wconf 90' lang='grc' dir='ltr'><strong>γε</strong></span> <span class='ocrx_word' id='word_1_767' title='bbox 3089 4532 3174 4581; x_wconf 87' lang='grc' dir='ltr'>τὸν</span> <span class='ocrx_word' id='word_1_768' title='bbox 3257 4528 3473 4581; x_wconf 82' lang='grc' dir='ltr'>πλοῦτον</span> <span class='ocrx_word' id='word_1_769' title='bbox 3550 4536 3641 4588; x_wconf 84' lang='grc' dir='ltr'>τῆς</span> <span class='ocrx_word' id='word_1_770' title='bbox 3698 4527 4085 4600; x_wconf 74' lang='grc' dir='ltr'>φιλανθρωπίας</span> <span class='ocrx_word' id='word_1_771' title='bbox 4158 4527 4211 4579; x_wconf 82' lang='grc' dir='ltr'>ἐν</span> 
     </span>
    </p>
   </div>
   <div class='ocr_carea' id='block_1_112' title="bbox 2586 4616 4210 4691">
    <p class='ocr_par' dir='ltr' id='par_1_112' title="bbox 2586 4616 4210 4691">
     <span class='ocr_line' id='line_1_112' title="bbox 2586 4616 4210 4691; baseline -0.003 -19"><span class='ocrx_word' id='word_1_772' title='bbox 2586 4623 2752 4690; x_wconf 82' lang='grc' dir='ltr'>τούτῳ</span> <span class='ocrx_word' id='word_1_773' title='bbox 2823 4619 2971 4671; x_wconf 81' lang='grc' dir='ltr'>πλέον</span> <span class='ocrx_word' id='word_1_774' title='bbox 3026 4616 3343 4690; x_wconf 67' lang='grc' dir='ltr'>ἀπογαίνεις,</span> <span class='ocrx_word' id='word_1_775' title='bbox 3428 4619 3509 4669; x_wconf 85' lang='grc' dir='ltr'>ὅτι</span> <span class='ocrx_word' id='word_1_776' title='bbox 3571 4621 3689 4691; x_wconf 86' lang='grc' dir='ltr'>περὶ</span> <span class='ocrx_word' id='word_1_777' title='bbox 3742 4616 3809 4665; x_wconf 83' lang='grc' dir='ltr'>ὧν</span> <span class='ocrx_word' id='word_1_778' title='bbox 3879 4618 4033 4687; x_wconf 76' lang='grc' dir='ltr'>ἡμεῖς</span> <span class='ocrx_word' id='word_1_779' title='bbox 4093 4617 4210 4669; x_wconf 70' lang='grc' dir='ltr'>οὔτ’</span> 
     </span>
    </p>
   </div>
   <div class='ocr_carea' id='block_1_113' title="bbox 2588 4699 4211 4781">
    <p class='ocr_par' dir='ltr' id='par_1_113' title="bbox 2588 4699 4211 4781">
     <span class='ocr_line' id='line_1_113' title="bbox 2588 4699 4211 4781; baseline -0.002 -20"><span class='ocrx_word' id='word_1_780' title='bbox 2588 4705 2824 4781; x_wconf 85' lang='grc' dir='ltr'>οἴδαμεν,</span> <span class='ocrx_word' id='word_1_781' title='bbox 2863 4707 2972 4759; x_wconf 73' lang='grc' dir='ltr'>οὔτ’</span> <span class='ocrx_word' id='word_1_782' title='bbox 3035 4702 3187 4759; x_wconf 75' lang='grc' dir='ltr'>ούδεν</span> <span class='ocrx_word' id='word_1_783' title='bbox 3225 4705 3490 4778; x_wconf 76' lang='grc' dir='ltr'>αἰτοῦμεν,</span> <span class='ocrx_word' id='word_1_784' title='bbox 3546 4707 3658 4757; x_wconf 79' lang='grc' dir='ltr'>ἔστι</span> <span class='ocrx_word' id='word_1_785' title='bbox 3696 4707 3787 4776; x_wconf 72' lang='grc' dir='ltr'><strong>μεν</strong></span> <span class='ocrx_word' id='word_1_786' title='bbox 3836 4699 3923 4755; x_wconf 78' lang='grc' dir='ltr'>οὖν</span> <span class='ocrx_word' id='word_1_787' title='bbox 3970 4706 4057 4756; x_wconf 81' lang='grc' dir='ltr'>ὅτε</span> <span class='ocrx_word' id='word_1_788' title='bbox 4114 4710 4211 4757; x_wconf 81' lang='grc' dir='ltr'>καὶ</span> 
     </span>
    </p>
   </div>
   <div class='ocr_carea' id='block_1_114' title="bbox 2589 4792 4212 4872">
    <p class='ocr_par' dir='ltr' id='par_1_114' title="bbox 2589 4792 4212 4872">
     <span class='ocr_line' id='line_1_114' title="bbox 2589 4792 4212 4872; baseline -0.002 -21"><span class='ocrx_word' id='word_1_789' title='bbox 2589 4797 2887 4872; x_wconf 79' lang='grc' dir='ltr'>βουλόμεθα</span> <span class='ocrx_word' id='word_1_790' title='bbox 2942 4799 3008 4849; x_wconf 82' lang='grc' dir='ltr'>τὰ</span> <span class='ocrx_word' id='word_1_791' title='bbox 3058 4801 3244 4869; x_wconf 87' lang='grc' dir='ltr'>χείρω,</span> <span class='ocrx_word' id='word_1_792' title='bbox 3314 4796 3372 4847; x_wconf 83' lang='grc' dir='ltr'><strong>ού</strong></span> <span class='ocrx_word' id='word_1_793' title='bbox 3445 4797 3648 4855; x_wconf 87' lang='grc' dir='ltr'>τούτοις</span> <span class='ocrx_word' id='word_1_794' title='bbox 3710 4795 3843 4866; x_wconf 76' lang='grc' dir='ltr'>ἡμᾶς</span> <span class='ocrx_word' id='word_1_795' title='bbox 3883 4792 4055 4866; x_wconf 74' lang='grc' dir='ltr'>βιάζῃ</span> <span class='ocrx_word' id='word_1_796' title='bbox 4116 4799 4212 4847; x_wconf 78' lang='grc' dir='ltr'>καὶ</span> 
     </span>
    </p>
   </div>
   <div class='ocr_carea' id='block_1_115' title="bbox 2586 4880 4211 4960">
    <p class='ocr_par' dir='ltr' id='par_1_115' title="bbox 2586 4880 4211 4960">
     <span class='ocr_line' id='line_1_115' title="bbox 2586 4880 4211 4960; baseline -0.003 -20"><span class='ocrx_word' id='word_1_797' title='bbox 2586 4889 2721 4941; x_wconf 88' lang='grc' dir='ltr'>πάνυ</span> <span class='ocrx_word' id='word_1_798' title='bbox 2776 4907 2829 4939; x_wconf 91' lang='grc' dir='ltr'><strong>τι</strong></span> <span class='ocrx_word' id='word_1_799' title='bbox 2883 4894 3043 4947; x_wconf 84' lang='grc' dir='ltr'>ποιεῖς</span> <span class='ocrx_word' id='word_1_800' title='bbox 3103 4887 3426 4960; x_wconf 82' lang='grc' dir='ltr'>κεχρῆσθαι,</span> <span class='ocrx_word' id='word_1_801' title='bbox 3511 4883 3831 4936; x_wconf 78' lang='grc' dir='ltr'>λυσιτελέσιν</span> <span class='ocrx_word' id='word_1_802' title='bbox 3906 4880 4061 4935; x_wconf 81' lang='grc' dir='ltr'>ούσιν</span> <span class='ocrx_word' id='word_1_803' title='bbox 4137 4888 4211 4947; x_wconf 76' lang='grc' dir='ltr'>ὡς</span> 
     </span>
    </p>
   </div>
   <div class='ocr_carea' id='block_1_116' title="bbox 2588 4976 4207 5049">
    <p class='ocr_par' dir='ltr' id='par_1_116' title="bbox 2588 4976 4207 5049">
     <span class='ocr_line' id='line_1_116' title="bbox 2588 4976 4207 5049; baseline -0.002 -20"><span class='ocrx_word' id='word_1_804' title='bbox 2588 4976 2787 5038; x_wconf 78' lang='grc' dir='ltr'>ὀληθὼς</span> <span class='ocrx_word' id='word_1_805' title='bbox 2844 4977 3166 5049; x_wconf 80' lang='grc' dir='ltr'>κεχρῆσθαι,</span> <span class='ocrx_word' id='word_1_806' title='bbox 3246 4976 3467 5035; x_wconf 78' lang='grc' dir='ltr'>ἄκοντας</span> <span class='ocrx_word' id='word_1_807' title='bbox 3543 4976 3768 5044; x_wconf 78' lang='grc' dir='ltr'>ὡσπερεὶ</span> <span class='ocrx_word' id='word_1_808' title='bbox 3837 4976 3925 5024; x_wconf 82' lang='grc' dir='ltr'>τὸν</span> <span class='ocrx_word' id='word_1_809' title='bbox 4004 4978 4207 5046; x_wconf 81' lang='grc' dir='ltr'>τρόπον</span> 
     </span>
    </p>
   </div>
   <div class='ocr_carea' id='block_1_117' title="bbox 2587 5064 4207 5140">
    <p class='ocr_par' dir='ltr' id='par_1_117' title="bbox 2587 5064 4207 5140">
     <span class='ocr_line' id='line_1_117' title="bbox 2587 5064 4207 5140; baseline -0.003 -20"><span class='ocrx_word' id='word_1_810' title='bbox 2587 5075 2767 5121; x_wconf 85' lang='grc' dir='ltr'>τοῦτον</span> <span class='ocrx_word' id='word_1_811' title='bbox 2794 5066 3157 5140; x_wconf 75' lang='grc' dir='ltr'>εὐεργετοῦσα,</span> <span class='ocrx_word' id='word_1_812' title='bbox 3190 5064 3232 5117; x_wconf 86' lang='grc' dir='ltr'><strong>εἰ</strong></span> <span class='ocrx_word' id='word_1_813' title='bbox 3270 5068 3360 5117; x_wconf 80' lang='grc' dir='ltr'>καὶ</span> <span class='ocrx_word' id='word_1_814' title='bbox 3389 5066 3519 5137; x_wconf 80' lang='grc' dir='ltr'><strong>μετά</strong></span> <span class='ocrx_word' id='word_1_815' title='bbox 3576 5068 3670 5120; x_wconf 69' lang='grc' dir='ltr'>τὴν</span> <span class='ocrx_word' id='word_1_816' title='bbox 3729 5064 3983 5120; x_wconf 83' lang='grc' dir='ltr'>αἴσθησιν</span> <span class='ocrx_word' id='word_1_817' title='bbox 4046 5064 4207 5135; x_wconf 70' lang='grc' dir='ltr'>ἡμεῖς</span> 
     </span>
    </p>
   </div>
   <div class='ocr_carea' id='block_1_118' title="bbox 2588 5152 4206 5230">
    <p class='ocr_par' dir='ltr' id='par_1_118' title="bbox 2588 5152 4206 5230">
     <span class='ocr_line' id='line_1_118' title="bbox 2588 5152 4206 5230; baseline -0.002 -20"><span class='ocrx_word' id='word_1_818' title='bbox 2588 5156 2869 5230; x_wconf 74' lang='grc' dir='ltr'>ἀγαπῶμεν</span> <span class='ocrx_word' id='word_1_819' title='bbox 2932 5155 2982 5208; x_wconf 81' lang='grc' dir='ltr'>ἐν</span> <span class='ocrx_word' id='word_1_820' title='bbox 3042 5160 3198 5230; x_wconf 79' lang='grc' dir='ltr'>πείρᾳ</span> <span class='ocrx_word' id='word_1_821' title='bbox 3258 5162 3351 5207; x_wconf 87' lang='grc' dir='ltr'><strong>τοῦ</strong></span> <span class='ocrx_word' id='word_1_822' title='bbox 3410 5152 3571 5206; x_wconf 83' lang='grc' dir='ltr'>καλοῦ</span> <span class='ocrx_word' id='word_1_823' title='bbox 3636 5157 3887 5225; x_wconf 82' lang='grc' dir='ltr'>γεγόντες.</span> <span class='ocrx_word' id='word_1_824' title='bbox 3955 5158 4059 5206; x_wconf 79' lang='grc' dir='ltr'><strong>Καὶ</strong></span> <span class='ocrx_word' id='word_1_825' title='bbox 4123 5173 4206 5207; x_wconf 85' lang='grc' dir='ltr'>νο-</span> 
     </span>
    </p>
   </div>
   <div class='ocr_carea' id='block_1_119' title="bbox 2589 5242 4205 5321">
    <p class='ocr_par' dir='ltr' id='par_1_119' title="bbox 2589 5242 4205 5321">
     <span class='ocr_line' id='line_1_119' title="bbox 2589 5242 4205 5321; baseline -0.003 -20"><span class='ocrx_word' id='word_1_826' title='bbox 2589 5250 2837 5321; x_wconf 86' lang='grc' dir='ltr'>σημάτων</span> <span class='ocrx_word' id='word_1_827' title='bbox 2919 5249 3089 5299; x_wconf 86' lang='grc' dir='ltr'>τοίνυν</span> <span class='ocrx_word' id='word_1_828' title='bbox 3156 5243 3521 5311; x_wconf 83' lang='grc' dir='ltr'>ἀπαλλάττεις,</span> <span class='ocrx_word' id='word_1_829' title='bbox 3617 5245 3685 5295; x_wconf 79' lang='grc' dir='ltr'>τὰ</span> <span class='ocrx_word' id='word_1_830' title='bbox 3762 5244 3854 5314; x_wconf 70' lang='grc' dir='ltr'>μὶν</span> <span class='ocrx_word' id='word_1_831' title='bbox 3932 5242 4205 5316; x_wconf 81' lang='grc' dir='ltr'>πόῥρωθεν</span> 
     </span>
    </p>
   </div>
   <div class='ocr_carea' id='block_1_120' title="bbox 2587 5327 4203 5413">
    <p class='ocr_par' dir='ltr' id='par_1_120' title="bbox 2587 5327 4203 5413">
     <span class='ocr_line' id='line_1_120' title="bbox 2587 5327 4203 5413; baseline -0.003 -23"><span class='ocrx_word' id='word_1_832' title='bbox 2587 5337 2897 5413; x_wconf 75' lang='grc' dir='ltr'>ἀναιροῦσα,</span> <span class='ocrx_word' id='word_1_833' title='bbox 2938 5337 3009 5398; x_wconf 82' lang='grc' dir='ltr'>ὡς</span> <span class='ocrx_word' id='word_1_834' title='bbox 3061 5331 3191 5408; x_wconf 87' lang='grc' dir='ltr'>μηδ’</span> <span class='ocrx_word' id='word_1_835' title='bbox 3250 5333 3301 5386; x_wconf 74' lang='grc' dir='ltr'>ἐν</span> <span class='ocrx_word' id='word_1_836' title='bbox 3356 5333 3534 5396; x_wconf 71' lang='grc' dir='ltr'>αὐτοῖς</span> <span class='ocrx_word' id='word_1_837' title='bbox 3587 5334 3727 5404; x_wconf 78' lang='grc' dir='ltr'>ἡμᾶς</span> <span class='ocrx_word' id='word_1_838' title='bbox 3783 5327 3935 5404; x_wconf 84' lang='grc' dir='ltr'>μηδή</span> <span class='ocrx_word' id='word_1_839' title='bbox 3992 5351 4052 5404; x_wconf 85' lang='grc' dir='ltr'><strong>γε</strong></span> <span class='ocrx_word' id='word_1_840' title='bbox 4107 5337 4203 5391; x_wconf 78' lang='grc' dir='ltr'>τήν</span> 
     </span>
    </p>
   </div>
   <div class='ocr_carea' id='block_1_121' title="bbox 2588 5418 4199 5499">
    <p class='ocr_par' dir='ltr' id='par_1_121' title="bbox 2588 5418 4199 5499">
     <span class='ocr_line' id='line_1_121' title="bbox 2588 5418 4199 5499; baseline -0.002 -23"><span class='ocrx_word' id='word_1_841' title='bbox 2588 5422 2764 5499; x_wconf 78' lang='grc' dir='ltr'>ἀρχὴν</span> <span class='ocrx_word' id='word_1_842' title='bbox 2812 5424 3024 5491; x_wconf 72' lang='grc' dir='ltr'>ἁλῶναι,</span> <span class='ocrx_word' id='word_1_843' title='bbox 3087 5422 3356 5496; x_wconf 80' lang='grc' dir='ltr'>μέλλοντας</span> <span class='ocrx_word' id='word_1_844' title='bbox 3408 5418 3516 5479; x_wconf 79' lang='grc' dir='ltr'><strong>ἤδη</strong></span> <span class='ocrx_word' id='word_1_845' title='bbox 3581 5422 3887 5493; x_wconf 79' lang='grc' dir='ltr'>ἀπροόπτως</span> <span class='ocrx_word' id='word_1_846' title='bbox 3933 5419 4134 5473; x_wconf 79' lang='grc' dir='ltr'>ἁλῶναι</span> <span class='ocrx_word' id='word_1_847' title='bbox 4186 5440 4199 5457; x_wconf 89' lang='grc'><strong>·</strong></span> 
     </span>
    </p>
   </div>
   <div class='ocr_carea' id='block_1_122' title="bbox 2586 5508 4202 5588">
    <p class='ocr_par' dir='ltr' id='par_1_122' title="bbox 2586 5508 4202 5588">
     <span class='ocr_line' id='line_1_122' title="bbox 2586 5508 4202 5588; baseline -0.002 -21"><span class='ocrx_word' id='word_1_848' title='bbox 2586 5524 2686 5567; x_wconf 82' lang='grc' dir='ltr'><strong>τῶν</strong></span> <span class='ocrx_word' id='word_1_849' title='bbox 2736 5511 2793 5570; x_wconf 72' lang='grc' dir='ltr'><strong>δε</strong></span> <span class='ocrx_word' id='word_1_850' title='bbox 2846 5519 2936 5569; x_wconf 82' lang='grc' dir='ltr'>καὶ</span> <span class='ocrx_word' id='word_1_851' title='bbox 3012 5518 3378 5588; x_wconf 85' lang='grc' dir='ltr'>συμπεσόντων</span> <span class='ocrx_word' id='word_1_852' title='bbox 3434 5514 3494 5566; x_wconf 83' lang='grc' dir='ltr'>τὸ</span> <span class='ocrx_word' id='word_1_853' title='bbox 3563 5509 3815 5586; x_wconf 78' lang='grc' dir='ltr'>βλαϐερὸν</span> <span class='ocrx_word' id='word_1_854' title='bbox 3870 5508 4137 5585; x_wconf 78' lang='grc' dir='ltr'>ἐκτρέπεις</span> <span class='ocrx_word' id='word_1_855' title='bbox 4186 5530 4202 5546; x_wconf 90' lang='grc'><strong>·</strong></span> 
     </span>
    </p>
   </div>
   <div class='ocr_carea' id='block_1_123' title="bbox 890 5735 2583 5824">
    <p class='ocr_par' dir='ltr' id='par_1_123' title="bbox 890 5735 2583 5824">
     <span class='ocr_line' id='line_1_123' title="bbox 890 5735 2583 5824; baseline -0.001 -20"><span class='ocrx_word' id='word_1_856' title='bbox 890 5746 969 5824; x_wconf 78' lang='grc'><strong>(1)</strong></span> <span class='ocrx_word' id='word_1_857' title='bbox 998 5742 1207 5814; x_wconf 73' lang='lat' dir='ltr'><strong>Stabat</strong></span> <span class='ocrx_word' id='word_1_858' title='bbox 1239 5740 1398 5801; x_wconf 88' lang='lat' dir='ltr'><strong>enim</strong></span> <span class='ocrx_word' id='word_1_859' title='bbox 1422 5738 1600 5814; x_wconf 75' lang='lat' dir='ltr'><strong>juxta.</strong></span> <span class='ocrx_word' id='word_1_860' title='bbox 1636 5750 1876 5800; x_wconf 80' lang='lat' dir='ltr'><strong>crucem</strong></span> <span class='ocrx_word' id='word_1_861' title='bbox 1908 5756 1921 5799; x_wconf 89' lang='lat'><strong>:</strong></span> <span class='ocrx_word' id='word_1_862' title='bbox 1954 5736 2076 5799; x_wconf 88' lang='lat' dir='ltr'><strong>vid.</strong></span> <span class='ocrx_word' id='word_1_863' title='bbox 2108 5735 2326 5809; x_wconf 83' lang='lat' dir='ltr'><strong>Joann,</strong></span> <span class='ocrx_word' id='word_1_864' title='bbox 2348 5752 2470 5810; x_wconf 70' lang='grc' dir='ltr'>ιιι,</span> <span class='ocrx_word' id='word_1_865' title='bbox 2494 5745 2583 5804; x_wconf 79' lang='lat'><strong>25.</strong></span> 
     </span>
    </p>
   </div>
  </div>
