4434 6452
281 392 415 446 1513

278 514 321 567 εἰ
371 511 431 567 δέ
483 533 599 566 τινα
640 514 833 566 τούτων
880 532 969 565 και
1013 516 1342 586 κατίσχυσεν

280 612 375 656 σου
427 605 575 675 τάχα
646 608 740 661 τὴν
798 608 971 655 πίστιν
1013 605 1157 675 ἡμῶν
1216 599 1637 676 δοκιμαζούσης,
1711 624 1799 655 και
1848 604 1874 655 ό

276 691 511 753 κίνδυνος
570 697 866 764 καταφανὴς
918 694 1028 759 ἧκε,
1076 695 1251 755 πάσης
1341 692 1567 753 ἐπινοίας
1650 713 1738 745 και
1800 693 1875 745 ia-

275 792 407 856 τρών
435 786 627 853 τέχνης
685 783 928 853 κρείττων
994 801 1083 833 και
1131 791 1228 833 των
1289 778 1580 834 δοκούντων
1635 786 1873 855 ἰσχυρῶς

274 871 323 923 ἓν
378 880 487 934 τοῖς
524 874 778 933 τοιούτοις
837 870 1048 943 βοηθεῖν
1103 867 1384 936 δύνασθαι,
1447 870 1552 923 ἀλλ’
1612 874 1762 944 ἡμεῖς
1810 874 1874 931 ὡς

274 960 357 1014 ἐπί
409 966 465 1015 σε
512 966 672 1034 μόνην
730 961 868 1021 ὅλαις
918 959 1142 1030 ἐλπίσιν,
1200 961 1336 1023 ὅλοις
1383 958 1667 1033 ὀφθαλμοῖς
1714 963 1875 1014 καθα-

271 1060 375 1126 ρῶς
440 1048 665 1123 εἶδομεν,
724 1049 870 1110 εὐθὺς
915 1051 977 1119 (ὠ
1035 1049 1220 1111 πολλῆς
1311 1070 1400 1102 και
1485 1050 1714 1122 μεγάλης
1783 1070 1873 1103 και

270 1144 440 1194 ποίντα
471 1138 763 1212 δυναμένης
805 1139 994 1210 ἰσχύος
1049 1138 1060 1192 !
1125 1144 1164 1190 ὦ
1230 1141 1423 1211 θερμῆς
1498 1137 1800 1215 ἐπικουρίας
1855 1138 1866 1193 l

271 1232 311 1283 ὦ
366 1236 628 1302 ταχίστης
671 1237 773 1281 τῶν
825 1232 1118 1282 κακοὺντων
1176 1228 1476 1301 ἀπαλλαγῆς
1509 1228 1571 1299 ε)
1659 1228 1870 1300 ἀνιστᾲς

270 1324 362 1394 μεν
418 1323 557 1393 ἡμᾶς
602 1324 807 1394 νεκροὺς
859 1324 1138 1392 κειμένους,
1220 1339 1329 1387 και,
1387 1318 1519 1377 πλὴν
1607 1318 1868 1372 ἀναπνοῶν

270 1410 471 1482 ὀλίγων,
525 1405 774 1483 ἀμυδρῶν
826 1428 975 1461 τινων
1027 1428 1117 1461 και
1182 1412 1394 1480 τούτων,
1460 1411 1519 1461 τό
1587 1412 1679 1481 ζῇν
1754 1409 1867 1461 ὅλον

270 1497 674 1569 ἕκλέλοιπόντας,
750 1494 1056 1571 φυγαδεύεις
1125 1495 1183 1549 δε
1266 1502 1450 1558 νόσους
1527 1496 1862 1563 ἀνηκέστους,

268 1608 359 1642 και
384 1591 524 1647 πάθη
588 1590 813 1662 κραταιὰ
857 1584 1109 1654 διαλύεις,
1164 1584 1351 1659 μηδενί
1398 1606 1500 1639 τινι
1557 1598 1655 1639 τῶν
1703 1587 1865 1640 ἄλλων

268 1675 528 1751 μηδαμῶς
592 1680 811 1731 εἴκοντα.
863 1675 1014 1729 Ὅθεν
1067 1696 1155 1728 και
1220 1676 1268 1729 οἱ
1322 1685 1415 1738 τῆς
1496 1676 1715 1750 ἑσπέρας
1816 1677 1864 1730 ἐν

265 1768 597 1840 κλαυθμῶνος
662 1768 813 1838 ἡμεῖς
866 1774 1170 1827 σκηνοῦντες
1223 1771 1439 1838 πρωῑνοί
1509 1786 1636 1829 τινες
1717 1763 1864 1828 αὖθις

263 1859 472 1931 ἠκομεν,
544 1857 591 1909 ἐν
662 1855 969 1928 ἀγαλλιάσει
1022 1865 1308 1930 τρυφῶντες
1370 1856 1470 1926 (ἱ),
1518 1874 1607 1907 και
1701 1852 1863 1909 διπλᾶ

262 1953 538 2023 χαίρομεν,
561 1948 641 1999 ὅτι
692 1966 745 2000 τε
800 1943 964 2019 μηδὲν
1021 1948 1126 1998 οἷον
1181 1944 1236 1998 ἐκ
1296 1955 1392 1999 των
1458 1947 1861 2016 συνενεχθέντων

1371 388 1461 447 DE
1488 382 1703 447 FESTO
1728 382 2175 450 DORMITIONIS
2200 388 2258 449 S.
2282 390 2543 459 ΜΑΒΙᾸΞ,

1438 513 1485 566 iv
1567 511 1873 586 δυναστείᾳ,
1902 519 1930 571 Λ

1976 518 2476 591 ριιωεῑεωῑὶιιεᾳιιο
2511 517 2676 574 omni
2703 516 2949 574 scientia
2978 516 3263 591 omnique
3295 522 3421 577 arte
3444 523 3633 580 medi-

3496 393 3637 456 1516

1981 620 2193 662 corum
2223 613 2279 664 et
2300 608 2583 664 omnibus
2610 608 2679 662 iis
2702 608 2807 679 qui
2834 606 3106 662 videntur
3132 624 3307 681 posse
3329 610 3390 665 in
3416 611 3634 667 talibus

1981 695 2273 762 auxiliari,
2308 698 2354 752 si
2377 712 2593 769 nempe
2617 696 2675 752 in
2702 701 2753 751 te
2778 695 2969 752 solam
2987 711 3229 753 omnem
3262 714 3632 771 reponamus

1983 799 2171 856 spem,
2207 786 2405 842 statim
2434 788 2493 857 (ο
2530 786 2832 843 immensa
2861 792 2918 843 et
2946 787 3214 845 maxima
3251 792 3308 845 et
3353 790 3636 863 omnipo-

1982 878 2110 929 tens
2144 875 2333 931 virtus
2370 876 2381 931 ε
2414 892 2451 932 o
2486 876 2784 932 fervidum
2821 876 3154 933 remedium
3190 876 3203 931 l
3240 892 3277 934 o
3324 878 3635 939 celerrima

1981 962 2281 1020 malorum
2303 966 2609 1022 evacuatio
2644 966 2687 1035 ε)
2718 964 2893 1037 erigis
2924 980 3035 1021 nos
3066 970 3253 1023 morte
3280 967 3545 1033 affectos,
3578 972 3636 1026 et

1980 1051 2225 1119 debiles,
2255 1054 2525 1110 ultimum
2555 1054 2729 1127 quasi
2750 1055 2879 1110 vitae
2900 1055 3111 1110 ﬂatum
3134 1054 3477 1113 exhalantes
3506 1073 3518 1115 :
3546 1057 3636 1114 fu-

1980 1157 2087 1212 gas
2119 1147 2319 1199 autem
2352 1143 2599 1200 morbos
2630 1143 3019 1215 insanabiles,
3054 1150 3111 1200 et
3148 1150 3360 1217 potens
3391 1145 3631 1204 dolores

1981 1230 2162 1286 solvis
2192 1232 2473 1288 omnibus
2503 1231 2728 1289 caeteris
2758 1231 3044 1305 impares.
3080 1234 3244 1289 Unde
3271 1240 3328 1291 et
3363 1250 3475 1291 nos
3528 1236 3634 1309 qui

1976 1335 2219 1392 vespere
2240 1320 2300 1376 in
2322 1321 2506 1377 domo
2526 1321 2723 1378 luctus
2740 1320 3041 1394 plorantes
3054 1322 3155 1377 sed
3164 1322 3436 1391 ebamus,
3452 1340 3632 1382 mane

1976 1408 2190 1466 iterum
2219 1408 2604 1482 procedimus
2650 1410 2712 1467 in
2741 1410 2942 1466 laetitia
2973 1410 3361 1481 exsultantes,
3409 1418 3465 1468 et
3514 1413 3633 1470 duo

1975 1497 2112 1570 plici
2153 1498 2376 1568 gaudio
2406 1498 2679 1555 laetamur
2708 1505 2767 1556 et
2786 1499 2929 1572 quia
2956 1515 3029 1555 ne
3062 1516 3250 1556 unum
3280 1502 3529 1575 quidem
3559 1519 3633 1561 ex

1975 1589 2151 1643 malis
2190 1589 2606 1661 ingruentibus
2651 1605 2787 1645 vere
2826 1590 2886 1645 in
2914 1590 3096 1645 tinem
3128 1592 3303 1647 nobis
3333 1589 3634 1650 dominari

1974 1677 2184 1749 potuit,
2218 1683 2275 1733 et
2310 1679 2454 1750 quia
2485 1694 2589 1751 per
2619 1682 2672 1736 te
2706 1677 2961 1735 salutem
2995 1679 3354 1752 accipientes
3383 1680 3632 1739 indubi-

1975 1772 2165 1822 tanter
2185 1767 2483 1822 conﬁdere
2519 1768 2830 1839 posuimus
2853 1768 3018 1837 quod
3041 1770 3267 1825 nullum
3295 1786 3365 1826 ex
3384 1772 3633 1828 exterio-

1972 1856 2139 1911 ribus
2170 1855 2263 1912 vel
2291 1857 2535 1913 minime
2564 1858 2738 1914 nobis
2769 1857 2965 1914 denuo
2994 1874 3209 1916 nocere
3240 1860 3450 1932 possit,
3480 1861 3630 1920 dum

1976 1946 2035 2001 in
2069 1952 2121 2002 te
2150 1946 2394 2019 plenam
2416 1947 2599 2003 tidem
2627 1948 3038 2004 habuerimus.

258 2038 393 2099 εἰκός
415 2040 496 2089 ἐπί
525 2036 700 2098 τελους
728 2040 1033 2109 κεκράτηκε,
1067 2056 1155 2088 και
1181 2038 1259 2088 ὅτι
1292 2032 1386 2088 διὰ
1412 2043 1507 2088 σοῦ
1532 2040 1922 2108 τὴνβωτηρίαν
1964 2036 2259 2109 εἰλήφαμεν,
2294 2035 2499 2110 ἔχοντες
2531 2036 2661 2091 κάπὶ
2686 2045 2797 2100 τοῖς
2819 2038 2933 2101 ἑξῆς
2964 2039 3069 2111 οὐχ
3104 2041 3302 2098 ἣκιστα
3330 2040 3533 2118 θαρρεῖν
3561 2044 3630 2107 ὡς

257 2124 408 2180 οὐδὲν
439 2130 576 2198 ἡμᾶς
598 2123 711 2179 οὐδ’
746 2123 1159 2197 αὖθιςονδαμώς
1188 2124 1403 2198 βλάψει,
1437 2131 1519 2178 σοὶ
1550 2122 1643 2177 διὰ
1669 2129 1855 2189 παντὸς
1879 2132 2326 2201 προσανέχοντας.

331 2221 431 2269 Καί
458 2222 560 2288 μὴν
600 2223 763 2268 ταῦτα
816 2218 904 2288 μὲν
958 2218 1106 2267 κοινά
1143 2221 1277 2267 πᾶσι
1307 2215 1424 2267 καθ’
1458 2216 1543 2267 ἕνα
1594 2234 1683 2267 και
1729 2218 1863 2268 κατὰ

254 2309 456 2380 καιρόν,
502 2309 566 2365 ὡς
606 2305 782 2371 εἰπεῖν,
836 2304 1172 2379 ἐνεργούμενα
1228 2326 1239 2337 ·
1290 2304 1325 2356 ἆ
1375 2302 1422 2357 δ’
1478 2302 1525 2355 ἓν
1579 2304 1686 2376 ἐμοί
1746 2301 1861 2357 δια.

256 2401 529 2469 φερόντως,
571 2403 682 2457 πῶς
732 2394 792 2446 ἂν
848 2396 1000 2447 εἰπὼν
1060 2393 1414 2468 ἀποχρώντως
1490 2396 1549 2446 ἂν
1613 2395 1857 2467 εἰποιμι;

252 2484 534 2557 Ἐπιλείψει
562 2505 624 2559 με
646 2482 990 2557 διηγούμενον
1058 2486 1083 2537 ό
1140 2490 1349 2557 χρόνος,
1407 2505 1496 2537 και
1547 2490 1617 2558 μὴ
1680 2486 1761 2537 ὅτι
1802 2504 1861 2556 γε

254 2579 391 2629 κατὰ
423 2580 546 2649 μίαν
596 2574 860 2647 γλῶσσαν,
934 2574 1041 2627 ἀλλ’
1118 2571 1236 2627 οὐδ’
1282 2574 1341 2626 ἃν
1431 2580 1640 2648 μυρίαις
1716 2576 1861 2636 ὅσαις

256 2663 683 2739 ἀπομερισαμην,
752 2664 873 2716 ὡστ’
957 2663 1112 2721 ἀλλην
1175 2666 1316 2735 ἔχειν
1390 2663 1521 2715 ἄλλα
1593 2660 1857 2726 διεξιέναι.

256 2754 397 2813 Πλὴν
443 2756 524 2806 ὅτι
584 2773 675 2806 και
727 2757 791 2806 τὰ
846 2756 974 2827 πρὸς
1027 2754 1243 2806 ἕκαστον
1294 2752 1407 2826 ἐμοί
1462 2762 1637 2826 σαφῶς
1686 2749 1862 2825 διαιρέ-

957 2663 1112 2721 ἆλλην
1175 2666 1316 2735 ἔχειν

254 2863 354 2919 ρει,
386 2842 550 2910 ἔστιν,
590 2844 760 2917 οἶμαι,
791 2851 890 2895 τῶν
923 2844 1161 2896 ἀπάντων
1220 2839 1393 2903 οὐδεὶς
1443 2842 1494 2903 ὃς
1552 2840 1636 2895 ἐπί
1693 2844 1860 2914 τούτῳ

256 2930 449 2993 διπλῆν
477 2935 591 3005 ἔχει
636 2938 868 3006 γνώμην.
930 2938 1031 2985 Καί
1078 2934 1180 3008 γὰρ
1230 2937 1289 2985 τό
1342 2952 1395 2985 τε
1444 2933 1638 3005 σχὴμοι
1698 2952 1787 2985 και
1835 2932 1861 2983 ὁ

252 3031 345 3083 τῆς
388 3022 563 3097 ἀρχῆς
631 3021 785 3093 λόγος
850 3024 1156 3075 εἰσποιεῖται
1236 3025 1451 3087 πάντας,
1525 3021 1550 3073 ὅ
1616 3022 1662 3075 τ’
1738 3020 1861 3093 ἐμός

302 3079 342 3083 --
421 3079 561 3097 ...η
700 3079 712 3093 .
771 3079 783 3085 -
1419 3079 1449 3087 -ι
1763 3080 1771 3093 .
1847 3079 1857 3082 -

253 3117 462 3186 τρόπος,
491 3131 579 3164 και
622 3111 765 3183 ὑμεῖς
816 3112 925 3164 ἰστε
981 3114 1188 3172 παντως
1249 3114 1312 3172 ὡς
1367 3109 1451 3163 ἐπί
1525 3114 1680 3163 παντί
1727 3079 1929 3182 κάμ-Ο

252 3220 452 3273 πτομαι
507 3208 799 3274 συμφοραῖς
857 3205 1188 3274 κεχρημένῳ,
1220 3220 1309 3252 και
1368 3202 1664 3253 τούναντίον
1708 3196 1860 3262 αὖθις

255 3291 590 3363 εἰσποιοῦμαι
616 3290 908 3366 τὴνχοίριν,
953 3290 994 3342 εἰ
1029 3310 1109 3351 τις
1152 3290 1205 3343 εὖ
1254 3291 1390 3362 ἔχων
1455 3288 1855 3357 ἀπαλλάττοιτο,

1362 3398 1444 3433 τοι
1527 3387 1678 3433 τοντο
1769 3398 1859 3430 και

256 3382 395 3442 θείας
436 3381 751 3453 προμηθείας
816 3380 1119 3453 ἠξιωμένος.
1217 3382 1311 3432 Διὰ

252 3469 402 3523 πλέον
463 3478 562 3522 τῶν
618 3468 780 3521 ἄλλων
850 3468 1086 3522 ἁπάντων
1161 3469 1312 3530 αὑτός
1394 3468 1859 3541 ἀνθομολογεῖσθαι

253 3567 315 3632 τῇ
359 3564 536 3634 Μητρί
561 3567 652 3611 τοῦ
695 3565 822 3612 Θεοῦ
855 3555 1139 3622 δίκαιος,ἣ
1198 3559 1408 3632 μᾶλλον,
1473 3561 1593 3610 ὅσον
1643 3558 1859 3630 εὐχαρι-

258 3648 535 3710 στίαςάνᾶ⁹
586 3650 653 3700 ὧν
712 3651 897 3721 ἔγημεν
956 3669 1044 3700 και
1091 3648 1284 3701 πολλῶν
1345 3648 1524 3720 ἑτέρων
1592 3647 1857 3719 (οὐμενοῦν

256 3738 390 3792 εἶποι
438 3758 512 3799 τις
568 3738 629 3790 ἂν
684 3738 872 3796 ἡλίκων
933 3759 1024 3790 και
1102 3740 1262 3811 ὅσων)
1338 3745 1483 3797 κοινῆ
1550 3744 1709 3790 πᾶσιν
1793 3738 1858 3798 εἰς

254 3826 541 3900 ἀναγκαίαν
571 3828 775 3901 opai-iv
820 3832 1049 3903 ἔρχεται,
1106 3828 1247 3881 τουτ’
1296 3831 1469 3901 ἔμοιγε
1518 3832 1586 3899 μὴ
1646 3832 1703 3878 τό
1756 3832 1857 3878 πᾶν

252 3922 427 3991 μόνον,
456 3916 583 3970 ἀλλὰ
603 3938 694 3970 και
751 3917 919 3989 πολλῴ
975 3917 1202 3980 πλείονος
1249 3918 1298 3969 ἐν
1355 3918 1632 3991 προσθηκη
1691 3935 1857 3989 προσ-

252 4009 393 4069 όντος
440 4010 574 4061 κατὰ
617 4012 704 4060 τόν
761 4008 875 4061 ἴσον
969 4011 1185 4080 ἔρχεται
1255 4007 1426 4077 λόγον,
1506 4026 1595 4058 και
1667 4006 1709 4058 εἰ
1783 4010 1853 4079 μὴ

249 4102 376 4171 πρὸς
406 4097 573 4167 ἀξίαν,
638 4097 745 4149 ἀλλ’
798 4098 886 4150 οὖν
945 4096 1275 4149 ἀποτιννύναι
1332 4116 1397 4149 τα
1446 4092 1663 4166 δυνατὰ,
1716 4097 1855 4147 τοντ’

250 4190 405 4250 αὐτὸς
448 4190 540 4241 οὐκ
590 4188 648 4241 ἂν
688 4188 1145 4261 ἀγνωμονὴσαιμι.
1211 4187 1580 4259 Πλατυνομένῳ
1642 4204 1733 4259 μοι
1799 4182 1857 4238 δὲ

249 4284 344 4337 τὴν
392 4275 618 4353 καρδίαν
665 4280 871 4339 εἰκότως
920 4277 1338 4335 πλατυνθήσεται
1392 4296 1481 4328 και
1551 4279 1609 4327 τό
1662 4280 1854 4347 στόμα,

249 4378 359 4433 τοῖς
418 4370 869 4444 εὐχαριστηρίοις,
939 4372 1009 4432 ὡς
1072 4377 1196 4441 γοῦν
1245 4369 1471 4441 ἐφικτόν,
1540 4367 1854 4441 ἐπιθέμενον,

252 4459 362 4514 ἐπεί
391 4480 479 4513 και
508 4469 661 4514 τοῦτο
698 4465 861 4514 πόσον
892 4459 940 4512 ἐν
984 4462 1195 4521 όπόσοις
1234 4457 1377 4535 εὖρον
1433 4458 1531 4531 ἐγὼ
1588 4467 1856 4512 στενοῦσιν
1891 4442 1932 4495 Ῐ)

253 4549 504 4627 ἀνιαροῖς,
561 4551 890 4627 εὐρυχωρίαν
958 4546 1200 4609 δηλονότι
1258 4550 1446 4623 ψυχῆς
1497 4569 1587 4601 και
1630 4545 1858 4624 παρδίας

250 4640 416 4695 πλατυ
429 4647 558 4715 σμόν
588 4642 604 4711 (
613 4641 687 4712 2).

328 4733 673 4807 Ἐμεγάλυνας
729 4736 818 4805 μὲν
876 4734 1036 4805 ἡμᾶς,
1093 4752 1182 4784 και
1258 4731 1325 4793 εἰς
1403 4732 1579 4806 θρόνον
1652 4738 1853 4796 τοῦτον,

250 4843 344 4876 και
373 4820 558 4897 μοῖραν
607 4826 801 4881 ταύτην
832 4828 926 4881 τήν
986 4822 1187 4893 ὑψηλὴν
1242 4841 1332 4873 και
1381 4831 1563 4875 πασῶν
1610 4830 1710 4874 τὼν
1761 4821 1858 4873 ai).-

250 4913 351 4966 λων
405 4922 723 4987 κρατονσαν,
780 4913 833 4976 ἐξ
913 4912 1076 4965 αὐτῶν
1149 4915 1460 4985 σπαργάνων
1555 4910 1859 4973 ἐνεϐίϐασας

253 5009 500 5077 φέρουσα,
527 5024 617 5057 και
654 5023 713 5075 γε
753 5000 847 5055 διὰ
894 5012 992 5055 τῶν
1042 5003 1394 5077 εὐθυμοτέρων
1454 5000 1533 5054 ἀεί
1594 5005 1680 5053 τόν
1740 4999 1856 5074 βίον

254 5095 460 5161 ἰθύνειν,
516 5102 669 5148 τοῦτο
717 5097 805 5146 σόν
855 5092 906 5157 ἐξ
959 5091 1134 5165 ἁρχης
1186 5091 1448 5165 βούλημα,
1510 5112 1595 5144 και
1648 5094 1857 5163 εἴχομεν

250 5183 313 5237 ἂν
362 5186 496 5237 οὕτω
544 5204 653 5246 τοις
700 5179 889 5247 δεξιοῖς
948 5188 1179 5243 συνόντες
1228 5202 1317 5234 και
1394 5191 1494 5233 των
1574 5179 1858 5257 ἀριστερῶν

321 5418 400 5491 (1)
434 5418 707 5495 Respicit
726 5415 941 5475 Psalm.
998 5429 1161 5495 xxix,
1210 5419 1288 5495 6_:
1321 5419 1391 5469 Τό
1432 5414 1676 5495 ἑσπέρας
1705 5413 1861 5495 αὐλι-

255 5486 505 5552 σθῆσεται
550 5486 833 5563 κλαυθμός,
870 5510 983 5563 ,και
1064 5490 1135 5551 εἰς
1204 5490 1459 5563 τόΑπρωί
1524 5486 1858 5563 ἀγαλλίασις.

255 5566 351 5620 Est
381 5558 786 5638 ενκλαυθμώνός
845 5562 1070 5619 dictum
1114 5577 1223 5636 pro
1253 5560 1325 5638 _iv
1361 5558 1369 5563 ’
1394 5558 1541 5638 δόμῳ
1568 5558 1864 5638 θκλαυᾷμὼ-

252 5654 357 5766 ἴὲἶί
386 5633 628 5711 Ellipsis'
647 5641 736 5693 est
760 5636 915 5692 bene
963 5633 1178 5706 graeca,
1210 5634 1446 5707 phrasis
1490 5633 1628 5707 ipsa
1674 5634 1866 5690 orien-

361 5726 409 5766 s.

253 5709 409 5767 talis.

649 5837 893 5895 PATROL.
936 5836 1039 5894 Gn.
1070 5834 1220 5895 CXL.

2046 2216 2161 2273 Sed
2183 2217 2311 2273 haec
2342 2216 2625 2273 omnibus
2656 2218 3056 2275 communiter
3099 2224 3155 2275 et
3211 2220 3460 2292 singulis
3520 2237 3632 2295 pro

1973 2308 2241 2378 tempore
2272 2306 2647 2377 contigerunt
2682 2324 2693 2362 :
2724 2323 2859 2380 quae
2888 2323 3025 2364 vero
3058 2308 3203 2366 mihi
3248 2310 3632 2367 excellentius

1970 2394 2127 2452 facta
2151 2401 2290 2452 sunt
2309 2396 2620 2468 quomodo
2634 2396 2904 2453 sufﬁcere
2926 2400 3156 2470 possim
3172 2398 3248 2455 ad
3273 2399 3631 2456 dicendum?

1972 2483 2208 2541 Deﬁciet
2236 2491 2471 2559 tempus
2504 2486 2772 2542 narranti
2806 2505 2818 2553 ;
2847 2501 2968 2541 non
2995 2488 3161 2559 quod
3186 2504 3369 2544 unam
3397 2494 3632 2545 tantum

1970 2572 2229 2630 habeam
2262 2574 2552 2645 linguam,
2588 2574 2693 2631 sed
2730 2580 2786 2631 et
2814 2577 3091 2649 quamvis
3139 2577 3302 2633 illam
3360 2577 3421 2634 in
3470 2577 3631 2634 mille

1970 2677 2210 2734 possem
2242 2663 2529 2732 dividere,
2563 2664 2764 2721 utalia
2790 2664 2949 2721 aliud
2991 2666 3415 2739 proclamaret.
3448 2670 3513 2723 Et
3540 2667 3630 2723 in-

1971 2768 2151 2825 super
2178 2753 2223 2807 si
2253 2769 2483 2809 mecum
2516 2759 2750 2810 mature
2776 2756 3097 2825 recogitem
3126 2756 3273 2829 quid
3306 2756 3631 2829 unusquis-

1970 2856 2087 2914 que
2109 2841 2325 2907 valeat,
2352 2843 2550 2899 nullus
2577 2848 2684 2909 est,
2709 2849 2773 2899 ut
2794 2844 3031 2917 opinor,
3058 2846 3161 2918 qui
3182 2846 3243 2902 in
3268 2845 3367 2903 illo
3390 2845 3630 2916 negotio

1970 2929 2273 3003 duplicem
2312 2931 2534 2989 habeat
2599 2934 2932 2990 scientiam.
2991 2935 3219 2992 Etenim
3265 2935 3632 2993 auctoritatis

1970 3018 2163 3076 forma
2188 3022 2459 3094 ralioque
2493 3038 2729 3095 semper
2758 3023 2981 3093 vigent,
3002 3030 3057 3081 et
3087 3024 3217 3082 haec
3238 3040 3373 3082 mea
3389 3024 3629 3097 regula;

1968 3123 2112 3167 nam
2144 3111 2255 3183 ipsi
2277 3111 2465 3183 probe
2492 3112 2653 3167 scitis
2682 3119 2981 3186 quantum
3005 3118 3164 3171 totus
3184 3114 3409 3172 eﬂiciar
3426 3131 3536 3188 pro
3558 3130 3630 3172 eo

1968 3197 2070 3270 qui
2098 3198 2375 3269 graviora
2397 3201 2635 3274 patitur,
2670 3207 2727 3257 et
2755 3206 2962 3259 contra
2992 3203 3053 3258 in
3080 3204 3411 3274 gratiarum
3442 3207 3628 3262 actio-

1968 3287 2060 3343 nis
2090 3303 2406 3363 erumpam
2439 3307 2576 3346 cum
2605 3290 2821 3363 aliquis
2848 3292 3099 3349 moritur
3129 3292 3326 3350 bonus
3377 3294 3629 3352 misera-

1968 3376 2126 3433 tione
2158 3377 2361 3437 divina
2389 3379 2610 3450 dignus
2664 3381 3003 3437 habendus.
3060 3385 3375 3456 Propterea
3432 3384 3629 3457 magis

1968 3484 2155 3542 quam
2187 3470 2381 3527 centeri
2411 3486 2622 3527 omnes
2654 3472 2815 3528 Matri
2848 3471 2946 3528 Dei
2974 3488 3071 3528 me
3102 3473 3372 3529 conﬁteri
3395 3474 3629 3545 justum

1969 3564 2078 3628 est,
2111 3560 2442 3631 praesertim
2475 3577 2613 3616 cum
2642 3561 2862 3630 gratias
2884 3562 3102 3617 referre
3122 3578 3309 3635 quam
3332 3564 3632 3620 maximas

1968 3655 2210 3720 propter
2238 3666 2310 3706 ea
2340 3666 2475 3722 quae
2496 3649 2620 3705 dixi
2646 3655 2703 3706 et
2739 3650 2857 3706 alia
2887 3651 3203 3723 permulta,
3258 3653 3417 3725 (quis
3468 3654 3631 3709 enim

1968 3737 2163 3793 dicere
2184 3740 2375 3811 possit
2396 3745 2543 3811 quot
2563 3745 2619 3796 et
2637 3746 2867 3812 quanta
2882 3741 3062 3811 sint?)
3093 3741 3359 3798 ofﬁcium
3382 3743 3633 3799 exsistat

1970 3828 2236 3884 solemne
2267 3834 2323 3884 et
2366 3829 2778 3885 necessarium
2827 3846 3273 3904 communeque
3328 3832 3630 3901 omnibus,

1969 3918 2114 3972 illud
2146 3934 2386 3974 sacrum
2420 3934 2639 3973 munus
2667 3934 2787 3973 non
2814 3918 2996 3974 modo
3018 3923 3209 3975 totum
3231 3919 3377 3975 mihi
3398 3919 3628 3976 incum.

1968 4007 2073 4075 bit,
2107 4007 2213 4063 sed
2238 4014 2294 4064 et
2324 4007 2510 4063 multo
2551 4008 2743 4079 magis
2777 4024 2888 4082 pro
2926 4008 3306 4066 multitudine
3326 4009 3631 4069 bonorum

1968 4097 2041 4153 de
2059 4097 2281 4169 quibus
2310 4113 2509 4153 sermo
2532 4102 2637 4163 est,
2659 4104 2715 4153 et
2736 4097 2783 4153 si
2806 4114 2926 4154 non
2950 4098 3239 4169 attingere
3263 4104 3471 4173 potero
3499 4101 3631 4173 ejus

1968 4185 2268 4258 meritum,
2305 4190 2365 4242 at
2386 4186 2597 4243 saltem
2626 4202 2746 4242 non
2779 4187 3094 4245 inﬁciabor
3113 4204 3224 4261 pro
3245 4205 3425 4261 posse
3451 4190 3636 4247 conﬁ-

1970 4276 2093 4331 teri.
2130 4275 2401 4333 Dilatabo
2428 4293 2570 4347 ergo
2602 4292 2704 4331 cor
2736 4293 2937 4333 meum
2967 4283 3020 4333 et
3054 4278 3235 4334 simul
3283 4278 3633 4337 dilatabitur

1968 4380 2036 4422 os
2059 4381 2261 4422 meum
2283 4365 2535 4423 vocibus
2557 4367 2887 4437 gratiarum
2906 4366 3079 4439 juxta
3095 4367 3157 4423 id
3178 4368 3346 4440 quod
3378 4384 3630 4442 possum

1969 4460 2025 4511 et
2053 4455 2217 4529 quod
2249 4456 2426 4511 statui
2458 4473 2470 4523 ;
2506 4472 2643 4511 cum
2671 4455 2752 4514 ita
2784 4455 3113 4512 invenerim
3147 4456 3209 4513 in
3238 4458 3631 4531 quantiscun-

1967 4561 2086 4617 que
2114 4545 2269 4602 curis
2298 4549 2635 4602 coarctatus
2665 4550 2723 4601 et
2746 4544 3125 4603 latitudinem
3169 4547 3386 4603 mentis
3415 4552 3473 4605 et
3501 4564 3632 4606 cor-

1968 4636 2060 4693 dis
2084 4636 2511 4693 dilatationem.

2040 4726 2430 4797 Magniﬁcasti
2460 4726 2622 4782 enim
2652 4742 2787 4794 nos,
2817 4725 3073 4799 eripiens
3107 4743 3179 4784 ex
3229 4727 3357 4784 istis
3412 4729 3632 4802 pannis

1968 4816 2223 4873 miseriae
2251 4823 2307 4873 et
2329 4816 2612 4872 extollens
2653 4833 2844 4891 usque
2876 4816 2955 4873 ad
3004 4818 3289 4874 thronum
3348 4819 3529 4893 istum
3578 4825 3635 4878 et

1971 4916 2191 4963 sortem
2263 4906 2422 4963 hanc
2504 4906 2824 4963 sublimem
2900 4912 2955 4963 et
3044 4908 3271 4964 caeteris
3345 4910 3632 4967 omnibus

1970 4997 2466 5063 excellentiorem,
2502 5013 2537 5053 a
2583 4996 2876 5070 principio
2928 4996 3137 5053 volens
3190 5004 3246 5055 et
3300 5015 3516 5056 curans
3572 5005 3637 5058 ut

1971 5088 2291 5145 fortissime
2315 5103 2551 5160 semper
2572 5090 2759 5143 vitam
2774 5088 3126 5155 rcxerimus,
3143 5088 3304 5146 unde
3316 5105 3635 5162 possemus

1971 5179 2052 5237 ita
2078 5178 2139 5235 in
2168 5178 2347 5235 bonis
2378 5182 2435 5235 et
2461 5176 2916 5251 perfectioribus
2935 5178 3282 5249 consistere,
3318 5184 3381 5236 ut
3411 5196 3447 5237 a
3468 5180 3635 5238 nullo

2045 5414 2122 5483 (2)
2150 5409 2445 5487 orationis
2487 5408 2649 5467 color
2702 5409 3104 5487 est_bib1icus.
3165 5412 3385 5470 Psalm.
3444 5427 3634 5487 cxvm,

1974 5480 2063 5541 3'2-
2106 5480 2125 5535 ἐ
2188 5483 2473 5558 ἐπλάτυνέίς
2526 5489 2619 5541 τὴν
2669 5480 2896 5558 καρδίαν
2949 5505 3071 5558 ἔων·
3141 5490 3253 5543 lsa'
3332 5503 3387 5553 ν’
3462 5488 3528 5542 14

1976 5556 2305 5686 ίτῖλὲτυνενό
2358 5554 2495 5627 ᾅδης
2580 5560 2673 5614 τὴν
2739 5554 2957 5629 ’ψυχὴν
3019 5558 3197 5613 αὑτοῦ.
3285 5562 3475 5632 Atque
3556 5560 3640 5615 sic

1976 5645 2052 5686 81
2101 5646 2137 5684 1ο

1974 5645 2112 5687 8111)]
2126 5665 2137 5683 .

3104 5830 3203 5889 48.
