4434 6452
848 367 986 425 1515

2201 355 2575 412 NICEPHORI
2602 357 2864 413 CHUMNI

4084 358 4221 423 1516

848 490 943 546 vel
972 487 1218 544 minime
1240 499 1515 556 unquam
1553 483 2015 541 dimoveremur.
2050 480 2387 537 dummodo
2406 497 2499 532 vo-
2529 479 2579 530 Α

2473 505 2499 523 ›-
2529 479 2579 530 Α
2611 480 2696 530 ὑπ’
2770 479 2976 543 οὐδενός
3047 484 3107 535 ἆν
3156 483 3271 537 οὐδ’
3348 489 3585 539 ὁπωσοῦν
3626 489 4031 561 ἠνωχλήθημεν,
4092 495 4137 543 εἴ
4165 511 4224 560 γε

847 579 1058 634 luntati
1085 582 1200 640 tua:
1232 574 1633 645 obsequentes
1664 573 1861 627 cordis
1890 572 2071 627 nostri
2104 570 2395 625 desideria
2420 570 2503 621 fu-

850 682 1151 737 geremus.
1192 667 1515 733 Postquam
1546 667 1770 725 autem,
1803 677 1838 715 a
1870 664 2029 715 recta
2068 659 2363 713 bonorum
2407 658 2503 710 via

849 755 1249 813 deﬂectentes,
1277 751 1355 806 ad
1385 766 1455 806 ea
1484 766 1622 822 quae
1657 766 1777 805 non
1808 755 2041 821 oportet
2072 747 2501 806 convertimus,

844 845 1006 915 juste
1033 842 1285 897 immisit
1324 839 1656 894 cruciantes
1688 838 1947 893 dolores.
2010 835 2280 890 Conclusi
2329 835 2507 901 igitur

850 928 1411 1004 quasiquibusdam
1441 928 1586 981 seris
1632 927 1894 997 propriis
1958 923 2506 995 despcrationibus,

853 1019 1113 1075 adversis
1141 1016 1456 1079 contriti,et
1485 1015 1777 1075 dolentes.
1796 1014 2022 1069 nullam
2052 1013 2317 1083 undique
2346 1026 2504 1082 spem

848 1106 1279 1178 redemptionis
1325 1105 1638 1167 habentes,
1696 1107 1749 1158 te
1786 1104 1982 1174 ipsam
2036 1101 2396 1171 suscipimus
2450 1099 2507 1152 in

853 1212 1066 1252 omnes
1096 1192 1475 1249 difﬁcultates
1506 1196 1902 1263 pugnantem,
1939 1196 1995 1245 et
2027 1188 2349 1243 infortunia
2372 1202 2510 1241 con-

854 1285 1231 1351 fringentem.
1267 1298 1402 1336 cum
1433 1280 1661 1335 habeas
1692 1280 2036 1333 universum
2065 1280 2280 1332 harum
2312 1291 2509 1329 rerum

853 1372 1145 1441 regimen,
1168 1374 1225 1425 et
1246 1370 1424 1425 nobis
1444 1370 1638 1423 donas
1664 1369 1723 1422 in
1752 1368 2030 1422 secundis
2066 1365 2312 1427 negotiis
2336 1364 2510 1435 proti-

854 1476 1007 1521 cere,
1040 1465 1097 1515 et
1124 1458 1336 1513 eadem
1364 1472 1497 1529 quae
1527 1456 1692 1527 prius
1736 1454 1993 1511 adversa
2048 1460 2215 1509 erant
2254 1451 2513 1507 feliciora

861 1547 1078 1604 deinde
1102 1546 1375 1618 experiri.

929 1641 1094 1692 Nunc
1120 1642 1319 1691 autem
1352 1650 1423 1688 eo
1450 1633 1687 1688 devenit
1717 1636 2045 1704 conceptus
2068 1646 2259 1685 sermo
2286 1634 2349 1682 ut
2367 1629 2512 1699 opti—

859 1744 954 1782 me
978 1725 1215 1794 singula
1236 1723 1639 1795 proferrentur
1658 1722 1991 1777 clarissima
2008 1720 2300 1775 miracula
2328 1718 2515 1773 adim-

2611 577 2702 619 τού
2778 580 2872 622 σού
2922 573 3207 643 θελήματος
3267 574 3436 627 ὀπίσω
3524 582 3615 628 καὶ
3670 581 3740 646 μη
3804 586 3903 628 τῶν
3986 576 4225 652 καρδιῶν

2616 657 2758 725 ἡμῶν
2816 656 3158 731 ἐπορεύθημεν
3222 663 3301 732 (1)
3364 684 3375 695 ·
3424 662 3532 715 ἐπεὶ
3589 660 3667 726 δὲ,

2615 743 2813 805 εὐθείας
2890 745 3244 816 ἐκτραπέντες,
3318 753 3444 822 πρὸς
3486 750 3520 801 ἂ
3574 756 3644 821 μὴ
3708 762 3974 824 προσῆκον
4033 754 4227 825 ἐστρά-

3747 674 3841 725 τῆς
3895 675 3995 716 τῶν
4056 666 4226 717 καλῶν

2617 853 2800 903 φημεν,
2867 837 2985 891 ἧκεν
3040 838 3246 897 εἰκότως
3298 838 3614 909 ἐνοχλούντα
3678 845 3743 892 τὰ
3794 842 4001 915 λυπηρά
4058 864 4071 876 -
4135 848 4225 893 καὶ

2616 931 2739 994 γούν
2770 926 2920 996 ἡμεῖς
2980 925 3027 977 ἐν
3082 926 3333 999 ἀθυμίαις
3384 931 3483 981 υπὸ
3542 940 3639 981 τῶν
3683 928 3831 982 ἰδίων
3883 936 4072 984 ὡσανεὶ
4122 952 4226 984 σει-

2618 1022 2719 1083 ρῶν
2790 1022 3218 1086 συσφιγγόμενοι,
3273 1022 3361 1069 καὶ
3433 1025 3546 1078 ταῖς
3603 1015 3947 1091 δυσχερείαις
4013 1020 4227 1072 ἐπίστν-

2618 1102 2905 1171 γνάζοντες,
2967 1105 3033 1153 ὧν
3083 1113 3173 1164 τῆς
3218 1105 3411 1167 λύσεως
3460 1104 3574 1158 οὐδ’
3635 1110 3685 1159 ἐν
3735 1108 3935 1161 ἐλπίσιν
3988 1106 4229 1181 οὐδαμοῦ

2621 1196 2948 1261 φαινομένης,
3024 1193 3154 1250 αὑτὴ
3242 1199 3372 1267 πρὸς
3452 1199 3541 1255 τὰς
3627 1193 3912 1259 δυσκολίας
3976 1197 4226 1267 (inaurata,

2620 1284 2730 1347 καὶ,
2773 1276 3072 1353 διωσαμένη
3137 1286 3229 1344 τὰς
3269 1282 3515 1352 ἀνάγκας,
3572 1281 3754 1342 ἐπειδὴ
3814 1290 3901 1336 καὶ
3956 1292 4057 1347 πᾶς
4093 1290 4219 1337 εῖκει

2624 1386 2707 1418 σοι
2757 1376 2857 1418 τῶν
2924 1374 3169 1422 τοιούτων
3242 1373 3449 1442 θεσμὸς,
3511 1373 3697 1445 ῥᾴοσιν
3741 1375 3881 1444 ἡμᾶς
3938 1383 4104 1436 ποιεῖς
4144 1394 4229 1426 κε-

2622 1459 2864 1525 χρῆσθαι
2892 1466 2994 1517 τοῖς
3018 1462 3315 1530 πράγμασι,
3368 1466 3457 1510 καί
3523 1481 3580 1531 γε
3613 1459 3883 1532 βελτιόνων
3934 1463 4102 1514 αὐτῶν
4160 1460 4228 1519 δὴ

2622 1546 2815 1595 τούτων
2844 1544 3231 1617 ἀποπειρᾶσθαι
3257 1556 3354 1598 τῶν
3381 1558 3575 1619 προτού
3604 1546 3905 1621 δυσχερῶν.

2727 1634 2801 1685 Οὐ
2829 1640 2931 1705 μην
2963 1634 3068 1686 ἀλλ’
3119 1638 3143 1687 ὀ
3175 1637 3326 1707 λόγος
3372 1637 3613 1689 ἐνταυθοῖ
3642 1644 3905 1710 γενόμενος
3959 1639 4036 1690 ἐπ’
4096 1640 4234 1691 αύτὰ

2626 1732 2801 1793 σαφῶς
2844 1724 2937 1780 ἧκε
2980 1727 3046 1775 τὰ
3097 1725 3212 1776 καθ’
3259 1728 3483 1783 εκάστην
3541 1726 3728 1801 ἐναργῆ
3788 1728 4062 1799 τελούμένα
4102 1731 4234 1780 θαύ-

857 1816 1015 1890 pleta
1046 1816 1106 1870 in
1132 1820 1402 1869 nostrum
1432 1811 1724 1867 auxilium
1754 1817 1809 1866 et
1840 1812 1899 1865 in
1929 1809 2407 1881 proﬂigationem
2431 1808 2515 1861 in-
2543 1820 2589 1873 Β

2482 1820 2589 1873 l-B
2624 1830 2785 1880 ματα,
2839 1817 2967 1885 πρὸς
3034 1812 3334 1887 ἐπικουρίαν
3390 1819 3479 1886 μεν
3528 1817 3695 1886 ἡμῶν,
3744 1819 3965 1887 θραύσιν
4019 1815 4080 1869 δὲ
4131 1827 4233 1868 τῶν

859 1903 1326 1961 numerabilium
1349 1902 1837 1973 impugnantium
1858 1899 2514 1972 undiqueinimicorum

859 1994 1192 2067 (quomodo
1206 2008 1309 2047 eos
1329 2006 1711 2045 numerarem
1726 1990 1795 2046 ?).
1817 1992 2079 2057 Surgunt
2093 1992 2249 2043 enim
2266 1986 2515 2055 agmini-

860 2084 975 2139 bus
1001 2082 1225 2154 pressis
1256 2096 1328 2135 ex
1362 2080 1637 2134 universa
1661 2084 1813 2133 terra
1841 2097 1852 2143 ;
1888 2084 2139 2147 surgunt
2170 2082 2368 2132 autem
2396 2075 2514 2143 alii,

861 2189 933 2228 ex
964 2170 1206 2243 propria
1228 2174 1432 2225 nostra
1468 2168 1770 2239 impietate
1794 2168 2171 2222 occasionem
2191 2174 2515 2234 sumentes,

861 2260 962 2315 alii
990 2274 1130 2315 vero
1161 2274 1274 2313 nos
1305 2258 1667 2328 impugnant
1694 2261 1936 2327 propter
1958 2257 2289 2327 quamdam
2316 2258 2374 2311 in
2416 2274 2518 2311 no-

870 2350 1004 2405 stris
1037 2348 1214 2403 rebus
1247 2346 1555 2401 utilitatem
1585 2347 1739 2417 (quae
1769 2361 1862 2399 res
1885 2351 2084 2400 tamen
2111 2346 2359 2401 omnino
2382 2351 2519 2400 sunt

871 2438 1035 2493 dona
1066 2436 1315 2505 elargita
1345 2435 1512 2489 nobis
1545 2435 1733 2501 gratia
1764 2436 1887 2500 tua)
1922 2435 2172 2499 ;etenim
2197 2435 2328 2490 illos
2361 2436 2519 2490 triste

863 2533 1108 2582 movent
1131 2525 1297 2580 bona
1321 2530 1377 2579 et
1400 2523 1645 2578 felicitas
1668 2528 1890 2577 nostra.
1922 2524 1975 2578 Si
1996 2524 2174 2588 igitur
2195 2525 2517 2595 separatim

864 2617 1245 2687 impugnant,
1274 2612 1840 2685 parumturbantes,
1866 2613 2517 2679 etminusinsidiantes,

861 2703 1010 2759 forte
1046 2719 1168 2759 non
1201 2702 1309 2757 erit
1336 2700 1645 2769 negotium
1678 2701 1852 2754 nobis
1896 2701 2345 2769 insurgentibus
2373 2702 2519 2755 resi-

863 2798 1036 2848 stere.
1076 2791 1189 2847 Sed
1221 2790 1548 2863 aliquando
1575 2805 1787 2844 omnes
1814 2789 2161 2844 circumfusi
2184 2794 2390 2845 contra
2418 2790 2516 2845 ali-

861 2898 1045 2953 quem
1066 2882 1318 2950 irruunt,
1348 2884 1403 2934 et
1433 2879 1548 2933 vim
1572 2878 1798 2933 faciunt
1819 2895 1889 2933 ex
1910 2879 2195 2933 omnibus
2226 2879 2495 2949 partibus

862 2976 919 3025 et
939 2970 1139 3039 simul,
1166 2985 1305 3024 cum
1333 2967 1497 3023 nulla
1523 2968 1595 3022 sit
1626 2969 1820 3039 potior
1838 2967 1914 3021 ad
1941 2968 2084 3021 istas
2112 2984 2350 3039 pugnas
2374 2985 2519 3040 prae-

861 3060 1095 3131 paratio
1125 3073 1309 3130 quam
1353 3058 1657 3127 vigilantia
1708 3062 1764 3111 et
1802 3057 2128 3119 meditatio,
2170 3057 2521 3113 subvertunt

2625 1897 2867 1951 ἐπιόντων
2908 1904 3105 1968 (πόσων
3161 1901 3220 1953 ἂν
3275 1906 3471 1975 εἴποιμι
3531 1908 3570 1969 ς)
3616 1907 3752 1955 πάνυ
3806 1908 3895 1976 μὲν
3954 1902 4041 1957 οὖν
4094 1906 4232 1957 πλεί-

2628 2007 2781 2054 στων,
2824 1996 2912 2041 καὶ
2941 1994 3271 2060 πανταχόθεν
3327 1990 3619 2063 βαλλόντων
3672 1992 3895 2067 ἐχθρῶν.
3958 2002 4233 2047 Κινούνται

2625 2082 2714 2149 μεν
2752 2082 2854 2150 γὰρ
2904 2079 3004 2131 ἀπὸ
3062 2083 3240 2141 πάσης
3301 2078 3498 2152 σχεδόν
3557 2080 3890 2154 ἀνιστάμενοι
3927 2092 4028 2154 γῆς

2626 2175 2906 2233 κινοῦνται,
2984 2171 3032 2219 οἱ
3085 2173 3174 2241 μὲν
3250 2175 3343 2228 τὴν
3427 2167 3566 2222 ἰδίαν
3646 2170 3885 2224 ἀσέϐειαν
3968 2179 4235 2245 πρόφασιν

4091 2102 4108 2117 ⁶
4141 2090 4235 2136 καὶ

2628 2258 2851 2328 ἐχοντες,
2897 2261 2944 2309 οἱ
3010 2255 3069 2310 δέ
3098 2256 3263 2329 μηδὲν
3293 2260 3460 2332 ἕτερον
3492 2260 3819 2331 ἐγκαλοῦντες
3868 2263 3896 2320 ἡ
3957 2264 4038 2314 ὅτι
4091 2283 4236 2334 χρη-

2629 2350 2728 2398 στά
2778 2367 2891 2398 τινα
2936 2351 3001 2398 τὰ
3055 2350 3279 2420 ἡμέτερα
3336 2353 3611 2423 (χορηγίαι
3674 2358 3842 2402 ταυτα
3887 2355 4094 2413 πάντως
4143 2358 4236 2404 καὶ

2629 2433 2777 2508 δῶρα
2829 2446 2931 2487 σῶν
2984 2438 3266 2510 χαρίτων),
3324 2443 3413 2489 καὶ
3472 2437 3683 2495 πλήττει
3757 2442 3970 2500 τούτους
4018 2443 4050 2497 η
4130 2450 4234 2491 τῶν

2627 2523 2832 2595 ἀγαθῶν
2855 2525 3085 2582 εύθηνία.
3131 2526 3188 2577 Ei
3234 2530 3336 2596 μὴν
3402 2522 3490 2577 οὖν
3549 2525 3649 2578 ἀπὸ
3681 2532 3870 2599 μέρους
3926 2531 4051 2599 ἡμῖν
4100 2528 4234 2600 ἐπη-

2630 2632 2771 2677 εσαν,
2833 2616 2898 2664 τὰ
2942 2616 3031 2684 μὲν
3082 2616 3270 2665 ὡσανεί
3324 2610 3735 2686 διενοχλοῦντες,
3792 2624 3900 2677 τοῖς
3966 2614 4015 2668 δ’
4075 2618 4236 2673 ἧττον

2628 2699 3051 2767 ἐπιϐουλεύοντες,
3105 2700 3231 2771 τάχ’
3283 2700 3343 2751 ἆν
3400 2721 3489 2752 και
3530 2707 3716 2775 μικρόν
3765 2704 3795 2762 ᾖ
3884 2701 4035 2756 οὐδὲν
4106 2707 4237 2776 ἡμῖν

2629 2790 2763 2847 ἦσαν
2786 2784 3005 2863 πρᾶγμα
3033 2793 3163 2863 πρὸς
3207 2788 3405 2861 ἆμυναν
3474 2789 3775 2843 ἀντεπιοῡσι
3827 2809 3839 2820 ·
3898 2801 3984 2843 νῦν
4042 2790 4094 2845 δ’
4154 2797 4239 2845 οτι

2627 2881 2809 2939 πάντες
2856 2878 3025 2949 κύκλῳ
3078 2882 3213 2930 κατά
3276 2880 3460 2931 ταύτὸν
3507 2880 3862 2954 περιρρέουσι,
3915 2902 4004 2933 και
4094 2878 4236 2935 πᾶσι

2627 2968 3050 3039 προσπαλαίουσι
3134 2973 3314 3041 μέρεσι
3369 2990 3458 3020 και
3528 2966 3675 3021 δεινὰ
3743 2971 4045 3041 μελετῶσιν,
4120 2972 4236 3044 ἃμα

2631 3054 2688 3109 δὲ
2736 3078 2824 3108 και
2868 3062 2995 3131 πρὸς
3048 3062 3203 3109 ταυτὶ
3285 3064 3795 3130 παρεσκευασμένοις
3864 3057 4013 3111 οὐδέν
4086 3062 4235 3112 ἐστιν

870 3148 1204 3220 praesertim
1235 3148 1573 3201 voluntates
1600 3150 1656 3200 et
1695 3146 2082 3213 cogitationes
2105 3152 2515 3217 corrumpunt-
2549 3172 2591 3224 ο

2485 3152 2515 3201 Ι,-
2549 3172 2591 3224 C
2630 3147 2802 3206 αὐτοῖς
2824 3146 2972 3198 πλέον
3025 3154 3113 3206 τῆς
3158 3155 3496 3219 παρασκευῆς
3553 3167 3642 3198 και
3709 3148 3943 3218 μελέτης,
3997 3157 4236 3222 περιτρέ-

868 3239 1012 3303 Quis
1037 3238 1097 3293 in
1120 3238 1245 3292 istis
1278 3237 1559 3291 extremis
1590 3251 1701 3306 pro
1732 3235 1907 3289 nobis
1938 3243 2073 3303 aget
2093 3244 2144 3290 et
2167 3238 2371 3291 omnia
2397 3253 2521 3291 ver-

862 3333 943 3382 tet
980 3327 1039 3381 in
1067 3326 1281 3381 melius
1314 3324 1342 3378 ?
1372 3324 1507 3396 quis
1534 3325 1685 3379 inter
1720 3324 1912 3379 varias
1931 3331 1986 3379 et
2012 3324 2367 3395 multiplices
2390 3342 2519 3393 gra-

861 3415 1261 3487 vissimasque
1290 3428 1529 3486 pugnas
1560 3428 1713 3484 quas
1751 3414 2116 3468 sustinemus
2158 3430 2266 3485 pro
2315 3421 2521 3469 nostra

861 3519 1011 3575 pace
1036 3504 1369 3569 decertans,
1405 3503 1607 3557 hostes
1639 3508 1703 3555 ut
1731 3502 2063 3556 aiebamus.
2099 3519 2233 3557 vere
2265 3503 2519 3571 dissipa-

860 3593 947 3649 bit
975 3594 1003 3648 ?
1026 3593 1165 3657 Quis
1188 3592 1363 3647 nobis
1395 3593 1575 3646 etiam
1626 3591 2063 3644 dormientibus
2105 3608 2163 3644 se
2220 3594 2521 3647 constituit

861 3690 1065 3738 custos
1092 3697 1329 3752 semper
1355 3680 1633 3749 vigilans,
1669 3679 1768 3751 qui
1812 3681 2331 3750 perseverantibus
2363 3683 2518 3736 curis

862 3769 1342 3842 supervenientia
1361 3768 1523 3824 mala
1542 3768 1865 3840 praeveniat
1888 3768 1915 3822 ?
1938 3769 2079 3833 Quis
2104 3775 2167 3824 ut
2185 3786 2391 3824 murus
2409 3773 2517 3825 fer-

860 3876 998 3915 reus
1028 3859 1184 3914 circa
1213 3874 1325 3913 nos
1364 3858 1593 3930 positus
1616 3866 1669 3911 et
1704 3874 1879 3911 arcus
1902 3858 2159 3913 intentos
2190 3865 2243 3913 et
2286 3859 2517 3929 gladios

859 3948 1159 4004 districtos
1181 3963 1318 4002 cum
1347 3946 1561 4001 feriunt
1579 3945 1895 4014 confringit
1923 3945 2016 4001 ?et
2035 3964 2246 4002 omnes
2273 3949 2518 4005 insidias

858 4055 897 4095 a
922 4038 1097 4094 nobis
1136 4034 1406 4092 avertit?
1445 4037 1583 4101 Quis
1618 4038 1832 4090 iterum
1881 4036 2146 4105 flagellat
2194 4040 2512 4110 Aigyptum

858 4128 1192 4201 percutiens
1222 4126 1674 4198 primogenitos,
1707 4125 1918 4196 plagas
1954 4126 2245 4182 inducens
2267 4133 2517 4183 statutas

856 4232 1132 4281 numero,
1163 4215 1531 4271 Pharaonem
1560 4213 1977 4279 submergens.
2015 4216 2279 4283 gentium
2315 4234 2515 4289 super.

856 4305 1019 4361 biam
1048 4304 1358 4375 dejiciens,
1401 4309 1456 4358 et
1486 4310 1564 4359 ita
1598 4302 1790 4358 salvat
1819 4303 1994 4359 lsrael
2020 4304 2271 4360 electum
2307 4312 2517 4361 suum?

856 4394 999 4459 Quis
1019 4409 1114 4459 (ne
1143 4392 1383 4461 longius
1416 4391 1758 4464 protraham
1792 4396 2139 4461 sermonem)
2162 4395 2273 4449 has
2304 4396 2514 4450 multas

2628 3255 2812 3286 πονται
2844 3232 2903 3287 δε
2939 3229 3128 3303 μᾶλλον
3156 3236 3327 3295 αὐτοῖς
3370 3234 3696 3307 βουλεύμασι
3752 3257 3842 3288 και
3891 3245 4003 3298 ταῖς
4058 3259 4239 3311 παρα-

2629 3332 2838 3385 σκευαῖς
2868 3326 3417 3397 (2)συμφθειρόμενοι,
3451 3329 3531 3387 τίς
3580 3328 3720 3377 ἐστιν
3768 3328 3793 3377 ὁ
3849 3335 4012 3377 ταυτα
4092 3324 4237 3401 δρῶν

2626 3433 2716 3464 και
2763 3417 2894 3486 πρὸς
2940 3417 2995 3465 τό
3066 3422 3292 3486 κρεῖττον
3361 3415 3485 3485 ἡμῖν
3551 3417 3994 3485 μετασκευάζωνς
4068 3422 4149 3479 τίς
4210 3421 4235 3469 ὁ

2626 3508 2719 3560 τὴν
2766 3504 3003 3573 ἡσυχίαν
3062 3506 3205 3573 ἡμῶν
3262 3501 3309 3553 ἐν
3358 3510 3466 3563 τοῖς
3516 3502 3781 3564 πλείστοις
3830 3502 4056 3573 ἀγόντων
4111 3526 4243 3580 προ-

2627 3592 2880 3663 πολεμῶν,
2933 3612 3021 3642 και
3074 3597 3271 3665 πρόπον
3330 3596 3414 3642 τόν
3464 3593 3726 3665 εἰρημένον
3806 3597 3927 3654 τούς
4007 3594 4243 3667 ἐχθρούς

2628 3680 2976 3753 ἀμυνόμενος;
3045 3686 3123 3742 τίς
3179 3684 3203 3732 ό
3261 3702 3349 3732 και
3396 3678 3746 3733 καθεύδουσιν
3791 3684 3913 3754 ημῖν
3960 3683 4241 3756 ἐθιστάμε-

2624 3792 2707 3832 νος
2748 3771 2911 3843 φύλαξ
2966 3767 3059 3821 διά
3118 3774 3304 3831 παντὸς
3353 3771 3631 3843 ἄγρυπνος,
3667 3791 3756 3821 και
3812 3779 3925 3833 ταῖς
3990 3772 4245 3844 ἐμμόνοις

2625 3860 2956 3920 ἐπιστασίαις
3039 3863 3127 3919 τὰς
3199 3864 3549 3933 επερχομένας
3634 3858 3837 3931 βλάϐας
3917 3860 4240 3935 ἀπείργων;

2626 3951 2753 4010 τίςό
2780 3947 3033 4023 σιδηροῦν
3072 3951 3351 4021 περιτιθείς
3408 3957 3603 4019 τεῖχος,
3658 3969 3745 4000 και
3794 3950 3919 4012 τόξα
3962 3970 4245 4023 τεινομενα

2625 4059 2713 4090 και
2785 4040 3044 4112 ῥομφαίαν
3111 4037 3398 4112 ἐρχομένην
3475 4037 3523 4089 ἐν
3582 4038 3722 4108 αύτῷ
3805 4038 4058 4091 συντίϐων
4129 4046 4240 4110 (3),

2624 4148 2713 4179 και
2734 4130 2909 4189 πάσας
2964 4130 3212 4200 μηχανὰς
3266 4128 3674 4199 ἀπωθούμενοςς
3733 4132 3812 4189 τίς
3862 4130 3887 4179 ὅ
3946 4129 4107 4180 πάλιν
4146 4132 4217 4184 Αἱ

2623 4237 2816 4287 γυπτον
2879 4217 3170 4288 μαστίζων,
3234 4236 3324 4267 και
3381 4219 3668 4268 πατάσσων
3740 4222 4049 4290 πρωτότοκα
4134 4223 4242 4291 (4),

2622 4327 2712 4358 και
2751 4306 2948 4378 πληγὰς
2996 4305 3199 4376 ἐπάγων
3258 4309 3338 4377 (5)
3388 4304 3795 4378 ἀριθμουμένας,
3845 4327 3933 4358 και
3988 4306 4243 4379 βυθίζων

2623 4403 2828 4469 Φαραω,
2886 4416 2975 4446 και
3027 4397 3291 4467 καθαιρῶν
3337 4393 3491 4446 ἐθνῶν
3550 4394 3790 4469 ἔπαρσιν,
3837 4416 3925 4447 και
4004 4408 4243 4471 περισῶ-

852 4498 1231 4554 magnasque
1256 4486 1536 4552 operatur
1564 4481 1809 4536 virtutes
1834 4481 1861 4535 ‘?
1894 4482 1959 4535 Et
1986 4483 2088 4553 qui
2142 4500 2351 4538 sumus
2402 4501 2513 4540 nos
2545 4525 2586 4576 Β

2491 4503 2513 4539 3
2545 4525 2586 4576 Β
2622 4486 2723 4545 ξων
2771 4485 2982 4560 Ἰσραὴλ
3016 4484 3215 4576 κλῆρον
3275 4482 3450 4551 ἲδιον;
3488 4490 3585 4576 Δτίς
3666 4486 3773 4555 (ἵνα
3850 4490 3921 4557 μὴ
4006 4493 4242 4557 μηκύνω

854 4588 964 4644 pro
994 4572 1218 4644 quibus
1240 4576 1328 4626 tot
1348 4575 1404 4625 et
1420 4576 1581 4625 tanta
1607 4576 1839 4641 patrata
1861 4577 1996 4626 sunt
2018 4572 2311 4627 miracula
2330 4573 2357 4627 ?
2382 4576 2513 4629 Haec

854 4666 1059 4716 autem
1093 4665 1294 4715 mente
1319 4658 1629 4714 revolvens
1658 4658 1894 4713 aiebam
1929 4676 1941 4713 :
1977 4682 1996 4708 ι
2043 4665 2300 4715 Aversus
2358 4678 2422 4717 es
2476 4679 2511 4719 a

849 4749 1046 4816 nobis,
1075 4764 1185 4804 nec
1211 4749 1427 4803 iterum
1448 4764 1559 4803 nos
1580 4747 1862 4820 respicies
1886 4747 1946 4802 in
1978 4749 2507 4806 misericordiam.»

848 4840 931 4894 Tu
964 4852 1104 4893 vero
1125 4837 1323 4893 dixisti
1367 4855 1428 4892 τα
1472 4836 1644 4892 Absit
1698 4842 1762 4891 ut
1799 4854 1909 4892 vos
1953 4838 2251 4893 dimittam
2296 4840 2387 4895 vel
2445 4847 2510 4898 ut

846 4943 1122 5001 unquam
1147 4944 1251 4983 vos
1274 4926 1689 4999 derelinquam
1717 4945 1729 4981 :
1760 4942 1956 4998 neque
1977 4927 2247 4983 auferam
2270 4930 2503 4986 miseri-

845 5017 1133 5074 cordiam,
1164 5034 1201 5074 a
1244 5017 1418 5073 vobis
1474 5020 1719 5089 propter
1746 5016 2042 5085 Virginem
2082 5020 2321 5074 Matrem
2368 5036 2505 5092 quae

842 5105 1088 5163 fervidis
1099 5106 1225 5163 suis
1251 5106 1527 5178 precibus
1548 5105 2037 5177 compassionem
2061 5123 2260 5163 meam
2283 5108 2503 5182 implo—

912 5321 993 5398 (1)
1039 5325 1107 5382 Et
1150 5325 1267 5383 hoc
1313 5328 1404 5381 est
1446 5320 1673 5398 biblice
1732 5320 1985 5398 dictum:
2061 5323 2323 5398 Ezechiel
2404 5342 2499 5396 xx,

845 5391 1191 5453 ἰδ’ίὊπίσω
1262 5408 1363 5449 τῶν
1440 5396 1777 5468 ἐνθυμμάτων
1848 5391 2076 5469 καρδίας
2154 5396 2322 5448 αὐτῶν
2382 5391 2500 5450 ἐποέ

838 5469 1064 5543 ρεύοντο.

933 5546 986 5607 2)
1013 5549 1073 5596 Α.
1095 5549 1437 5608 κατασκευαῖ,

913 5614 993 5683 (3)
1027 5614 1241 5669 Psalm.
1278 5631 1467 5683 xxxvr,
1496 5613 1673 5681 19,16

908 5681 989 5754 (4)
1049 5686 1233 5743 Exod.
1297 5703 1395 5753 xu,
1443 5681 1509 5742 29
1560 5704 1573 5749 ;
1628 5685 1819 5757 Κύριος
1866 5681 2086 5745 ἐπάταξε
2140 5690 2240 5735 πᾶν
2296 5690 2495 5759 πρωτό-

2619 4576 2736 4627 καθ’
2769 4576 2985 4628 ἑκαστον
3014 4574 3238 4644 λέγων)ό
3270 4577 3361 4635 τὰς
3418 4573 3610 4635 πολλὰς
3667 4578 3853 4636 ταύτας
3917 4595 4008 4627 και
4064 4583 4240 4649 μεγά-

2618 4665 2709 4726 λας
2768 4665 2981 4736 ἐνεργῶν
3032 4660 3325 4735 δυνάμεις;
3376 4683 3465 4715 και
3543 4668 3676 4725 τίνες
3764 4666 3934 4735 ἡμεῖς,
4007 4666 4093 4717 ὅτι
4169 4671 4243 4720 τα

2617 4763 2851 4806 τοσαύτα
2897 4774 2986 4805 και
3043 4761 3259 4805 τοιαῦτα
3309 4749 3361 4804 δ’
3416 4754 3549 4825 ἡμᾶς
3594 4754 3881 4825 θαύματα;
3948 4754 4091 4824 Ἐγὼ
4140 4763 4241 4827 μὲν

3282 4840 3480 4915 βλέψας
3558 4863 3570 4874 ·
3643 4865 3663 4891 ι
3751 4842 4087 4915 ἀπέστρεψας
4180 4846 4241 4909 ἐξ

2616 4936 2760 5006 ἡμῶν
2807 4933 2907 5006 (6),
2963 4954 3053 4985 και
3095 4932 3188 4984 οὐκ
3237 4934 3313 4984 ἔτι
3364 4932 3422 4983 ού
3472 4936 3543 5003 μὴ
3595 4934 3831 5006 προσθῇς
3893 4932 3969 4994 εἰς
4023 4935 4236 5006 οἰκτιρ-

2613 5028 2743 5097 μούς
2780 5022 2973 5096 βλέψαι
3001 5023 3078 5095 (7)
3120 5043 3133 5055 ·
3169 5044 3195 5072 n
3243 5026 3309 5074 Σύ
3342 5018 3393 5074 δ’
3416 5018 3558 5082 εἶπας
3593 5042 3606 5054 ·
3651 5045 3679 5071 ιι
3704 5021 3781 5073 Ού
3803 5026 3875 5094 μή
3910 5021 4038 5091 ἀνῶ,
4112 5022 4236 5078 οὐδ’

2617 4843 2757 4896 εἷπον
2826 4844 2897 4905 εἰς
2972 4842 3191 4916 ἐμαυτόν

2610 5346 2759 5379 τοκον
2780 5325 2829 5379 ἐν
2946 5326 3212 5397 Αἰγύπτῳ.

2679 5402 2755 5467 (ὅ)
2786 5395 2946 5453 Exod
2976 5395 3055 5459 xi,
3110 5403 3127 5453 l
3166 5395 3207 5453 -ε
3256 5396 3371 5451 Ἐτι
3408 5401 3550 5470 μίαν.
3587 5396 3793 5467 πληγὴν
3852 5395 3953 5467 ἐγὼ
4022 5398 4228 5462 ἐπάξω.

2620 5541 2631 5553 ς
2684 5473 3072 5559 ³6)15ίι.ι.Χ1ν,
3112 5475 3145 5523 7
3201 5487 3213 5524 :
3270 5468 3628 5544 Ἀπέστρεψαν
3675 5474 3732 5520 τό
3788 5474 4073 5542 πρόσωπόν
4129 5492 4227 5524 σου

2610 5562 3023 5695 ἐφρῗξζᾘτδεεὶε
3042 5612 3265 5695 biblica
3292 5615 3556 5669 Lament.
3587 5612 3779 5679 ιν,16;
3810 5613 3886 5666 Οὐ
3916 5617 4228 5688 προσθήσει

2608 5685 2880 5756 ἐπιϐλέψαι
2911 5685 3101 5745 αὐτοῖς.
