4434 6452
274 402 407 454 1517

1322 397 1413 451 DE
1450 395 1669 453 FESTO
1710 396 2153 456 ΒοιιΜιτιοΝις
2197 402 2251 456 S.
2290 404 2548 460 MARUE.
3487 410 3625 465 {518

270 524 327 572 ού
379 529 450 593 μή
501 542 625 575 ποτε
700 523 832 592 ὑμᾶς
886 522 1216 592 ἐγκαταλίπω
1270 526 1366 591 (1),
1406 520 1523 575 οὐδ’
1574 522 1860 579 ἁποστὴσω
1892 539 1931 587 Α
1967 532 2043 578 ral

1981 531 2070 579 'at.
2100 552 2122 569 ιι
2159 532 2362 599 Itaque
2392 546 2509 585 non
2543 531 2810 600 elongas,
2838 530 2941 585 sed
2972 532 3102 586 hzec
3122 549 3256 604 quae
3286 535 3627 590 innunu-ra-

271 614 328 661 10
354 611 487 671 E110;
520 631 621 681 μου
663 610 744 682 ἀφ’
788 613 927 682 υμῶν
959 612 1058 681 (2),
1116 608 1208 663 διὰ
1262 615 1475 682 Μητέρα
1526 617 1615 662 καὶ
1667 615 1857 682 "015.00"-

267 718 350 749 νον
401 696 450 750 ἕν
510 706 729 761 ἱκεσίαις
795 699 871 751 ἀεὶ
927 704 984 750 10
1040 702 1309 771 συμπαθὲς
1367 702 1565 771 θερμως
1622 699 1861 751 ἐκκαλου-

269 794 442 858 μένην.
479 809 499 837 ι
543 794 724 840 Τοίνυν
760 785 877 840 ούδ⁴
934 787 1160 859 ἀφιστᾲς
1218 810 1231 821 ·
1290 788 1398 839 ἀλλ’
1444 788 1609 840 ἐκεῖνα
1646 787 1860 838 κάνταν-

273 880 337 929 θα
391 882 559 930 πάντα
612 876 809 950 σχεδόν
864 880 992 949 όμού
1036 882 1101 930 τὰ
1148 881 1308 930 πάλαι
1366 879 1737 949 θρυλλούμεναι
1795 880 1860 928 ὧν

268 970 357 1017 καὶ
413 968 438 1017 ό
496 966 641 1036 1070;
685 966 949 1017 ποσὶαϐὼν
1018 966 1248 1037 ἐμνήσθη
1309 973 1396 1018 καὶ
1448 967 1668 1028 καθεξῆς
1706 966 1861 1017 πλείω

265 1057 576 1126 προστίθης,
618 1059 683 1115 ὼς
714 1062 803 1107 καὶ
841 1052 1006 1126 μηδὲν
1045 1055 1251 1108 ἃαττον
1299 1054 1353 1107 ἐκ
1396 1064 1494 1106 τῶν
1542 1064 1628 1105 νυν
1678 1055 1707 1111 ἢ
1765 1063 1861 1106 τῶν

1974 611 2113 666 bilia
2145 616 2472 685 antiquitus
2488 618 2785 673 celebrata
2804 625 2945 673 sunt
2965 627 3019 673 et
3052 620 3235 675 modo
3256 638 3626 678 commemo-

1971 700 2123 755 ravit
2155 717 2350 757 sermo
2413 722 2580 760 meus
2604 707 2947 761 etiamnunc
3000 708 3340 764 labentibus
3392 712 3623 765 saeculis

1974 804 2227 844 renovas
2244 798 2297 845 et
2312 793 2695 864 multiplicas,
2712 803 2771 848 ut
2802 795 2946 849 nihil
2970 799 3188 861 minus,
3214 815 3418 853 verum
3447 800 3621 855 etiam

1974 877 2167 943 magis
2193 894 2350 934 nunc
2368 897 2554 951 quam
2586 883 2747 945 olim,
2771 888 2982 953 potens
3015 884 3372 951 gloriﬁcetur
3406 904 3623 941 manus

1976 972 2093 1019 tua.
2122 971 2234 1019 Nos
2268 985 2410 1035 ergo
2444 988 2654 1025 sumus
2707 973 2967 1042 populus
3027 974 3469 1043 misericordiae,
3516 993 3622 1046 pro

1978 1057 2189 1123 pietate
2210 1066 2525 1127 patronam
2549 1066 2604 1113 et
2625 1059 2972 1115 advocatam
2998 1062 3287 1117 habentes
3304 1065 3622 1129 Virginem.

269 1142 449 1209 πάλαι,
527 1143 696 1212 πολλῴ
778 1141 834 1195 δὲ
904 1144 1115 1215 μᾶλλον,
1175 1150 1266 1201 τήν
1315 1149 1407 1200 σὴν
1458 1144 1820 1213 θαυμάζεσθαι
1872 1146 2125 1215 κραναιὰν
2177 1152 2353 1217 χεῖρα.
2429 1153 2527 1199 Καὶ
2592 1156 2717 1217 γοῦν
2769 1168 2918 1221 εσμεν
2963 1152 3091 1221 ωμεί
3171 1151 3293 1210 1010;
3348 1152 3621 1223 ὴλημένος,

267 1236 503 1303 χορηγὸν
524 1242 623 1283 τὼν
652 1233 932 1306 οἰκτιρμῶν
964 1234 1126 1290 αὐτὴν
1154 1239 1367 1303 όχοντες
1394 1237 1485 1289 τὴν
1512 1234 1784 1305 Παρθένον.

343 1320 481 1371 Ἐπεὶ
521 1317 581 1372 δε
636 1322 776 1372 τοῦτ’
831 1322 1003 1393 ἐσμεν,
1069 1319 1175 1373 ἔδει
1231 1325 1320 1391 μεν
1378 1323 1535 1392 ὑμᾶς,
1584 1318 1623 1370 ὡ
1675 1328 1761 1370 νῦν
1811 1338 1865 1370 τε

268 1412 517 1479 παρόντες
571 1414 659 1461 καὶ
725 1417 832 1470 τοῖς
885 1415 1095 1483 χρόνοις
1160 1409 1373 1482 ὕστερον
1434 1414 1765 1480 συνεσόμενοι
1794 1415 1864 1475 τῷ

269 1495 403 1566 ὶὸγῳ
457 1500 677 1557 (πάντως
741 1501 839 1569 γὰρ
902 1494 1017 1549 οὐδ’
1075 1499 1206 1569 ὑμᾶς
1252 1503 1370 1558 τους
1432 1499 1545 1569 μεθ’
1588 1500 1727 1568 ἡμᾶς
1784 1495 1865 1546 ἀν·

273 1587 511 1657 θρωπους
580 1585 830 1655 ἐπιλείψει
894 1589 961 1636 101
1062 1588 1377 1656 θαύματα),.
1434 1590 1522 1637 καὶ
1613 1592 1868 1658 χρήματα

269 1676 438 1724 πάντα
520 1680 827 1748 προσφέρειν
910 1694 998 1725 και
1081 1681 1423 1747 καρποφορεῖν
1498 1676 1665 1725 πάντα
1738 1676 1866 1747 πρά-

1062 1588 1347 1656 θαύματα),
1366 1629 1377 1640 .
1434 1590 1522 1637 καὶ

2044 1319 2211 1374 Tales
2264 1338 2399 1377 cum
2426 1324 2637 1381 simus.
2668 1330 2900 1396 oportet
2924 1341 3051 1389 vos,
3082 1326 3201 1380 sive
3232 1327 3334 1398 qui
3358 1345 3517 1383 nunc
3550 1328 3630 1383 vi—

1972 1406 2128 1475 vitis,
2154 1409 2274 1463 sivc
2305 1412 2407 1481 qui
2442 1412 3338 1485 subsequentibustemporibus
3368 1417 3625 1472 intinem

1977 1496 2153 1549 futuri
2196 1498 2554 1569 sunt(nullis
2587 1501 2743 1554 enim
2777 1502 3125 1556 hominibus
3160 1505 3327 1557 vobis
3350 1521 3470 1559 non
3504 1521 3627 1559 ma-

1976 1586 2065 1651 gis
2082 1600 2151 1638 ac
2200 1586 2375 1641 nobis
2434 1588 2719 1643 miracula
2745 1588 3015 1658 deerunt)
3046 1606 3140 1643 res
3168 1608 3379 1646 omnes
3414 1593 3627 1647 offerre

1982 1674 2096 1729 Deo
2121 1681 2176 1729 et
2204 1675 2424 1731 fructus
2447 1679 2759 1733 universos
2816 1695 3089 1751 operum,
3130 1695 3202 1734 ne
3229 1698 3348 1735 uno
3380 1683 3626 1751 quidem

267 1781 464 1833 γματα,
525 1759 853 1834 φειδομένους
923 1760 1149 1834 μηδενός
1220 1771 1287 1833 ῷν
1344 1767 1551 1834 ἔχομεν,
1607 1770 1687 1813 ὁτι
1735 1758 1866 1833 μηδ’
1900 1756 1935 1807 Β
1979 1761 2043 1815 de

1979 1761 2052 1815 de
2082 1762 2151 1816 iis
2169 1780 2304 1835 quas
2339 1766 2720 1835 possidemus
2750 1774 3071 1833 reservato,
3103 1785 3241 1824 cum
3278 1770 3422 1825 nihil
3453 1770 3629 1825 nobis

270 1852 416 1921 ἡμων
519 1848 673 1903 ούδὶν

269 1940 608 2012 ἀπειληφότες
678 1946 976 2013 κομίζομεν.

761 1849 918 1917 ἴδιον,
978 1852 1086 1903 0111'
1149 1853 1269 1904 ὅσον
1325 1852 1385 1903 ειν
1447 1856 1867 1925 προσενεγκωμει

1054 1947 1155 1994 Καὶ
1210 1938 1436 1993 ἀπόδοτε
1495 1948 1614 2005 πᾶς,
1681 1941 1723 1993 εἰ
1780 1945 1869 1993 καὶ

273 2036 343 2102 μὴ
409 2034 467 2082 10
508 2037 629 2096 πᾶν,
687 2030 794 2082 0111'
826 2033 946 2083 ὅσον
978 2036 1049 2102 μὴ
1101 2041 1194 2093 τῆς
1251 2033 1625 2103 προσηκούσης
1683 2030 1866 2100 εὐγνω-

270 2124 506 2191 μοσύνης
528 2117 700 2173 δοκεῖν
730 2121 974 2183 καθάπαξ
1028 2120 1409 2192 ἀπολελεῖφθαι.
1467 2120 1525 2172 Ὀ
1579 2116 1612 2171 δ
1616 2124 1637 2171 '1:
1690 2125 1867 2192 παρὼν

272 2209 330 2259 ού
387 2217 540 2260 τουτο
591 2206 834 2280 βούλεται
886 2208 1054 2279 λόγος,
1136 2207 1244 2259 ἀλλ’
1314 2210 1481 2282 ἕτερον
1538 2212 1727 2283 τρόπον
1774 2213 1867 2264 την

270 2302 620 2372 προσαγωγὴν
648 2295 777 2349 εἶναι
811 2318 823 2329 ·
865 2302 982 2349 τίνα
1020 2293 1088 2355 δὴ
1147 2305 1327 2347 τουτον
1379 2315 1394 2366 ;

1448 2297 1655 2365 ὕμνους,
1710 2296 1869 2367 εὐχα-

268 2392 495 2460 ριστίαν,
564 2389 629 2437 τὰ
673 2382 872 2437 δυνατὰ
917 2392 1069 2454 πᾶσι,
1127 2388 1325 2446 πάντας
1382 2384 1728 2453 ἀποτιννύναι,
1784 2384 1869 2435 λά-

270 2474 425 2527 λιστα
458 2479 547 2547 μεν
577 2496 667 2527 και
696 2478 831 2527 κατὰ
886 2478 1055 2527 πάντα
1104 2480 1312 2549 χρόνον,
1367 2475 1455 2526 ἁτε
1504 2480 1592 2525 καὶ
1638 2477 1731 2534 τὰς
1783 2474 1870 2525 εύ-

1730 2564 1774 2615 εἰ
1819 2560 1869 2616 δ’

271 2651 359 2707 οὖν
633 2662 785 2705 τοῦτο
852 2658 942 2725 μὲν
994 2654 1066 2714 εἰς
1152 2660 1362 2725 γνώμην
1432 2654 1572 2725 ὑμῶν
1625 2651 1865 2722 ἀνεῖται),

270 2743 377 2795 0111’
408 2744 434 2795 0
462 2763 519 2815 γε
555 2752 643 2795 νῦν
674 2745 823 2813 ἡμεῖς
851 2745 1101 2796 θεσπίσαι
1141 2739 1247 2803 δεῖς
1278 2745 1515 2814 ἔγνωμεν.

272 2570 515 2635 εργεσίας
564 2567 700 2616 κατὰ
773 2566 943 2616 πάντα
1011 2567 1191 2616 τούτον
1248 2565 1616 2635 κομιζομένους
1666 2584 1678 2595 ·

336 3016 454 3070 Μὴν
520 3014 612 3083 μεν
659 3012 808 3071 οὗτος
866 3006 975 3069 ἠδη
1033 3012 1307 3083 προσάγει,
1366 3011 1485 3064 καθ’
1537 3011 1591 3063 ὃν
1655 3015 1714 3063 10
1772 3021 1867 3073 τῆς

264 3105 582 3172 κοιμήσεως,
678 3103 845 3152 εἵτουν
935 3101 1304 3173 μεταστάσεως
1385 3104 1483 3171 (3),
1535 3101 1563 3159 ἦ
1615 3105 1743 3174 πρός
1778 3104 1864 3153 τὸν
1895 3112 1932 3163 (ζ

264 3192 384 3243 Υίόν
424 3192 474 3242 ἐν
522 3190 756 3263 οὐρανοῖς
811 3185 1059 3262 ἑνδημίας
1106 3189 1207 3258 (4),
1257 3190 1286 3247 ἦ
1356 3191 1383 3241 ὅ
1435 3208 1486 3241 τι
1550 3194 1752 3242 τοιοῦτό
1792 3211 1866 3251 τις

264 3283 433 3354 ἕτερον
504 3284 599 3336 τὴν
643 3278 823 3350 ἑορτὴν
900 3276 1144 3350 βούλοιτο
1194 3277 1376 3348 λέγειν,
1438 3278 1703 3350 ἐνεργηθεν
1753 3285 1869 3349 φαί-

263 3388 405 3420 νεται
465 3375 525 3439 τῇ
603 3369 844 3441 Παρθένω
891 3388 903 3400 ·
967 3386 1057 3418 και
1131 3369 1304 3438 ἡμεῖς,
1353 3366 1466 3418 κατ’
1533 3370 1642 3427 ἔθος
1705 3368 1865 3421 πάλαι

264 3464 559 3530 κρατῆσαν,
621 3463 670 3508 ἐν
723 3462 821 3527 μιᾷ
874 3452 940 3513 δὴ
1010 3475 1111 3507 τινι
1154 3465 1253 3507 τῶν
1296 3458 1519 3529 ἡμερῶν,
1582 3461 1713 3529 μέση
1777 3466 1867 3509 τοῦ

264 3550 449 3617 μηνὸς,

264 3640 511 3709 πρότερον
566 3634 915 3705 ἁγνισθέντες.
978 3636 1134 3703 Κάγὼ
1184 3638 1269 3686 τόν
1311 3642 1399 3694 τῆς
1452 3639 1673 3695 νηστίας
1725 3634 1867 3687 ἐπαι-

678 3103 845 3152 εἵτουν

526 3546 967 3618 πανηγυρίζομεν,
1025 3550 1240 3615 νηστείᾳ
1286 3547 1374 3604 τὰς
1424 3548 1520 3619 πρὸ
1578 3546 1742 3607 αὐτῆς
1790 3550 1869 3616 (5)

263 3732 359 3775 νῶν
383 3730 557 3795 νόμον,
590 3723 649 3775 ού
689 3726 823 3775 πάνυ
879 3742 931 3773 τι
989 3725 1047 3774 1'0
1099 3722 1276 3775 λοιπόν
1322 3719 1680 3795 ἀποδέχομαι,
1745 3728 1868 3796 μίαν

265 3819 424 3885 μόνην
456 3812 925 3887 ἁποκεκληρῶσθαι
966 3820 1027 3884 τῇ
1069 3814 1357 3887 πανηγύρει
1413 3816 1543 3885 πρὸς
1590 3816 1680 3873 τὰς
1735 3834 1868 3865 παν-

263 3903 463 3975 νύχους
498 3898 763 3976 ύμνῳδίας
798 3904 1014 3975 ἡμεραν.
1078 3900 1232 3954 Ἀλλά
1298 3920 1379 3953 τοι
1431 3906 1550 3973 μίαν
1596 3899 1725 3954 εἶναι
1777 3908 1869 3960 τὴν

266 3992 460 4067 ἑορτὴν,
528 3992 605 4064 ἐφ’
687 3992 808 4053 ὅλας
870 3992 1211 4066 μεριζομένην
1269 3994 1359 4053 τὰς
1416 3989 1504 4043 ἀπ’
1551 3991 1723 4065 ἀρχῆς
1779 4000 1870 4044 τοῦ

266 4086 424 4153 μηνὸς
475 4087 639 4156 μέχρι
706 4089 801 4143 τῆς
874 4088 960 4132 νῦν
1029 4077 1377 4154 διαφερόντως
1438 4100 1496 4151 γε
1552 4086 1865 4154 τιμωμένης,

265 4177 355 4223 καὶ
409 4168 476 4229 δὴ
536 4179 623 4232 νῆς
670 4171 988 4238 τελευταίας,
1046 4179 1196 4222 τοῦτο
1258 4166 1367 4221 δεῖν
1415 4168 1585 4242 οἶμαι,
1643 4170 1737 4221 κάν
1800 4181 1870 4241 τῷ

265 4266 485 4335 παρόντι
570 4259 830 4333 βούλομαι
890 4261 1258 4330 νομοθετῆσαι.
1323 4264 1423 4312 Καὶ
1488 4266 1591 4321 πᾶς
1640 4280 1714 4320 τις
1771 4263 1870 4312 πάν

264 4369 369 4412 τως
436 4354 521 4402 τόν
592 4355 745 4422 νόμον
816 4347 920 4423 ἐρεῖ
1003 4346 1228 4413 δίκαιον,
1309 4350 1334 4399 ό
1378 4352 1469 4400 καὶ
1516 4358 1695 4410 ποσῶς
1746 4358 1871 4420 γοῦν

338 4477 413 4546 (1)
447 4478 759 4530 Deuteron.
798 4490 947 4546 xxxi.
981 4478 1012 4529 6
1052 4490 1068 4546 :7
1126 4476 1261 4525 Οὔτε
1299 4478 1370 4545 μή
1430 4492 1486 4525 σε
1528 4473 1725 4546 ,ἀνῇ,(ό
1760 4476 1868 4527 Κύ-
1905 4475 1943 4526 D
1981 4474 2155 4546 gitur-

264 4544 422 4621 ριος),
454 4547 571 4621 ούτε
620 4550 690 4618 μή
754 4564 812 4597 σε
864 4544 1207 4618 ἐγκαταλίπῃ.
1262 4544 1344 4602 Cf.
1378 4544 1565 4600 Paral.
1604 4544 1636 4610 i,
1669 4561 1869 4613 xxvm,

264 4619 443 4675 ‘20.—
472 4619 663 4690 Supra
694 4634 753 4690 p.
792 4621 909 4680 119,
951 4632 1010 4671 ιι.

334 4690 414 4759 (2)
445 4686 630 4745 Parii].
661 4686 857 4758 |,'xvu.
891 4692 950 4745 13
982 4692 1076 4742 :10
1106 4687 1243 4749 ἔλεός
1292 4707 1393 4760 μου
1451 4688 1544 4739 οὐκ
1585 4686 1872 4745 ἀποστήσω

268 4762 358 4815 ἀπ’
402 4762 582 4814 αὑτοῦ.

338 4836 418 4905 (3)
452 4836 777 4905 Utrumque
811 4847 1033 4905 nomen
1048 4832 1338 4905 reperitur
1358 4830 1873 4905 deAssumptione

268 4902 463 4962 Maria
500 4902 898 4975 usurpatum:
933 4903 1005 4957 cf.
1046 4902 1295 4975 Morcelli
1350 4902 1749 4959 Calendarum
1796 4902 1874 4959 ad

267 4978 328 5033 d.
370 4993 444 5031 xv
484 4991 579 5044 ag.
610 4974 677 5016 —'-
706 4975 846 5029 Vide
879 4974 1194 5029 Addenda.

339 5050 417 5117 (4)
447 5043 817 5104 διοίοοόιοθε.
842 5046 1191 5115 Cogitabam
1215 5045 1289 5100 de
1310 5045 1693 5101 rescribendo
1718 5043 1874 5103 ἐκδη-

267 5116 411 5193 μιας,
435 5118 601 5193 quod
628 5120 847 5190 saapius
882 5120 957 5193 de
993 5122 1187 5193 morte
1199 5116 1332 5193 _t‘uit
1355 5118 1759 5193 metaphorice
1783 5117 1872 5193 di:

267 5187 429 5248 ctum
446 5187 588 5258 {sed
616 5187 993 5253 me'retraxit,
1016 5204 1139 5244 non
1158 5187 1471 5245 Clementis
1492 5187 1875 5244 Alexandrini

265 5264 434 5320 locus
449 5278 632 5329 quem
670 5262 937 5317 exhibuit
963 5262 1112 5315 inter
1128 5260 1276 5316 alios
1312 5260 1470 5315 hanc
1497 5260 1873 5329 signiﬁcatio-

268 5351 407 5413 nem
402 5331 1204 5413 illustraturus‘virdoctiss;
1227 5331 1467 5413 Analut.
1506 5332 1643 5413 lilii,
1668 5348 1725 5413 ρ.
1749 5337 1871 5413 62ξ,

270 5406 378 5463 sed
402 5405 559 5477 Pauli
579 5407 776 5477 potius
800 5402 1145 5477 Epist._li_ad
1168 5403 1295 5457 Cor.
1323 5419 1375 5477 v,
1403 5406 1433 5457 8
1458 5419 1471 5456 :
1508 5400 1793 5477 θαῤῥοῦμεν
1817 5400 1875 5457 δὲ

268 5485 358 5531 καὶ
398 5472 711 5549 εὐδοκοῦμεν
749 5472 939 5548 μᾶλλον
978 5472 1286 5546 ἐκδημῆσαι
1329 5474 1395 5549 -ἑκ
1442 5483 1533 5549 τού
1573 5472 1826 5547 ’σώματος
1862 5494 1872 5527 :

269 5554 356 5628 καὶ
396 5546 697 5628 ἐνδημῆσαι
749 5546 900 5628 πρὸς
930 5551 1018 5628 τὸν
1066 5551 1273 5628 Κύριον.
1297 5623 1305 5628 Δ
1329 5546 1393 5601 ln
1413 5546 1877 5628 “epigrammate

269 5621 476 5691 (Anth.
519 5617 633 5677 Pal.
669 5637 748 5688 ιιι,
778 5617 829 5690 ὅ)
866 5620 957 5691 de
981 5617 1664 5691 Cresphontedisplicet
1692 5626 1879 5691 meta-

273 5687 663 5765 phoricumid
689 5687 916 5749 nomen
940 5687 1196 5763 ἐκδημῑα,
1217 5689 1385 5764 quod
1406 5689 1468 5745 in
1488 5687 1781 5748 lemmate
1802 5690 1877 5747 leo

1979 1853 2290 1922 proprium
2314 1853 2403 1911 sit.
2435 1855 2537 1908 sed
2585 1862 2879 1926 quantum
2904 1854 3212 1911 oﬂ‘erimus
3244 1858 3449 1913 omnia
3475 1875 3629 1914 rece-

1977 1939 2260 2010 perimus.
2289 1943 2495 1996 Totum
2516 1959 2658 2011 ergo
2685 1944 2841 2011 date,
2862 1950 2917 1999 et
2946 1946 2993 1998 si
3012 1960 3128 1999 non
3147 1951 3358 2014 totum,
3393 1952 3453 2002 at
3473 1952 3629 2004 certe

1980 2034 2209 2083 tantum
2234 2034 2424 2085 utnon
2444 2032 2761 2087 videamini
2780 2034 2995 2089 debitae
3011 2035 3387 2101 gratitudinis
3418 2036 3627 2093 imme-

1976 2135 2195 2173 mores.
2242 2119 2509 2175 Praesens
2532 2129 2730 2177 autem
2774 2140 2969 2179 sermo
2992 2140 3112 2179 non
3146 2125 3258 2180 hoc
3289 2126 3483 2181 solum
3517 2127 3629 2181 sibi

1978 2207 2119 2270 vult,
2167 2209 2269 2263 sed
2306 2208 2557 2265 alterum
2607 2212 2861 2267 intendit
2905 2212 3153 2267 modum
3198 2214 3522 2270 accedendi
3551 2216 3629 2271 ad

1981 2297 2191 2351 Deum.
2233 2298 2345 2351 Sed
2376 2299 2515 2369 quis
2538 2304 2627 2355 est
2656 2300 2750 2355 ille
2778 2301 2995 2355 modus
3015 2301 3042 2355 ?
3064 2301 3286 2357 scilicet
3315 2304 3476 2375 quod
3506 2322 3631 2359 om-

1979 2400 2084 2437 nes
2124 2386 2353 2441 solvant
2387 2387 2669 2457 hymnos,
2714 2390 3043 2458 gratiarum
3088 2391 3371 2459 actiones,
3407 2392 3627 2459 singuli

1979 2475 2179 2529 omnia
2213 2492 2349 2547 qua;
2375 2480 2993 2549 possunt,praesertim
3025 2495 3131 2547 per
3154 2496 3333 2535 omne
3366 2483 3631 2552 spatium

1980 2564 2284 2634 temporis,
2317 2581 2453 2620 cum
2488 2566 2545 2619 in
2575 2567 2822 2635 singulis
2842 2568 2968 2621 vitaz
2991 2568 3311 2624 momentis
3341 2569 3635 2628 beneficia

1978 2652 2309 2723 accipimus
2346 2653 2766 2710 indesinenter.
2802 2658 2863 2711 Et
2902 2672 3063 2710 nunc
3092 2673 3228 2712 cum
3255 2658 3410 2713 istud
3450 2675 3632 2715 omne

1979 2742 2056 2796 ad
2084 2749 2343 2798 vestram
2365 2743 2699 2799 doctrinam
2722 2745 3067 2800 dedicatum
3092 2746 3185 2815 sit,
3215 2748 3437 2818 Optime
3464 2750 3630 2803 novi-

1979 2847 2113 2885 mus
2145 2838 2201 2886 et
2224 2831 2606 2902 intelligimus
2631 2833 2939 2889 decretum
2972 2833 3103 2889 festi
3130 2851 3166 2891 a
3197 2836 3371 2891 nobis
3401 2837 3633 2893 traden-

1978 2919 2125 2974 dum
2173 2936 2322 2975 esse.

2052 3009 2339 3081 Equidem
2375 3010 2504 3080 jam
2531 3010 2712 3066 instat
2751 3012 2976 3067 mensis
2994 3012 3089 3068 ille
3116 3013 3173 3069 in
3201 3030 3323 3085 quo
3350 3014 3635 3071 divinitus

1979 3103 2283 3170 patratum
2315 3100 2376 3154 in
2398 3100 2629 3167 Virgine
2652 3099 2991 3156 declaratur
3013 3104 3368 3174 mysterium
3400 3105 3629 3175 mortis,

1980 3204 2084 3242 seu
2140 3188 2696 3257 transmigrationis,
2762 3205 2867 3244 seu
2918 3190 3309 3247 habitationis
3366 3193 3425 3248 in
3471 3194 3634 3249 caelis

1978 3276 2139 3348 apud
2176 3276 2400 3342 Filium,
2427 3293 2531 3332 seu
2563 3277 2693 3332 festi
2719 3278 2894 3348 hujus
2924 3278 3041 3334 alio
3074 3282 3273 3336 nescio
3292 3297 3414 3353 quo
3434 3281 3633 3338 adhuc

1978 3365 2242 3431 nomine,
2269 3366 2313 3420 si
2340 3367 2477 3438 quis
2502 3367 2657 3435 velit,
2693 3369 3025 3440 nuncupati
3051 3387 3062 3423 :
3089 3378 3143 3425 et
3172 3385 3285 3425 nos
3306 3371 3477 3441 juxta
3504 3387 3636 3427 mo-

1978 3472 2103 3510 rem
2142 3455 2470 3527 antiquitus
2501 3457 2911 3526 constitutum,
2936 3459 2994 3512 in
3027 3475 3148 3513 una
3179 3459 3412 3514 dierum
3451 3460 3631 3515 medii

1977 3544 2160 3615 hujus
2186 3545 2406 3600 mensis
2424 3544 2641 3600 festum
2663 3545 3039 3602 celebramus
3057 3548 3287 3619 jejunio
3310 3549 3474 3621 prius
3501 3565 3635 3605 san-

1978 3633 2245 3689 ctificatis
2272 3633 2486 3689 diebus
2517 3650 2655 3706 quae
2688 3636 3052 3707 praecedunt.
3078 3639 3194 3706 Ego
3231 3654 3394 3695 vero.
3419 3638 3633 3709 jejunii

1975 3732 2169 3795 legem
2190 3724 2448 3779 laudans
2475 3731 2531 3780 et
2548 3726 2917 3797 approbans,
2942 3743 3059 3782 non
3075 3743 3364 3797 magnum
3382 3729 3632 3801 quidju-

1976 3814 2111 3869 dico
2154 3830 2335 3869 unam
2364 3814 2520 3869 diem
2554 3814 2733 3869 fuisse
2760 3816 2835 3870 ad
2880 3816 3095 3872 festum
3111 3820 3498 3873 constitutam
3522 3836 3632 3890 pro

1977 3904 2283 3959 nocturnis
2305 3903 2669 3974 psalmodiis.
2710 3904 2821 3959 Sed
2850 3905 3028 3961 credo
3058 3922 3240 3961 unam
3271 3923 3399 3961 esse
3429 3907 3632 3962 obser-

1980 3992 2240 4048 vandam
2272 3992 2605 4047 festivitatis
2645 3994 2825 4059 diem,
2858 3995 3127 4049 medium
3160 4001 3455 4051 tenentem
3483 3997 3635 4052 inter

1979 4098 2340 4154 omnesquaa
2374 4088 2512 4137 sunt
2539 4084 2877 4155 aprincipio
2907 4086 3128 4139 mensis
3159 4102 3350 4157 usque
3381 4086 3456 4140 ad
3476 4086 3632 4142 hanc

1978 4188 2114 4244 quae
2147 4171 2354 4226 ultimo
2380 4171 2766 4227 excellentius
2799 4179 2890 4227 est
2919 4172 3282 4230 celebranda
3308 4181 3363 4229 et
3392 4175 3450 4229 in
3488 4191 3633 4246 prie-

1980 4260 2128 4316 senti
2172 4260 2355 4330 hujus
2422 4260 2616 4328 legem
2657 4268 2914 4317 statuere
2968 4262 3125 4318 volo.
3163 4266 3227 4318 Et
3252 4264 3408 4319 hanc
3438 4264 3633 4333 legem

1973 4352 2200 4422 justam
2233 4349 2475 4405 habebit
2506 4350 2853 4423 quicunque
2888 4352 2978 4407 vel
3006 4351 3325 4408 minimum
3352 4353 3638 4422 intelliget

2247 4474 2273 4524 0
2341 4473 2376 4524 s'
2436 4476 2607 4543 (κίων)
2702 4477 2815 4545 ἔχει
2912 4479 3253 4549 Κρησφᾉόντην
3330 4476 3640 4549 ἀναιροῦντα

1982 4545 2308 4615 Πολυφόντην
2392 4552 2482 4595 τού
2556 4551 2759 4618 Πατρός
2830 4548 2915 4597 τὸν
2955 4545 3162 4619 ’φονὲαο
3230 4551 3343 4600 ἔστι
3419 4545 3479 4600 δέ
3548 4554 3638 4599 καὶ

1979 4626 2192 4690 Μερόπη
2283 4615 2504 4689 ϐάκτρον
2588 4615 2917 4692 κατέχουσα,
2998 4615 3086 4670 καὶ
3179 4628 3503 4692 συνεργουσα
3568 4629 3637 4689 τῲ

1980 4685 2075 4759 υἱῲ
2137 4692 2266 4761 πρὸς
2303 4685 2527 4761 τῆν’τού
2575 4685 2762 4759 ἀνδρὸς
2795 4686 3072 4760 ἐκδημίαν.
3110 4685 3376 4757 Languét
3400 4685 3635 4746 niuium

1979 4762 2072 4815 vel
2108 4760 2500 4835 in’lemmatis
2536 4762 2802 4835 oratione
2839 4762 3327 4835 etuimproprium
3363 4763 3513 4835 quid
3547 4779 3637 4817 so-

1982 4838 2084 4887 nat
2128 4848 2241 4906 vox
2270 4828 2516 4906 ᾆκδημία.
2561 4835 2703 4896 Quae
2722 4832 2830 4906 fuit
2857 4832 2998 4906 olim
3020 4828 3346 4906 proposita
3372 4828 3407 4888 εἰ
3437 4834 3638 4890 critico

1982 4902 2497 4969 excellentissimo,
2562 4904 2844 4959 correctio
2899 4902 3113 4975 ζημίαν,
3151 4902 3434 4960 ’ωθῐιῐθω
3489 4907 3630 4960 scri-

1983 4978 2165 5048 ptoris
2214 4980 2489 5048 assecuta
2516 4981 2633 5048 _cs_t,
2672 4990 2793 5030 non
2830 4976 2960 5046 ejus
2996 4976 3191 5048 ipsam
3231 4992 3504 5032 manum.
3538 4979 3641 5032 De-

1980 5042 2170 5107 derat,
2202 5047 2477 5117 opineor,
2508 5042 2748 5097 ἐκδικίαν

2049 5120 2128 5187 (5)
2157 5118 2506 5190 Anastasius
2540 5117 2765 5173 Sinaila
2792 5119 2879 5172 De
2910 5118 3105 5190 tribus
3139 5120 3635 5190 quadragesimis,

1980 5189 2040 5245 in
2071 5190 2203 5261 ipso
2233 5188 2352 5244 ﬁne
2383 5207 2394 5243 :
2429 5189 2699 5246 Ἐτυπὼθη
2752 5233 2763 5243 .
2787 5232 2800 5243 .
2859 5190 2972 5242 Ἀπ’
3001 5188 3173 5262 ἀρχῆς
3219 5188 3515 5262 αύγούήστου
3548 5211 3640 5249 νη-

1985 5266 2190 5333 στεύεινΔ
2259 5262 2393 5332 οἰχρι
2476 5268 2572 5321 τῆς
2617 5266 2963 5333 ,Κοιμησεως
3046 5272 3136 5323 τῆς
3204 5268 3483 5325 Θεοτόκου,
3554 5267 3645 5314 καὶ

1980 5332 2133 5385 πάλιν
2161 5328 2411 5385 διαλύειν.
2457 5328 2762 5405 Sancitum
2785 5339 2876 5388 est
2918 5334 2973 5388 id
3002 5333 3301 5405 jejunium
3344 5336 3401 5389 in
3432 5338 3645 5405 Nomo-

1981 5420 2211 5459 canone
2256 5419 2353 5484 ap.
2414 5403 2591 5487 Cotel.
2628 5406 2887 5487 Monum.
2929 5412 2969 5461 t.
2995 5402 3121 5487 rp.
3164 5411 3278 5463 138.
3312 5413 3415 5467 Τάς
3449 5402 3509 5487 δέ
3545 5404 3645 5487 ἀπό

1981 5482 2185 5550 πρώτης
2267 5478 2563 5545 αὑγούστου
2622 5478 2775 5527 πάλιν
2865 5482 3241 5550 (νηστεύομεν),
3311 5487 3402 5530 τοι)
3480 5485 3650 5550 Σωτῆ-

1981 5545 2069 5623 ρος
2124 5545 2219 5599 διὰ
2272 5556 2361 5607 τῆς
2446 5552 2707 5623 Θεοτόκᾼου
2771 5553 3043 5623 κοίμησιν,
3108 5545 3287 5623 ὥσπερ
3325 5553 3495 5623 ,μέγα
3549 5546 3652 5623 δὼς

1983 5618 2089 5693 ρον.
2117 5621 2246 5685 Quo
2282 5626 2483 5675 tamen
2532 5619 2606 5673 de
2629 5618 2865 5691 jejunio
2892 5637 3016 5676 non
3067 5618 3525 5678 consentiebant
3560 5618 3654 5676 vel

1986 5691 2333 5748 orthodoxi.

1986 5696 2333 5748 orthodoxi.
