4434 6452
285 406 414 460 1521

1327 412 1416 468 DE
1452 410 1672 470 FESTO
1722 407 2173 469 DORMITIONIS
2212 411 2272 469 S.
2307 412 2570 470 MARI/E.

3513 419 3642 474 l522

354 527 507 582 Ἀλλα
557 531 659 601 μὴν
719 532 864 603 ὴμῶν
921 538 1081 598 οῦτως
1169 532 1522 607 ἕπεγνωκότων
1593 540 1687 596 τὴν
1755 534 1871 608 ἱορ-
1902 543 1946 592 Α
2045 536 2105 590 -Νι

1902 543 1946 592 Α
2045 534 2237 592 Nobis
2259 540 2461 594 autem
2484 537 2564 595 ita
2592 538 2668 594 de
2716 537 3009 596 reverenti
3056 536 3454 598 celebratione
3511 541 3639 598 festi

279 620 373 674 τὴν
411 625 660 685 τιμῆσαι,
694 621 723 679 ἢ
763 621 952 691 μᾶλλον
982 626 1069 674 τόν
1108 643 1296 696 τρόπον
1344 632 1524 678 τοῦτον
1581 624 1626 678 ἐν
1677 624 1880 677 πλείοσι

279 713 380 756 τῶν
436 707 638 778 ἡμερῶν
704 710 843 780 ημᾶς
920 713 1266 783 καθαγιοίσαι,
1349 716 1488 768 ἔστιν
1565 716 1708 774 ὅστις
1787 713 1880 766 ούκ

282 791 577 854 ἀσπάζεται
627 798 686 848 τὸ
745 793 1079 871 δεδογμένον,
1140 797 1263 854 οῦδὲ
1317 821 1377 872 γε
1423 805 1703 877 κράτιστον
1753 799 1881 854 εἶναι

282 881 545 954 βούλεται,
595 888 684 938 καὶ
725 889 846 958 πρὸς
890 891 981 946 τὴν
1033 886 1192 948 ἀκοὴν
1247 890 1397 953 εὐθὺς
1458 889 1733 943 ἀνίσταται
1786 895 1879 947 τὴν

277 969 485 1042 ψυχὴν,
526 975 788 1046 πρόθυμος
839 975 906 1028 ὢν
954 982 1159 1051 τρέχειν
1215 983 1305 1031 καὶ
1359 978 1611 1032 συντελεῖν
1656 985 1757 1032 πᾶν
1815 986 1875 1050 τῇ

278 1063 584 1135 πανηγύρει,
634 1067 691 1115 τό
737 1082 798 1135 γε
869 1064 1010 1136 αύτῷ
1083 1075 1386 1138 προσῆκονς
1437 1069 1566 1138 Ἐγὼ
1627 1067 1716 1140 μέν
1787 1066 1880 1119 ούκ

277 1166 444 1221 οιμαι·
473 1149 599 1204 ἀλλά
623 1170 703 1204 τοι
764 1157 854 1206 καὶ
900 1154 1196 1209 τούναντίον
1243 1157 1369 1229 ὑπὲρ
1425 1156 1620 1208 πολλῶν
1688 1152 1878 1214 δηλον-

276 1241 358 1290 ότι
421 1246 522 1291 τῶν
577 1239 886 1312 ὀφλημάτων
938 1247 1128 1318 μικρὰν
1182 1245 1210 1303 ἦ
1271 1241 1521 1318 οὐδεμίαν
1576 1241 1704 1299 εἶναι
1781 1248 1876 1303 τὴν

272 1327 469 1379 ἔκτισιν
524 1330 550 1380 ό
602 1347 662 1399 γε
715 1329 976 1404 φιλέορτος
1027 1331 1130 1402 ὶρεῖ
1177 1339 1266 1386 καὶ
1330 1339 1446 1408 περὶ
1476 1341 1566 1387 τοῦ
1623 1337 1874 1406 παρόντος

272 1411 326 1468 εὖ
375 1413 700 1489 ἐσκεμμένοςο
753 1419 865 1491 ἅμα
914 1417 974 1474 δε
1025 1441 1114 1473 και
1173 1419 1298 1475 οὐδὲ
1351 1425 1634 1496 προσάγειν
1686 1421 1874 1495 μᾶλλον

269 1504 410 1576 ἡμᾶς
448 1506 574 1557 εἶναι
608 1512 759 1578 φήσει
801 1505 952 1562 τόνδε
1001 1513 1084 1561 τόν
1133 1515 1322 1585 τρόπον
1382 1517 1410 1570 ἦ
1480 1511 1712 1583 μεγάλων
1771 1507 1872 1569 δὴ·

269 1612 420 1646 τινων
488 1593 820 1668 ἀξιουμένους
906 1606 1057 1652 εῖναι.
1119 1605 1280 1653 ποίων
1353 1597 1421 1659 δὴ
1499 1601 1872 1672 τούτωνςόμι-

267 1681 378 1744 λίας
417 1691 570 1755 Θεοῦ,
625 1691 895 1750 κοινωνίας
943 1687 1174 1760 ἀγγέλων
1229 1695 1322 1742 σύν
1377 1691 1501 1762 ἡμῖν
1558 1691 1870 1762 ὑμνούντων,

270 1769 568 1825 ἀποστόλων
640 1782 930 1848 συρφωνίας
1032 1778 1145 1850 μεθ’
1252 1780 1398 1847 ἡμῶν
1501 1779 1869 1850 ἑορταζόντων,

1032 1778 1145 1850 μεθ’

1991 624 2236 694 edoctis,
2289 627 2382 684 vel
2411 629 2607 700 potius
2634 629 2708 685 de
2740 629 2923 685 modo
2951 645 3071 701 quo
3115 629 3313 702 plures
3353 632 3462 687 bas
3515 632 3642 688 dies

1991 715 2783 786 sanctiﬁcandashabemus,
2807 719 2852 773 si
2876 719 3009 790 quis
3034 719 3190 773 male
3207 719 3399 774 ferens
3418 720 3529 775 hoc
3546 721 3644 776 de-

1989 806 2216 858 cretum
2247 804 2513 878 illudque
2551 806 2796 861 maximi
2828 807 3115 861 momenti
3135 807 3414 876 judicans
3443 811 3640 865 statim

1990 893 2330 964 temereque
2358 892 2437 949 ad
2487 893 2830 949 obedientia
2868 894 3412 951 retrahatanimam
3445 913 3636 963 suam,

1989 978 2232 1053 zeloque
2281 981 2566 1055 praecipiti
2619 984 2950 1038 concitatus
3004 985 3186 1039 tinem
3247 985 3640 1042 solemnitatis

1989 1067 2212 1126 ambiat
2245 1074 2302 1126 et
2319 1069 2557 1127 festinet
2578 1071 2635 1126 in
2651 1071 3030 1138 celebrando,
3046 1071 3190 1127 illud
3210 1074 3506 1145 numquid
3524 1075 3638 1146 ipsi

1988 1159 2279 1232 profectui
2309 1161 2416 1218 erit
2442 1161 2469 1215 ?
2500 1164 2624 1231 Ego
2656 1177 2777 1217 non
2803 1163 3054 1234 opinor:
3082 1163 3188 1218 sed
3218 1179 3250 1218 e
3284 1171 3492 1220 contra
3518 1180 3638 1220 cer-

1989 1252 2117 1304 tum
2142 1253 2235 1304 eet
2257 1263 2475 1320 parum
2495 1251 2584 1306 vel
2611 1250 2753 1305 nihil
2784 1251 3110 1307 multorum
3139 1251 3479 1308 debitorum
3504 1270 3637 1309 suo—

1986 1351 2121 1392 rum
2149 1337 2350 1408 ipsum
2380 1353 2509 1394 esse
2548 1338 2906 1404 soluturum,
2934 1340 3098 1411 quod
3129 1340 3306 1396 faciet
3336 1340 3483 1397 fecta
3509 1342 3640 1397 dili-

1986 1439 2134 1494 gens
2160 1429 2214 1480 et
2237 1425 2534 1498 imprimis
2555 1442 2624 1482 ac
2651 1433 3006 1500 praesentem
3026 1428 3464 1485 solemnitatem
3484 1429 3637 1487 bene

1984 1513 2314 1585 dispositus
2341 1514 2552 1570 :simul
2577 1521 2779 1572 autem
2834 1515 3036 1572 testari
3078 1517 3293 1588 poterit
3328 1517 3423 1572 ille
3470 1518 3638 1590 quod

1983 1616 2096 1657 nos
2130 1603 2233 1674 qui
2268 1603 2626 1659 accedemus
2659 1605 2832 1674 juxta
2853 1605 3030 1660 ritum
3069 1605 3298 1661 huncce
3325 1610 3635 1672 statutum,

1982 1689 2276 1760 majorum
2299 1691 2698 1762 quorumdam
2729 1691 3022 1747 bonorum
3036 1693 3251 1747 erimus
3277 1693 3460 1764 digni.
3483 1696 3636 1759 Quo-

1985 1778 2298 1834 rumnam?
2320 1780 2797 1836 Conversationis
2823 1781 2943 1845 Dei,
2963 1781 3256 1836 societatis
3283 1781 3636 1849 angelorum

268 1863 470 1914 πεὶντων
527 1871 626 1915 τῶν
679 1864 985 1932 καλλίστων,
1047 1871 1148 1918 ὅσα
1192 1863 1257 1926 δὴ
1315 1875 1425 1928 τοῖς
1479 1871 1731 1928 τοιούτοις
1799 1868 1871 1930 εἰς
1903 1873 1941 1926 Β
1985 1883 2019 1922 n

1903 1873 1941 1926 Β
1985 1865 2304 1922 nobiscum
2336 1869 2699 1934 canentium,
2733 1875 3056 1924 concentus
3085 1870 3496 1940 apostolorum
3530 1871 3636 1925 liu-

269 1950 456 2004 ταύτόν
482 1953 624 2012 ἣκειν
655 1953 680 2004 ό
709 1959 1052 2027 πνευματικός
1073 1953 1160 2008 οἶδ
1165 1975 1184 2009 ε
1221 1955 1390 2027 λόγος.

1980 1955 2082 2026 jus
2112 1959 2330 2011 nostrae
2386 1956 2714 2013 festivitatis
2768 1963 2998 2029 partem
3054 1958 3447 2014 ambientium
3477 1978 3488 2022 ;
3517 1974 3636 2015 uno

271 2041 454 2098 verbo
488 2042 856 2115 optimorum
893 2059 1276 2119 quorumque
1308 2045 1740 2102 charismatum
1775 2060 1912 2118 quae
1937 2043 1999 2100 in
2025 2043 2241 2100 talibus
2261 2045 2608 2116 contingere
2630 2050 2797 2103 novit
2831 2062 3002 2103 mens
3060 2047 3458 2120 spiritualium
3504 2053 3632 2104 stu-

266 2128 461 2188 diosa.

339 2244 439 2292 Καὶ
470 2239 553 2290 ἵνα
579 2241 732 2312 τίμὴ
769 2243 1107 2313 μακρότερον,
1143 2241 1265 2302 ἰσως
1307 2240 1368 2293 ἂν
1427 2243 1562 2294 εἴποι
1609 2261 1709 2306 τις,
1783 2244 1872 2292 καὶ

268 2323 361 2380 διὰ
389 2332 601 2394 παντὸς,
635 2330 773 2404 εἰπερ
806 2327 1008 2402 ἐφικτόν
1075 2331 1158 2400 ἧν,
1217 2338 1308 2382 τοῦ
1363 2330 1484 2404 βίου
1537 2339 1636 2382 τῶν
1701 2329 1870 2382 καλῶν

263 2412 428 2469 τῶνδε
463 2416 756 2490 μεθέξομεν,
820 2425 1284 2492 στενοχωρησομεν
1333 2416 1382 2471 δ’
1442 2418 1488 2471 ἐν
1537 2421 1671 2472 οὕτω
1734 2419 1868 2495 βρα-

261 2512 354 2577 χεῖ
377 2510 556 2578 χρόνῳ
593 2509 681 2558 τόν
707 2515 802 2569 τῆς
827 2506 1008 2580 ἑορτῆς
1055 2513 1270 2582 χρόνον,
1331 2510 1626 2580 φθονοῦντες
1689 2509 1865 2583 ὥσπερ

263 2595 459 2656 ἑαυτοῖς
530 2605 622 2658 τῆς
703 2595 932 2660 πλείονος
1011 2596 1558 2666 ἀπολα·νσεως;Τοῦτ’
1653 2596 1868 2671 οἴδαμεν

263 2689 354 2738 καὶ
379 2687 548 2758 ἡμεῖς,
592 2689 680 2738 καὶ
717 2704 777 2757 γε
828 2689 922 2745 τὴν
975 2689 1265 2760 πανῆγυριν
1327 2686 1372 2748 ἐς
1423 2692 1681 2760 μήκιστον
1735 2689 1867 2741 ἄπο-

262 2781 426 2828 τεῖναι
477 2774 638 2837 πολύς
681 2777 804 2847 ἡμῖν
862 2778 1057 2846 ἐγένετο
1139 2775 1411 2850 λογισμός,
1496 2779 1866 2850 καθυφὴκαμεν

264 2860 317 2917 δ’
347 2864 494 2924 αὖθις
523 2872 622 2915 τῶν
647 2863 843 2916 πολλῶν
881 2867 1065 2939 χάριν,
1107 2867 1175 2927 ὡς
1230 2866 1290 2916 ἀν
1350 2863 1418 2924 δὴ
1479 2869 1680 2929 πάντες,
1744 2870 1867 2928 ’ίσης

265 2955 454 3006 ὡσανεὶ
509 2961 606 3016 τῆς
650 2955 947 3027 προθυμίας
1023 2953 1317 3027 ἐξημμένοι,
1403 2959 1493 3007 καὶ
1575 2955 1868 3008 εἰσοίσουσι

263 3043 376 3095 κατ’
422 3046 556 3108 ἴσον,
610 3051 702 3095 τοῦ
757 3044 958 3118 ῥᾴστου
1014 3049 1151 3096 πᾶσι
1229 3047 1711 3116 νενομοθετημένου.
1808 3045 1868 3098 Εἰ

263 3134 354 3205 μὲν
411 3135 513 3204 γὰρ
552 3134 844 3204 χρημάτων
895 3134 1193 3206 θησαυρούς
1242 3141 1416 3186 κενοῦν
1480 3130 1588 3187 ἔδει
1667 3137 1697 3192 ἤ
1775 3139 1868 3187 πό·

262 3240 378 3282 νους
404 3221 720 3296 ἀνῃρῆσθαι,
755 3221 984 3294 μεγάλης
1014 3219 1080 3281 δή
1113 3241 1251 3285 τινος
1325 3222 1521 3294 ἰσχύος
1573 3224 1717 3298 ἔργα,
1775 3231 1866 3284 τῆς

263 3308 481 3372 ἐνούσης
542 3316 735 3384 μικρᾶς
784 3315 968 3378 οὔσης,
1018 3310 1282 3374 ὶξέκλινειν
1335 3311 1396 3363 ἂν
1457 3331 1537 3375 τις
1580 3315 1728 3376 ἴσως,
1805 3315 1864 3364 τό

257 3403 330 3473 μὴ
387 3395 715 3460 δεδυνῆσθαι
778 3404 1038 3475 πρόφασιν
1087 3400 1242 3472 έχων·
1303 3408 1390 3453 νῦν
1446 3399 1496 3455 δ’
1545 3397 1696 3454 οὐδὲν
1765 3409 1866 3454 τῶν

255 3492 523 3542 τοιούτων
591 3488 700 3542 ἀλλ’
753 3493 873 3562 ὅπερ
931 3491 1132 3563 ἔφημεν,
1185 3489 1454 3563 ἀγιασμοῦ
1508 3497 1598 3542 καὶ
1663 3499 1864 3564 τρυφῆς

256 3584 512 3651 μετουσία
566 3584 656 3631 καὶ
711 3575 938 3652 φαιδρᾶς
1011 3583 1370 3652 πανηγύρεως,
1426 3577 1486 3642 ἧς
1542 3579 1861 3653 ἀπολειφθῆ-

254 3689 340 3721 ναι
368 3674 440 3741 μη
467 3669 546 3722 ὃτι
574 3688 634 3741 γε
660 3670 944 3744 ῥᾳθυμίας,
1009 3668 1117 3721 ἀλλ’
1169 3665 1284 3722 οὐδ’
1331 3670 1626 3731 αἰσθήσεως
1686 3671 1863 3741 ύγιοῦς

256 3754 372 3812 οὐδ’
403 3755 468 3810 αὖ
501 3755 699 3820 εἰδότος
720 3759 769 3811 ἐν
801 3760 878 3822 οἷς
933 3757 1072 3812 ἐστιν
1122 3757 1319 3820 ἀπονως
1378 3762 1510 3831 μετὰ
1554 3767 1644 3812 τοῦ
1701 3759 1862 3812 καλοῦ

249 3850 544 3920 γίγνεσθαι.
581 3853 763 3902 Καίτοι
786 3869 846 3920 γε
874 3853 985 3915 καὶ,
1034 3854 1200 3901 πόνων
1265 3852 1403 3922 εἴπερ
1464 3846 1570 3901 ἔδει
1623 3854 1712 3902 καὶ
1773 3869 1862 3902 συο

255 3945 397 4009 χνῶν
438 3939 861 4014 καμάτῶν,ύπερ
893 3943 1030 4001 τίνος
1096 3937 1154 3990 ἂν
1205 3939 1395 4011 μᾶλλον
1451 3935 1774 4014 δικαιότερον
1828 3940 1857 3999 ἦ

255 4032 346 4080 καὶ
396 4027 810 4104 λυσιτελέστερόν
857 4047 935 4090 τις
994 4024 1292 4103 ἐνίδρωσεν,
1355 4033 1385 4087 ἦ
1444 4026 1491 4080 ἐν
1577 4025 1714 4099 τῷδε
1770 4034 1860 4081 καὶ

256 4119 383 4192 ὑπὲρ
450 4119 476 4170 ὃ
533 4123 725 4191 πέφυκε
805 4120 1086 4194 προθύμως
1166 4117 1695 4192 ἐπεκτεινόμενος;Εἰ
1759 4123 1861 4192 γὰρ

257 4212 348 4260 καὶ
397 4217 594 4282 μικρῶν
644 4209 801 4261 ἕνεκεν
867 4214 957 4261 καὶ
1011 4207 1213 4280 φαύλων
1280 4211 1420 4262 ἔστιν
1477 4211 1559 4261 ότέ
1614 4210 1862 4282 πραγμα-

257 4305 355 4349 τῶν
388 4293 816 4372 ύπερμοχεῦντας
856 4294 1088 4350 κατιδεῖν
1149 4316 1290 4350 εστιν
1356 4297 1545 4366 ἐνίους,
1603 4303 1694 4351 καὶ
1751 4297 1864 4352 κλέ-

255 4406 373 4439 πτει
401 4391 457 4439 τὸ
487 4385 676 4439 δοκοῦν
703 4383 884 4460 κέρδος
915 4395 1010 4449 τῆς
1072 4387 1421 4464 ταλαιπωρίας
1460 4394 1554 4446 την
1611 4390 1862 4446 αἱσθησιν

253 4479 409 4538 ποίας
433 4474 561 4547 ούχὶ
588 4475 825 4548 μέμψεως
851 4475 1009 4539 ἄξιοι,
1054 4476 1142 4537 οὖς
1185 4480 1243 4528 τὸ
1304 4481 1375 4549 μὴ
1431 4477 1646 4536 θελῆσαι
1709 4481 1862 4550 μόνον

254 4568 314 4617 τὸ
343 4571 434 4623 τῆς
462 4567 797 4639 πανηγύρεως
825 4563 1061 4640 λαμπρόν
1092 4567 1356 4637 ἓζημίωσε
1389 4581 1401 4631 ;

330 4765 431 4814 Καὶ
462 4761 522 4814 ού
552 4767 704 4814 τοῦτο
728 4760 862 4833 λέγω
899 4757 1104 4834 μηδένα
1127 4767 1198 4835 μη
1235 4758 1344 4815 δεῖν
1377 4760 1478 4814 ἀπὸ
1533 4763 1706 4824 ποίσης
1765 4773 1860 4825 τῆς

258 4850 440 4925 ἑορτῆς
491 4849 545 4903 ἐκ
598 4852 733 4903 πάνυ
797 4870 848 4902 τι
901 4854 1108 4903 πίπτειν
1201 4852 1439 4926 ῥᾳθύμου
1497 4851 1706 4924 ψυχῆς,
1782 4855 1861 4906 ὃτι

255 4936 388 5014 μηδ’
419 4940 566 5012 οἶμαί
592 4959 708 4992 τινα
762 4947 861 4991 τῶν
926 4939 1164 4992 ἁπάντων
1232 4939 1276 5001 ἐς
1339 4949 1586 4993 τοσοῦτον
1633 4941 1864 5015 ἀγνωμο-

259 5031 416 5090 σύνης
464 5029 642 5101 ἐλθεῖν,
701 5025 800 5081 ούδ
854 5028 920 5081 αὖ
975 5031 1148 5104 ὥσπερ
1197 5028 1246 5082 ἓν
1288 5035 1560 5106 νεκρότητι
1610 5031 1705 5104 ζῇν
1776 5031 1864 5084 αἰ-

255 5121 464 5194 ρείσθαι
515 5124 605 5172 καὶ
672 5117 997 5181 ἀναισθήτως
1046 5119 1190 5191 ἔχειν
1269 5126 1394 5196 πρὸς
1481 5122 1621 5185 ἄπας
1687 5121 1862 5193 καλὸν,

256 5207 383 5263 ὥσθ’
416 5209 536 5268 ὃλην
559 5208 659 5262 ἀπὸ
714 5210 909 5282 νάρκης
965 5215 1056 5263 καὶ
1121 5210 1397 5273 παντελοῦς
1456 5209 1734 5275 ἀκινησίας
1770 5234 1865 5286 φυ-

253 5305 362 5371 γεῖν
393 5303 480 5358 τὴν
520 5303 831 5374 πανήγυριν·
888 5297 1016 5352 ἀλλά
1071 5303 1128 5352 τὸ
1187 5305 1257 5374 μὴ
1321 5298 1414 5354 διά
1469 5303 1643 5364 πάσης
1699 5303 1754 5372 ἦ,
1810 5305 1866 5354 τό

255 5407 313 5462 γε
361 5385 624 5464 δεύτερον,
677 5394 749 5462 μὴ
813 5385 906 5442 διὰ
932 5397 1027 5452 τῆς
1072 5389 1300 5453 πλείονος
1358 5394 1563 5445 ἱκέσθαι
1636 5388 1869 5445 σπουδά-

258 5497 371 5549 σαι,
399 5481 538 5532 τοῦτ’
562 5478 612 5532 ἐν
641 5478 788 5552 αἰτίᾳ
817 5484 926 5544 καὶ,
987 5481 1054 5541 ὡς
1111 5479 1345 5554 ἔγκλημα
1391 5490 1483 5534 τοῦ
1531 5481 1714 5535 λοιποῦ
1761 5490 1868 5543 τοῖς

255 5575 619 5629 κατοκνήσασι
649 5572 927 5642 γίγνεσθαι
971 5574 1030 5623 τό
1089 5575 1252 5646 παρόν
1309 5570 1554 5645 βούλεται
1596 5572 1865 5646 ψήφισμα.

256 5663 414 5734 Τάχα
441 5657 500 5713 δε
542 5664 629 5712 καὶ
691 5658 1048 5732 ἀγανάκτησιν
1114 5660 1516 5732 ἐπανατείνεται,
1575 5663 1682 5736 οὐχ
1733 5662 1871 5721 ἣττω

261 5746 329 5809 δὴ
398 5757 620 5822 τούτοις,
677 5751 704 5810 ἣ
754 5757 860 5812 τοῖς
916 5749 999 5804 ἐπὶ
1041 5754 1098 5804 τό
1179 5748 1384 5806 δεῖπνον
1457 5755 1506 5805 ἐν
1583 5752 1872 5826 εύαγγελιοι

2052 2240 2165 2298 Sed
2195 2241 2344 2298 forte
2373 2243 2510 2316 quis
2535 2242 2735 2299 adhuc
2761 2249 2994 2316 qurerat
3019 2261 3208 2317 quare
3234 2260 3357 2301 non
3389 2246 3634 2311 diutius,

1976 2345 2100 2386 non
2116 2346 2376 2403 semper,
2397 2331 2558 2388 hisce
2579 2333 2712 2389 vitm
2732 2333 2905 2388 bonis
2930 2333 3344 2403 gaudebimus,
3373 2344 3636 2389 coarcta-

1975 2418 2178 2475 bimus
2228 2425 2436 2476 autem
2501 2420 2742 2477 brevius
2771 2422 3376 2495 festivitatistempus,
3453 2425 3632 2496 quasi

1976 2509 2383 2582 nosmetipsos
2413 2509 2762 2566 fraudantes
2785 2511 3087 2568 uberrima
3113 2511 3436 2584 voluptate.
3475 2517 3554 2568 Ita
3577 2517 3632 2568 et

1976 2611 2088 2652 nos
2113 2599 2608 2664 sentiebamus,et
2629 2616 2788 2672 saepe
2812 2600 3233 2657 solemnitatem
3252 2602 3308 2656 in
3333 2601 3634 2671 longiores

1977 2687 2320 2757 protrahere
2334 2703 2536 2744 moras
2563 2689 2960 2758 cogitavimus
2986 2707 2999 2757 ;
3027 2690 3405 2762 pepercimus
3431 2706 3462 2746 a
3475 2696 3633 2746 utem

1976 2776 2037 2830 in
2068 2776 2322 2845 gratiam
2351 2777 2701 2846 multorum,
2737 2784 2798 2834 ut
2837 2779 3058 2835 scilicet
3078 2796 3290 2834 omnes
3312 2780 3490 2851 quasi
3515 2795 3634 2834 uno

1976 2866 2312 2940 eodemque
2340 2866 2444 2922 zeli
2484 2867 2711 2923 fervore
2761 2868 3210 2924 inﬂammentur
3266 2876 3322 2924 et
3367 2869 3633 2941 idipsum

1977 2957 2235 3013 sentiant
2259 2961 2315 3012 et
2343 2957 2427 3012 sic
2459 2957 2690 3013 facilius
2714 2958 2976 3028 unalege
2997 2959 3351 3029 dirigantur.
3385 2959 3441 3015 Si
3473 2958 3632 3014 enim

1976 3049 2275 3117 oporteret
2305 3045 2615 3102 thesauros
2646 3045 2959 3103 exhaurire
2990 3053 3092 3103 aut
3151 3047 3353 3103 subire
3392 3047 3634 3103 labores

1975 3134 2196 3206 quibus
2218 3150 2456 3206 magum
2476 3135 2630 3191 vires
2650 3135 3010 3192 adhibendae
3042 3137 3234 3192 forent
3277 3137 3355 3192 ab
3403 3153 3474 3192 eo
3531 3137 3635 3209 qui

1975 3223 2053 3280 ad
2093 3225 2207 3280 hoc
2231 3224 2431 3297 impar
2449 3225 2776 3280 exsisteret.
2795 3242 2855 3280 se
2881 3241 2999 3280 nou
3023 3226 3366 3298 possejuste
3382 3225 3473 3281 ille
3491 3241 3635 3297 que-

1974 3317 2219 3369 reretur.
2248 3313 2400 3369 Nihil
2429 3318 2629 3369 autem
2668 3313 2885 3369 horum
2927 3314 3321 3382 accidit;sed,
3374 3319 3437 3370 ut
3485 3314 3632 3370 dixi-

1974 3417 2133 3470 mus,
2150 3401 2606 3469 benedictionis,
2625 3409 2967 3476 sanctaaque
2982 3403 3194 3459 lzetitiai
3211 3409 3267 3459 et
3282 3403 3631 3474 refulgentis

1975 3491 2368 3549 solemnitatis
2433 3508 2556 3548 uno
2595 3493 2968 3565 proponitur,
3032 3511 3169 3566 quae
3219 3494 3269 3548 si
3318 3493 3632 3565 negligan-

1973 3583 2088 3650 tur,
2113 3579 2351 3650 signum
2370 3585 2598 3637 estnon
2621 3582 2804 3637 modo
2832 3581 3120 3652 segnitiae,
3150 3581 3256 3637 sed
3297 3583 3478 3638 etiam
3499 3596 3632 3637 sen-

1974 3685 2078 3723 sus
2102 3669 2302 3724 minus
2317 3671 2476 3735 recti,
2507 3677 2562 3724 ct
2583 3670 2832 3740 ignoran
2845 3671 2934 3726 [ire
2949 3686 3156 3726 eorum
3171 3671 3394 3743 quibus
3409 3671 3487 3727 ad
3503 3687 3636 3743 per-

1973 3758 2285 3815 fectionem
2326 3759 2555 3834 absque
2587 3759 2790 3816 labore
2831 3760 3193 3832 pervcnitur.
3243 3761 3414 3827 Quod
3458 3762 3528 3830 si,
3573 3768 3636 3819 ut

1972 3853 2127 3904 certe
2157 3853 2427 3920 apparet,
2462 3849 2737 3904 laborum
2769 3849 3151 3921 suscipienda
3182 3849 3627 3918 estmultitudo,

1971 3937 2049 3994 ad
2069 3937 2217 4010 quid
2238 3938 2453 4010 potiori
2475 3938 2608 4009 jure
2634 3943 2691 3994 et
2711 3941 3113 4011 quaestuosius
3141 3939 3278 4011 quis
3299 3939 3630 4009 insudabit,

1971 4044 2160 4101 quam
2201 4028 2280 4085 ad
2309 4029 2514 4085 hocin
2542 4045 2665 4102 quo
2683 4046 2918 4085 summe
2975 4029 3244 4102 proﬁciet
3296 4031 3631 4089 secundum

1971 4117 2140 4189 quod
2167 4117 2333 4173 nisus
2365 4118 2540 4175 fuerit
2569 4118 2694 4174 zelo
2743 4125 2794 4174 et
2845 4119 3244 4175 contentione.
3310 4121 3534 4176 Etenim
3585 4123 3634 4178 si

1970 4205 2275 4277 quosdam
2299 4205 2636 4264 videmusin
2662 4207 3350 4281 minimisvilioribusquc
3375 4212 3630 4281 negotiis

1969 4311 2154 4368 supra
2185 4296 2436 4352 modum
2463 4296 2795 4353 voluntarie
2843 4301 3154 4369 patientes,
3212 4298 3435 4370 quibus
3495 4317 3632 4372 spes

1971 4385 2114 4440 lucri
2131 4402 2377 4441 sensum
2400 4387 2696 4442 maestitiae
2711 4391 2767 4441 et
2794 4402 3022 4456 pinnam
3039 4387 3264 4442 laboris
3303 4389 3477 4459 quasi
3501 4406 3633 4445 om-

1971 4473 2117 4529 nino
2137 4472 2297 4544 lenit,
2329 4491 2452 4548 qua
2489 4491 2612 4530 non
2635 4475 3629 4548 eruntvituperationedigni,quos

1975 4565 2185 4619 avertit
2211 4564 2340 4620 sola
2370 4563 2650 4621 voluntas
2681 4581 3028 4637 repugnans
3084 4564 3309 4620 festivae
3349 4563 3633 4621 solemni—

1891 4653 1934 4708 D
1976 4653 2113 4708 tati!

2043 4765 2110 4818 Et
2151 4776 2269 4817 non
2293 4777 2542 4834 possum
2573 4762 2720 4834 quin
2772 4761 2971 4817 dicam
3009 4777 3435 4834 quemcunque
3479 4777 3635 4817 cras-

1972 4850 2227 4906 sissimte
2257 4851 2515 4920 ignavius
2554 4856 2761 4907 notam
2816 4851 3034 4906 animae
3075 4867 3199 4906 sua:
3239 4850 3495 4918 inurere,
3529 4851 3634 4922 qui

1973 4945 2160 4996 totum
2185 4939 2508 4997 festivitatis
2522 4957 2764 4996 cursum
2789 4955 2909 4995 non
2933 4939 3296 5008 celebraret;
3327 4940 3632 4996 neminem

1973 5029 2484 5101 enimjudicarem
2511 5030 2783 5086 omnium
2808 5033 3074 5085 vestrum
3097 5035 3276 5084 tantae
3297 5045 3429 5085 esse
3446 5029 3633 5086 insul-

1975 5121 2179 5187 sitatis,
2210 5125 2381 5177 tanta
2407 5119 2572 5176 vitali
2613 5119 2955 5176 fortitudine
2987 5135 3185 5175 carere
3211 5135 3336 5192 qua
3352 5120 3429 5175 ad
3451 5135 3632 5175 omne

1973 5211 2205 5267 bonum
2235 5210 2433 5267 vivide
2455 5227 2792 5274 movemur,
2835 5216 2900 5266 ut
2938 5216 3180 5283 propter
3219 5215 3523 5282 torporem
3579 5215 3634 5267 et

1975 5302 2222 5358 nimiam
2258 5301 2472 5374 quietis
2510 5301 2810 5357 insaniam
2842 5316 3088 5357 omnem
3128 5300 3510 5357 festivitatem
3535 5317 3636 5357 ne-

1976 5391 2255 5462 gligeret:
2283 5406 2546 5463 praesens
2575 5391 2776 5464 itaque
2802 5388 3112 5447 decretum
3168 5389 3286 5446 huc
3342 5389 3532 5448 tendit
3571 5396 3638 5446 ut

1977 5487 2231 5539 noscant
2260 5481 2483 5551 ignavi,
2514 5480 2678 5554 quod
2710 5480 2754 5535 si
2791 5496 2911 5536 non
2933 5479 3034 5537 toti
3057 5479 3638 5537 studeantinteresse

1979 5571 2128 5627 festo
2151 5571 2241 5628 vel
2257 5571 2470 5627 saltem
2483 5571 2612 5642 ejus
2626 5569 2840 5642 majori
2854 5569 3026 5643 parti,
3042 5569 3156 5626 hoc
3175 5568 3286 5624 illis
3314 5570 3376 5626 in
3407 5569 3638 5626 crimen

1980 5667 2036 5718 et
2056 5662 2116 5717 iu
2146 5660 2595 5718 accusationem
2639 5664 2993 5717 caeterorum
3039 5665 3318 5717 vertetur.
3369 5661 3444 5715 Eo
3505 5661 3640 5732 ipso

1983 5752 2144 5810 enim
2166 5751 2438 5809 divinam
2457 5749 3266 5822 incurruntindignationem
3282 5765 3408 5809 non
3431 5749 3637 5808 minus
