4434 6452
830 405 964 457 1523

826 615 1076 670 diversis
1131 617 1204 669 αθ
1261 620 1456 672 causis
1504 628 1886 691 excusarunt,
1947 623 2094 677 villae
2159 619 2488 686 visitandte,

829 705 1031 758 uxoris
1052 704 1366 769 ducendae,
1401 707 1692 776 jugorum
1746 712 2015 784 quinque
2065 711 2247 765 boum
2284 725 2488 763 recens

825 795 1166 862 emptorum
1205 795 1583 863 experientiae
1622 797 1929 856 faciendae.
1958 799 2203 862 Etenim,
2251 798 2400 852 sicut
2430 796 2489 851 il-

828 879 900 933 lis
934 895 1052 933 non
1077 887 1203 935 erat
1229 897 1404 954 aequa
1429 886 1759 951 excusatio,
1787 888 1868 942 ita
1900 903 2007 943 nec
2036 887 2188 948 istis,
2214 891 2270 940 et
2290 885 2488 941 nullus

829 983 1100 1037 unquam
1125 968 1424 1024 adducere
1453 974 1667 1042 poterit
1698 974 2109 1034 sutﬁcientem.
2173 991 2310 1031 cum
2343 975 2490 1030 nihil

827 1055 902 1109 sit
925 1055 1140 1121 utilius,
1182 1073 1376 1128 neque
1406 1061 1601 1130 aptius
1631 1062 1858 1118 nedum
1915 1065 1991 1119 ad
2036 1067 2485 1126 retrahendum.

825 1159 1036 1198 verum
1060 1145 1236 1200 etiam
1256 1147 1334 1201 ad
1350 1146 1560 1202 fortius
1580 1149 2027 1220 impellendum,
2049 1172 2234 1227 quam
2251 1154 2485 1210 invitari

829 1237 887 1287 et
918 1232 1157 1288 suaderi
1179 1249 1356 1289 sensu
1383 1236 1460 1290 ad
1475 1237 1846 1295 festivitatem
1869 1242 2484 1309 celebrandam.Quid

830 1321 988 1376 enim
1020 1322 1131 1377 hac
1169 1321 1271 1378 ﬁet
1291 1324 1703 1382 honorabilius
1725 1327 1754 1381 ?
1791 1331 1937 1401 quid
1963 1334 2254 1402 majorem
2272 1334 2487 1388 utilita-

832 1416 946 1465 tem
980 1410 1288 1481 proferet?
1321 1416 1383 1467 Et
1404 1416 1802 1485 quandonam
1827 1420 1887 1472 in
1915 1422 2200 1476 omnibus
2257 1425 2363 1477 erit
2415 1424 2487 1476 si-

830 1497 957 1553 mul
982 1504 1038 1553 et
1065 1500 1229 1570 quod
1257 1502 1395 1556 utile
1418 1508 1503 1558 est
1524 1510 1579 1558 et
1608 1505 1774 1575 quod
1796 1507 2134 1576 jucundum
2158 1513 2185 1566 ?
2213 1515 2285 1566 Te
2343 1526 2485 1580 ergo

830 1585 1331 1643 aﬂlciatomnium
1351 1606 1561 1646 eorum
1580 1593 1655 1646 ad
1669 1610 1806 1665 quae
1830 1599 1882 1650 te
1900 1597 2170 1652 studeres
2182 1601 2485 1671 applicare

828 1673 1062 1730 lucrum
1095 1677 1292 1746 majus
1327 1683 1384 1733 et
1409 1680 1596 1735 multo
1622 1685 2025 1753 praestantius,
2079 1687 2310 1743 etiamsi
2362 1705 2485 1744 non

831 1762 1034 1818 valeas
1064 1780 1134 1819 ea
1160 1781 1295 1835 quae
1328 1773 1466 1821 sunt
1502 1768 1822 1826 invisibilia
1861 1774 2243 1846 introspicere
2287 1783 2344 1832 et
2394 1794 2487 1832 eo-

2216 403 2594 461 NICEPHORI
2622 404 2884 460 CHUMNI

825 542 1013 597 quam
1036 525 1116 581 illi
1149 527 1272 597 qui,
1305 528 1381 582 ad
1411 545 1642 584 ccenam
1688 534 2090 604 evangelicam
2119 530 2333 592 vocati,
2361 544 2488 583 sese
2521 533 2565 582 Α

1977 549 2090 588 :am
2119 530 2333 592 vocati,
2361 544 2488 583 sese
2521 533 2565 582 Α
2599 527 2885 594 κληθεῐσιν,
2943 527 3053 582 εἶτα
3102 551 3583 605 παραιτησαμενοις
3658 537 3728 606 (1)

4065 415 4089 468 1
4102 418 4210 471 524

3819 537 3902 590 ἐπὶ
3941 543 4207 612 προφάσε-

2601 635 2704 684 σιν,
2739 615 2899 689 ἀγροῦ
2923 621 3130 692 θέωρίᾳ,
3175 627 3264 672 καὶ
3319 625 3474 693 γάμῳ
3539 631 3801 694 γυναικός,
3862 633 3951 678 καὶ
4006 630 4205 697 ζευγῶν

2597 709 2745 756 πέντε
2800 712 3056 763 νεωνητων
3135 705 3445 782 δοκιμασίᾳ.
3511 718 3610 764 Καὶ
3685 717 3806 786 γὰρ,
3894 715 4068 789 ὥσπερ
4155 717 4204 767 ἐν

2599 792 2812 856 ἐκείνοις
2868 800 2962 846 ούκ
3028 796 3234 867 εὔλογος
3283 802 3312 855 ἠ
3388 805 3732 872 παραίτησις,
3807 801 3922 856 οὐδ’
3998 805 4202 856 ἐνταῦθ’

2598 883 2820 954 εὔλογος,
2852 884 2946 935 κᾶν
2999 888 3180 938 ὁποίαν
3248 907 3325 948 τις
3384 891 3452 949 ὡς
3509 887 3826 965 ίξαρκοῦσαν
3876 892 4203 966 ἐξαιρεῖσθαι

2596 970 2958 1043 προϐάλλοιτο,
3035 971 3244 1038 οὐδενὸς
3314 981 3453 1038 ὄντος
3529 985 3659 1050 μήτε
3752 979 4200 1055 λυσιτελεστέρου,

2597 1062 2723 1131 μήθ’
2785 1066 2895 1114 οἵου
2943 1065 3201 1134 μεθέλκειν
3250 1067 3596 1141 ἰσχυροτέρου
3659 1090 3749 1120 και
3830 1075 3956 1144 πρός
4048 1071 4204 1123 ἑαυτό

2601 1153 2831 1222 στρέφειν
2875 1156 2961 1203 τόν
3025 1161 3148 1223 γοῦν
3191 1155 3300 1226 μετ’
3347 1156 3644 1218 αἰσθήσεως
3715 1159 3786 1220 εἰς
3855 1166 3950 1216 τὴν
4019 1160 4204 1232 ἑορτήν

2598 1235 2939 1310 ἐπειγόμενον.
2990 1245 3054 1292 Τί
3108 1245 3209 1315 γὰρ
3278 1243 3338 1294 ἄν
3387 1248 3582 1307 ταύτης
3634 1266 3724 1298 και
3807 1252 4008 1318 γένοιτό
4078 1268 4205 1301 ποτε

2595 1331 2991 1401 τιμιωτερον;ἧ
3049 1335 3100 1381 τί
3153 1330 3309 1383 πλείω
3385 1338 3477 1390 τὴν
3561 1339 3740 1392 ὄνησιν
3815 1341 4055 1408 φέρονςῆ
4126 1347 4204 1408 τῷ

2596 1423 2695 1466 τῶν
2749 1416 2877 1467 ὅλων
2942 1419 3056 1470 κατ’
3109 1420 3220 1471 ἴσον
3278 1423 3406 1491 μετὰ
3471 1431 3562 1474 τοῦ
3627 1423 4012 1486 λυσιτελοῦντος
4087 1427 4201 1498 ἅμα

2595 1509 2886 1576 προσέσται
2935 1506 3062 1558 πολὺ
3116 1513 3204 1559 καὶ
3263 1513 3319 1559 τὸ
3356 1512 3734 1582 χάριέν;ὣστ’
3790 1513 3820 1571 ἣ
3877 1518 3935 1566 τὸ
4012 1513 4206 1588 κέρδος

2597 1590 2778 1643 έλκετω
2815 1612 2872 1644 σε
2896 1597 3100 1646 πάντων
3157 1599 3210 1648 ὃν
3263 1598 3441 1668 μεῖζον
3495 1605 3583 1651 καὶ
3648 1601 3816 1671 πολλῷ
3866 1604 4043 1674 μεῖζον
4100 1613 4205 1654 τῶν

2597 1679 2668 1751 ἐφ’
2725 1680 2760 1730 ἆ
2815 1678 3140 1746 σπουδάσεις
3201 1684 3625 1759 ἐνασχολομενος,
3671 1693 3726 1757 ἣ,
3768 1695 3839 1761 μὴ
3915 1688 4208 1764 δυνάμενος

2598 1772 2729 1842 πρὸς
2775 1780 2928 1823 τοῦτο
2983 1775 3224 1847 καθαρῶς
3301 1774 3495 1847 βλέψαι
3581 1776 3813 1851 ἀοράτως
3895 1781 4204 1852 ἐρχόμενον,

831 1867 964 1906 rum
981 1869 1116 1924 quae
1130 1855 1738 1924 parentsolummodo
1752 1862 2095 1918 consideres
2117 1865 2485 1937 voluptatem
2523 1875 2563 1928 Β

2453 1884 2485 1921 η
2523 1875 2563 1928 Β
2596 1860 2746 1927 γενοῦ
2796 1868 2884 1919 τῆς
2949 1871 3146 1933 τρυφῆς
3187 1869 3272 1914 καὶ
3348 1874 3439 1916 τοῦ
3493 1867 3712 1927 κάλλους
3765 1877 3862 1918 τῶν
3912 1872 4204 1942 ὁρωμένων,

830 1945 885 1995 et
915 1941 1445 2013 pulchritudinem,
1475 1946 1690 2002 choros
1725 1949 2346 2010 scilicetsacerdotum
2370 1972 2485 2011 cce-

830 2034 925 2083 tus
948 2031 1405 2099 monachorum,
1439 2034 1816 2109 aliorumque
1876 2043 2205 2111 permultas
2255 2050 2483 2100 turmas

831 2120 1082 2189 Virginis
1104 2120 1314 2175 laudes
1347 2125 1687 2180 canentium
1715 2144 1726 2181 :
1758 2129 1973 2184 horum
2002 2132 2270 2187 omnium
2299 2133 2485 2204 legiti~

2595 1951 2981 2019 χορούςίερέων
3011 1949 3235 2022 βλέπων,
3306 1958 3498 2029 χορούς
3555 1966 3846 2025 μοναστῶν,
3914 1960 4206 2031 όμηγύρεις

2595 2035 2752 2096 ἄλλας
2803 2043 2896 2095 τὴν
2957 2042 3213 2111 Παρθένον
3267 2043 3574 2114 ὑμνούντων,
3629 2049 3834 2097 πάντων
3897 2053 3992 2105 τὴν
4051 2048 4205 2100 εὐτα-

2595 2123 2727 2190 ξίαν,
2771 2129 2827 2177 τὸ
2863 2132 3044 2198 σεμνόν
3109 2131 3330 2196 πάντων,
3390 2137 3479 2184 xui
3519 2138 3613 2191 τὴν
3675 2139 3806 2209 πρὸς
3871 2141 3936 2188 τὰ
3984 2138 4208 2210 ούρανια

2591 2219 2839 2284 μίμησιν.
2873 2215 2937 2268 Ἀ
2971 2213 3029 2269 δὲ
3058 2223 3148 2270 καὶ
3203 2221 3313 2271 θεῖα
3365 2226 3455 2273 καὶ
3512 2225 3622 2296 ίερὰ
3676 2224 3802 2295 μέλη
3844 2232 3933 2277 καὶ
3963 2229 4203 2298 ᾅσματα.

833 2224 997 2263 mum
1025 2209 1318 2273 ordinem,
1337 2212 1690 2282 gravitatem
1709 2221 1925 2272 etcum
1957 2220 2294 2277 caelestibus
2323 2225 2479 2278 simi-

819 2295 1157 2354 litudinem.
1201 2300 1499 2363 Quantam
1540 2318 1680 2358 vero
1732 2304 1997 2361 laetitiam
2047 2314 2103 2364 et
2157 2311 2479 2383 voluptatis

822 2386 1260 2443 abundantiam
1283 2389 1608 2447 infundunt
1647 2394 1747 2465 pia
1768 2411 2056 2468 sacraque
2084 2401 2354 2456 carmina
2378 2402 2477 2457 Dei

819 2474 1103 2530 laudibus
1131 2477 1309 2548 plena
1340 2483 1395 2534 et
1434 2480 1874 2540 solemnitatem
1899 2486 2213 2544 addentia!
2261 2493 2474 2563 thuis

819 2570 908 2619 est
947 2565 1047 2636 qui
1071 2582 1132 2620 se
1164 2572 1386 2622 avertat
1420 2569 1498 2623 ab
1520 2570 1612 2624 his
1646 2573 1930 2629 omnibus
1971 2593 2107 2648 quae
2161 2579 2363 2634 audiet
2419 2587 2476 2635 et

819 2655 1335 2726 contemplabitur,
1353 2663 1416 2712 ut
1440 2659 1853 2716 rebuscteteris
1879 2663 2161 2721 libentius
2187 2668 2475 2726 inhaereat

817 2757 1003 2814 quam
1030 2743 1183 2799 festo
1214 2744 1353 2800 huic
1382 2747 1410 2801 ?
1432 2749 1616 2804 Nemo
1645 2751 1920 2807 omnium
1948 2769 2193 2824 prorsus
2229 2755 2241 2810 l

2590 2305 2683 2362 τὰς
2759 2304 2980 2368 αἱνέσεις
3061 2308 3374 2381 πληροῦντα,
3448 2322 3711 2384 κοσμοῦσι
3810 2321 3904 2372 τὴν
3995 2317 4198 2391 ἑορτὴν,

2587 2397 2739 2443 ποίαν
2792 2390 2989 2456 ἡδονῆς
3046 2397 3329 2471 ὑπερϐολὴν
3385 2398 3740 2473 ἀπολείπει;ἡ
3798 2409 3896 2472 τίς,
3936 2403 4036 2457 ἀπὸ
4095 2416 4201 2458 τῶν

2586 2485 2831 2534 τοιούτων
2877 2485 3218 2559 ἀκουσμάτων
3271 2489 3380 2561 οἶμα
3428 2496 3517 2542 καὶ
3584 2494 3851 2564 θεαμάτων
3922 2502 4196 2568 στραφεὶς,

2585 2572 2776 2642 ἕτεροις
2830 2572 3097 2644 ἀγαπήσει
3149 2577 3360 2648 μᾶλλον,
3415 2582 3483 2642 ὡς
3560 2577 3627 2638 δή
3711 2602 3823 2634 τισι
3908 2584 4194 2659 λαμπροῖς,

2585 2657 2748 2721 ἡδέως
2825 2669 3193 2735 προσανέχειν,
3253 2667 3281 2726 ἦ

2582 2745 2778 2812 οὐδείς.

3372 2671 3579 2740 τούτῳς
3622 2679 3720 2722 τῶν
3807 2673 4046 2725 ἀπάντων
4108 2678 4194 2744 2)

2657 2933 2756 2980 Καὶ
2788 2926 2856 2988 δή
2888 2951 2979 3003 μοι
3009 2931 3185 2984 λοιπὸν
3217 2931 3372 3007 δεῦρο
3422 2942 3525 2998 πᾶς
3573 2943 3666 3000 τὴς
3720 2937 3902 3011 ἑορτῆς
3952 2945 4196 3013 μετέχων

2581 3015 2629 3068 έν
2671 3017 2802 3091 αύτῇ
2844 3023 2911 3073 τὰ
2953 3023 3128 3074 εἰκότα
3173 3023 3458 3092 τελέσθητι,
3518 3025 3799 3098 ἁγνίσθητι
3846 3038 3906 3102 τῇ
3949 3037 4193 3103 νηστείᾳ,

887 2921 966 2975 De
997 2925 1208 2977 caetero
1237 2923 1385 2995 quid
1424 2925 1685 2998 amplius
1740 2927 1940 2985 dicam
1969 2931 1997 2986 ?
2028 2947 2140 3001 age
2189 2936 2473 2992 continuo

813 3006 947 3064 festi
973 3009 1320 3066 societatem
1351 3013 1591 3071 insume
1617 3022 1677 3072 ut
1702 3033 1928 3090 eaquae
1972 3020 2084 3092 ipsi
2141 3030 2281 3080 sunt
2329 3029 2471 3097 apta

812 3098 1149 3170 adimpleas
1174 3118 1186 3166 ;
1210 3103 1710 3175 expiarejejunio,
1732 3113 2125 3181 temperantia
2155 3114 2466 3182 mundare,

810 3193 868 3242 et
893 3189 1265 3244 sanctificare
1284 3192 1561 3263 precibus
1587 3212 1598 3248 :
1627 3196 1684 3250 in
1708 3198 1929 3265 gaudio
1958 3201 2246 3270 spirituali
2265 3204 2470 3259 omnia
2512 3234 2551 3289 ο

2446 3220 2470 3259 ει
2512 3234 2551 3289 C
2582 3197 2758 3252 σθητι·
2808 3199 2956 3250 πάντ’
3020 3203 3153 3252 ἔστω
3242 3223 3324 3255 σοι
3368 3210 3752 3278 ιπνευματικὰ,
3835 3219 4197 3281 πνευματικῆς

811 3275 915 3331 tibi
945 3277 1062 3331 sint
1101 3279 1320 3349 pariter
1352 3282 1702 3354 spiritualia,
1739 3288 1792 3340 Si
1827 3288 1991 3354 velis,
2029 3291 2311 3346 Davidem
2338 3293 2468 3348 imi-
2514 3275 2551 3289 υ

2440 3325 2468 3347 η-
2514 3275 2742 3347 υιιύσης
2771 3293 3249 3364 τῆςπανηγύρεως.
3286 3293 3342 3345 Εἰ
3396 3275 3575 3365 βούλει
3637 3293 3716 3364 δὲ,
3776 3303 3865 3348 xui
3927 3304 4191 3372 προσκίρ-

809 3368 934 3419 tare
948 3367 1164 3422 choros
1180 3367 1415 3426 saltanti
1427 3388 1520 3426 um
1534 3372 1845 3430 ducentem
1873 3392 1884 3441 ;
1912 3377 2196 3434 subsilien
2207 3386 2316 3434 tem
2331 3388 2467 3437 ante

2440 3399 2467 3437 θ
2578 3391 2738 3430 τησον
2796 3383 2890 3438 τῆς
2943 3377 3190 3449 κιϐωτοῦ,
3239 3387 3328 3434 καὶ
3396 3387 3658 3454 χόρευσον
3726 3384 3774 3436 ἐν
3852 3384 4191 3457 ἀγαλλιάσει,

809 3469 1012 3509 arcam
1050 3461 1105 3510 et
1137 3456 1928 3532 saltanteminjubilatione.
1952 3469 2014 3522 Et
2039 3469 2086 3522 si
2120 3468 2274 3524 fores
2305 3471 2363 3525 in
2379 3487 2467 3527 ex-

2437 3489 2467 3527 ;-
2576 3464 2893 3535 καθηγεμόνι
2950 3475 3048 3518 τῶν
3103 3467 3344 3540 ἀλμάτων
3402 3481 3472 3541 τῷ
3535 3470 3702 3525 Δαυὶδ
3755 3479 3833 3545 (3)
3893 3481 4188 3550 χρώμενος.

808 3544 1010 3598 tremis
1043 3550 1210 3601 terrae
1241 3564 1376 3602 cum
1397 3552 1682 3621 apostolis
1699 3569 1942 3610 accurre
1968 3577 1980 3620 ;
2007 3574 2115 3628 pro
2132 3565 2291 3615 certo
2304 3562 2463 3616 enim

813 3631 957 3685 mihi
989 3640 1095 3697 est,
1125 3635 1857 3711 eosinvisibiliteradesse,
1917 3643 2300 3718 hymnosque
2331 3664 2464 3718 pro-

805 3718 1054 3775 fundere
1076 3721 1480 3791 abundantes,
1497 3727 1798 3784 sicutolim
1815 3731 2012 3787 subito
2027 3749 2238 3789 omnes
2260 3737 2464 3792 adfue-

803 3813 941 3863 runt
970 3824 1038 3863 ex
1062 3810 1285 3867 ﬁnibus
1317 3818 1482 3869 terrae
1511 3825 1856 3873 accurentes
1886 3821 1962 3875 ad
1991 3822 2312 3879 solvendos
2342 3826 2461 3881 Vir-

805 3895 925 3963 gini
969 3896 1310 3954 funebrium
1339 3908 1576 3960 cantus.
1599 3907 1855 3977 Sequere
1877 3909 2462 3985 coryphaeosmeque

803 3985 1057 4042 chorum
1091 3988 1460 4063 derelinque,
1487 4010 1560 4048 ne
1597 3997 1852 4052 accedas
1882 4000 1956 4053 ad
1988 4003 2315 4072 nuptialem
2347 4005 2461 4060 do-

802 4091 968 4130 mum
999 4077 1125 4148 jam
1155 4079 1470 4148 reclusam,
1504 4089 1675 4152 etne,
1705 4087 1850 4142 dum
1900 4090 2058 4144 intus
2087 4091 2464 4152 celebrantur

803 4171 1009 4220 sancta
1033 4170 1341 4238 mysteria,
1377 4179 1498 4227 stes
1521 4176 1780 4229 exterius
1808 4177 2060 4248 pulsans
2093 4187 2149 4235 et
2195 4198 2459 4256 conque‘

799 4269 940 4308 rens
965 4257 1128 4327 quod
1172 4260 1509 4316 excludaris
1540 4280 1572 4317 a
1613 4263 1836 4322 laetitia.
1889 4273 2010 4335 Age
2067 4269 2275 4337 igitur;
2303 4279 2462 4330 certa

801 4343 1030 4399 bonum
1059 4352 1383 4415 certamen,
1417 4357 1552 4406 ante
1575 4359 1820 4409 caeteros
1843 4371 2163 4428 praecurre,
2192 4362 2460 4432 etjactu-

796 4449 923 4488 ram
957 4435 1146 4506 probe
1186 4437 1456 4508 edoctus,
1487 4441 1565 4496 ad
1597 4445 1836 4499 Matrem
1878 4448 2207 4504 Deiiterum
2240 4453 2460 4508 accede

797 4521 1146 4579 videndam.

2582 3101 2655 3157 δι’
2722 3106 3024 3182 ἐγκρατείας
3074 3114 3388 3186 καθάρθητι,
3447 3123 3563 3178 ταῖς
3638 3101 3964 3192 προσευχαῖς
4027 3101 4193 3191 ἁγία-

2579 3549 2683 3602 Κᾶν
2723 3551 2872 3624 τελῇς
2903 3555 2992 3618 εἰς,
3023 3558 3333 3628 ἕσχαταγῆς
3364 3563 3496 3631 μετὰ
3523 3569 3624 3612 τῶν
3657 3549 3955 3615 ἀποστόλων
3985 3561 4186 3638 δράμε·

2575 3642 2819 3713 πείθομαι
2873 3646 2972 3716 ’γὰρ
3037 3647 3226 3708 αύτούς
3290 3655 3380 3700 xui
3421 3649 3596 3720 πάλιν,
3671 3656 3823 3723 μόνον
3875 3659 3946 3724 μή
4002 3674 4190 3725 φαινο-

2573 3732 2776 3798 μένους,
2833 3729 3049 3806 ἀθρόους
3106 3734 3331 3807 ἀφῖχθαι
3389 3743 3479 3789 xui
3562 3741 3972 3812 συνερἹάζεσθαι
4059 3748 4192 3803 τούς

2572 3817 2784 3888 ὕμνους,
2853 3824 2919 3883 ὡς
2986 3823 3146 3874 πάλαι
3199 3825 3314 3876 ποτ’
3405 3828 3586 3898 αἴφνης
3642 3828 3696 3880 ἐκ
3763 3833 3996 3902 περάτων
4081 3841 4188 3903 γῆς

2575 3907 2900 3970 συνελθόντες
2925 3907 3058 3983 ᾖσαν
3114 3917 3234 3973 τούς
3289 3912 3521 3977 ἐξοδίους
3576 3919 3677 3988 (4).
3729 3923 3812 3977 Μὴ
3870 3929 3992 3991 γοῦν
4043 3921 4188 3974 ἁπο-

2571 3996 2783 4070 λειφθῇς
2808 4009 2904 4051 τῶν
2948 4007 3258 4074 κορυφαίων,
3330 4001 3469 4075 μηδὲ
3522 4012 3741 4059 κατόπιν
3793 4017 3889 4070 τῆς
3939 4013 4188 4085 χορείας,

2572 4083 2712 4156 μηδὲ
2742 4087 3060 4152 κλεισθέντος
3086 4100 3178 4142 τοῦ
3202 4102 3464 4165 νυμφῶνος
3529 4099 3607 4165 (5)
3661 4096 3832 4169 ἔλθῃς,
3885 4098 3938 4149 ἐυ
3984 4083 4025 4170 ᾧ
4087 4098 4188 4160 δη-

2571 4174 2740 4227 λονότι
2782 4186 2950 4230 ταῦτα
3003 4189 3104 4230 τῶν
3165 4183 3309 4252 ἱερῶν
3351 4183 3592 4249 τελεῖται,
3646 4191 3717 4257 μή
3769 4192 3951 4260 μείνῃς
3995 4190 4191 4251 ἓξῶθεν

2571 4269 2792 4337 κρούων,
2845 4275 2956 4319 εἶτα
3031 4273 3252 4321 σεαυτὸν
3333 4272 3622 4334 ταλανίζων
3693 4277 3772 4328 ὃτι
3843 4285 3934 4338 τῆς
4005 4287 4192 4352 χαρᾶς

2571 4354 2937 4418 ἁπεκλείσθης.
2996 4357 3096 4412 Ἴθι
3183 4358 3474 4424 σπούδαῖος
3539 4369 3634 4421 τὴν
3714 4366 3875 4424 καλὴν
3956 4366 4190 4440 ἅμιλλαν

2569 4444 2936 4517 ἁμιλλώμενος,
2983 4453 3073 4500 xui
3130 4454 3434 4523 προτρέχων
3485 4461 3586 4504 τῶν
3637 4447 3822 4522 ἄλλων,
3910 4463 4000 4509 xui
4090 4460 4190 4519 ζη-

2567 4554 2691 4604 μιαν
2735 4532 2788 4586 εὖ
2834 4533 2983 4597 εἰδὼς
3028 4546 3091 4610 τῇ
3138 4547 3230 4590 τοῦ
3281 4547 3415 4593 Θεοῦ
3471 4547 3648 4616 Μητρὶ
3716 4540 3953 4619 δεύτερος
4006 4548 4187 4619 ὀφθῆ-

2487 4634 2532 4686 D
2565 4643 2668 4678 ναι.

873 4699 950 4767 Si,
989 4717 1126 4757 cum
1157 4702 1382 4775 aliquid
1411 4722 1482 4761 ex
1509 4707 1600 4762 his
1631 4724 1766 4779 quae
1795 4710 1961 4766 aliter
1982 4713 2267 4780 relucent,
2325 4716 2457 4775 licet

2439 4726 2457 4775 ι
2636 4717 2697 4765 Ei
2719 4733 2770 4765 τι
2825 4722 2923 4766 τῶν
2980 4716 3161 4791 ἑτέρως
3212 4717 3478 4791 λαμπρῶν,
3555 4719 3723 4793 μηδὲν
3784 4719 3836 4775 δ’
3883 4727 4003 4776 οἱων
4051 4725 4185 4779 ἀπο-

794 4803 913 4844 non
941 4807 1076 4846 vere
1117 4793 1278 4850 ulilia
1308 4796 1442 4862 sint,
1477 4797 1577 4852 sed
1614 4815 1645 4853 e
1699 4808 1906 4856 contra
1959 4802 2125 4858 brevi
2186 4823 2453 4864 corrum-

795 4887 1036 4949 pantur,
1070 4881 1183 4936 sub
1213 4885 1480 4955 quadam
1507 4888 1700 4958 specie
1758 4890 2002 4946 honoris
2053 4899 2108 4948 et
2174 4894 2456 4953 bonitatis

794 4971 1150 5041 proponitur
1180 4974 1685 5045 participandum.
1728 4995 1848 5034 non
1905 4988 2073 5052 potes
2129 4985 2276 5056 quin
2317 4995 2455 5044 ante

2564 4805 2756 4855 νασθαι
2781 4809 3086 4879 χρησίμων,
3110 4806 3145 4857 ἅ
3180 4826 3233 4860 τε
3261 4813 3350 4860 καὶ
3406 4813 3548 4881 ταχύ
3615 4814 3978 4884 φθειρομένων,
4036 4814 4186 4868 ἀπα-

2563 4899 2763 4944 τῶντων
2853 4890 2902 4945 δ’
2989 4897 3129 4967 ὅμως
3193 4893 3261 4955 δὴ
3360 4918 3508 4951 τινων
3593 4907 3798 4973 τιμίων,
3897 4906 4184 4977 προύκειτο

2564 4983 3001 5056 μεταλαγχάνειν,
3044 4985 3102 5037 οὐ
3157 4985 3217 5038 ἂν
3272 4988 3504 5060 ἠνέσχου
3585 4994 3657 5062 μὴ
3753 4996 4001 5067 πρότερος
4080 5004 4183 5047 τῶν

2563 5161 2746 5216 stolos
2787 5161 2976 5234 Marias
3010 5162 3334 5234 moriturte,
3368 5164 3872 5234 imodormituraa,
3906 5177 3962 5226 et
3993 5173 4184 5229 caelos

2562 5233 2972 5309 assumendae,
2994 5233 3192 5309 subito
3207 5251 3333 5309 _nec
3360 5247 3749 5309 exspectatos,
3778 5233 3886 5296 nec
3922 5243 4052 5299 sine
4074 5247 4185 5300 ful-

2564 5305 2740 5360 minis
2771 5321 2837 5359 ac
2867 5306 3168 5380 turbinum
3199 5305 3757 5380 fragorefadstisse,
3785 5329 3854 5366 ac
3888 5313 4177 5372 feretrum

2563 5377 2618 5430 in
2648 5377 2930 5431 humeros
2953 5375 3496 5451 ςιυεῐυιὶεεθξῦμνόις
3524 5378 3614 5433 καὶ
3654 5375 3906 5456 φωτισμῳ
3929 5390 4184 5460 τὸησῶμα

2559 5455 2652 5526 τῆς
2701 5450 2958 5520 Παρθένου
3014 5452 3231 5521 πρόςτό
3271 5450 3451 5523 μνῆμα
3529 5450 3714 5526 τιμίὡς
3779 5450 3884 5508 κάἶ
3948 5450 4181 5522 Vnde-5;

2559 5517 2885 5584 ξοδευοντας.

2566 5630 2600 5676 .__
2732 5592 3058 5676 Respicitur
3088 5591 3383 5676 parabola
3405 5595 3822 5676 devirginibus
3843 5599 4176 5676 fatuiapud

2556 5664 2756 5721 Matth.
2788 5681 2911 5730 xxv,
2946 5667 3029 5733 lO,
3061 5663 3150 5716 καὶ
3182 5663 3421 5726 ἐκλείσθη
3451 5669 3480 5728 ἡ
3510 5663 3662 5745 θύρα.

971 5146 1114 5227 Vide
1151 5150 1366 5204 Lucam
1402 5167 1513 5217 XVI,
1542 5156 1605 5227 l6
1636 5170 1770 5227 sqq.

866 5221 943 5287 ('2)
992 5225 1462 5305 Α,⁴προσανέχειν·
1530 5225 1559 5282 ἢ
1599 5221 1771 5305 four-0
1828 5236 2061 5305 r_a'w_...
2151 5239 2207 5299 Β,
2287 5253 2454 5305 προσ-

793 5294 1021 5360 ανέχειν,
1058 5291 1087 5349 ἡ
1123 5291 1276 5344 τοῦτο
1326 5303 1522 5352 τῶν...
1593 5298 1785 5361 Quam
1843 5299 1953 5354 feci
2007 5291 2272 5358 correcto
2326 5291 2452 5359 sen-

792 5367 1034 5448 tentiam
1061 5363 1436 5435 probabilem
1471 5368 1640 5440 parit.
1679 5371 1824 5425 Puto
1849 5378 2050 5428 tamen
2101 5375 2262 5430 aliud
2303 5378 2451 5448 quid

791 5433 994 5488 latere.

861 5504 1298 5588 (3.)‘Respicitur
1337 5511 1600 5588 narratio
1655 5511 1876 5569 biblica
1924 5514 1993 5588 (ll
2046 5519 2183 5588 Reg.
2248 5520 2319 5588 vr)
2375 5521 2450 5576 de

788 5578 1011 5632 Davide
1043 5586 1178 5633 ante
1218 5596 1418 5636 arcem
1462 5582 1733 5641 saltante.

859 5648 937 5719 (4)
965 5652 1106 5705 Puto
1135 5650 1231 5706 hic
1275 5653 1441 5708 innui
1496 5653 1574 5709 ab
1624 5662 1865 5713 auctore

786 5721 1146 5781 dormitione
1175 5723 1476 5787 fubulum.
1505 5729 1717 5786 Narrat
1730 5729 1890 5786 enim

1961 5659 2077 5715 iam
2130 5661 2204 5718 de
2254 5663 2446 5719 Marias

1959 5746 2266 5806 ermanus,
2294 5751 2444 5809 apo-
