4434 6452
294 403 428 454 1525

291 521 445 575 ἆλλωι
468 523 637 579 δοκεῖν
670 530 1075 602 μεναλαγχάνειν
1116 556 1127 568 ο

290 612 458 683 πολλῷ
508 624 809 690 τιμιωτέρου
864 630 954 672 τοῦ
1040 634 1343 690 γιγνομένου
1425 627 1663 690 κερδους,
1752 630 1885 680 αλλ’.»

291 706 390 751 τινὶ
456 722 870 779 παραχωρησεις
925 713 1213 782 ἔμπροσθεν
1272 717 1728 788 καταλαμϐάνειν;
1800 726 1881 776 Μή

292 792 356 839 σύ
403 809 463 859 ’γε
510 796 729 861 πάντως,
781 816 804 847 ο
860 798 1089 867 φιλόθεος
1136 808 1223 853 καὶ
1273 804 1552 874 φιλέορτος,
1613 812 1700 859 καὶ
1787 817 1884 859 τῶν

287 876 453 928 καλῶν
510 878 808 952 ἐπιγνώμων
846 907 855 917 ·

1040 634 1343 695 γιγνομένου
1425 650 1508 702 κερ
1519 627 1612 680 δου
1624 652 1663 691 ς,

917 887 1041 947 ἀλλ’,
1110 889 1157 940 ἐν
1213 891 1459 951 αἰσθήσει
1543 904 1641 946 τῶν
1698 903 1884 969 παρόν-

285 984 383 1016 των
417 974 701 1040 γενόμενος,
734 992 903 1044 ταχύς
931 981 1117 1030 σύνεσο
1156 988 1261 1041 τοῖς
1293 982 1626 1054 τελούμενοις.

357 1149 463 1194 Νῦν
488 1152 629 1204 κοινὴ
660 1156 950 1226 πανήγυρις
982 1154 1295 1229 ἐπουρανίων
1347 1166 1434 1212 καὶ
1473 1170 1571 1211 τῶν
1624 1161 1879 1233 ἐπιγείων.

286 1236 391 1281 Νῦν
422 1234 611 1287 ἄνωθεν
651 1236 859 1308 ἄγγελοι
932 1250 1194 1307 κατιόντες
1241 1247 1349 1317 μεθ’
1407 1251 1550 1320 ἡμῶν
1608 1257 1881 1322 μίγνυνται

284 1337 383 1369 των
406 1319 685 1395 ἀνθρώπων
729 1348 738 1359 ·
778 1336 866 1379 νῦν
897 1332 1161 1404 ἄνθρωποί
1205 1341 1505 1406 προσιόντες
1556 1339 1625 1399 εὶς
1693 1346 1880 1393 ταυτὸν

286 1410 477 1464 ἡκὸυσι
507 1420 610 1473 τοῖς
643 1413 897 1485 αγγελοις,
932 1424 1021 1471 καὶ
1059 1429 1183 1492 μιᾶς
1216 1421 1283 1482 δὴ
1342 1444 1478 1487 τινος
1531 1430 1595 1487 ὡς
1645 1427 1727 1480 ἐπι
1786 1451 1879 1500 χο-

282 1501 426 1565 ρείας
460 1499 508 1550 ἓν
574 1498 770 1569 ᾄδουσι
827 1507 997 1577 μελος,
1080 1516 1174 1567 τὴν
1257 1515 1511 1583 Παρθένον
1584 1518 1873 1587 ὑμνοῦντες.

283 1590 389 1635 Νῦν
451 1593 540 1639 καὶ
598 1597 844 1662 Χριστός,
885 1600 1042 1665 μέσον
1104 1608 1202 1649 τῶν
1271 1602 1615 1673 ἑορταζόντων
1676 1611 1878 1678 γενόμε-

281 1692 382 1741 νος,
419 1696 485 1724 ων
515 1674 664 1728 οὐδέν
704 1681 797 1731 ούκ
858 1686 994 1735 ἔστιν
1047 1687 1288 1757 οὐμενοῦν
1336 1694 1491 1743 είπεῖν
1551 1696 1747 1762 μεῖζον,
1802 1697 1879 1747 5-3-

282 1767 477 1831 Λογίαις
505 1762 770 1835 ἀμείϐεται
831 1790 923 1829 την
993 1778 1261 1846 Παρθένον.
1319 1786 1425 1830 Νύν
1474 1781 1629 1841 αὐτὸς
1685 1786 1710 1834 ὁ
1750 1789 1880 1847 Θεὸς

1359 418 1446 471 DE
1468 416 1685 473 FESTO
1751 416 2198 473 DORMITIONIS
2231 420 2285 474 S.
2337 422 2571 475 MARIJE

1183 546 1269 587 νῦν
1329 536 1387 590 δὲ
1447 560 1691 592 τοσοντον
1750 546 1939 598 όντοςί

1920 547 1967 595 Α
1997 540 2141 594 alios
2169 543 2397 612 primus
2420 545 2636 607 gestias
2662 544 2719 597 in
2747 547 2977 613 partem
3008 542 3137 607 ejus
3194 541 3414 605 venire,
3478 558 3652 598 num-

3511 423 3645 474 1526

1996 631 2137 701 quid
2162 649 2320 687 nunc
2347 634 2473 687 aliis
2502 634 2760 688 dimittes
2784 638 3014 686 tantum
3052 632 3305 685 fructum
3365 634 3649 688 omnibus

1996 719 2171 787 longe
2223 724 2719 791 praastantiorem,
2777 722 3085 789 negligens
3137 719 3305 773 illum
3350 721 3647 792 imprimis

1993 808 2205 864 lucrari
2228 814 2255 865 ζ)
2294 813 2687 883 Nequaquam
2722 811 2801 865 ita
2828 812 2921 873 sit,
2946 824 2982 863 o
3010 808 3329 880 philothee,
3361 810 3461 881 qui
3486 810 3648 865 festis

1993 896 2307 953 delectaris
2328 904 2384 953 et
2416 899 2714 954 bonorum
2747 898 2972 969 probus
2999 912 3061 950 es
3092 895 3311 951 arbiter
3341 914 3354 961 ;
3380 897 3485 951 sed
3510 914 3646 953 cum

1993 1000 2238 1040 sensum
2272 987 2495 1042 habeas
2518 986 2920 1058 praesentium,
2945 984 3241 1039 bonorum
3273 985 3524 1056 impigre
3556 1002 3646 1041 as-

1992 1074 2163 1129 sistas
2198 1075 2697 1131 solemnitatibus.

2064 1167 2225 1218 Nunc
2256 1166 2415 1219 enim
2448 1166 2731 1221 festivitas
2748 1164 2916 1219 adest
2963 1163 3302 1217 communis
3352 1163 3645 1220 caelitibus

1991 1256 2046 1306 ct
2075 1254 2467 1309 terrestribus.
2494 1258 2658 1309 Nunc
2687 1253 2882 1323 angeli
2902 1253 3065 1307 ciues
3094 1253 3337 1323 superni
3356 1252 3430 1308 de
3480 1254 3643 1309 caelis

1990 1340 2418 1396 descendentes
2450 1344 2774 1397 miscentur
2794 1341 2969 1397 nobis
2996 1340 3345 1396 hominibus
3408 1358 3421 1396 :
3480 1357 3643 1397 nunc

1990 1429 2263 1484 homines
2301 1430 2692 1485 ascendentes
2754 1428 2982 1497 angelis
3040 1435 3382 1496 occurrunt,
3451 1435 3513 1485 ut
3581 1432 3641 1486 in

1991 1532 2178 1571 unum
2200 1518 2450 1573 chorum
2481 1519 2747 1584 adunati,
2784 1517 3034 1571 melodis
3058 1516 3305 1571 vocibus
3337 1524 3636 1588 canentes,

1988 1604 2198 1661 laudes
2211 1608 2702 1677 dicantVirginis.
2730 1610 2893 1662 Nunc
2910 1606 3090 1661 etiam
3121 1606 3386 1660 Christus
3404 1608 3640 1662 medius

1989 1695 2137 1748 inter
2164 1696 2379 1750 festum
2406 1696 2775 1751 celebrantes
2797 1694 3078 1750 laudibus
3099 1694 3320 1766 quibus
3347 1695 3493 1750 nihil
3513 1712 3640 1752 ma-

1988 1784 2363 1854 gniticentius
2392 1785 2506 1839 dici
2535 1790 2749 1856 potest,
2784 1786 2972 1837 vicem
2995 1783 3210 1849 Virgini
3239 1783 3448 1839 reddit.
3475 1787 3640 1841 Nunc

280 1855 491 1912 επιστάς
559 1860 649 1911 τὴν
696 1864 897 1927 μητέρα
960 1865 1342 1933 μετακαλεῖται,
1395 1874 1483 1919 καὶ
1554 1876 1647 1927 τὴν
1712 1888 1939 1939 πανα-[

1916 1888 1955 1939 Β
1986 1871 2111 1941 ipse
2147 1875 2297 1927 Deus
2337 1890 2368 1927 e
2407 1855 2557 1928 coelo
2616 1872 3041 1943 superveniens
3087 1874 3327 1927 Matrem
3377 1880 3640 1931 revocat.

277 1943 396 2031 7-iav
454 1945 646 2006 ταύτης
701 1946 887 2018 ψυχὴν
940 1950 987 2001 ἐν
1036 1962 1146 2015 τοῖς
1197 1955 1407 2018 κόλποις
1474 1957 1873 2031 ὑποδεξάμενος,

278 2044 344 2087 εις
411 2029 653 2101 οὐρανούς
698 2033 953 2109 ἀναφέρει,
1023 2049 1427 2115 προπεμπόντων
1489 2047 1711 2118 ἀγγέλων
1788 2058 1874 2103 καὶ

274 2120 367 2178 τὰς
389 2118 611 2183 αἰνέσεις
666 2125 1016 2197 πληρούντων.
1074 2139 1179 2183 Νῦν
1241 2136 1270 2191 ἡ
1337 2139 1587 2210 Ιῐαρῦένος
1653 2146 1741 2191 καὶ
1803 2150 1873 2211 τῷ

270 2212 472 2278 σώματι
524 2214 835 2281 μεθίσταται
896 2222 985 2281 μεν
1043 2223 1208 2291 ἡμῶν,
1275 2225 1365 2276 ούκ
1428 2226 1712 2297 ἀφίσταται
1790 2228 1871 2283 δὲ’

267 2305 474 2369 φρουρεί
507 2295 558 2350 δ’
598 2299 788 2355 ἀνωθεν
863 2308 1221 2363 ἐποπτεύουσα
1278 2310 1373 2385 διίι
1407 2316 1741 2389 uirium;qu
1792 2317 1874 2371 δεῖ

264 2389 355 2434 καὶ
414 2388 573 2458 ἡμᾶς,
633 2400 732 2441 τῶν
796 2393 957 2446 ἄλλων
1011 2402 1214 2451 πάντων

265 2472 414 2536 ὅλους
470 2486 563 2538 τῆς
614 2479 794 2551 ἑορτῆς
849 2488 1110 2556 γενέσθαι,

1707 2409 1870 2469 αὐτῆς

1651 2496 1870 2566 ψάλλον-

266 2582 377 2623 ms.
442 2565 907 2641 εὐχαριστοῦντας,
957 2579 1107 2629 πάνθ’
1164 2580 1262 2632 ὅσα
1322 2586 1443 2655 πρὸς
1511 2590 1665 2655 χρέος
1746 2590 1869 2657 ἡμῖν

265 2654 539 2708 ἧκεικατα
594 2677 651 2710 το
704 2657 926 2715 δυνατὸν
973 2668 1311 2739 πληροῦντας.
1387 2678 1484 2725 Καὶ
1540 2684 1664 2744 γοῦν
1706 2676 1867 2740 οὕτως

266 2758 447 2794 ισται.“

1310 2402 1609 2475 ἀφεμένους,

1203 2491 1577 2563 εὐφημοῦντας,

272 2919 317 2930 w
338 2837 403 2884 Σύ
440 2832 512 2899 δ’,
557 2839 596 2888 ὧ
649 2848 786 2893 Θεοῦ
850 2853 1032 2919 μῆτερ,
1080 2849 1297 2921 εύμένὼς
1368 2850 1555 2924 δέχου,
1617 2862 1705 2909 καὶ
1764 2868 1868 2919 τοῖς

264 2920 317 3021 ἐξ
358 2925 853 3021 ἓθουςΔοίκτιρμοῖς
910 2941 1181 3009 χρωμένη,
1237 2946 1387 3014 τρέπε
1430 2920 1562 3016 --μὲν
1641 2946 1862 3018 ἐχθρούς

263 3013 465 3102 ἀφανῶς
513 3013 819 3088 βάλλοντας,
880 3026 1014 3077 ὥστε
1062 3024 1228 3097 μηδὲν
1291 3032 1425 3102 ἡμᾶς
1479 3032 1531 3095 ἐξ
1584 3035 1860 3100 ἐπιϐουλῆς

260 3098 430 3151 αὐτῶν
481 3102 742 3177 μηδαμῶς
807 3109 1134 3181 βλάπτεσθαι
1203 3140 1214 3151 ·
1285 3124 1433 3192 τρέπε
1500 3120 1559 3175 δὲ
1628 3131 1748 3188 τούς
1809 3127 1859 3179 ἐν

260 3197 332 3257 τῷ
399 3203 596 3265 φανερῷ
661 3198 1028 3271 πολεμοῦντας,
1095 3212 1185 3258 καὶ
1249 3205 1343 3261 διὰ
1405 3217 1592 3274 παντὸς
1659 3212 1860 3269 δείκνυε
1899 3240 1939 3295 C

260 3281 379 3329 κενὰ
429 3285 778 3349 σκευάζοντας
828 3310 917 3341 και
972 3292 1285 3363 μελετῶντας
1359 3303 1510 3353 πάνθ’
1587 3305 1688 3355 ὁσα
1760 3302 1857 3362 δη-

260 3372 424 3419 Λονὸτι
454 3372 572 3423 καθ’
602 3376 747 3446 ἡμῶν
784 3382 1105 3441 σκευάζουσι
1149 3391 1238 3436 καὶ
1282 3387 1552 3458 μελετῶσι.
1621 3394 1860 3468 Σύντριϐε

257 3474 347 3506 και
373 3458 524 3520 τόξον
549 3468 650 3514 πᾶν
688 3467 805 3518 καθ’
837 3470 981 3540 ἡμῶν
1030 3472 1384 3547 ἐντεινόμενον,
1453 3483 1532 3549 (1)
1600 3502 1689 3534 και
1735 3458 1857 3557 ρόμ-

260 3550 414 3614 φαίαν
484 3558 787 3624 κινουμένην
836 3556 918 3610 ἐπὶ
990 3566 1108 3622 τούς
1152 3574 1419 3628 κινοῦντας
1465 3577 1667 3643 στρέφε.
1730 3580 1860 3645 Πρό-

259 3639 416 3693 στηθι
466 3635 712 3704 διηνεκὴς
776 3653 1075 3720 πρόμαχος,
1130 3659 1224 3711 τὴν
1276 3662 1371 3714 σὴν
1415 3661 1686 3713 ἐκτείνασα
1734 3684 1859 3736 κρα-

256 3728 406 3823 ταιάν
459 3727 639 3803 χεῖρα,
695 3754 783 3785 και
837 3735 995 3808 βάλλε
1052 3744 1193 3794 κάτω
1258 3747 1474 3817 κεφαλὰς
1564 3748 1855 3823 δυσμενων,

254 3815 371 3909 μεθ’
435 3836 567 3880 οτης
627 3829 721 3882 τῆς
782 3824 971 3895 ὕϐρεως
1034 3831 1156 3902 ὁρᾷς
1233 3836 1422 3887 ὁπόσον
1496 3838 1853 3909 ἐπαιρομίνας·

258 3899 398 3955 Ἰδου
432 3914 793 3997 σοιᾼπρόσιμεν
838 3917 988 3987 ἡμεῖς
1039 3920 1133 3970 ούκ
1185 3923 1259 3993 εφ’
1300 3926 1551 3997 ἅρμασιν,
1603 3927 1715 3981 οὐδ’
1777 3937 1856 3983 ἳπ-

254 4011 392 4053 ποις,
453 3992 570 4047 οὐδ’
636 4002 718 4052 επὶ
761 4003 997 4079 ῥομφαίᾳ
1044 4029 1131 4061 και
1174 4013 1362 4077 τόξοις,
1419 4014 1494 4067 ἐπ’
1546 4015 1719 4071 ούδενί
1758 4031 1855 4073 τὼν

252 4085 497 4135 τοιούτων
533 4090 727 4144 ἣκιστα
787 4093 1089 4169 θαρροῦντες
1121 4122 1132 4132 ·
1188 4105 1294 4153 ἐπεὶ
1348 4110 1436 4156 καὶ
1488 4111 1653 4180 μικρὰ
1688 4113 1856 4162 πάντα

252 4190 343 4221 και
364 4174 552 4242 φαῦλα,
593 4176 687 4229 κᾶν
715 4181 869 4234 ὁποῖά
907 4204 1006 4251 τις,
1068 4188 1163 4239 κᾶν
1213 4192 1385 4244 ὁπόσα
1444 4214 1524 4256 τις
1568 4200 1707 4256 εῖπη,
1766 4220 1855 4252 και

252 4260 537 4361 εἰςῃούδεν
597 4264 844 4341 ούδαμως
903 4274 1077 4347 ὀφελος
1140 4288 1247 4341 τοῖς
1286 4288 1357 4352 μὴ
1419 4293 1534 4347 ταῖς
1601 4259 1729 4361 πρός
1800 4294 1855 4340 σε

248 4349 440 4419 μᾶλλον
477 4353 708 4429 στερραῖς
762 4361 935 4414 ἐλπίσι
1026 4369 1493 4440 καθωπλισμένοις.
1553 4349 1647 4426 ἂν.
1705 4379 1853 4440 ἡμεῖς

250 4441 425 4502 πάσας
482 4447 565 4495 ἐπὶ
615 4450 672 4497 σε
728 4450 896 4513 καλῶς
946 4456 1164 4526 θέμενοι,
1224 4466 1295 4531 μὴ
1348 4467 1589 4535 πέσοιμεν
1653 4466 1705 4528 ἐξ
1762 4468 1852 4518 αύ-

249 4536 369 4593 τῶν,
401 4528 541 4601 μηδὲ
572 4541 844 4609 φανείημεν
875 4554 1314 4619 κατῃσχυμμένοι
1350 4572 1361 4583 ’

246 4625 460 4681 τοῦντας
522 4628 569 4675 έν
635 4635 788 4680 παντί
854 4637 1029 4705 χρόνῳ

1026 4369 1493 4444 καθωπλισμένοις.
1553 4376 1612 4426 ἆν

1415 4549 1572 4605 δίδου
1620 4552 1678 4607 δὲ
1726 4576 1853 4628 κρα-

1124 4636 1360 4713 φαιδρως
1460 4650 1853 4717 πανηγυρίζειν,

246 4726 338 4758 και
366 4708 525 4767 τήνδε
558 4719 652 4771 τὴν
720 4718 901 4789 ἑορτὴν
969 4722 1289 4780 ἁκατάλυτον
1348 4728 1476 4784 εἶναι
1529 4731 1689 4787 δίδου
1762 4734 1855 4788 διὰ

245 4805 435 4863 παντὸς
470 4804 678 4869 αἰῶνος.

318 4983 395 5075 (ί)
420 4985 773 5075 ΒοεΡὶοἱῐιιῐχ
790 4992 877 5075 Ps.
911 5009 1098 5075 )rx_xvr,
1138 5001 1219 5064 14,
1261 5001 1642 5075 [5,Ῥομφαίαν
1691 5009 1850 5058 ἐσπά-

247 5070 397 5121 σαντ,
450 5061 499 5109 οἱ
535 5061 863 5132 ἁμαρτωλοίο
914 5061 1161 5121 ἐνέτειναν
1205 5061 1350 5133 τόξον
1410 5061 1577 5126 αύτὼν
1792 5085 1832 5130 Η

1986 1970 2042 2018 et
2079 1962 2209 2033 ejus
2238 1964 2620 2034 purissimam
2655 1963 2987 2033 suscipiens
3028 1963 3297 2017 animam
3329 1963 3389 2016 in
3418 1963 3637 2019 ccelum

1985 2054 2191 2120 elevat,
2225 2055 2453 2121 angelis
2482 2052 2917 2108 deducentibus
2950 2068 3085 2106 eam
3139 2052 3198 2107 in
3257 2052 3635 2109 multitudine

1982 2142 2254 2197 laudum.
2282 2146 2445 2197 Nunc
2469 2144 2641 2211 Virgo
2680 2142 2858 2196 etiam
2880 2141 3111 2213 corpori
3130 2146 3334 2196 nostro
3359 2143 3634 2213 proxima

1982 2232 2355 2286 constituitur
2386 2250 2400 2301 ;
2430 2246 2739 2301 nunquam
2763 2230 2921 2284 enim
2957 2245 3066 2283 nos
3098 2229 3302 2293 oblita,
3353 2230 3427 2285 de
3484 2231 3632 2287 coelo

1980 2319 2591 2391 despicitetcustodit
2620 2320 2678 2373 in
2734 2318 2970 2374 saacula.
3024 2321 3188 2373 Nunc
3246 2333 3386 2389 ergo
3461 2335 3634 2390 opor-

1981 2416 2058 2464 tet
2086 2416 2149 2464 ut
2198 2426 2330 2473 nos,
2384 2410 2610 2465 caeteris
2662 2408 2945 2464 omnibus
2983 2408 3419 2480 prmtermissis,
3466 2410 3631 2466 omni

1980 2498 2271 2554 festivitati
2294 2499 2578 2553 interesse
2601 2497 3026 2559 acclamantes,
3046 2495 3385 2567 psallentes.
3412 2498 3634 2565 gratias

1979 2593 2245 2657 agentes.
2277 2586 2475 2641 ofﬁcio
2503 2591 2705 2642 nostro
2728 2586 2811 2641 sic
2836 2601 2945 2657 pro
2966 2600 3147 2657 posse
3178 2584 3631 2655 satisfacientes,

1978 2677 2313 2747 fungentes.
2351 2680 2416 2732 Et
2437 2682 2591 2731 certe
2622 2676 2704 2731 sic
2735 2676 2862 2731 erit.

2051 2858 2138 2912 Tu
2163 2874 2324 2922 vero,
2367 2874 2403 2913 o
2430 2860 2607 2913 Mater
2630 2857 2748 2918 Dei,
2782 2856 3039 2926 benigne
3098 2871 3208 2911 nos
3260 2857 3515 2928 suscipe,
3577 2862 3634 2913 et

1980 2945 2166 3002 solitae
2199 2962 2430 3002 memor
2459 2946 2709 3016 pietatis,
2736 2945 2938 3000 hostes
2976 2944 3234 3015 proﬂiga
3254 2945 3358 3016 qui
3398 2960 3509 3000 nos
3547 2944 3630 3001 la-

1979 3041 2166 3091 tenter
2197 3035 2515 3103 lacessunt,
2542 3051 2615 3090 ne
2666 3050 2937 3106 unquam
2991 3049 3062 3088 ex
3123 3049 3333 3089 eorum
3399 3034 3631 3089 insidiis

1981 3124 2206 3179 malum
2238 3124 2501 3179 feramus
2532 3128 2588 3179 et
2616 3123 2908 3178 damnum
2946 3139 2960 3187 ;
3000 3122 3229 3194 dissipa
3258 3138 3503 3195 quoque
3530 3140 3633 3179 eos

1979 3229 2117 3268 cum
2130 3214 2442 3269 manifeste
2457 3219 2749 3285 pugnant,
2768 3213 2819 3267 in
2834 3211 3119 3268 omnibus
3137 3211 3460 3268 ostendens
3472 3228 3632 3270 vana

1979 3318 2106 3357 esse
2138 3319 2271 3373 quae
2303 3308 2517 3373 parant
2547 3308 2602 3357 et
2623 3301 2949 3357 moliuntur
2978 3306 3185 3356 contra
3206 3316 3316 3357 nos
3345 3301 3632 3359 continuo

1979 3396 2035 3446 et
2062 3391 2326 3462 undique
2350 3392 2744 3461 insurgentes.
2787 3397 3001 3444 Arcum
3058 3388 3365 3458 confringe
3424 3394 3633 3445 contra

1979 3496 2089 3535 nos
2120 3480 2431 3549 intentum,
2461 3486 2518 3535 et
2551 3479 2819 3549 gladium
2851 3495 2973 3550 quo
2995 3478 3253 3550 petimur
3300 3483 3508 3534 contra
3554 3479 3634 3533 vi-

1979 3568 2221 3624 brantes
2238 3569 2401 3639 ipsos
2427 3574 2725 3623 converte.
2753 3567 2933 3623 Nobis
2952 3566 3161 3622 adesto
3194 3572 3477 3623 constans
3500 3582 3635 3639 pro-

1980 3660 2297 3729 pugnatrix
2326 3665 2381 3713 et
2409 3664 2680 3729 patrona,
2700 3657 3025 3712 extendens
3046 3661 3349 3728 potentem
3376 3673 3627 3713 manum

1979 3753 2141 3803 tuam
2169 3755 2230 3802 ut
2250 3754 2521 3803 conteras
2542 3748 2740 3819 capita
2761 3746 3144 3802 insolentium
3162 3746 3452 3815 hostium,
3476 3764 3631 3818 quos

1976 3838 2143 3891 vides
2163 3838 2387 3893 malitia
2405 3854 2512 3893 sua
2531 3843 2587 3892 et
2604 3836 2889 3908 superbia
2904 3851 3089 3908 supra
3103 3834 3351 3891 modum
3366 3835 3628 3893 inﬂatos.

1978 3929 2118 3981 Ecce
2141 3927 2244 3982 tibi
2273 3929 2643 3982 occurrimus
2674 3942 2792 3982 non
2859 3926 2917 3981 in
2971 3924 3267 3993 curribus,
3324 3941 3521 3998 neque
3568 3927 3630 3982 in

1975 4016 2167 4087 equis,
2192 4032 2387 4087 neque
2404 4017 2463 4071 in
2488 4016 2707 4084 gladio,
2749 4030 2942 4086 neque
2958 4015 3016 4070 in
3031 4014 3328 4084 sagittiset
3346 4014 3627 4087 arcubus,

1975 4105 2033 4159 in
2058 4105 2220 4161 nullo
2242 4122 2449 4161 eorum
2473 4105 2565 4160 vel
2583 4106 2899 4161 minimum
2914 4104 3296 4171 conﬁdimus,
3313 4104 3465 4161 adeo
3492 4110 3632 4162 sunt

1976 4210 2165 4266 parva
2193 4202 2248 4249 et
2281 4195 2501 4251 debilia
2527 4200 2672 4267 quot
2702 4200 2757 4249 et
2787 4200 3256 4267 quantacunque
3285 4194 3421 4266 quis
3448 4193 3630 4263 dicat,

1974 4294 2030 4339 et
2058 4286 2190 4356 ipsa
2213 4291 2349 4340 sunt
2370 4285 2546 4356 plane
2596 4285 2828 4341 inutilia
2893 4284 3005 4339 illis
3071 4284 3172 4356 qui
3233 4300 3353 4339 non
3410 4283 3628 4339 ﬁrmis-

1974 4376 2127 4430 sima
2150 4392 2251 4446 spe
2276 4377 2334 4430 in
2371 4383 2535 4430 tuum
2569 4375 2857 4430 auxilium
2888 4374 3355 4444 prmcinguntur.
3391 4376 3455 4429 Et
3495 4390 3628 4443 nos,

1974 4466 2318 4538 plenissime
2340 4470 2398 4520 in
2418 4472 2467 4521 te
2482 4466 2689 4521 conﬁsi
2702 4511 2715 4535 ,
2731 4482 3045 4537 nunquam
3061 4465 3412 4536 dejiciemur
3425 4466 3503 4521 ab
3516 4467 3629 4538 eis,

1896 4596 1938 4649 Ο
1972 4572 2169 4627 neque
2191 4558 2328 4612 victi
2352 4556 2804 4629 apparebimus.
2845 4558 3009 4610 Dona
3032 4570 3174 4624 ergo
3200 4560 3263 4610 ut
3283 4560 3631 4612 constanter

1976 4662 2079 4716 per
2118 4662 2296 4701 omne
2329 4651 2566 4717 tempus
2591 4652 2875 4700 statutum
2901 4644 3213 4716 splendide
3252 4644 3627 4700 celebremus

1974 4735 2085 4789 hoc
2109 4735 2347 4801 festum,
2365 4742 2419 4789 et
2438 4751 2540 4806 per
2555 4735 2753 4806 ipsum
2771 4735 2831 4789 in
2847 4734 3063 4789 festum
3076 4735 3630 4791 aeternumtransire

1972 4840 2077 4896 per
2102 4825 2307 4881 omnia
2337 4827 2576 4882 secula.

1967 5009 2199 5081 ρομφαία
2246 5007 2414 5059 αύτών
2473 5006 2690 5059 εἰσέλθοι
2740 5026 2805 5066 εις
2840 5012 2933 5063 τὴν
2975 5002 3199 5079 καρδίαν
3231 5006 3401 5056 αὐτῶν
3430 5024 3519 5055 και
3560 5002 3626 5056 τὰ

1968 5067 2094 5141 τόξα
2115 5080 2281 5130 αὐτῶν
2315 5078 2610 5151 συντριϐείη
2623 5122 2633 5132 .
