4434 6452
2164 653 2312 697 ANNO
2356 653 2550 698 DOMlNl
2595 654 2855 697 HCCLXIV.

1761 827 2481 956 ΔΙΑΤΑΞΙΣ
2618 839 3203 956 ΚΥΠΡΙΑ

1325 1260 2867 1440 ΑΛΕΧΑΝΔΡΟΥ
3014 1263 3676 1440 ΠΑΠΑ

2052 1590 2295 1681 ΤΟΥ
2366 1591 2952 1681 ΤΕΤΑΡΤΟΥ

1684 1998 2655 2125 CONSTITUTIO
2758 2000 3296 2123 CYPRIA

1236 2274 2620 2445 ALEXANDRI
2736 2278 3413 2443 ΡΑΡᾸΕ
3531 2278 3782 2443 IV

1115 2568 1394 2631 GR/ECE
1456 2570 1748 2631 PRIMUS
1809 2571 2087 2645 EDIDIT,
2144 2572 2427 2632 LATINE
2489 2570 2851 2633 REDDIDIT
2910 2570 3010 2632 AC
3066 2570 3291 2633 NOTIS
3344 2570 3856 2633 lLLUSTRAVIT

1713 2761 2494 2850 VINGBNTIUS
2556 2760 3288 2848 RICCARDUS

2307 2959 2484 3008 CLER.
2538 2960 2679 3008 REG.

1615 3277 1844 3350 (Roma
1901 3277 2243 3337 excudebat
2297 3278 2639 3353 Stephanus
2692 3278 2977 3339 Paulinus
3034 3280 3397 3350 MDCXXXVI)

2094 3624 2579 3671 EMINENTISSIMO
2638 3625 2904 3671 PRINCIPI

1450 3759 1781 3807 FRANCISCO
1828 3759 2199 3818 BARBERINO,
2252 3757 2308 3806 8.
2361 3761 2421 3807 R.
2474 3761 2535 3807 Ε.
2587 3761 2913 3807 CABDINALI
2958 3758 3528 3808 VICECANCELLARIO.

878 3968 1247 4036 Incredibili,
1300 3972 1364 4024 ut
1410 3982 1531 4039 par
1567 3973 1717 4035 erat,
1749 3967 2230 4028 Eminentissime
2264 3970 2570 4041 Princeps,
2615 3970 2697 4027 ad
2740 3970 3151 4042 vestigantium
3188 3972 3537 4042 sagacitate,
3574 3979 3627 4029 te
3687 3976 3932 4029 auclore
3977 3972 4194 4041 perlu-

803 4061 1073 4119 strabam
1113 4061 1175 4115 in
1220 4059 1641 4129 Altempsiana
1680 4058 2036 4117 bibliotheca
2075 4060 2419 4117 Grmcorum
2476 4060 2872 4133 Euchologia,
2928 4067 2995 4117 ut
3031 4077 3163 4134 quas
3218 4063 3283 4117 in
3346 4063 3635 4133 impressa
3676 4063 4076 4133 irrepserunt,
4116 4078 4199 4120 ea:

804 4152 948 4223 ipsis
996 4148 1442 4219 exemplaribus
1479 4148 1717 4219 percipi
1759 4156 1997 4219 possent
2028 4156 2281 4221 errata;
2322 4166 2455 4207 cum
2487 4166 2638 4220 ecce,
2676 4152 2819 4207 dum
2857 4151 3052 4208 alacri
3077 4158 3470 4225 promptaque
3518 4152 3692 4208 vultu
3756 4151 3868 4206 huc
3924 4152 4201 4225 illucque

804 4240 1007 4298 omnia
1055 4238 1427 4310 pervolvens,
1464 4238 1761 4295 emissitiis
1819 4240 2320 4311 circumspectans
2363 4241 2551 4297 oculis
2597 4240 2888 4311 intuerer,
2923 4256 2986 4298 se
3023 4242 3198 4312 o/l‘ert
3250 4242 3313 4296 in
3363 4242 3587 4312 Cyprio
3639 4242 3897 4313 quodam
3957 4248 4199 4299 vetusto

803 4329 1171 4398 Euchologio
1210 4327 1468 4394 Διάταξις,
1504 4327 1864 4384 Constitutio
1911 4329 2257 4385 Alexandri
2304 4330 2639 4399 Pontiﬁcis,
2690 4332 2819 4401 ejus
2880 4330 3136 4387 nominis
3183 4332 3410 4403 quarti.
3455 4330 3607 4387 Eam
3652 4333 3812 4388 mira
3867 4332 4201 4388 alacritate

796 4422 1134 4493 perlegens,
1167 4420 1356 4476 sentio
1400 4434 1506 4475 nec
1542 4419 1758 4476 Latine
1793 4433 1901 4476 nec
1938 4420 2139 4476 Grece
2169 4420 2475 4493 hucusque
2522 4420 2765 4486 editam,
2820 4420 2939 4476 imo
2972 4436 3078 4477 nec
3111 4421 3175 4476 in
3212 4421 3575 4489 Pontiﬁcum
3614 4420 3849 4492 quidem
3914 4427 4199 4479 notatam

805 4510 977 4581 actis,
1028 4524 1161 4582 qua
1209 4514 1408 4565 tamen
1447 4523 1735 4565 summam
1783 4509 2068 4565 Romana:
2106 4511 2261 4567 sedis
2304 4511 2369 4565 in
2416 4509 2648 4565 ercos
2688 4514 2741 4565 et
2793 4509 2985 4579 Cypri
3021 4511 3285 4566 insulam
3314 4512 3733 4566 auctoritatem
3765 4511 4058 4581 locupleti
4081 4518 4198 4569 tes-

806 4600 1052 4657 timonio
1098 4598 1346 4669 prodat,
1393 4613 1465 4655 ac
1503 4600 1798 4671 pleraque
1848 4599 2263 4655 ecclesiasticis
2306 4599 2615 4669 incognita
2654 4599 3044 4668 scriptoribus
3088 4599 3346 4669 pandat.
3389 4600 3481 4657 Ne
3527 4605 3727 4656 autem
3756 4600 3882 4657 alto
3958 4600 4197 4657 diutius

804 4689 1037 4747 obtecta
1064 4688 1303 4745 silentio
1353 4686 1626 4743 interiret
1654 4702 1923 4758 prorsus,
1947 4704 1985 4744 a
2003 4695 2299 4759 perpetua
2324 4687 2620 4744 oblivione
2640 4688 2976 4757 vindicans,
3001 4690 3273 4745 Latinam
3304 4704 3333 4745 e
3352 4689 3558 4746 erco
3583 4689 3919 4758 exemplari
3936 4690 4198 4747 reddere

806 4778 1015 4845 statui,
1034 4777 1426 4848 pristinzque
1446 4777 1675 4833 Latina
1712 4777 2052 4848 integritati
2076 4793 2182 4849 pro
2211 4777 2439 4834 viribus
2460 4779 2761 4836 restiture.
2796 4777 2869 4834 Ut
2890 4793 3027 4835 vero
3051 4779 3307 4834 venatici
3328 4778 3494 4835 canis
3537 4785 3740 4848 partes
3779 4794 4043 4851 agerem,
4072 4796 4194 4852 quo

805 4868 1046 4926 nomine
1091 4882 1131 4924 a
1162 4865 1536 4923 sanctissimo
1566 4872 1790 4936 patruo
1835 4873 1935 4921 tuo
1991 4866 2232 4923 Urbano
2272 4866 2387 4922 VII
2424 4882 2518 4923 me
2545 4866 2686 4923 olim
2722 4867 3168 4924 cohoneslatum
3219 4868 3437 4935 recolo,
3484 4867 3565 4924 ad
3605 4874 3735 4924 tuos
3792 4868 3970 4938 pedes
4022 4870 4200 4926 unici

804 4958 1034 5015 domini
1099 4957 1212 5013 mei
1273 4962 1330 5013 et
1390 4955 1714 5028 singularis
1780 4958 2052 5026 patroni,
2110 4956 2209 5011 cui
2270 4962 2489 5012 cuncta
2546 4970 2621 5012 ex
2685 4970 2886 5012 animo
2941 4962 2993 5013 et
3049 4957 3344 5026 polliceor
3401 4963 3453 5013 el
3526 4958 3842 5027 proﬁteor,
3912 4960 4193 5029 pradam

807 5053 910 5104 tuo
970 5048 1211 5103 nomine
1250 5051 1493 5116 partam
1546 5050 1601 5101 et
1657 5051 1896 5101 auctam
1939 5046 2103 5100 ultro
2152 5045 2357 5115 defero
2396 5046 2651 5101 illaesam
2690 5051 2744 5100 et
2796 5044 3020 5116 offero;
3077 5061 3258 5117 quam
3306 5061 3427 5102 non
3474 5046 3649 5101 modo
3707 5060 3815 5102 suo
3858 5048 4047 5117 ipsius
4105 5063 4197 5104 ve-

808 5140 914 5195 lim
954 5138 1221 5208 pondere
1261 5136 1507 5207 pendas,
1568 5150 1775 5192 verum
1824 5136 2004 5191 etiam
2054 5136 2338 5191 novitatis
2390 5140 2683 5190 momento
2746 5149 2929 5206 eoque
2980 5135 3264 5193 maximo.
3317 5135 3677 5193 Constitutio
3725 5136 3841 5192 ista
3912 5138 4198 5208 lucifuga

804 5228 1048 5286 Latium
1109 5228 1319 5283 natale
1382 5226 1596 5294 solum,
1645 5226 1707 5280 in
1773 5240 1889 5296 quo
1953 5226 2160 5294 fuerat
2217 5226 2400 5293 edita,
2453 5229 2711 5281 verterat
2773 5225 3008 5297 lateque
3056 5226 3320 5294 spatiata
3375 5224 3595 5280 abditis
3652 5226 3715 5280 in
3762 5225 3930 5281 silvis
3997 5229 4201 5283 sinuo-

805 5319 1002 5391 sisque
1060 5318 1126 5374 in
1184 5318 1401 5386 antris,
1442 5316 1759 5371 immutata
1813 5314 2034 5386 eloquii
2067 5315 2290 5385 forma,
2340 5329 2400 5371 se
2452 5319 2777 5383 receperat,
2841 5313 3054 5370 sensim
3114 5314 3347 5370 Latinis
3392 5316 3627 5383 pariter
3659 5329 3731 5371 ac
3788 5316 4013 5372 Graecis
4050 5318 4204 5373 invi-

804 5423 892 5466 sa.
944 5407 1505 5465 Perscrutabundus
1564 5403 1873 5473 oberrans,
1969 5405 2430 5473 prtelucescente
2459 5403 2532 5459 E.
2588 5405 2674 5467 T.,
2716 5402 2779 5457 in
2813 5404 3228 5473 Altempsiana
3263 5404 3491 5473 agresti
3511 5403 3617 5460 illa
3648 5405 3996 5461 Graecorum
4032 5407 4201 5463 codi-

806 5514 943 5556 cum
964 5498 1200 5555 inculta
1230 5498 1400 5565 silva,
1460 5495 1813 5565 introspicio
1867 5495 2188 5564 peregrino
2224 5508 2351 5551 eam
2386 5495 2726 5550 latitantem
2762 5492 2971 5548 habitu
3001 5495 3255 5563 reperio,
3285 5491 3513 5564 Cyprio
3537 5494 3695 5549 velut
3721 5494 3782 5548 in
3801 5496 3988 5567 saltu,
4024 5502 4202 5554 senti-

804 5604 935 5646 coso
955 5588 1063 5645 illo
1096 5588 1331 5659 Cypriis
1348 5586 1658 5657 familiari
1684 5598 1865 5655 eoque
1910 5585 2241 5654 asperrimo
2267 5586 2395 5655 ejus
2426 5585 2707 5653 temporis
2747 5583 2950 5641 Greco
2978 5590 3296 5641 exaratam
3332 5585 3603 5655 eloquio;
3638 5585 3810 5653 rapio
3850 5586 4044 5653 illico,
4068 5590 4199 5647 des-

806 5678 993 5749 cribo,
1022 5679 1236 5736 Latine
1272 5677 1478 5741 reddo,
1554 5677 1973 5745 integramque
2020 5674 2311 5743 praedam,
2341 5673 2735 5732 observantia
2760 5689 2905 5731 mea:
2927 5673 3204 5748 indicem,
3238 5674 3658 5732 benevolentiae
3687 5680 3807 5732 tua:
3842 5676 4092 5746 illicem,
4120 5682 4175 5737 E

811 5767 882 5828 Τ.
918 5769 1194 5842 protinus
1237 5768 1435 5837 trado,
1480 5769 1546 5823 ut
1588 5762 1958 5838 postliminio
1997 5778 2076 5821 ex
2114 5769 2172 5822 te
2207 5765 2524 5823 universus
2571 5779 2701 5823 eam
2740 5764 2994 5837 excipiat
3039 5765 3221 5836 orbis,
3248 5771 3303 5822 et
3345 5778 3422 5824 ex
3450 5768 3550 5821 tuo
3576 5765 3812 5836 pariter
3843 5767 4194 5827 admiretur
