4434 6452
312 412 446 469 1529
1306 405 1712 468 ALEXANDRI
1753 406 1823 463 IV
1862 406 2063 465 CONS’]

1929 406 2317 465 )NSTITUTIO
2357 408 2635 468 CYPRIA.
3518 405 3680 469 1530·

311 534 715 607 suseipiatque
773 532 1033 599 nomine,
1090 534 1297 604 fausto
1364 535 1571 606 utique
1628 533 1930 604 felieique.
1987 532 2229 602 Aspiret
2292 534 2449 591 Deus
2512 536 2533 601 .'
2592 532 2839 593 Interim
2907 531 3181 589 demittat
3216 544 3275 587 se
3334 531 3655 600 paululum

311 626 496 691 E.T.,
532 625 937 681 laxamentum
965 623 1161 693 capiat
1215 638 1517 689 curarum,
1578 628 1633 679 et
1701 622 1939 679 blandis
2003 624 2343 680 litterarum
2396 626 2707 681 lenociniis
2755 624 3042 680 animitus
3104 621 3441 677 blandienti
3478 622 3661 691 plau-

310 715 413 777 dat
446 714 649 771 catulo
697 727 769 769 ac
797 713 974 783 longo
984 714 1119 782 jam
1151 712 1357 770 labore
1377 714 1553 783 fessa,
1607 712 1974 785 deeiduoque
2027 713 2243 769 sudore
2286 718 2534 784 gravato
2574 718 2629 770 et
2690 712 3011 769 anhelanti
3055 714 3333 767 occurrat
3386 710 3656 781 benigne,

308 805 617 875 ipsumque
635 804 875 873 pariter
898 816 971 859 ac
984 802 1257 872 praedam
1286 805 1414 873 ejus
1440 817 1515 860 ea:
1534 818 1635 859 ore
1656 802 2007 872 pendentem
2033 803 2486 874 gratulabundo
2508 804 2682 861 vultu
2707 802 3015 874 passisque
3066 801 3230 859 ulnis
3281 800 3658 871 amplectere.

378 929 431 988 E
457 930 629 989 domo
650 930 706 987 S.
728 929 986 990 Andreas
1009 929 1081 989 de
1119 929 1289 989 Urbe.
1328 930 1585 990 Kalend.
1617 930 1815 999 Febr.,
1842 944 2004 987 anno
2048 933 2206 994 £636.

2247 1055 2321 1119 E.
2360 1056 2425 1113 T.
2456 1055 2831 1115 humillimus
2850 1069 3057 1114 seruus

2181 1182 2334 1239 VINC.
2404 1183 2743 1250 thcuous,
2814 1181 2972 1247 Cler,
3030 1180 3173 1252 Reg-

319 1370 1387 1407 ﬁ

1394 1389 3632 1417 ———-————--———!————————-p————————-—_

761 1564 1127 1705 GON
1141 1563 2144 1706 STITUTION
2155 1565 2327 1706 IS
2429 1564 3201 1707 CYPRUE

1766 1844 2240 1941 HISTORIA

741 2059 1261 2127 AVINCENTIO
1308 2058 1763 2139 RICCARDO,
1810 2060 2173 2128 CLERICO
2218 2062 2689 2141 REGULARI,
2732 2061 3222 2133 ADORNATA.

2061 2284 2143 2303 φ

374 2438 623 2510 Cyprus,
656 2436 989 2510 Pamphylii
1028 2436 1210 2495 maris
1251 2435 1468 2506 insula,
1516 2435 1726 2509 procul
1762 2451 1800 2493 a
1835 2437 2157 2495 continenti
2212 2437 2486 2506 discreta,
2539 2439 2616 2497 ad
2659 2444 2856 2497 ortum
2904 2453 3310 2511 occasumque
3360 2435 3569 2493 Ciliciae
3597 2452 3669 2494 ac

305 2529 490 2601 Syriae
514 2527 772 2599 objecta,
809 2527 1103 2601 portubus
1152 2528 1449 2594 distincta,
1479 2527 1596 2584 loci
1619 2528 1958 2585 amasnitate
1989 2544 2249 2597 summa,
2287 2528 2587 2587 feracitate
2638 2530 2970 2603 multiplici,
3009 2545 3193 2602 opum
3235 2530 3670 2600 copiarumque

301 2616 569 2672 ubertate
606 2615 759 2672 adeo
781 2614 1015 2684 referta,
1046 2618 1108 2672 ut
1133 2617 1266 2687 jure
1294 2616 1551 2672 Macaria
1582 2615 1655 2673 sit
1684 2622 1902 2673 vocata
1955 2634 1967 2672 :
2043 2617 2241 2691 seipsa
2290 2619 2598 2690 nimirum,
2635 2620 3003 2677 caducarum
3060 2618 3408 2692 opulentia;
3444 2631 3666 2680 rerum,

301 2704 446 2761 felix
474 2720 544 2760 ac
579 2704 799 2775 beata;
834 2720 1049 2761 novem
1078 2706 1349 2778 quodam
1405 2720 1730 2776 regnorum
1759 2704 1949 2777 sedes,
2013 2708 2268 2765 Romani
2301 2709 2443 2766 olim
2512 2710 2719 2784 populi
2778 2709 3091 2767 tributaria
3160 2727 3175 2777 ;
3240 2707 3318 2764 ab
3378 2705 3669 2779 apostolis

300 2794 450 2867 ipsis
481 2794 823 2852 Christianae
846 2794 986 2850 fidei
1021 2794 1417 2851 sanctissimis
1448 2794 1706 2852 formata
1737 2795 2018 2856 institutis
2048 2814 2062 2853 :
2098 2799 2299 2854 Graaco
2326 2804 2392 2854 ut
2446 2799 2705 2873 eloquio,
2769 2801 2854 2857 sic
2901 2801 3018 2856 ritu
3066 2798 3163 2873 pie
3215 2796 3672 2869 orthodoxoque

301 2883 424 2940 fere
484 2899 725 2956 semper
780 2883 943 2940 culta
1011 2902 1023 2951 ;
1085 2889 1502 2955 Agarenorum
1568 2884 1834 2940 crebrius
1887 2901 2096 2958 pressa
2141 2889 2482 2960 tyrannide,
2531 2889 2755 2962 pluries
2794 2906 2830 2946 a
2882 2889 3095 2947 Graecis
3145 2886 3367 2961 quibus
3421 2884 3676 2959 parebat

300 2972 768 3046 imperatoribus
798 2973 859 3028 in
878 2972 1214 3029 libertatem
1238 2978 1468 3029 asserta
1503 2991 1516 3040 ;
1547 2972 1908 3030 duodecimo
1940 2975 2186 3032 tandem
2212 2994 2248 3033 a
2280 2977 2511 3034 Christo
2535 2978 2776 3050 saeculo,
2803 2980 3037 3049 GrtBCIS,
3095 2976 3174 3033 ob
3206 2991 3430 3033 sazvam
3462 2990 3671 3031 eorum

301 3062 363 3121 in
402 3061 627 3132 Anglos
656 3062 1186 3129 inhumanitatem,
1226 3078 1383 3136 quos
1411 3068 1699 3136 quassata
1728 3062 1916 3120 classe
1946 3064 2005 3120 in
2039 3067 2255 3138 Cypria
2284 3066 2483 3123 littora
2522 3068 2829 3124 exanimes
2869 3068 3163 3141 impactos
3211 3063 3670 3122 exturbantibus

300 3168 373 3209 ac
397 3151 914 3225 protrudentibus,
960 3152 1208 3224 Anglice
1231 3152 1328 3209 illa
1370 3153 1585 3210 martia
1631 3152 1845 3210 virtute
1896 3153 2211 3212 llelladum
2252 3156 2556 3231 oppressis
2597 3157 2947 3231 abactisque
2993 3155 3250 3213 ducibus
3289 3170 3326 3212 a
3375 3153 3671 3211 Richardo

298 3241 623 3313 Anglorum
693 3257 831 3312 rege
906 3240 1060 3298 ultro
1135 3247 1476 3315 temereque
1563 3242 1863 3311 lacessito,
1945 3244 2143 3302 insula
2194 3246 2445 3304 subacta
2505 3247 2805 3314 universa,
2860 3248 2922 3304 in
2972 3248 3322 3304 Latinorum
3380 3244 3672 3301 ditionem

307 3335 785 3404 potestatemque
843 3331 1024 3388 cessit
1082 3348 1095 3387 :
1168 3332 1531 3388 Richardum
1584 3332 1746 3387 enim
1805 3330 2111 3404 invictum,
2169 3352 2351 3410 quem
2417 3337 2680 3394 amicum
2738 3339 3023 3409 rejeccrat
3068 3337 3385 3410 hospitem,
3440 3334 3673 3390 violatis

308 3419 548 3493 hospitii
570 3420 811 3491 juribus
843 3420 1145 3477 infensum
1195 3425 1410 3494 postea
1455 3420 1569 3477 sub
1623 3422 1783 3478 malo
1816 3423 2092 3480 sustinuit
2159 3426 2463 3499 sensitque
2516 3427 2770 3483 hostem.
2806 3426 3024 3484 Deinde
3098 3425 3431 3484 Lusianinis
3476 3423 3676 3496 paruit

307 3509 511 3581 Gallis,
575 3511 681 3584 qui
732 3511 896 3581 regio
965 3526 1099 3568 eam
1176 3512 1422 3567 nomine
1496 3527 1533 3568 a
1597 3514 1880 3569 Romanis
1945 3515 2333 3586 pontiﬁcibus
2400 3522 2641 3573 auctam
2688 3517 3151 3590 locupletarunt.
3211 3515 3324 3573 Sed
3382 3512 3672 3585 caedibus,

308 3600 595 3669 dissidiis,
623 3600 1020 3657 seditionibus
1046 3601 1332 3658 distracta
1358 3617 1428 3658 ac
1460 3601 1706 3671 foedata,
1746 3602 1809 3657 in
1852 3618 2101 3675 superos
2160 3610 2503 3676 contumax,
2570 3606 2629 3661 in
2670 3622 2845 3678 pares
2882 3606 3172 3675 fastuosa,
3230 3605 3290 3661 in
3338 3606 3677 3660 Romanam

307 3690 516 3747 sedem
547 3691 804 3760 ingrata,
847 3691 1307 3748 eccelesiasticis
1336 3691 1693 3747 fulminibus
1751 3693 1887 3759 icta,
1956 3696 2219 3765 pugnaci
2270 3711 2585 3768 procerum
2631 3711 2702 3751 ac
2732 3696 3060 3768 prassulum
3098 3698 3372 3752 vastatur
3399 3691 3672 3748 dissidio.

306 3784 558 3851 Quocira
582 3783 993 3857 perduellibus
1024 3785 1306 3840 Romanas
1327 3784 1450 3839 sedi
1476 3783 1860 3856 pontificibus
1889 3785 2163 3854 extrusis,
2210 3784 2551 3841 Graecanica
2583 3784 2887 3841 eliminata
2938 3784 3211 3857 perﬁdia,
3243 3780 3676 3854 abstractisque

308 3875 767 3947 quatuordecim
793 3876 1131 3931 GI‘IBCOI‘UDI
1175 3875 1595 3947 episcoporum
1640 3874 1907 3943 sedibus,
1971 3874 2372 3930 ecclesiastica
2417 3878 2719 3931 contracta
2762 3874 3097 3947 provincia,
3136 3878 3398 3947 quatuor
3446 3874 3679 3928 tantum

303 3964 486 4021 totius
553 3963 766 4021 insulas
840 3982 876 4021 a
945 3964 1259 4021 Celestino
1319 3964 1500 4035 hujus
1570 3965 1833 4020 nominis
1888 3965 2056 4021 tertio
2124 3965 2460 4021 antistitum
2514 3965 2710 4030 sedes,
2754 3964 2996 4021 duobus
3044 3964 3283 4021 cuilibet
3331 3961 3465 4018 urbi
3521 3959 3677 4017 datis

304 4054 685 4128 praesulibus,
721 4054 927 4111 Latino
959 4054 1246 4110 nimirum
1296 4060 1353 4111 et
1384 4056 1601 4125 Grteco,
1646 4054 1895 4125 singulis
1926 4071 2036 4111 suo
2100 4055 2395 4127 cujusque
2458 4054 2653 4127 patrio
2704 4053 2817 4111 ritu
2871 4054 3179 4127 pontiﬁcia
3225 4052 3433 4109 munia
3467 4051 3529 4107 in
3554 4064 3679 4108 una

302 4144 637 4218 eademque
658 4143 1023 4201 obeuntibus
1054 4143 1221 4200 urbe.
1248 4147 1470 4200 llorum
1502 4144 1731 4217 primas
1750 4160 1887 4200 cum
1916 4145 2063 4209 olim
2098 4144 2174 4200 ad
2206 4149 2487 4216 quartum
2516 4144 2634 4200 fere
2661 4160 2851 4217 usque
2897 4144 3186 4201 saeculum
3215 4140 3677 4214 metropolitano

311 4235 629 4306 aciusjure
690 4235 1019 4308 Paphensis
1069 4239 1223 4290 esset
1273 4234 1787 4307 archiepiscopus,
1843 4234 2060 4290 deinde
2102 4234 2588 4300 Constantiensis,
2654 4234 3017 4291 duodecimo
3081 4234 3327 4290 demum
3359 4248 3394 4287 a
3449 4231 3678 4286 Christo

306 4324 525 4381 saeculo
558 4326 989 4385 Leucosiensis.
1021 4324 1259 4395 exstitit,
1294 4323 1529 4381 reddita
1556 4324 1865 4393 Leucosia,
1906 4325 2069 4394 regia
2100 4324 2240 4380 olim
2300 4324 2470 4379 urbe.
2521 4324 2700 4379 totius
2763 4325 2973 4379 insulae
3024 4322 3357 4395 metropoli.
3392 4321 3678 4377 Defuncto

303 4420 507 4471 autem
538 4416 833 4471 Leucosiae
857 4414 1111 4487 praesule
1135 4416 1361 4483 Graeco,
1395 4413 1701 4483 elegerunt
1732 4414 1914 4470 Graeci
1946 4414 2227 4485 gentilem
2254 4431 2433 4469 suum
2480 4416 2865 4481 Germanum,
2911 4414 3036 4486 qui,
3086 4420 3151 4469 ut
3182 4412 3429 4468 urbanae
3462 4410 3678 4481 gentis,

316 4504 399 4559 ita
454 4508 509 4559 et
553 4504 716 4558 urbis
764 4503 1098 4575 insulaeque
1146 4504 1437 4559 universus
1488 4504 1719 4573 integro
1782 4519 1841 4557 se
1902 4503 2201 4575 plenoque
2244 4508 2378 4574 jure
2428 4504 2707 4559 antistcm
2763 4504 2987 4559 factum
3030 4508 3215 4569 ratus,
3258 4516 3481 4558 nomen
3506 4500 3681 4569 etjus

304 4592 558 4648 assumit
588 4593 1045 4665 archiepiscopi,
1080 4596 1136 4649 et
1176 4592 1615 4665 metropolitico
1642 4594 1774 4663 jure
1808 4595 2038 4649 Graecos
2064 4609 2271 4649 omnes
2294 4592 2473 4648 totius
2504 4592 2714 4648 insulas
2745 4608 2867 4647 sure
2899 4592 3137 4648 ditionis
3176 4607 3308 4648 esse
3354 4589 3680 4647 contendit.

305 4682 435 4747 Quo
466 4682 770 4754 pontificio
787 4683 921 4753 jure
951 4688 1004 4738 et
1033 4698 1281 4737 munere
1323 4682 1735 4753 pet-fungente,
1768 4684 1957 4753 llugo,
1985 4683 2225 4738 Latinus
2251 4682 2545 4737 Leucosiae
2573 4681 3082 4754 archiepis00pus,
3110 4681 3371 4751 insurgit
3398 4696 3412 4747 ;
3447 4682 3685 4735 Germa-

304 4786 453 4827 num
482 4786 601 4826 non
632 4772 738 4828 rite
772 4772 1024 4828 electum
1055 4789 1164 4827 nec
1191 4772 1480 4827 canonice
1535 4772 1883 4827 ordinatum
1926 4771 2297 4835 criminatur,
2332 4771 2589 4839 incusat,
2626 4770 2843 4841 injuste
2864 4772 2964 4841 jus
2991 4771 3136 4827 dare
3160 4770 3417 4827 oblatrat
3452 4783 3681 4836 ;unum

305 4859 603 4917 duntaxat
624 4877 887 4935 eumque
922 4862 1193 4918 Latinum
1235 4878 1364 4917 esse
1397 4862 1921 4934 archiepiscopum
1944 4862 2003 4916 in
2035 4861 2320 4916 universa
2343 4859 2536 4915 insula
2560 4859 2991 4932 metropolitico
3018 4861 3403 4915 constitutum
3426 4858 3581 4929 jure,
3609 4874 3683 4913 ex

306 4964 686 5006 summorum
718 4951 1071 5023 pontificum
1100 4951 1370 5021 decretis,
1408 4951 1780 5007 contentioso
1812 4952 2193 5023 pugnacique
2226 4949 2482 5005 tumultu
2509 4950 2708 5017 instat,
2743 4954 2926 5019 urget,
2950 4950 3161 5021 probat
3194 4967 3207 5017 ;
3241 4952 3513 5006 Graecum
3544 4950 3683 5003 Gre-

307 5052 580 5100 manum,
614 5044 671 5095 ut
705 5038 901 5095 aliena
926 5040 1064 5111 jura
1096 5040 1505 5106 iuvadentem,
1548 5040 1977 5095 deturbatut‘us
2002 5056 2033 5096 e
2066 5041 2216 5095 solio
2244 5040 2317 5095 ad
2356 5056 2536 5094 suum
2585 5046 2871 5111 provocat
2902 5040 3161 5095 tribunal
3191 5055 3452 5111 eumque
3490 5039 3683 5093 insec-

300 5132 459 5183 tatur
490 5129 737 5185 moleste
764 5131 1147 5202 exagitatque
1171 5132 1450 5200 graviter.
1485 5134 1627 5197 Qua:
1656 5130 1862 5186 omnia
1894 5129 2113 5185 acerbo
2144 5130 2339 5185 ferens
2369 5129 2573 5183 animo
2598 5131 2947 5195 Germanus,
2981 5129 3137 5185 facta
3174 5130 3251 5185 ad
3274 5127 3683 5185 Alexandrum

304 5216 379 5272 ιν
418 5220 587 5274 Rom.
610 5222 774 5276 Pout.
808 5220 1233 5293 appellatione.
1275 5222 1540 5290 llugouis
1571 5220 1757 5276 eludit
1783 5219 2099 5290 judicium.
2135 5218 2223 5274 Ad
2248 5222 2580 5274 Romanam
2609 5217 2879 5274 convolat
2907 5218 3139 5289 urbem,
3208 5218 3518 5290 gentilium
3545 5233 3684 5273 suo-

297 5321 433 5363 rum
458 5308 886 5381 episcoporum
916 5309 1252 5382 frequentia
1271 5310 1528 5383 stipatus
1565 5328 1578 5377 ;
1605 5310 1834 5365 illatam
1858 5308 1970 5364 sibi
1993 5308 2333 5380 expostulat
2358 5307 2640 5378 injuriam
2672 5324 2685 5374 ;
2711 5307 2958 5380 indigna
2989 5314 3042 5365 et
3068 5308 3448 5365 intoleranda
3478 5324 3539 5364 se
3580 5306 3688 5363 ini-

296 5411 415 5469 que
445 5412 797 5471 perpessum
830 5400 1218 5472 conqueritur
1247 5417 1260 5466 ;
1289 5400 1659 5472 pontitieiam
1692 5398 1973 5471 implorat
2003 5413 2205 5470 opem,
2253 5414 2376 5471 qua
2432 5398 2698 5470 Cyprios,
2742 5398 2963 5468 quibus
3011 5400 3288 5454 universa
3335 5397 3680 5468 agitabatur

298 5485 513 5551 insula,
549 5487 783 5545 sedaret
811 5488 1048 5545 ﬂuctus.
1074 5489 1237 5545 Mittit
1265 5490 1446 5545 etiam
1476 5493 1533 5545 et
1558 5492 1728 5559 llugo
1764 5488 2059 5544 Leucosiaa
2084 5488 2573 5560 archiepiscopus
2598 5503 2739 5543 suos
2771 5492 3061 5558 oratores,
3104 5504 3455 5545 accessurus
3484 5488 3685 5562 potius

297 5574 426 5648 ipse
452 5576 563 5633 nisi
596 5579 818 5635 veritus
856 5578 1118 5635 insulam
1152 5579 1277 5635 sine
1302 5578 1423 5635 ulla
1445 5578 1776 5653 relinquere
1808 5577 2083 5649 antistite,
2115 5587 2340 5635 rectore
2387 5582 2748 5650 pastoreque
2802 5577 3148 5635 destitutam
3196 5594 3445 5651 prorsus
3490 5578 3677 5644 omni.

302 5666 465 5721 Viros
496 5668 741 5739 praeﬁcit
787 5668 1065 5742 legatque
1113 5671 1385 5737 Romam,
1459 5668 1654 5725 alieno
1701 5669 1949 5742 quidem
2010 5670 2275 5740 nomine,
2332 5684 2540 5725 revera
2598 5674 2800 5725 tamen
2855 5669 2996 5740 jura
3054 5670 3243 5727 Latini
3290 5668 3685 5743 metropolitae

300 5764 791 5829 propugnaturos
857 5759 1021 5832 apud
1086 5758 1448 5816 acerrimum
1495 5759 1647 5831 juris
1713 5758 2269 5833 propugnaculum,
2332 5759 2395 5817 in
2456 5774 2701 5817 summa
2788 5759 3082 5832 aequitatis
3140 5775 3304 5827 arco,
3351 5759 3687 5833 apostolica
