4434 6452
785 365 919 446 i531
2198 376 2615 454 ALEXANDRI
2653 399 2721 452 1v
4006 395 4138 447 1532

785 512 1069 569 nimirum
1110 513 1270 575 sede.
1295 513 1570 586 praesidia
1594 516 1958 574 defensionis
1992 536 2115 576 suae
2137 522 2520 577 constituens.
2558 524 2797 595 Excepit
2844 539 3055 579 omnes
3118 520 3450 612 Alexander
3491 517 3749 612 benigne
3789 516 4138 612 audivitque

784 601 996 657 amice.
1022 602 1276 657 Diversis
1309 608 1500 659 tamen
1526 601 1922 676 pugnantium
1957 609 2372 681 episcoporum
2397 610 2605 665 studiis
2642 618 2980 666 commotus
3008 609 3286 680 graviter,
3313 607 3480 678 pacis
3531 604 3906 701 provinciam
3928 603 4138 701 "susci-

782 680 974 761 piens,
1003 689 1311 760 Anagniae,
1339 691 1479 746 Latii
1513 692 1656 748 urbe
1678 696 1890 766 patria,
1915 697 1973 751 in
2002 680 2242 769 publico
2257 715 2563 768 consessu,
2595 700 2730 771 ipso
2760 703 2992 755 astante
3033 701 3327 753 Germano
3384 695 3714 788 tribusque
3744 692 3871 788 aliis
3919 692 4142 788 Graecis

784 768 959 848 Cypri
978 777 1293 848 episcopis,
1324 779 1562 835 Nicolao
1582 781 1766 850 Soliae,
1804 768 2020 840 loacim
2053 787 2313 856 Carpasii
2344 793 2398 842 et
2425 768 2697 844 Matthan
2725 792 3078 852 Leucarum,
3137 802 3207 842 ac
3273 783 3537 854 Hugonis
3597 781 3782 837 Latini
3839 781 4138 835 Leucosiaa

782 865 1250 938 archiepiscopi,
1323 869 1689 936 oratoribus,
1768 872 2158 946 plurimisque
2239 877 2689 932 considentibus
2759 879 2813 932 S.
2878 880 2936 931 Β.
2998 878 3057 930 Ε.
3129 872 3562 935 cardinalibus,
3603 870 3812 964 Apacis
3883 873 4143 964 assertor

782 953 1073 1020 Pontifex,
1111 956 1325 1010 auditis
1380 962 1730 1031 matureque
1770 963 2047 1032 expensis
2090 966 2395 1036 utriusque
2449 965 2795 1021 dissidentis
2844 965 3030 1037 partis
3075 962 3428 1025 rationibus,
3463 977 3530 1014 ex
3596 958 3844 1013 fratrum
3890 956 4142 1053 consilio

781 1041 1034 1112 paciﬁca
1065 1044 1481 1099 constitutione
1508 1047 1721 1115 sanxit,
1756 1050 2116 1106 Germanum
2144 1053 2348 1123 quoad
2381 1053 2602 1109 viveret
2627 1054 3061 1126 archiepiscopi
3088 1053 3240 1122 jure,
3293 1051 3554 1113 nomine,
3611 1061 3860 1141 munere
3903 1045 4144 1141 potiun-

781 1127 930 1182 dum
965 1144 1151 1196 ;neve
1174 1131 1352 1185 unius
1379 1133 1673 1189 Leucosiae
1705 1135 1956 1191 civitatis
1987 1137 2109 1193 duo
2143 1141 2333 1194 forent
2390 1142 2845 1214 archiepiscopi.
2909 1147 2960 1195 et
3011 1141 3151 1210 jura
3199 1155 3337 1194 cum
3399 1137 3568 1191 daret
3629 1133 4141 1201 Germanus,jura

780 1217 1005 1288 eripere
1042 1218 1334 1274 videretur
1364 1222 1616 1289 Hugoni.
1643 1226 1940 1280 Neucosiae
1972 1227 2178 1282 sedem
2211 1231 2460 1298 Hugoni,
2497 1231 2666 1286 Soliae
2708 1247 2850 1286 vero
2883 1232 3179 1285 Germano
3210 1226 3429 1289 tribuit,
3476 1223 3696 1280 Nicolio
3726 1222 3808 1316 ad
3829 1220 4142 1316 Arsinoem

779 1309 1092 1360 vacantem
1114 1306 1440 1363 Ecclesiam
1469 1308 1796 1366 aSolaaensi
1825 1314 2112 1370 translato
2155 1333 2167 1380 ;
2201 1318 2479 1373 etomnia
2515 1319 2949 1391 metropolitica
3002 1319 3339 1372 Graacorum
3377 1314 3516 1384 jura
3550 1314 3750 1367 Graeco
3795 1307 4140 1380 impertiens

783 1393 1095 1459 Germano,
1121 1396 1350 1450 cunctis
1381 1396 1661 1469 deinceps
1684 1399 2139 1456 ademitGraecis
2164 1421 2175 1457 :
2202 1404 2498 1475 siquidem
2539 1407 2822 1463 defuncto
2863 1409 3157 1462 Germano
3195 1403 3429 1458 nullum
3476 1400 3657 1456 alium
3708 1401 3977 1453 Graecum
4014 1409 4143 1450 me-

780 1481 1120 1551 tropolitam
1167 1483 1508 1579 eligendum
1552 1487 1774 1553 statuit,
1824 1503 1898 1544 ne
1952 1496 2159 1546 contra
2215 1509 2418 1548 sacros
2477 1511 2740 1551 canones
2784 1495 2904 1549 duo
2959 1497 3159 1548 essent
3218 1493 3277 1546 in
3319 1507 3442 1545 una
3487 1487 3794 1579 provincia
3841 1489 4140 1579 metropo-

779 1567 916 1635 litaa,
947 1585 1221 1636 nomeve,
1265 1556 1383 1644 ju’s,
1445 1582 1666 1628 mimus
1729 1577 2183 1650 archiepiscopi,
2227 1582 2404 1636 unius
2436 1588 2665 1639 tantum
2695 1588 2904 1654 postea
2951 1582 3236 1636 futurum.
3265 1579 3446 1635 Latini
3503 1576 3784 1632 nimirum
3842 1576 4140 1627 Leucosue

779 1657 1121 1727 pontiﬁcis;
1155 1665 1400 1715 cazteros
1438 1677 1578 1718 vero
1609 1665 1885 1720 Germani
1917 1671 2188 1736 posteros
2228 1670 2568 1742 episcopos,
2620 1672 2789 1726 Βοιὶεε
2849 1677 3039 1724 tatum
3083 1669 3323 1722 nomine
3363 1671 3416 1720 et
3449 1665 3588 1718 sede
3626 1658 4136 1758 cohonestand93.

781 1761 852 1801 ac
880 1747 1086 1804 Latino
1109 1750 1408 1804 Leucosiae
1439 1754 1828 1823 metrOpolittr.
1851 1757 2285 1827 metropolitico
2303 1761 2456 1829 jure,
2496 1766 2559 1815 ut
2585 1765 2640 1816 et
2686 1759 2946 1831 reliquos
2974 1761 3206 1813 Graecos
3231 1755 3542 1827 pontiﬁces
3572 1767 3701 1806 esse
3730 1746 4146 1819 subjiciendos

778 1836 1165 1907 pronuntiat;
1223 1841 1560 1894 Graecorum
1618 1842 1754 1896 item
1811 1844 2126 1914 praesulum
2185 1847 2355 1902 sedes
2410 1850 2469 1903 in
2524 1850 2861 1904 Latinorum
2927 1846 3202 1914 urbibus,
3235 1844 3409 1905 locat,
3470 1841 4146 1934 expressis-“utrorum—

776 1939 896 1995 que
920 1925 1181 1994 juribus,
1207 1944 1317 1984 sua
1345 1929 1666 2002 unicuique
1705 1931 1882 2002 plane
1920 1933 2202 2001 tribuens,
2239 1939 2474 1993 Graecos
2506 1939 2824 2010 episcopos
2856 1937 2916 1991 in
2951 1935 3292 1990 Latinorum
3327 1929 3578 2003 imperio
3609 1944 3680 1984 ac
3733 1926 3957 1981 ditione
4005 1936 4150 1975 con-

777 2012 943 2067 cordi
967 2014 1172 2070 animo
1201 2007 1386 2088 quam‘
1410 2019 1826 2088 pacatissimos
1861 2022 2179 2078 constituit.

851 2102 1019 2157 Edita
1040 2104 1300 2174 primum
1325 2106 1451 2160 haec
1480 2107 1832 2163 Constitutio
1865 2116 1950 2165 est
2004 2127 2164 2166 anno
2222 2116 2452 2171 Domini
2515 2120 2668 2179 1260,
2718 2113 2796 2169 ab
2841 2112 3178 2168 Alexandro
3215 2108 3497 2183 pontiﬁce
3555 2120 3820 2166 summo,
3869 2102 4152 2155 Romano

773 2189 1036 2262 eloquio,
1063 2194 1468 2249 Romanorum
1506 2197 1856 2267 pontificum
1877 2216 2042 2254 more
2082 2218 2094 2265 ς
2128 2203 2344 2258 deinde
2376 2221 2409 2260 a
2441 2206 2674 2267 Graecis,
2708 2202 3028 2271 gentilibus
3078 2199 3200 2254 suis
3250 2196 3723 2287 consulentibus,
3760 2187 4150 2287 lGreeceure-d-

773 2278 918 2344 dita,
953 2284 1009 2334 et
1041 2282 1215 2336 Leoni
1237 2283 1518 2339 Solaeensi
1556 2301 1710 2341 novo
1759 2289 2046 2360 episcopo
2085 2291 2331 2347 suffecto
2373 2309 2533 2348 anno
2585 2291 2818 2347 Domini
2885 2293 3017 2344 1297
3061 2305 3130 2344 ex
3178 2288 3472 2378 Leucosiae
3517 2283 3812 2378 tabulario
3857 2276 4148 2372 exhibita.

773 2381 1185 2441 germanaque
1212 2371 1598 2444 locupletium
1631 2377 1870 2430 testium
1904 2380 2232 2435 assertione
2263 2382 2587 2452 publicitus
2613 2380 3032 2451 comprobata.
3056 2381 3268 2433 Verum
3301 2392 3422 2448 qua
3446 2373 3741 2430 bellorum
3776 2371 4145 2431 incursione,

771 2473 895 2528 qua
917 2457 1262 2516 Latinorum
1300 2463 1546 2533 incuria,
1585 2465 1790 2520 Latina
1814 2467 2030 2521 excidit
2059 2469 2262 2532 editio,
2308 2477 2363 2527 et
2394 2473 2597 2526 Graeca
2634 2477 2888 2535 tantum,
2918 2485 2948 2524 e
2975 2469 3190 2522 Graecis
3231 2467 3486 2522 librariis
3525 2475 3846 2554 nunquam
3908 2454 4150 2554 calamo

772 2547 1157 2617 parcentibus
1183 2558 1448 2616 exarata,
1481 2553 1539 2607 in
1564 2559 1796 2609 vetusto
1823 2557 2093 2626 quodam
2126 2575 2240 2614 ms.
2277 2562 2489 2632 Cyprio
2533 2559 2894 2628 Euchologio
2951 2557 3372 2628 Altempsianaa
3403 2547 4094 2646 bibliothecteIrcperitl-JI‘
4127 2560 4146 2609 ς

769 2650 926 2700 eam,
960 2653 1055 2703 ne,
1094 2643 1159 2693 ut
1200 2639 1509 2713 hucusque
1543 2642 1662 2698 alto
1691 2643 1924 2700 silentio
1949 2649 2330 2718 praeteritam,
2373 2651 2457 2705 sic
2493 2651 2670 2705 etiam
2720 2648 3188 2708 oblitescentem,
3217 2646 3349 2718 ipsa
3389 2658 3636 2715 prorsus
3672 2637 4146 2729 oblitteraretlll':

769 2739 802 2779 e
824 2723 1027 2780 Graeco
1058 2741 1348 2796 germano
1369 2731 1696 2803 exemplari
1727 2733 2022 2789 Latinitati
2043 2751 2284 2792 rursum
2317 2740 2644 2806 restituere,
2673 2741 2726 2792 et
2789 2736 2993 2791 Latine
3037 2750 3108 2790 ac
3151 2735 3348 2790 Greece
3378 2747 3541 2787 nunc
3592 2728 3862 2801 primum
3898 2720 4147 2794 publico

769 2812 1044 2870 Ecclesiae
1073 2814 1238 2873 bono
1260 2818 1434 2874 edere
1462 2819 1660 2875 visum
1693 2824 1798 2876 est.
