4434 6452
310 453 445 506 1533

1621 441 2074 503 CONSTITU’I‘IO
2103 441 2354 499 CYPRIA

3527 444 3664 496 1534

1308 680 2003 805 ΔΙΑΤΑΞΙΣ
2108 690 2685 803 ΚΥΠΡΙΑ

572 936 987 1109 ΤΟΥ
1106 927 2617 1109 ΑΛΕΞΑΝΔΡΟΥ
2735 933 3388 1107 ΠΑΠΑ

1716 1234 1847 1281 ΤΟΥ
1900 1229 2268 1282 ΤΕΤΑΡΤΟΥ.

1916 1407 2061 1423 —

1100 1561 2159 1686 CONSTITUTIO
2298 1561 2880 1680 CYPRIA

697 1854 2070 2018 ALEXANDRI
2196 1851 2870 2015 PAPZE
2977 1848 3278 2020 IV.

294 2283 370 2332 Τὰ
448 2284 589 2355 παρὰ
664 2290 755 2333 τοῦ
821 2280 1165 2355 Ἀλεξάνδρου
1240 2284 1391 2334 πάπα
1465 2291 1555 2334 τοῦ
1648 2284 1894 2355 τετάρτου
1927 2281 1971 2333 Α

368 2349 638 2429 ενορδὶνῶς
870 2359 959 2407 καὶ
1049 2349 1325 2413 κανονικῶς
1432 2355 1706 2429 ὁρισθέντα
1769 2349 1897 2415 ’ταῖς

366 2421 638 2496 ἀμφινόοις
710 2424 776 2499 μὶν
855 2434 917 2498 τῇ
1002 2431 1145 2499 νήσω
1244 2421 1469 2499 Κύπρου’
1539 2424 1892 2499 Ἐκκλησίαις,

365 2482 461 2547 καί
529 2504 634 2556 τοῖς
702 2494 750 2547 ἐν
816 2486 1030 2557 ταύταις
1115 2482 1604 2571 Ιτίιρχιερατίεύουσιν,
1682 2488 1898 2558 Ἰταλοῖς

365 2585 419 2619 τε
444 2570 526 2618 καὶ
560 2573 819 2639 Γραικοῐς.

364 2657 796 2707 ΑΛΕΞΑΝΔΡοῖ
861 2655 1166 2723 ἐπίσκοπος,

294 2749 385 2793 τοῦ
438 2750 592 2806 Θεοῦ,
639 2747 765 2817 πρὸς
811 2748 906 2802 τὴν
958 2743 1244 2816 μέλλουσαν
1309 2752 1401 2797 τοῦ
1434 2748 1739 2818 πράγματος
1768 2750 1896 2817 μνή-

292 2850 415 2902 μην.

364 2919 454 2983 Εἰς
478 2922 537 2972 τὸ
566 2916 795 2982 διηνεκὲς
824 2925 883 2973 τὸ
942 2929 1042 2983 τῆς
1090 2920 1247 2984 δίκης
1301 2922 1455 2985 σέϐας
1494 2924 1567 2993 (2)
1622 2921 1897 2975 ἐκτείνεται

294 3004 556 3081 ἀριδὴλως
588 3008 636 3061 ἐν
665 3018 739 3081 τῷ
784 3013 903 3071 τούς
958 3010 1007 3062 ἐν
1055 3020 1153 3063 τῶν
1205 3010 1523 3084 ἀμφιλογιὼν
1582 3008 1896 3068 διαπληκτι-

296 3100 482 3168 σμοὺς,
544 3101 731 3151 οὔποτε
794 3102 1289 3173 παρασκευάζοντας
1336 3104 1430 3158 τὴν
1495 3100 1723 3171 ἀγάπην,
1772 3098 1899 3152 ἀλλά

291 3190 735 3259 τραυμοτίζοντας
779 3192 873 3245 τὴν
924 3187 1129 3259 ἀγάπην
1181 3210 1193 3221 ·
1250 3197 1312 3261 τῇ
1373 3198 1465 3250 τῆς
1516 3189 1721 3263 εἰρήνης
1774 3197 1894 3261 σιγῇ

292 3275 708 3335 κατευνάξεσθαι
791 3276 924 3328 ἐνθεν
976 3296 1057 3329 τοι
1116 3278 1187 3340 εἰς
1253 3281 1341 3339 τὰς
1418 3276 1746 3340 ἀντιστάσεις
1821 3279 1899 3339 αἷς

1250 2654 1407 2709 δοῦλα
1417 2678 1437 2719 ς
1524 2664 1623 2708 τῶν
1699 2652 1896 2708 δούλων

291 3360 475 3435 ἄνδρες
519 3359 871 3436 διαφωνοῦσιν
935 3364 1387 3434 ἐκκλησιαστικοὶ,
1444 3366 1538 3419 οὒκ
1597 3364 1690 3418 διὰ
1746 3375 1898 3419 τούτο

290 3456 417 3525 πρὸς
498 3450 750 3515 ἀλλήλους
803 3458 911 3527 χρὴ
965 3451 1095 3506 εἶναι
1167 3455 1480 3529 εἰρηναίους,
1556 3457 1637 3507 ὅτι
1681 3454 1729 3507 ἐν
1788 3463 1898 3516 τοῖς

1360 3567 1372 3578 -
1415 3553 1476 3617 τῇ
1515 3552 1610 3606 τῆς
1656 3554 1899 3619 κριτικῆς

293 3634 548 3691 συνέσεως
620 3630 905 3703 ἐπιμελείᾳ,
954 3638 1045 3685 καὶ
1103 3638 1229 3706 πρὸς
1298 3638 1392 3691 τὴν
1462 3632 1750 3704 διαλλαγὴν
1802 3631 1970 3695 τῆςΒ

290 3540 460 3603 ἄλλοις
535 3541 828 3615 ὀφείλουσιν
892 3541 1022 3595 εἶναι
1061 3544 1311 3619 εἰρηνικοί

292 3715 587 3790 διχονοίας,
638 3720 688 3772 ἐν
740 3719 948 3792 ἀγάπης
1004 3719 1184 3794 δεσμῷ
1214 3721 1409 3794 ἐξόχως
1462 3729 1634 3796 χρεὼν
1674 3721 1897 3796 ἐπαγρυ-

550 3809 610 3861 ού
660 3812 763 3882 γὰρ
825 3810 873 3861 ἐν
924 3808 1105 3882 βιαίου
1161 3814 1451 3883 πνεύματος
1497 3811 1651 3877 ξάλη,
1702 3811 1727 3863 ὁ
1777 3812 1895 3863 πολ-

289 3896 438 3959 λάκις
496 3902 592 3956 τὴν
637 3906 735 3950 τῶν
794 3902 1117 3973 πραγμάτων
1195 3898 1466 3976 ἀνατρέπει
1548 3902 1893 3964 κατάστασιν,

289 3816 430 3861 πνεῖν
469 3830 482 3841 ·

289 3990 380 4037 καὶ
404 3991 499 4044 την
557 3986 881 4061 στεῤῥοτητα
932 3987 1045 4058 θλᾲ,
1109 3988 1217 4040 οὐτ’
1257 3988 1305 4040 ἰν
1353 3997 1464 4050 τοῖς
1518 3998 1616 4041 τῶν
1667 3988 1897 4063 θορύϐων

287 4073 510 4139 κλόνοις,
549 4083 654 4137 τοῖς
709 4076 1016 4138 πλειστάκις
1071 4075 1127 4129 ἔκ
1168 4086 1268 4129 τῶν
1308 4074 1589 4150 διχονοιῶν
1659 4080 1895 4151 ὁρμωμέ-

286 4182 390 4224 νοις
444 4168 505 4216 τὸ
553 4172 650 4226 τῆς
719 4165 1005 4227 καθολικῆς
1062 4166 1283 4226 ενώσεως
1351 4171 1633 4241 προκόπτει
1694 4164 1895 4220 αἰδέσι-

288 4271 385 4324 μον

286 4346 551 4415 πραότητι
606 4346 803 4415 κούφου
864 4347 1178 4417 πνεύματος,
1322 4354 1420 4398 τῶν
1474 4344 1895 4418 ἀμφιλογούντων

284 4432 601 4504 πραΰνονται
630 4433 832 4496 ζέοντες
860 4436 909 4486 οἱ
933 4435 1107 4506 θυμοί.

356 4520 437 4591 (σε)
474 4521 612 4575 Ἐπεὶ
670 4520 730 4574 δὴ
778 4522 803 4574 6
857 4520 1073 4583 εὐλαϐὴς
1128 4518 1349 4595 ἀδελφὸς
1405 4525 1551 4596 ἡμῶν
1616 4529 1893 4597 Γερμανὸςι

285 4609 436 4661 ὁτῶν
476 4609 531 4662 ἐκ
564 4614 776 4684 Κύπρου
836 4617 1069 4687 Γραικῶν
1122 4611 1563 4685 ἀρχιεπίσκοπος,
1621 4616 1749 4685 μετὰ
1798 4624 1894 4667 τῶν

284 4707 377 4751 τοῦ
430 4699 672 4761 εύλαϐοῦς
743 4697 967 4773 ἀδελφοῦ
1019 4703 1165 4773 ἡμῶν
1223 4700 1645 4776 ἀρχιεπισκοπου
1703 4726 1715 4737 ·
1769 4712 1896 4756 Λευ-

283 4792 465 4849 κοσίας
536 4789 846 4863 ἔπιτρόπων,
921 4798 994 4861 τῷ
1042 4790 1161 4843 καθ’
1228 4793 1368 4863 ἡμᾶς
1430 4788 1760 4864 ἑνεδὴμησαν
1811 4791 1895 4845 δι-

282 4883 557 4953 καστηρίῳ
622 4896 634 4908 ·
688 4881 714 4931 ὁ
762 4879 920 4941 αὐτὸς
1010 4888 1110 4933 τῶν
1184 4886 1417 4953 Γραικῶν
1476 4879 1896 4955 ἀρχιεπίσκοπος

452 4274 465 4286 ο
506 4252 641 4312 πλὴν
703 4255 835 4326 ὴχοῐ
880 4253 1069 4316 λεπτῆς
1121 4259 1307 4329 αὔρας,
1373 4260 1639 4308 τουτέστιν
1701 4257 1898 4328 εὐμενεῖ

1926 4987 1967 5041 C

350 5058 521 5129 (1)][1
551 5056 879 5129 exemplari
928 5057 1341 5129 Altempsiano
1378 5076 1414 5114 a
1451 5058 1695 5115 librario
1752 5066 1894 5116 nota

280 5127 563 5201 quaedam
596 5128 671 5184 ad
708 5127 1100 5201 latus‘ipsius
1128 5127 1587 5201 Constitutionis
1630 5131 1888 5194 additur.

282 5197 545 5275 “(300705
597 5206 687 5275 καὶ
762 5197 1097 5275 προδιάλεξις
1171 5198 1221 5253 δ’
1280 5202 1348 5275 -ἣν
1397 5202 1569 5254 αἰτίαν
1624 5208 1827 5273 γέγονεν
1866 5206 1892 5255 ο

280 5268 469 5344 παρὼν
517 5268 895 5345 Ὀρδινιασμὸς
944 5280 1222 5345 κανονικῶς
1272 5272 1495 5345 ἐκτεθεὶς
1580 5268 1737 5345 μέσον
1788 5282 1892 5328 Λα-

279 5347 429 5418 τίνων
481 5348 571 5395 καὶ
652 5349 885 5418 Γραικῶν
944 5344 1262 5401 Ἐκκλησιῶν
1311 5349 1400 5396 καὶ
1469 5344 1755 5418 ἀρχιερέων
1808 5345 1892 5398 ἐπὶ

281 5414 510 5486 Ούγγου,
559 5422 654 5467 τοῦ
691 5414 976 5490 κέν-γένους
1016 5420 1304 5490 Πρασίνουμ,
1353 5414 1572 5483 Ἰταλοῦ,
1614 5414 1704 5469 και
1773 5424 1887 5490 Γερ-

280 5484 445 5557 μανου
503 5484 909 5563 Πησιμάνδρου,
960 5484 1204 5563 Γραικού,
1269 5487 1567 5563 ἀμφοτέρων
1639 5484 1888 5563 ἀρχιεπί-

281 5562 487 5611 σκόπων
516 5563 679 5617 νήσου
715 5560 948 5633 κοπρου.
984 5560 1282 5629 Proloyus
1313 5568 1366 5633 et
1403 5560 1685 5633 praefatio
1715 5576 1889 5617 enar-

279 5645 423 5685 rans
454 5645 699 5686 causam
726 5631 798 5685 ob
823 5631 1002 5702 Quam
1032 5646 1294 5701 praesens
1328 5632 1687 5687 Constitutio
1713 5648 1889 5689 cano-

277 5702 408 5757 nice
435 5702 597 5758 edita
625 5704 700 5758 sit
740 5704 901 5759 inter
916 5704 1274 5759 Latinorum
1304 5708 1359 5759 et
1403 5704 1747 5759 Graecorum
1778 5706 1889 5760 Ec-

278 5773 487 5831 clesia:
502 5780 560 5831 et
570 5775 1063 5848 archiepiscopos,
1085 5776 1397 5847 Hugonem
1408 5776 1694 5833 nimirum
1705 5790 1782 5833 ex
1792 5792 1889 5849 ge-

2010 2280 2260 2336 Decreta
2281 2280 2623 2336 Alexandri
2638 2294 2809 2348 papa:
2840 2280 2864 2331 Ι
2876 2278 3053 2333 Vrite
3072 2282 3126 2333 et
3148 2276 3433 2348 canonice
3451 2274 3660 2348 conslia

2082 2357 2210 2406 tum
2242 2353 2303 2406 in
2335 2347 2741 2407 controversia
2793 2350 3195 2405 Ecclesiarum
3226 2347 3442 2402 insula
3473 2347 3664 2414 Cypri

2080 2437 2405 2493 earumque
2421 2424 2749 2493 pressatum
2773 2428 2895 2476 tam
2944 2421 3260 2483 Italorum,
3280 2424 3403 2474 tum
3424 2417 3664 2473 Graeco-

2077 2510 2212 2550 rum
2222 2537 2234 2549 .

2080 2655 2506 2711 ALEXANDER
2568 2655 2907 2728 episcopus,
2942 2670 3149 2710 servus
3188 2667 3500 2709 servorum
3543 2650 3663 2720 Dei,

2008 2745 2087 2801 ad
2114 2746 2374 2802 futuram
2400 2745 2484 2801 rei
2505 2744 2881 2800 memoriam.

2080 2928 2228 2983 Cum
2254 2926 2498 2997 justitiaa
2535 2928 2728 2985 cultus
2756 2927 3046 2998 perpetuo
3069 2921 3245 2991 longe
3297 2920 3534 2993 lateque
3565 2936 3665 2976 ex—

2008 3015 2256 3086 plicetur
2285 3016 2604 3074 manifeste
2630 3014 2878 3089 quando
2897 3010 3285 3068 contentiosae
3304 3008 3665 3079 litigantium

2007 3104 2498 3172 concertationes,
2532 3122 2668 3178 quae
2700 3103 3048 3160 charitatem
3080 3098 3419 3155 nullatenus
3461 3097 3667 3153 conci-

2005 3193 2172 3257 liant,
2209 3192 2316 3248 sed
2341 3194 2664 3266 perimunt,
2695 3192 2861 3265 pacis
2899 3189 3128 3245 silentio
3167 3187 3619 3260 supprimuntur
3650 3204 3663 3253 ;

2004 3282 2228 3339 idcirco
2253 3282 2315 3338 in
2344 3283 2573 3339 obortis
2612 3280 3056 3345 controversiis,
3097 3277 3320 3350 quibus
3354 3274 3665 3330 discordes

2004 3370 2156 3427 inter
2179 3387 2240 3427 se
2268 3372 2650 3428 ecclesiastici
2680 3368 3052 3427 contendunt
3076 3366 3206 3433 viri,
3235 3369 3339 3438 qui
3378 3365 3492 3420 hoc
3530 3363 3665 3436 ipso

2006 3461 2172 3533 quod
2204 3460 2451 3516 aliorum
2472 3462 2638 3534 pacis
2673 3465 2998 3517 assertores
3028 3471 3154 3511 esse
3184 3453 3484 3519 convenit,
3516 3453 3669 3508 inter

2007 3566 2071 3605 se
2102 3549 2388 3605 deberent
2435 3566 2568 3605 esse
2615 3550 2833 3622 pacati,
2878 3549 3159 3602 accurato
3195 3541 3495 3615 judicialis
3525 3557 3667 3612 cog-

2009 3638 2246 3693 nitionis
2280 3638 2561 3694 examine
2596 3636 3022 3707 charitatisque
3041 3631 3280 3689 vinculo
3318 3632 3395 3687 ad
3436 3630 3669 3687 dissen-

2007 3728 2208 3784 siones
2240 3727 2715 3784 reconciliandas
2762 3740 3004 3781 summo
3041 3737 3284 3779 necesse
3327 3725 3415 3777 est
3469 3718 3667 3775 studio

2004 3816 2314 3888 invigilare
2340 3834 2353 3871 :
2383 3832 2505 3872 non
2528 3815 2775 3884 quidem
2806 3815 2866 3870 in
2892 3810 3232 3869 vehementi
3267 3808 3667 3882 procellarum

2007 3905 2277 3976 strepitu,
2308 3904 2412 3977 qui
2453 3920 2609 3977 saepe
2661 3904 2883 3977 saepius
2923 3900 3314 3974 tranquillum
3361 3895 3670 3970 perturbat

2008 4009 2210 4048 rerum
2234 3998 2453 4050 statum
2485 4010 2498 4058 ;
2530 4008 2726 4066 neque
2756 3992 3070 4048 turbarum
3106 3987 3387 4053 tumultu,
3421 3986 3526 4060 qui
3550 4000 3670 4041 cre-

2010 4082 2175 4139 brius
2197 4084 2316 4139 acri
2349 4083 2793 4140 dissensionum
2824 4081 3092 4154 impulsu
3114 4079 3472 4136 catholicam
3502 4077 3670 4133 unio-

2009 4172 2101 4227 nis
2137 4171 2415 4228 convellit
2453 4172 2901 4227 observantiam
2935 4189 2948 4238 ;
2978 4170 3085 4225 sed
3125 4169 3324 4240 potius
3377 4168 3439 4222 in
3468 4166 3669 4222 sonitu

2009 4277 2172 4317 aurae
2203 4260 2376 4327 lenis,
2408 4260 2651 4334 placida
2681 4261 2967 4316 nimirum
2988 4257 3452 4315 mansuetudine
3483 4254 3668 4311 sedati

2011 4350 2276 4423 spiritus,
2333 4366 2460 4423 qua
2506 4350 2787 4407 ardentes
2839 4348 3257 4405 dissidentium
3317 4345 3669 4417 mitigantur

2008 4440 2218 4495 animi.

2081 4531 2383 4600 Postquan
2414 4528 2781 4584 reverendus
2836 4527 3019 4583 frater
3066 4530 3267 4582 noster
3310 4525 3663 4593 Germanus,

2009 4618 2496 4691 archiepiscopus
2528 4620 2870 4674 Graecorum
2901 4618 3006 4690 qui
3073 4621 3210 4671 sunt
3270 4614 3331 4671 in
3362 4617 3579 4687 Cypro,
3613 4619 3671 4670 et

2007 4712 2429 4779 procuratores
2459 4706 2771 4763 reverendi
2796 4706 2992 4763 fratris
3019 4707 3201 4761 nostri
3234 4703 3670 4776 archiepiscopi

2013 4796 2308 4851 Leucosiae
2344 4795 2420 4851 ad
2452 4795 2712 4851 tribunal
2767 4800 3038 4851 nostrum
3092 4795 3481 4859 devenerunt,
3539 4798 3668 4848 tum

2008 4886 2140 4957 ipse
2169 4885 2511 4941 Graecorum
2539 4884 3016 4957 archipiscopus,
3052 4888 3177 4941 tum
3218 4882 3316 4939 alii
3347 4898 3488 4939 cum
3530 4882 3669 4956 ipso

2007 5078 2147 5119 nere
2165 5064 2385 5119 Praesin
2396 5064 2431 5129 ί,
2459 5064 2701 5129 Italum,
2715 5069 2771 5119 et
2796 5062 3160 5119 Germanum
3179 5062 3663 5130 Pesimandrum,

2008 5135 2301 5201 Graecum,
2326 5141 2649 5207 utrumque
2668 5136 3182 5207 archiepiscopum
3205 5134 3420 5207 insula:
3448 5135 3659 5207 Cypri.

2080 5208 2157 5276 (2)
2172 5209 2387 5278 Pacem
2408 5205 2590 5277 longo
2612 5212 2668 5278 et
2684 5206 2943 5278 obscuro
2970 5205 3305 5278 interpretis
3330 5205 3667 5278 hyperbato

2005 5277 2291 5349 praeclare
2339 5277 2726 5349 commendat
2780 5277 2947 5349 pacis
3010 5277 3316 5349 studiosus
3375 5277 3664 5349 pOntifex,

2005 5348 2186 5404 ducto
2219 5348 2468 5405 exordio
2494 5366 2530 5405 a
2558 5350 2757 5404 verbis
2785 5348 2957 5405 Isaiae
2996 5348 3196 5420 (χχχιι,
3260 5351 3342 5417 l7)
3372 5348 3389 5403 ί
3418 5350 3495 5404 Et
3555 5351 3667 5406 erit

2004 5434 2151 5488 opus
2167 5421 2425 5489 justitias
2448 5436 2594 5490 pax,
2649 5426 2705 5476 et
2734 5422 2932 5477 cultus
2951 5422 3209 5490 justitiam,
3237 5421 3563 5488 silentium,
3613 5427 3671 5478 et

2003 5493 2296 5549 securitas
2320 5508 2507 5564 usque
2535 5495 2597 5547 in
2628 5498 3097 5563 sempiternum;
3129 5491 3267 5548 licet
3293 5492 3529 5547 Graecus
3570 5493 3664 5550 in-

2006 5568 2231 5635 terpres
2265 5563 2447 5619 verba
2493 5564 2812 5619 detorserit
2844 5564 3266 5635 tenebrasque,
3326 5564 3517 5635 Latini
3548 5581 3672 5621 ser-

2004 5634 2203 5707 monis
2246 5635 2499 5691 fortasse
2548 5651 2759 5707 parum
2813 5651 3058 5707 gnarus,
3094 5634 3388 5701 effuderit,
3423 5636 3577 5693 adeo
3606 5642 3672 5693 ut

2006 5705 2231 5779 (Edipo
2261 5705 2605 5779 peneiopus
2634 5705 2912 5779 fuerit'ad
2956 5707 3283 5779 aenigmata
3312 5708 3669 5767 Graecanica;

2001 5778 2279 5836 dictioms
2307 5778 2716 5850 intelligenda.
