4434 6452
780 419 921 477 1535

2202 418 2605 480 ALEXAND!“
2643 421 2713 475 IV

4012 430 4148 487 1536

778 543 1105 602 retulerunt
1141 546 1219 604 ad
1247 562 1359 605 nos
1388 564 1401 605 :
1436 548 1719 609 defuncto
1743 552 2031 610 nimirum
2048 551 2176 623 jam
2199 546 2433 605 dudum
2471 548 2518 602 Α

2398 562 2433 602 n
2471 548 2518 602 Α
2547 548 2677 618 μετὰ
2706 553 2804 599 τῶν
2843 546 3006 600 ἄλλων
3044 552 3289 623 προέθετο
3347 547 3556 603 ἐνώπιον
3596 552 3762 623 ἡμῶν,
3823 552 3903 605 ὅτι
3960 552 4009 606 ἓν
4074 563 4149 625 τῷ

780 632 1231 708 archiepiscopo
1255 638 1588 695 Graicorum
1615 641 1878 712 praefatae
1900 640 2129 710 insulas,
2173 653 2312 694 cum
2338 651 2434 691 eo-

779 735 915 777 rum
931 727 1171 780 vacaret
1195 727 1564 799 metropolis,
1592 728 2029 787 demandatum
2053 727 2268 785 iisdem
2288 724 2434 798 ipsis

779 807 985 877 fuisse,
1026 812 1326 882 ejusmodi
1357 815 1725 874 Germanum
1764 819 1964 891 potius
2003 833 2190 891 quam
2248 814 2433 871 alium

778 900 1130 972 quempiam
1177 901 1318 959 huic
1383 906 1618 962 muneri
1684 906 2160 979 praeﬁciendum,
2227 906 2433 975 utpote

778 1000 963 1059 quem
1019 989 1539 1066 archiepiscopatu
1596 994 1848 1067 dignum
1906 996 2096 1053 beatis
2130 992 2432 1051 memorias

778 1076 1160 1134 Innocentius
1189 1095 1374 1154 papa,
1402 1082 1811 1155 praedecessor
1827 1088 2044 1151 noster,
2075 1082 2198 1139 suis
2227 1080 2431 1138 litteris

777 1164 1245 1237 existimaverit;
1290 1184 1413 1226 non
1458 1185 1828 1244 repugnasse
1856 1172 2200 1230 universam
2249 1183 2432 1243 syno-

776 1252 925 1310 dum
965 1258 1021 1312 et
1050 1255 1326 1315 ordinem
1374 1274 1571 1333 neque
1620 1260 1797 1317 bonae
1841 1261 2147 1320 memoriis
2195 1262 2432 1315 Petrum

776 1341 994 1402 Albani
1013 1344 1390 1419 episcopum,
1412 1348 1555 1408 olim
1572 1349 1634 1405 in
1658 1349 1930 1423 partibus
1954 1350 2069 1406 illis
2089 1346 2431 1422 apostolica;

775 1431 934 1487 sedis
978 1431 1245 1503 legatum
1289 1451 1429 1493 cum
1495 1442 1854 1509 potestatem
1898 1438 2103 1495 fecerit
2148 1435 2431 1493 eumdem

773 1519 1141 1579 Germanum
1172 1523 1234 1579 in
1279 1541 1457 1581 suum
1484 1526 1757 1599 ipsorum
1795 1528 2147 1600 episcopum
2186 1539 2431 1597 promo-

772 1609 951 1666 vendi
969 1631 988 1677 ;
1006 1626 1078 1668 ac
1097 1614 1503 1671 venerabilem
1526 1616 1767 1675 fratrem
1787 1622 2059 1674 nostrum
2078 1615 2432 1689 episcopum

771 1700 1202 1771 Tusculanum,
1254 1707 1395 1761 tunc
1452 1706 1739 1779 temporis
1775 1706 1837 1763 in
1889 1705 2101 1763 iisdem
2159 1703 2431 1777 partibus

771 1787 943 1845 dictas
971 1790 1129 1848 sedis
1154 1790 1444 1867 legatum,
1468 1794 1563 1851 cui
1595 1795 2002 1869 praedecessor
2024 1798 2228 1851 noster
2255 1808 2427 1850 man-

2545 634 2706 688 πάλαι
2760 642 2851 689 τοῦ
2904 646 3002 691 τῶν
3050 644 3281 713 Γραικῶν
3323 637 3743 713 ἁρχιεπισκόπον
3791 649 3878 703 τῆς
3952 642 4150 717 προλη-

2545 726 2761 797 φθείσης
2797 730 2961 785 νήσου
3012 729 3336 795 τεθνηκότος,
3399 729 3777 801 σχολαζούσης
3834 739 3929 793 τῆς
3977 733 4149 784 αὐτῶν

2542 814 2919 886 μητροπόλεως,
3023 814 3371 892 ἐπιτραπῆναι
3473 818 3651 881 αύτοῖς
3753 822 3839 871 τόν
3910 828 4146 873 τοιοῦτον

2543 905 2799 976 Γερμανόν
2832 903 2863 961 ἣ
2921 903 3071 957 ἀλλον
3108 908 3226 958 τινὰ
3289 905 3357 967 εἰς
3404 913 3556 959 τοῦτο
3613 913 4014 983 κεχαρισμένον,
4072 912 4144 972 ὡς

2540 987 2684 1053 ἄξιον
2764 991 3073 1065 νομίζεσθαι
3146 1002 3242 1056 τῆς
3365 992 3789 1068 ἁρχιεπισκοπῆς
3879 994 3979 1049 ἀπὸ
4047 1004 4144 1059 τῆς

2541 1076 2751 1150 εύαγοῦς
2775 1085 2951 1152 μνείας
2979 1090 3072 1134 τοῦ
3109 1083 3260 1135 πάπα
3314 1082 3641 1138 Ἰννοκεντίου
3699 1084 3796 1157 (3),
3848 1091 3941 1139 τοῦ
3994 1086 4141 1158 ἡμῶν

2539 1172 2877 1242 προκατόχου
2911 1167 3005 1224 διὰ
3046 1178 3145 1224 τῶν
3190 1171 3349 1225 αὐτοῦ
3404 1174 3723 1246 γραμμάτων
3757 1190 3769 1203 ·
3802 1178 3874 1246 μὴ
3909 1172 4144 1226 ἀντίϐαι-

2540 1260 2734 1318 νούσης
2788 1266 2884 1321 τῆς
2924 1260 3147 1313 καθόλου
3231 1258 3456 1315 συνόδου
3510 1266 3600 1315 καὶ
3651 1266 4041 1329 καταστάσεως,
4109 1264 4141 1323 ἦ

2541 1354 2641 1398 τῶν
2693 1354 2785 1409 τῆς
2836 1347 3041 1420 ἀγαθῆς
3099 1354 3305 1423 μνήμης
3362 1355 3559 1425 Πέτρου
3612 1360 3710 1404 τῶν
3752 1352 4005 1405 Ἀλϐανῶν
4063 1353 4149 1424 (4)

2541 1434 2829 1490 ἐπισκόπου
2884 1440 3047 1490 πάλαι
3131 1438 3179 1490 ἓν
3227 1446 3337 1501 τοῖς
3386 1445 3595 1513 μέρεσιν
3663 1441 3869 1503 ἐκείνοις
3918 1462 4148 1501 τοποτη-

2539 1534 2704 1601 ρητοῦ
2742 1535 2837 1589 τῆς
2894 1526 3246 1592 ἀποστολικῆς
3294 1526 3469 1601 ἔδρας,
3516 1527 3697 1594 ἀδείας
3754 1531 4025 1603 ἐπιτυχεῖν
4068 1534 4143 1593 ὡς

2541 1619 2627 1668 τὸν
2681 1615 2836 1670 αύτόν
2895 1620 3152 1691 Γερμανόν
3209 1618 3276 1679 εἰς
3313 1615 3453 1672 ἴδιον
3518 1618 3800 1673 ἐπίσκοπον
3861 1620 4148 1695 προϐάλλε-

2543 1705 2669 1757 σθαι
2698 1726 2711 1740 ·
2753 1712 2842 1759 καὶ
2891 1707 2916 1758 ό
2952 1706 3169 1770 ευλαϐὴς
3221 1704 3437 1781 ἁδελφός
3468 1710 3547 1780 (5)
3594 1711 3759 1781 ἡμῶν,
3800 1711 3826 1762 ό
3878 1718 3969 1771 τῆς
4014 1717 4148 1763 Του-

2542 1794 2760 1856 σκούλας
2818 1795 3101 1859 ἔπίσκοπος
3170 1801 3285 1849 τότε
3338 1799 3385 1849 ἓν
3451 1804 3555 1859 τοῖς
3600 1798 3773 1859 αὐτοῖς
3827 1803 4008 1871 μέρεσι
4047 1808 4146 1863 τῆς

770 1877 1017 1937 daverat
1035 1884 1099 1938 ut
1113 1897 1297 1954 quem
1316 1882 1546 1956 praifati
1566 1884 1831 1959 episcopi
1848 1885 1961 1943 sibi
1979 1884 2125 1957 ipsis
2141 1882 2427 1940 canonice
2457 1893 2499 1950 Β

2397 1898 2427 1938 e
2457 1893 2499 1950 B
2535 1882 2791 1957 ῥηθείσης
2819 1881 2976 1962 ἔδρας
3016 1889 3397 1962 τοποτηρητής,
3525 1885 3683 1949 αὐτὸς
3734 1889 3761 1940 ό
3808 1890 4145 1961 προκάτοχος

770 1966 1104 2041 elegissent,
1139 1971 1325 2029 modo
1351 1972 1572 2043 dignus
1617 1973 1788 2046 foret,
1834 1974 2256 2042 conﬁrmaret;
2288 1987 2429 2029 cum

768 2073 913 2115 vero
942 2058 1016 2115 de
1038 2060 1378 2119 ordinando
1400 2064 1700 2135 ejusmodi
1730 2067 2025 2122 Germano
2054 2080 2091 2121 a
2129 2064 2251 2119 suis
2298 2061 2429 2119 fau-

768 2146 998 2207 toribus
1029 2154 1324 2220 ageretur,
1362 2152 1493 2223 ejus
1524 2152 1897 2222 electionem,
1940 2156 2146 2227 utpote
2174 2152 2426 2208 liberam

768 2236 1149 2315 ingenueque
1168 2239 1411 2312 factam,
1438 2242 1851 2312 conﬁrmasse,
1885 2246 1939 2299 et
1985 2243 2177 2313 egisse
2208 2245 2274 2297 ut
2310 2238 2429 2313 ipsi

768 2326 900 2398 ejus
926 2327 1291 2400 suffraganei
1318 2331 1671 2404 episcopum
1704 2337 2123 2390 consecrarent
2148 2349 2160 2399 ;
2189 2333 2427 2403 recepto

768 2414 1007 2484 deinde,
1048 2420 1335 2476 Romamn
1364 2420 1637 2478 Ecclesiae
1677 2422 1945 2493 nomine,
1978 2422 2057 2478 ab
2108 2422 2243 2494 ipso
2295 2422 2429 2477 Ger-

767 2521 953 2563 mano
983 2506 1233 2581 ejusque
1255 2510 1651 2581 sutfraganeis
1675 2511 2032 2567 obedientite
2058 2512 2425 2583 juramento,

767 2595 958 2652 dictos
997 2596 1413 2668 suﬂ'raganeos
1443 2604 1732 2673 tanquam
1770 2617 1879 2657 suo
1910 2600 2302 2675 metropolitas
2333 2618 2426 2658 ca-

766 2686 1049 2743 nonicam
1071 2688 1121 2743 ei
1144 2688 1545 2761 spopondisse
1568 2690 1972 2747 obedientiam
2009 2708 2021 2756 ;
2056 2696 2114 2747 at
2144 2707 2281 2747 cum
2300 2691 2426 2764 ipse

766 2776 1099 2833 Germanus
1123 2776 1181 2833 in
1211 2779 1593 2850 possessione
1625 2784 1780 2836 esset
1818 2780 2085 2836 muneris
2134 2781 2425 2855 archiepi-

766 2870 1153 2938 scopatus,et
1198 2869 1338 2940 jura
1384 2869 1820 2944 metropolitica
1878 2869 2033 2926 clero
2101 2875 2157 2927 et
2198 2871 2425 2945 populo

766 2958 1106 3014 Graecorum
1132 2958 1237 3033 qui
1261 2958 1321 3014 in
1347 2975 1419 3015 ea
1448 2958 1757 3030 degebant
1785 2959 1983 3018 insula
2038 2960 2285 3034 paciﬁce
2317 2962 2423 3020 da-

764 3049 872 3109 ret,
895 3052 1427 3119 prasmemoratum
1443 3050 1739 3106 Leucosiae
1762 3049 2276 3123 archiepiscopum
2296 3052 2422 3108 suis

764 3150 888 3192 non
914 3140 1259 3193 contentum
1294 3138 1538 3209 ﬁnibus,
1562 3156 1700 3195 cum
1721 3155 1919 3212 neque
1941 3141 2000 3196 in
2033 3143 2417 3211 Germanum,

2967 1976 2979 1990 ο

2536 1972 2814 2027 ἐνετείλατο
2882 1991 2895 2005 ⁸
2954 1976 3025 2038 ὡς

2536 2063 2814 2118 ἇτίσκοποι
2875 2063 3175 2129 ἐκλέξωνται
3230 2064 3449 2132 ἑαυτοῖς,
3520 2065 3564 2119 εἰ
3614 2069 3755 2119 ἔστιν
3814 2066 3979 2136 ἄξιος,
4039 2088 4143 2120 πα-

2534 2160 2758 2227 ρασχεῖν
2825 2152 3185 2227 ἐπικυρώσεως
3261 2150 3448 2229 δῶρον.
3527 2154 3609 2207 Ἐν
3670 2150 3730 2207 δε
3784 2162 3859 2225 τῷ
3910 2164 4138 2214 ποιῆσαι

2535 2249 2715 2294 τοῦτον
2744 2244 3177 2317 χειροτονηθῆναι
3205 2245 3348 2316 παρὰ
3384 2250 3484 2294 τῶν
3542 2241 3703 2295 αὐτοῦ
3759 2240 4137 2309 σπουδαστῶν,

2535 2329 2840 2384 ἕπιϐεϐαιῶν
2913 2335 3005 2390 τὴν
3088 2330 3578 2407 παρρησιασθεῖσαν
3673 2331 3816 2401 αύτῷ
3896 2331 4136 2404 ἐκλογὴν,

2534 2426 2810 2479 πεποίηκεν
2848 2420 2899 2483 ἐξ
2927 2420 3093 2474 αὐτῶν
3132 2428 3224 2473 τοῦ
3274 2420 3436 2473 αὐτοῦ
3488 2419 3696 2493 βοηθῶν
3726 2424 4143 2497 παρασχεθῆναι

2533 2514 2883 2584 χειροτονείας
2977 2510 3292 2585 εὐεργεσίαν.
3388 2509 3801 2582 ’Λναληφθείσης
3864 2515 4145 2583 μετέπειτα

2533 2608 2604 2670 τῷ
2668 2608 2762 2662 τῆς
2798 2599 3089 2673 Ῥωμαῖκῆς
3133 2598 3445 2662 Ἐκκλησίας
3486 2598 3700 2672 ὀνόματι
3766 2598 3819 2663 ἐξ
3883 2600 4044 2653 αὐτοῦ
4085 2620 4146 2653 τε

2532 2693 2621 2741 καὶ
2685 2697 2784 2741 τῶν
2843 2688 3001 2741 αὑτοῦ
3058 2684 3409 2741 σπουδαστῶν
3474 2696 3569 2750 τῆς
3612 2696 3709 2751 τῆς
3765 2690 3995 2750 ὑπακοῆς
4058 2692 4146 2742 θε-

2530 2776 2749 2844 λησεως,
2779 2780 2827 2830 οἰ
2872 2778 3111 2853 ῥηθέντες
3160 2797 3214 2831 τε
3253 2777 3394 2847 αύτῷ
3452 2774 3792 2831 σπουδασταὶ
3846 2781 3916 2839 ὡς
3967 2779 4146 2851 οἰκείῳ

3116 1975 3170 2028 ὃν
3255 1983 3531 2037 κανονικῶς
3619 1978 3669 2029 οἱ
3761 1976 4143 2052 προρρηθέντες

2531 2867 2887 2944 μητροπολίτη
2962 2872 3237 2925 κανονικὴν
3284 2869 3687 2939 καθυπέσχοντο
3742 2873 3835 2926 τὴν
3880 2868 4143 2927 ύπακοήν.

2530 2957 2710 3019 ’Ὁντος
2738 2954 2797 3010 δε
2826 2964 2918 3010 τοῦ
2973 2956 3133 3009 αὐτοῦ
3182 2963 3443 3029 Γερμανοῦ
3476 2955 3758 3030 ἐγκρατοῦς
3791 2966 3887 3019 τῆς
3946 2956 4145 3031 ἀρχιε-

2529 3056 2854 3110 πισκοπικῆς
2932 3045 3096 3115 ἀξίας,
3175 3046 3396 3119 εἰρεναῖςί
3460 3065 3512 3099 τε
3585 3042 3770 3098 δίκαια
3820 3048 4143 3120 μητροπολί-

2529 3140 2651 3191 τικὰ
2674 3145 2745 3208 τῷ
2784 3136 2959 3210 κλήρῳ
2997 3140 3087 3188 καὶ
3124 3143 3196 3206 τῷ
3235 3134 3342 3206 λαῷ
3392 3143 3491 3188 τῶν
3539 3140 3769 3209 Γραικῶν
3816 3144 3917 3189 τῶν
3970 3135 4020 3188 ἐν
4070 3146 4137 3210 τῇ

763 3224 868 3299 qui
893 3240 1015 3281 non
1042 3224 1227 3282 alium
1260 3227 1373 3283 sibi
1408 3227 1780 3300 superiorem
1812 3229 1923 3284 nisi
1973 3246 2160 3286 unum
2209 3233 2419 3289 Roma-
2446 3247 2490 3305 α

2386 3247 2490 3305 με
2531 3233 2673 3300 νήσῳ
2718 3223 3005 3292 διέποντος,
3070 3228 3096 3278 ό
3144 3226 3616 3299 προμνημονευθεὶς
3684 3234 3779 3289 τῆς
3835 3232 4137 3288 Λευκοσίας

762 3329 913 3370 num
942 3316 1215 3385 agnoscit
1239 3316 1602 3387 pontiﬁcem.
1626 3333 1738 3373 nec
1765 3318 1945 3374 etiam
1968 3318 2027 3374 in
2049 3336 2153 3376 eos
2175 3321 2280 3393 qui
2307 3322 2420 3379 sub

760 3402 916 3460 illius
946 3408 1085 3460 sunt
1110 3404 1365 3477 imperio
1397 3407 1653 3476 Graecos,
1688 3406 1807 3464 ulla
1831 3408 1932 3479 jus
1964 3407 2202 3465 dicendi
2240 3410 2423 3467 facul-

834 3512 910 3585 (3)
960 3512 1117 3565 Πάπα
1150 3513 1493 3585 Ἰννοκεντίου.
1554 3514 1741 3585 Hujus
1796 3515 2063 3572 nominis
2122 3516 2210 3583 IV,
2277 3534 2421 3575 nam

760 3583 966 3639 tertius
998 3588 1236 3640 creatus
1267 3584 1376 3641 fuit
1418 3601 1580 3642 anno
1615 3583 1750 3642 H98
1789 3592 1845 3642 et
1883 3594 2155 3644 mortuus
2197 3594 2284 3644 est
2313 3606 2419 3646 an-

760 3669 841 3735 no
874 3659 1011 3739 l2t6
1041 3674 1053 3722 ;
1088 3656 1375 3737 quocirca
1396 3658 1726 3739 Germanus
1750 3658 2094 3739 plus‘guam
2125 3661 2420 3739 quinquaf

761 3725 927 3801 ginta
984 3725 1179 3782 annos
1214 3728 1462 3801 rexisset
1504 3725 1830 3801 Ecclesiam
1882 3725 2314 3801 Nicosien’sem,‘
2365 3736 2422 3789 et

759 3797 1090 3874 incongrue
1122 3798 1609 3874 archiepiscopus
1642 3800 1813 3874 Hugo
1871 3816 2033 3857 anno
2095 3806 2231 3859 1260
2287 3797 2423 3874 post

757 3868 1201 3941 quinquaginta
1233 3868 1427 3927 annos
1456 3868 1619 3927 litem
1646 3868 1941 3927 Germano
1967 3868 2315 3931 intentasse}
2344 3875 2419 3931 de

758 3941 1194 4017 metropolitico
1215 3943 1349 4017 jure
1380 3946 1437 3999 et
1465 3941 1768 4007 electione,
1804 3944 1906 4016 qui
1949 3946 2417 4017 prtescriptionis

753 4013 887 4084 jure
907 4017 1045 4084 post
1068 4013 1350 4083 tringinta
1376 4029 1569 4070 annos
1590 4029 1663 4070 ex
1694 4013 1842 4071 can.’
1865 4020 1925 4070 17
1948 4013 2114 4072 conc.
2137 4013 2417 4075 Clialced.

755 4083 1191 4157 metropolitica
1212 4085 1352 4156 jura
1371 4086 1505 4156 jure
1526 4085 1712 4142 daret.
1738 4090 1853 4142 Nec
1876 4089 2227 4155 Germanus,
2251 4090 2417 4147 senio

756 4154 1086 4225 confectus,
1116 4154 1325 4232 vigens
1355 4154 1412 4213 et
1436 4162 1684 4229 vegetus
1716 4160 1969 4215 Romam
2030 4154 2321 4232 petiisSet,
2362 4165 2419 4218 et

756 4232 995 4301 intatem
1034 4228 1232 4301 potius
1262 4244 1450 4301 quam
1512 4235 1928 4301 paupertatem
1973 4228 2283 4289 causasset
2310 4228 2315 4230 ’
2340 4249 2416 4289 ne

756 4244 995 4284 astatem
1034 4244 1232 4299 ponus
1262 4244 1450 4355 quam
1512 4244 1928 4301 paupertatem
1973 4244 2283 4289 causasset
2340 4249 2412 4289 ne

756 4299 1288 4374 longiusvariisal
1314 4301 1424 4374 atis
1465 4301 1797 4374 rationibus
1845 4302 1915 4357 iis
1950 4303 2412 4374 protraheretur.

755 4372 961 4444 Petrus
991 4370 1131 4427 item
1165 4371 1376 4444 Albani
1402 4370 1743 4444 episcopus,
1776 4378 1831 4428 et
1864 4370 2012 4431 Otiio
2043 4375 2416 4432 Tusculanus

756 4442 870 4498 sub
898 4443 1241 4499 innocentio
1273 4445 1341 4499 iV
1370 4442 1661 4499 exstitere.

826 4516 904 4585 (4)
969 4518 1166 4589 Πέτρου
1226 4522 1318 4568 τού
1398 4515 1677 4589 ’Δλϐανῶν.
1744 4520 1825 4589 in?
1861 4516 2009 4589 actis
2063 4518 2408 4589 pontiﬁcum

2531 3317 2969 3394 ἀρχιεπίσκοπος,
3004 3315 3098 3369 οὐκ
3128 3313 3440 3390 ἀρκούμενος
3490 3323 3597 3378 τοῖς
3654 3312 3811 3376 ἰδίοις
3860 3318 4016 3390 ὅροις,
4078 3318 4137 3379 ὃς

2530 3412 2645 3461 οὔτε
2674 3406 2756 3480 (6)
2806 3407 2877 3470 εἰς
2927 3406 3103 3472 αὐτὸν,
3161 3407 3230 3467 ὡς
3261 3404 3421 3457 αὐτοῦ
3452 3401 3582 3457 εἶναι
3638 3404 3849 3476 μείζονα
3882 3404 4036 3457 ἄλλον
4100 3408 4132 3465 ἦ

2528 3514 2789 3571 nocentii
2809 3512 3067 3569 habetur
3100 3527 3113 3566 :
3144 3512 3529 3568 Innocentius
3562 3511 3781 3566 Othoni
3828 3512 4147 3568 cardinali

2529 3587 2752 3642 multas
2772 3585 3007 3654 scripsit
3025 3583 3324 3653 epislolas,
3346 3585 3505 3654 (quae
3526 3584 3755 3637 utinam
3779 3589 4051 3639 extarent
4078 3585 4089 3639 !
4126 3590 4146 3653 )

2528 3658 2959 3727 mandavitque
2975 3661 3039 3710 ut
3053 3656 3115 3709 in
3134 3655 3337 3725 Cypro
3359 3654 3561 3709 insula
3582 3656 3953 3724 episcopatus
3979 3655 4152 3711 Grae-

2528 3745 2732 3786 corum
2760 3729 3122 3783 institueret.

2600 3802 2674 3871 (6)
2700 3799 2794 3862 ⁸ος
2834 3802 2970 3853 οὔτε.
3000 3796 3224 3853 Asserit
3244 3798 3583 3871 Germanus
3639 3811 3700 3852 se
3747 3796 3981 3871 nullum
4047 3815 4152 3854 su-

2526 3867 2821 3945 periot'em
2844 3884 3170 3945 agnoscere
3196 3867 3542 3945 pontiﬁcem
3566 3874 3781 3945 praeter
3800 3868 3996 3925 solum
4030 3872 4152 3945 Ro-

2525 3939 2778 4000 manum
2795 3958 3005 3997 unum.
3037 3939 3451 4013 Quia’Cyprus
3482 3954 3607 3995 una
3621 3939 3770 4013 olim
3792 3942 4147 4013 metropolis

2525 4020 2652 4071 erat
2677 4030 2748 4070 ex
2777 4014 2850 4070 iis
2872 4030 3008 4086 quae
3032 4012 3123 4068 sui
3145 4010 3509 4086 juri's’erant,
3532 4010 3755 4086 nullius
3784 4010 4144 4086 parent—ibus

2524 4086 2776 4154 imperio
2810 4104 2823 4153 ;
2853 4082 3022 4156 cujus
3047 4082 3394 4156 metropolis
3424 4098 3620 4156 genus
3643 4082 3825 4156 δείεόὶ
3847 4085 4145 4156 αὖτοκέφα-

2522 4158 2607 4235 λον
2626 4162 2862 4235 vocant,
2888 4154 2958 4213 eo
2974 4155 3143 4235 quod
3164 4154 3294 4235 ipsa
3311 4154 3659 4235 metropolis
3682 4154 3926 4235 sibiipsi
3940 4154 4144 4235 caput

2526 4231 2601 4287 sit
2623 4234 2679 4286 et
2708 4226 3100 4302 seipsamfab
3132 4226 3264 4302 aliis
3289 4230 3622 4302 nonrecta,
3647 4226 4140 4302 reg_at,’sub_tiul-

2522 4302 2637 4358 lius
2670 4296 2921 4358 Orientis
2948 4298 3304 4371 patriarcha;
3331 4296 3553 4371 ditione
3575 4299 3913 4371 constituta.
3947 4299 4139 4355 Theo-

2523 4373 2709 4429 dorus
2751 4369 3031 4426 Balsamo
3062 4370 3136 4425 de
3187 4369 3512 4441 privilegiis
3560 4369 4040 4441 patriarcharum
4071 4372 4138 4427 in

2522 4445 2625 4501 lib.
2651 4460 2705 4499 Vl
2733 4445 2901 4499 Juris
2932 4440 3242 4498 orientalis
3280 4458 3303 4498 .'
3350 4440 3502 4512 ’Λνευ
3560 4440 3725 4512 μόνων
3771 4450 3869 4493 τῶν
3920 4442 4140 4495 αὐτοκε-

2526 4516 2694 4589 φάλων
2717 4514 3170 4588 ἀρχιεπισκόπων,
3193 4520 3296 4594 ,τοῦ
3320 4511 3639 4586 Βουλγαρίας
3669 4533 3759 4595 ,φη
3768 4518 3827 4583 μὶ
3870 4519 3972 4595 ναξ
4041 4523 4139 4567 τού

754 4600 878 4673 non
908 4584 1199 4673 reperitur
1222 4602 1447 4673 nomen
1492 4587 1667 4673 istius.
1691 4584 2167 4673 cat*dinalis,‘tjui
2208 4590 2411 4669 utigue
2440 4605 2489 4660 1)

2387 4606 2411 4647 Β
2440 4605 2489 4660 D
2530 4584 2910 4663 Κύπλοου,”καί
2961 4606 3112 4639 τινων
3180 4584 3823 4673 ὀλιγωνῇμητροπολιτῶν
3870 4584 4138 4673 λαϐόντων

2536 4660 2547 4673 9
2614 4660 2622 4673 Ι
2735 4660 2749 4673 ἢ
2900 4663 2907 4673 ι
3024 4655 3052 4673 Λ
3153 4656 3171 4673 ε
3252 4665 3270 4673 η
3357 4656 3367 4667 ⁸
3478 4664 3498 4673 ς
3670 4664 3683 4669 —
3827 4660 3836 4670 ο
3949 4663 3957 4672 ι

755 4662 896 4733 tunc
934 4658 1222 4733 temporis
1247 4665 1519 4714 mortuus
1550 4666 1692 4733 erat,
1728 4676 1863 4716 cum
1892 4658 2135 4733 vocetur
2161 4669 2256 4724 τῆς
2286 4658 2411 4733 ἀὴρ.-

757 4730 847 4789 θῆς
877 4733 1106 4803 μνήμης,
1138 4729 1303 4803 bona:
1337 4732 1651 4803 memorias.
1678 4729 1908 4803 ’Beperi
1938 4737 2137 4788 tamen
2168 4734 2227 4787 in
2268 4729 2414 4789 actis

754 4800 991 4856 concilii
1015 4801 1429 4870 Lugdunensis
1452 4801 1566 4857 sub
1590 4800 1935 4858 Innocentio
1968 4805 2052 4868 ιν,
2088 4804 2148 4859 in
2178 4811 2411 4860 senten-

753 4873 834 4948 tia
846 4877 1055 4948 contra
1068 4872 1414 4948 Federicum
1437 4874 1582 4946 imp.
1608 4873 1749 4948 lata,
1765 4874 1823 4929 in
1837 4890 1961 4948 qua
1973 4891 2170 4948 summ
2182 4892 2248 4930 us
2262 4891 2413 4948 pon-

753 4945 892 5001 tifex
924 4944 1085 5012 dicit,
1114 4946 1413 5015 Speciales
1440 4944 1679 5001 nuntios
1712 4944 2103 5002 venerabilem
2151 4944 2412 5016 fratrem

752 5022 1025 5073 nostrum
1044 5019 1114 5072 P.
1136 5018 1560 5083 Albanensem,
1587 5023 1732 5073 tunc
1753 5018 2284 5089 Rhotomagensem
2318 5035 2418 5075 ar-

752 5089 1217 5159 chiepiscopum,
1266 5104 1338 5145 ac
1367 5089 1649 5145 dilectum
1678 5091 1873 5157 ﬁlium
1912 5100 2183 5145 nostrum
2217 5090 2414 5147 Gulie-

753 5163 960 5228 lmum,
989 5160 1246 5217 basilica
1268 5160 1373 5217 SS.
1393 5161 1818 5229 Apostolorum
1842 5161 2256 5232 presbyterum
2285 5178 2414 5218 car-

750 5234 1041 5306 dinalem.
1067 5235 1303 5289 Petrum
1330 5233 1586 5306 fratrem
1615 5232 1878 5306 appellat
1898 5234 2042 5305 quia
2071 5234 2410 5306 episcopus,

751 5304 1111 5362 Gulielmum
1143 5320 1285 5376 vero
1301 5305 1496 5376 filium
1528 5304 1862 5376 presbyter.

821 5377 901 5450 (5)
950 5377 1009 5429 '0
1055 5373 1569 5450 sexcentenas;
1619 5375 1671 5429 Is
1706 5373 1831 5450 iuit
1894 5375 2046 5450 Otho
2088 5375 2410 5433 cardiualis

750 5446 840 5505 de
857 5451 1072 5522 Castrog
1089 5448 1330 5522 Bodulﬁ
1351 5446 1771 5522 Bituricensis,
1806 5446 2016 5522 legatis
2068 5449 2245 5522 Cypri
2273 5454 2413 5522 post

749 5524 985 5577 Petrum
1012 5520 1225 5593 Albani
1269 5520 1622 5593 episcopum
1660 5519 1774 5574 sub
1804 5519 2288 5593 Innocentio—le
2316 5521 2411 5576 cui

750 5598 985 5666 exstant
1005 5593 1162 5650 datae
1178 5591 1385 5648 litterae
1409 5591 1491 5666 de
1502 5592 1845 5666 Griecorum
1867 5592 2096 5666 ritibus,
2122 5609 2244 5666 quo
2262 5598 2410 5666 tem-

749 5681 895 5739 pore
957 5665 1145 5735 legasi
1180 5678 1430 5720 numere
1461 5662 1871 5739 fungebantur
1912 5663 1973 5719 in
2013 5662 2231 5739 Cypro.
2265 5664 2410 5739 Inde

749 5734 962 5810 postea
1000 5734 1253 5794 Romam
1283 5751 1584 5810 reversus,
1632 5734 1746 5810 sub
1776 5734 2120 5810 Alexandro
2153 5739 2221 5810 iV_
2270 5736 2409 5793 sub-

684 5826 687 5827 '
750 5807 989 5883 scripsit
1007 5810 1295 5882 Anagniae
1327 5807 1487 5867 hanc
1515 5807 2030 5866 Constitutionem.
2061 5809 2125 5867 ln
2156 5808 2291 5867 Vita
2320 5812 2409 5867 lui

2526 4651 2968 4731 ἀπὸ’φιλ.οτιμίας
3018 4651 3305 4730 βασιλικῆς
3354 4651 3545 4716 ἰδίκῆς
3594 4664 3748 4707 τοῦτο
3786 4660 3844 4708 τό
3900 4654 4140 4714 δίκαιον,

2525 4728 2752 4787 Praeter
2791 4728 2941 4785 solos
2968 4728 3441 4797 archiepiscopos
3463 4728 3569 4798 qui
3613 4736 3795 4797 caput
3833 4731 3951 4797 ipsi
3968 4737 4135 4796 sunt,

2523 4803 2839 4872 Bulgaria
2860 4801 3146 4857 nimirum
3169 4806 3225 4856 et
3247 4800 3458 4869 Cypri,
3494 4813 3565 4855 ac
3589 4813 3815 4868 paucos
3838 4802 4138 4871 quosdam

2524 4871 2675 4931 alios
2704 4874 3116 4942 metropolitas
3156 4887 3258 4943 qui
3284 4886 3359 4926 ea:
3387 4871 3797 4943 imperatoria
3825 4875 4141 4940 peculiari

2524 4945 2928 5013 muniﬁcentia
2944 4948 3047 5015 jus
3074 4942 3237 5015 istud
3266 4943 3550 5015 obtinent.
3580 4942 3752 5007 Quod
3779 4942 3879 5013 jus
3909 4944 4143 5000 archie-

2522 5017 2759 5090 piscgopi
2786 5013 2963 5090 Cypri
2988 5013 3482 5090 antiquissimum
3512 5028 3656 5090 sane
3681 5019 3789 5069 est.
3814 5016 4140 5090 Et_’l‘beod.

2524 5084 3068 5170 guide'tnp'alsamo
3184 5088 3415 5170 ean.‘39
3442 5084 3809 5170 Trullanum,
3834 5086 3911 5170 ad
3933 5089 4141 5170 conci-

2522 5154 2666 5217 lium
2700 5159 3062 5231 Ephesinum
3101 5162 3163 5231 lli
3198 5154 3346 5231 illu_d
3386 5155 3563 5211 refert
3590 5154 3840 5231 dicens:
3869 5158 3999 5231 ῘΑπὸ
4046 5164 4139 5231 μὲν

2522 5241 2613 5286 τοῦ
2645 5233 2695 5290 η’
2718 5225 2926 5294 κανόνος
2949 5240 3039 5291 τῆς
3068 5230 3117 5301 γ’
3150 5225 3375 5281 συνοδου
3402 5233 3726 5305 παρίσταται
3756 5230 3834 5305 ὅτι
3856 5228 3920 5305 Δἐκ
3947 5225 4143 5305 πρόσει

2520 5304 2738 5367 λεύσεως
2771 5302 3057 5356 ἐπισκόπου
3076 5299 3219 5364 τινός
3253 5299 3720 5374 ξύπρούῬεγίψυ
3757 5299 4139 5374 -ἐπιλεγοέιένου

2521 5378 2723 5452 ὡρίσθη
2803 5373 3146 5447 αύτοκέφαλον
3256 5369 3385 5424 εἶναί
3464 5369 3589 5429 τὴνή
3633 5369 3950 5431 Ἐκκλησίαν
4048 5384 4144 5437 τῆς

2524 5445 2758 5521 Κύπρου,
2808 5452 2899 5500 καὶ
2936 5445 3179 5521 ⁸ἐκωλύθη
3239 5445 3288 5521 ό-
3312 5448 3633 5521 Αντιοχείαςμ
3702 5451 4037 5520 χειροτονίας
4070 5452 4142 5521 ἐν

2520 5513 2651 5593 αύτῇ
2686 5513 2849 5573 ποιεῖν
2879 5541 2891 5553 ·
2924 5515 3216 5590 διορίζεται
3258 5513 3316 5593 δε
3376 5513 3517 5593 ἔχειν
3572 5513 3741 5593 az???”
3792 5513 3881 5570 διαὶ
3939 5522 4008 5571 τά
4056 5516 4145 5593 δέ·

2519 5587 2645 5645 καια
2682 5601 2777 5655 τῆς
2838 5587 3447 5655 Κωνσταντινουπόλεως,
3488 5590 3739 5651 ὡσαύτως
3784 5595 3869 5643 καὶ
3916 5593 4010 5655 τὰς
4064 5590 4145 5644 ἐκ·

2518 5664 2745 5726 κλησίας
2798 5672 2897 5718 τῶν
2973 5662 3243 5738 ἐπαρχιῶν
3304 5666 3397 5712 τοῦ
3450 5659 3835 5738 Ἑλλησπόντου
3894 5668 3987 5716 καὶ
4047 5669 4145 5723 τὴν

2519 5736 2835 5796 Ἐκκλησίαν
2916 5745 3010 5798 τῆς
3072 5734 3343 5796 Κυζίκου,
3414 5736 3503 5783 καὶ
3578 5734 3821 5803 γίνεσθαι
3891 5738 3988 5796 τὰς
4041 5745 4147 5788 τῶν

2518 5807 2815 5865 ἐπισκόπων
2875 5808 3041 5863 αὐτῶν
3112 5808 3441 5881 χειροτονίας
3497 5806 3640 5877 παρὰ
3693 5813 3786 5859 τοῦ
3846 5805 4147 5863 ἐπισκόπου
