4434 6452
304 387 438 446 153⁸1

297 517 385 568 τὸν
470 519 565 574 τῆς
632 508 828 580 Ῥώμης
889 506 1142 583 ἀρχιερέᾶ
1204 505 1262 560 οὗ
1313 509 1578 578 γινώσκει,

299 607 418 665 τοὺς
497 602 948 671 ὑπατεταγμένους
1033 597 1173 668 αὐτῷ
1247 599 1502 670 Γραικοὺς
1547 594 1663 645 τινα
1720 584 1902 642 ἄδειαν

301 688 661 761 δικαιολογίας
714 686 940 758 ἐπέχειν,
1001 686 1156 738 αὑτὸν
1236 693 1307 755 τῷ
1359 680 1480 756 ἰδίῳ
1543 680 1741 754 ϐήματι
1781 696 1902 751 ’τρο-

298 779 550 849 καλεῖται,
609 779 692 829 ἵνα
768 775 852 828 ἐπί
929 794 1041 828 τισι
1110 775 1411 846 ζητήμασιν
1472 771 1507 824 ἁ
1560 767 1903 843 προύϐάλλετο

298 869 412 922 κατ’
492 868 652 920 αὐτοὺ
724 868 898 932 ὥσπερ
976 860 1206 926 διέταξεν
1265 861 1514 928 ἐκζητεῖν,
1577 858 1900 932 ἀποκριθείη.

305 963 404 1011 Καὶ
435 956 544 1009 ἐπεὶ
599 957 624 1007 ὁ
665 954 821 1015 αὐτὸς
884 952 1302 1028 ἀρχιεπίσκοπος
1360 952 1614 1025 Γερμανὸς
1654 949 1905 1016 ὑπήνεγκε

724 868 898 938 ὥσπερ

298 1051 430 1119 πρὸς
457 1051 516 1098 τὸ
543 1048 686 1118 ἔργον
726 1040 925 1104 ἐνδοὺς.
962 1048 1051 1095 καὶ
1109 1040 1156 1094 ἐν
1211 1050 1283 1111 τῷ
1345 1045 1550 1111 σώματι
1600 1037 1780 1102 αὐτοῦ,
1838 1037 1906 1094 ὡς

298 1136 521 1207 λέγεται,
608 1137 770 1206 φέρων
851 1130 1115 1203 ἐπιτιμίου

301 1226 522 1294 τοιούτῳ
571 1228 812 1296 Γερμανῷ
871 1225 962 1272 καὶ
1019 1227 1081 1291 τῇ
1142 1219 1302 1271 αὐτοῦ
1354 1217 1640 1288 Ἰ-ῖκκλήσίᾳ
1703 1217 1908 1288 ἐπέφερε

1209 1128 1494 1201 ἀπόφασιν,
1561 1125 1747 1185 πολλὰς
1834 1130 1906 1193 τῷ

300 1315 393 1374 τὰς
432 1310 756 1385 βαρύτητας,
813 1308 865 1371 ἐξ
917 1309 984 1358 ὧν
1044 1305 1418 1360 ἀποδείκνυται
1487 1308 1663 1358 παθεῖν
1712 1303 1909 1374 ζημίας

301 1406 391 1452 καὶ
461 1396 674 1462 ἐξοὸονς
745 1401 1020 1470 μεγίστας.
1082 1399 1282 1448 Τούτου
1351 1397 1508 1448 ἕνεκεν
1584 1395 1609 1445 ὸ
1677 1399 1908 1450 τοιοῦτος

303 1492 556 1562 Γερμανὸς
607 1488 690 1559 ἀφ’
761 1488 903 1559 ἡμῶν
961 1487 1092 1558 μετὰ
1147 1494 1246 1536 τὼν
1299 1484 1462 1536 ἀλλων
1530 1481 1766 1544 ἐζήτησε,
1817 1487 1907 1531 τοῦ

304 1575 629 1630 ἀνακτᾶσθαι
711 1578 779 1628 τὰ
855 1574 1194 1646 ἐπενεχθέντα
1277 1571 1416 1646 βάρη
1496 1570 1634 1641 αὐτῷ
1686 1567 1780 1622 diu
1817 1576 1908 1620 τοῦ

626 1666 916 1725 Λευκὸσίας

300 1669 546 1742 ῥηθέντος
626 1666 916 1725 Λευκὸσίας
997 1663 1440 1737 ἀρχιεπισκὸπου,
1506 1667 1592 1713 τὸν
1647 1660 1802 1712 αὐτόν
1855 1675 1909 1710 τε

305 1755 406 1809 ἀπὸ
445 1765 547 1808 τῶν
601 1757 850 1808 τοιούτων
905 1758 996 1806 καὶ
1045 1762 1144 1805 τῶν
1198 1753 1388 1825 ὁμοίων
1440 1761 1534 1814 τῆς
1582 1755 1652 1823 μὴ
1705 1747 1906 1821 ὀφειλο-

1599 361 2050 434 CONSTITUTIO
2090 365 2358 437 errata.

1663 503 1780 555 οὔτε
1830 498 1903 559 εἰς
1932 501 1979 554 Α
2012 501 2125 557 tate
2153 502 2419 576 polleret,
2442 507 2521 564 ad
2545 522 2724 564 suum
2763 505 3024 564 tribunal
3057 507 3258 580 ipsum
3297 524 3658 582 provocasse

3523 385 3658 444 1338

2011 589 2374 651 Germanum
2403 600 2468 653 ut
2524 596 2891 670 quibusdam
2941 601 3148 655 contra
3175 598 3376 672 ipsum
3413 600 3659 673 prolatis

2011 679 2284 750 querelis,
2309 697 2380 740 eo
2405 686 2571 757 quod
2593 685 2667 742 de
2693 686 2843 758 ipsis
2871 686 3084 743 statuis
3123 693 3180 744 et
3219 688 3538 761 inquirere,
3569 705 3661 746 re-

2014 769 2356 838 sponderet.
2387 775 2534 830 Cum
2567 779 2770 832 autem
2810 775 2969 832 idem
3011 776 3498 850 archiepiscopus
3529 781 3660 835 Ger-

2012 871 2230 913 manus
2261 860 2323 916 id
2353 877 2529 932 agere
2573 863 2945 930 detrectaret,
2971 864 3034 920 in
3064 866 3195 937 ejus
3219 880 3564 938 personam,
3597 871 3664 924 ut

2011 944 2330 1019 ferebatur,
2373 955 3009 1011 excommunicationis
3050 957 3405 1013 sententiam
3444 957 3660 1026 ferens,

2011 1033 2212 1108 ipsum
2262 1043 2624 1098 Germanum
2671 1045 2920 1117 ejusque
2979 1045 3300 1102 Ecclesiam
3328 1046 3661 1104 innumeris

2013 1144 2294 1186 onerasse
2324 1132 2800 1203 gravaminibus,
2827 1149 2964 1206 quae
2990 1134 3256 1205 jacturas
3289 1150 3511 1208 easque
3533 1152 3664 1208 gra-

2014 1234 2131 1287 ves,
2156 1219 2539 1293 maximaque
2561 1221 2869 1295 impendia
2895 1223 3006 1278 sibi
3031 1223 3389 1296 imperatore
3412 1225 3664 1282 demon-

2015 1312 2181 1363 strat.
2233 1309 2521 1374 Quocirca
2567 1310 2865 1382 ejusmodi
2910 1314 3242 1368 Germanus
3301 1319 3356 1370 et
3395 1313 3494 1370 alii
3525 1330 3664 1372 cum

2016 1410 2086 1451 eo
2108 1395 2404 1466 petierunt
2441 1415 2478 1454 a
2506 1399 2686 1454 nobis
2746 1401 2892 1456 utin
2917 1401 3016 1471 jus
3068 1415 3247 1457 suum
3297 1404 3660 1460 Germanum

2017 1501 2439 1555 assereremus,
2473 1493 2530 1544 et
2563 1488 2725 1545 illata
2746 1490 2847 1545 eia
2877 1490 3036 1546 dicto
3062 1491 3358 1548 Leucosiae
3380 1493 3668 1565 archiepi-

2017 1590 2201 1646 scopo
2227 1577 2583 1645 gravamina
2605 1578 2986 1643 sarciremus,
3028 1579 3351 1652 ipsumque
3384 1580 3460 1636 ab
3515 1582 3667 1652 ejus-

2015 1663 2184 1718 modi
2228 1668 2286 1719 et
2307 1663 2601 1720 similibus
2621 1681 2743 1721 non
2767 1665 2923 1722 licita
2966 1666 3242 1724 facultate
3263 1667 3324 1723 in
3348 1669 3580 1725 Graecos
3610 1675 3669 1726 et

2017 1752 2123 1824 qui
2143 1752 2221 1807 ad
2244 1767 2348 1808 eos
2374 1758 2666 1825 spectant,
2695 1755 3067 1812 decimarum
3093 1755 3474 1828 impositione
3503 1757 3669 1814 aliis-

303 1851 460 1920 μένης
514 1845 757 1908 ἐξουσίας
833 1843 916 1896 ἐπὶ
965 1850 1072 1904 τοῖς
1131 1849 1373 1916 Γραικοῖς
1425 1846 1514 1893 καὶ
1592 1848 1689 1892 τῶν
1734 1837 1982 1916 αὐτοίςΒ

2040 1856 2138 1913 {ue
2174 1841 2400 1911 jurium
2446 1843 2909 1913 extorsionibus,
2946 1844 3418 1907 actis,cohibere
3440 1863 3672 1904 curare-

306 1935 594 1993 ἀνηκόντων
626 1933 674 1986 ἓν
715 1929 1055 2005 ὃεκατισμοῖς
1101 1936 1191 1984 καὶ
1246 1930 1419 1992 ἄλλοις
1465 1927 1684 1983 δικαίων
1742 1947 1906 2001 παρα-

305 2024 524 2077 ϐάσεσιν
599 2022 968 2096 ἐπιμελετὼμεν
1034 2020 1289 2078 κωλύσαι.
1385 2018 1491 2073 Κᾶν
1571 2025 1659 2073 καὶ
1701 2018 1909 2072 ἐνωπιον

303 2123 394 2168 τοῦ
419 2113 798 2190 προρρηθέντος
833 2111 1228 2165 Τουσκουλανον
1286 2110 1595 2178 ἐπίσκοπον,
1652 2109 1690 2182 ᾧ
1746 2105 1910 2162 δεδώ-

309 2209 471 2276 καμεν
528 2202 825 2275 ἀκροᾶσθαι
886 2205 975 2263 τὰς
1027 2204 1267 2261 τοιαύτας
1320 2199 1604 2272 ἐγκλὴσεις,
1653 2202 1701 2252 οἰ
1757 2200 1912 2273 προρ-

304 2294 546 2369 ρηθέντες
593 2289 976 2346 διεϐεϐαιοῦντο
1028 2289 1298 2366 ἐπίτροποι
1358 2293 1438 2343 ὅτι
1486 2292 1511 2342 ὁ
1574 2289 1916 2365 ἀρχιεπίσκο-

303 2403 400 2446 πος
469 2389 634 2437 Λευκο
645 2387 760 2442 σίας

305 2473 376 2535 εἰς
431 2469 585 2530 δίκην
632 2471 790 2529 ἐκληη
849 2472 992 2543 παρά
1041 2489 1174 2530 τινος
1229 2469 1500 2545 ανθρώπου
1562 2471 1590 2528 ἡ
1650 2475 1913 2542 νομίμως·

837 2385 996 2434 ἕνεκεν
1052 2388 1146 2442 τῆς
1205 2384 1456 2440 τοιαύτης
1510 2381 1679 2441 αἰτίας
1731 2383 1916 2449 οὔποτε

311 2563 420 2616 οὔτ’
455 2562 605 2614 αὐτοὶ
657 2561 780 2633 παρ’
817 2560 980 2612 αὑτοῦ
1012 2561 1138 2633 ὑπερ
1171 2559 1334 2622 αὐτῆς
1391 2567 1483 2619 τῆς
1536 2560 1727 2627 αἰτίας,
1787 2559 1918 2617 πλην

313 2650 408 2706 διὰ
437 2651 591 2712 ἄλλας
630 2653 774 2712 τινας
832 2655 1015 2723 χρείας
1061 2654 1174 2701 νυνὶ
1233 2648 1528 2707 ἐστάὶησαν
1606 2670 1619 2683 ·
1679 2655 1769 2702 καὶ
1827 2646 1920 2701 ὃιςί

316 2748 470 2794 τοῦτο
501 2739 586 2792 ἐπὶ
637 2747 745 2800 τοῖς
799 2738 1142 2811 προϐληθείσι
1191 2737 1315 2811 παρ’
1369 2737 1530 2790 αὐτοῦ
1580 2745 1670 2791 τοὺ
1739 2736 1914 2811 ἀρχιε-

316 2834 583 2884 πισκοπου
674 2835 934 2901 Γερμανοῡ
1007 2827 1099 2880 οὐκ
1178 2827 1389 2900 ὤφειλον
1465 2826 1671 2899 ἐπέχειν
1718 2832 1918 2900 κρίσιν.

308 2926 516 2992 ⁸Ομως,
585 2917 636 2982 ἐξ
721 2919 976 2992 ἡμετέρας
1037 2916 1394 2992 προστάξεως,
1459 2921 1642 2989 μηπως
1699 2925 1770 2987 τῷ
1824 2925 1922 2968 τὼν

316 3016 550 3083 Γραικῶν
623 3007 1028 3081 ἀρχιεπισκόπῳ

313 3094 465 3160 δίκης
523 3097 803 3172 πλήρωμα,
881 3095 1129 3149 ἐϐιάᾶατο
1210 3113 1426 3157 τουτους
1466 3097 1491 3147 ὁ
1546 3095 1696 3156 αὐτὸς
1735 3093 1924 3170 ἀκροα-

1133 3003 1326 3068 ὃόξειεν
1411 3004 1617 3058 ἀπεῖναι
1698 3009 1754 3058 τὸ
1829 3015 1925 3069 τῆς

311 3192 408 3251 τὴς
446 3187 526 3258 (7)
555 3193 669 3248 ταῖς
720 3186 983 3246 ζητήσεσι
1047 3187 1251 3253 τούτου,
1304 3185 1476 3258 ὥσπερ
1534 3188 1621 3238 τοῦ
1685 3185 1926 3260 ῥηθέντος
1956 3219 1995 3274 C

317 3276 765 3353 ἀρχιεπισκὸπου,
807 3273 1176 3348 ἀποκριθῆναι.

389 3367 670 3439 Προέθεντό
762 3370 934 3417 τοίνυν
1008 3363 1058 3416 ἐν
1133 3371 1198 3436 τῇ
1280 3368 1474 3437 κρίσει,
1529 3364 1609 3417 ὅτι
1652 3369 1920 3440 προτροπή

319 3462 562 3532 περὶτῆς
593 3457 964 3516 καταστάσεως
1018 3461 1110 3507 τοῦ
1172 3457 1411 3507 τοιούτου
1462 3459 1722 3529 Γερμανοῦ
1771 3453 1924 3510 οὐδε-

315 3553 413 3620 μία
468 3566 549 3608 τις
601 3543 818 3618 ἐγεγόνει
868 3563 884 3580 ο
942 3543 1049 3597 ἕπεὶ
1104 3547 1234 3620 πρὸς
1282 3548 1398 3606 τοὺς
1453 3548 1925 3619 προμνημονενθέν-

316 3657 408 3700 τας
458 3639 778 3699 ἐπισκόπους
825 3631 1030 3688 δίκαιον
1088 3653 1141 3686 τι
1188 3637 1276 3687 τὸν
1320 3633 1743 3710 ἀρχιεπίσκοπον
1791 3634 1926 3691 ἐκλέ-

319 3832 553 3902 Κύπρου.
629 3836 854 3902 Σήμερον
931 3825 992 3883 δε
1050 3826 1273 3902 οὐδεμία
1303 3828 1405 3884 ἀπὸ
1453 3839 1551 3884 τῶν
1606 3829 1925 3891 Ἐκκλησιῶν

315 3887 508 3976 marios
569 3911 655 3976 τῇ⁸
703 3887 1069 3975 ⁸ἰιηὲιεπισκοπιῇ
1159 3887 1370 3976 Κύπρου
1443 3903 1736 3972 ὑπόκειται,
1813 3903 1922 3956 ἀλλ’

315 3970 440 4027 οὐδε
491 3977 558 4028 τὰ
607 3970 813 4028 ’δίκαια
870 3982 963 4036 τῆς
997 3970 1585 4036 Κώνσταντίνουπολεως
1640 3970 1773 4047 ἔχει,
1833 3976 1925 4031 Ab

314 4053 522 4102 octavo
543 4062 771 4104 canone
793 4049 985 4103 tertiae
1006 4047 1241 4116 synodi,
1265 4062 1344 4102 eae
1363 4047 1806 4116 supplicatione
1830 4063 1927 4104 cu-

303 4119 552 4190 jusdam
575 4121 836 4190 episcopi
863 4119 1073 4186 Cypri,
1103 4118 1363 4190 Rhegini
1388 4122 1603 4185 vocati,
1629 4125 1924 4174 statutum

311 4191 455 4261 fuit,
474 4193 664 4260 ipsam
685 4191 876 4260 Cypri
899 4190 1227 4246 Ecclesiam
1255 4205 1374 4246 esse
1391 4193 1709 4260 primatem
1733 4205 1804 4246 ac
1831 4192 1927 4246 sui

318 4263 506 4331 ipsius
535 4268 717 4331 caput
736 4275 756 4330 ,°
778 4267 833 4318 et
870 4261 1209 4327 prohibitus
1235 4268 1319 4318 est
1349 4263 1748 4318 Antiochenus
1769 4263 1926 4331 epis-

319 4349 492 4404 copus
508 4335 714 4404 facere
733 4333 796 4390 in
819 4348 888 4390 ea
909 4333 1320 4390 ordinationes
1341 4336 1585 4390 :staluit
1611 4339 1807 4390 autem
1832 4349 1927 4390 ca-

320 4421 458 4462 non.
479 4409 546 4462 39
575 4407 851 4474 Trullan,
869 4411 922 4461 et
941 4420 1070 4461 eam
1086 4404 1304 4461 habere
1314 4421 1465 4474 Jura
1491 4406 1711 4474 Cpolis,
1730 4421 1802 4461 ac
1819 4420 1928 4474 pa-

319 4479 469 4533 riter
483 4477 784 4534 Ecclesias
801 4478 980 4534 etiam
993 4479 1445 4545 provinciarum
1466 4478 1856 4545 Hellesponti,
1871 4483 1925 4532 et

321 4549 648 4636 Ecclesium
670 4549 873 4636 Cyzic‘i
893 4548 1574 4636 ipsonumepiscopgruin
1597 4548 1927 4636 ordinatin-
1967 4581 2010 4636 Β

323 4636 422 4678 nes
447 4619 522 4678 ab
538 4621 800 4691 episcopo
824 4621 1014 4690 Cypri
1029 4621 1364 4690 faciendas.
1380 4621 1576 4677 Hodie
1594 4635 1732 4677 vero
1752 4621 1926 4676 nulla

325 4708 400 4750 ex
411 4693 502 4749 his
516 4694 796 4750 Ecclesiis
811 4694 1002 4763 Cypri
1017 4691 1565 4763 archiepiscopatui
1583 4693 1926 4762 subjicitur,

326 4767 443 4820 imo
454 4779 644 4837 neque
643 4767 794 4836 jura
809 4762 1004 4837 Cpolis
1018 4762 1206 4837 habet.
1226 4765 1512 4820 Fortassis
1524 4765 1665 4837 quia
1675 4763 1803 4835 jam
1820 4779 1929 4837 suo

323 4835 594 4909 tempore
620 4835 679 4892 in
694 4835 1054 4909 Latinorum
1069 4835 1365 4909 ditionem
1390 4835 1649 4909 cesserat
1672 4854 1685 4904 ;
1705 4836 1810 4909 sed
1827 4835 1933 4891 fal-

322 4905 484 4975 litur,
515 4923 659 4964 nam
682 4907 782 4980 jus
809 4905 1211 4980 αὐτοκεφαλαῖον
1233 4907 1372 4980 inde
1403 4907 1480 4964 ab
1513 4906 1930 4980 apostolorum

325 4987 592 5052 tempore
604 4978 920 5052 habuerat.
936 4978 1348 5052 Clarissimeid
1365 4984 1527 5052 patet
1539 4978 1610 5052 ex
1626 4979 1838 5052 eodem
1855 4978 1929 5035 ad

321 5050 581 5124 ipsemet
596 5051 776 5124 allato
793 5066 1026 5107 canone
1050 5051 1083 5106 8
1099 5051 1316 5124 synodi
1337 5050 1547 5117 tertiae;
1572 5051 1892 5124 dixitenirn
1916 5068 1928 5107 :

319 5121 536 5186 Ἕξονσι
555 5129 614 5176 τὸ
638 5121 1019 5196 ἀνεπηρέαστον
1043 5121 1410 5175 καίὰϐίαστον
1432 5126 1481 5176 οἱ
1519 5133 1619 5176 τῶν
1659 5124 1820 5194 ἁγίων
1857 5121 1934 5174 ὲκ-

321 5195 550 5253 κλησιῶν
611 5204 711 5248 τῶν
765 5195 901 5248 κατὰ
927 5199 1021 5254 τὴν
1049 5197 1254 5269 Κύπρον
1281 5203 1604 5270 προεστῶτες
1652 5197 1786 5247 κατὰ
1814 5197 1936 5256 τοὺς

320 5272 684 5341 κανόνας-τῶν
726 5268 882 5319 ὁσίων
930 5266 1189 5341 Πατέρων,
1241 5266 1330 5319 καὶ
1384 5272 1476 5326 τὴν
1523 5266 1752 5341 ἀρχαίαν
1781 5271 1938 5324 συνή-

324 5340 484 5411 θειαν,
541 5335 614 5391 δι’
664 5338 857 5392 iuvem
910 5341 1001 5400 τὰς
1056 5335 1385 5411 χειροτονίας
1415 5347 1515 5391 τῶν
1551 5335 1936 5392 εὐλαϐεστάτων

322 5409 621 5464 ἐπισκόπων
666 5415 986 5484 ποιούμενοι.
1037 5409 1316 5484 Habeant
1364 5413 1470 5481 jus
1520 5428 1707 5484 suum,
1749 5413 1940 5484 inlac-

322 5489 447 5539 tum
479 5489 534 5540 et
563 5483 918 5540 inviolatum
943 5483 1050 5552 qui
1075 5485 1302 5538 sanctis
1327 5485 1391 5538 in
1434 5484 1626 5553 Cypro
1654 5483 1938 5540 Ecclesiis

318 5562 611 5627 prwsunt,
627 5555 954 5612 secundum
967 5569 1223 5612 canones
1236 5554 1340 5627 SS.
1359 5555 1602 5611 Patrum
1620 5562 1672 5610 et
1689 5561 1939 5627 veterem

320 5626 828 5695 consuetudinem,
843 5642 953 5700 per
962 5628 1182 5700 seipsos
1193 5626 1563 5700 ordinatines
1575 5626 1944 5684 reverendis-

317 5701 609 5756 simorum
623 5701 1031 5770 episcoporum
1043 5699 1678 5769 facientes.Contirmat
1691 5703 1942 5755 veterem

319 5771 816 5832 consuetudinem
821 5770 860 5846 ,j
869 5787 978 5832 ure.
993 5786 1106 5831 sua
1119 5771 1369 5846 antiqua
1383 5771 1585 5832 ﬁrmat
1597 5770 1943 5844 consilium,

2019 1946 2176 1986 mus.
2232 1933 2299 1986 Et
2342 1933 2621 2003 quamvis
2661 1949 2864 1990 coram
2918 1934 3168 2007 praefato
3186 1935 3520 1994 Tusculano
3550 1941 3673 2009 epi-

2019 2035 2225 2092 scopo,
2253 2020 2350 2076 cui
2377 2036 2522 2077 sane
2561 2022 2863 2093 ejusmodi
2914 2023 3275 2081 dederamus
3301 2026 3510 2082 audire
3534 2043 3676 2084 con-

2020 2109 2357 2178 troversias,
2421 2111 2939 2184 archiepiscopum
3007 2113 3308 2170 Leucosiae
3357 2131 3673 2188 nunquam

2021 2204 2264 2272 propter
2293 2213 2428 2256 eam
2480 2203 2811 2258 causamin
2861 2201 3442 2274 judiciumlegitime
3464 2205 3674 2262 saltem

2026 2304 2062 2345 a
2089 2304 2400 2361 quoquam
2427 2290 2672 2346 homine
2698 2297 2976 2348 vocatum
3007 2292 3188 2350 fuisse
3206 2293 3437 2366 praefati
3467 2311 3677 2368 procu-

2025 2387 2250 2434 ratores
2269 2379 2461 2434 testati
2512 2379 2748 2450 fuerint,
2786 2396 2982 2453 neque
3012 2381 3091 2438 ab
3119 2381 3249 2455 ipso
3271 2383 3387 2440 hac
3407 2383 3680 2444 decausa

2027 2468 2258 2524 tametsi
2273 2474 2514 2540 propter
2535 2469 2651 2525 alia
2667 2469 2950 2543 quaedam
2971 2472 3212 2542 negotia
3239 2488 3399 2530 nunc
3414 2490 3478 2530 se
3501 2474 3681 2531 fuisse

2031 2557 2275 2623 missos,
2328 2563 2508 2630 atque
2542 2558 2694 2616 adeo
2737 2575 2812 2615 ne
2833 2560 2925 2616 his
2947 2575 3082 2633 quas
3117 2561 3196 2618 ab
3228 2563 3682 2638 archiepiscopo

2031 2650 2324 2704 Germano
2354 2647 2592 2719 objecta
2620 2647 2782 2705 fuere
2820 2665 2944 2706 non
2982 2665 3136 2723 opus
3165 2666 3294 2708 esse
3324 2654 3682 2710 constituere

2027 2735 2321 2807 judicium
2355 2753 2368 2791 :
2403 2736 2814 2807 nihilominus,
2839 2753 2912 2794 en
2942 2738 3285 2796 videremur
3315 2757 3570 2813 negasse
3595 2759 3684 2800 ar-

2032 2825 2416 2898 chiepiscopo
2435 2828 2761 2883 Grtncorum
2771 2828 3013 2898 justitiae
3032 2829 3284 2903 copiam,
3304 2830 3378 2887 de
3395 2830 3685 2890 mandato

2031 2919 2238 2972 nostro
2274 2915 2511 2973 auditor
2557 2917 2685 2988 ipse
2711 2917 2791 2974 ad
2838 2917 3030 2975 dictas
3081 2921 3354 2978 Germani
3384 2923 3684 2994 querelas.

2033 3005 2269 3078 praefati
2291 3005 2730 3080 archiepiscopi
2747 3007 3006 3078 nomine,
3030 3013 3511 3084 eosrespondere
3534 3028 3687 3070 eom-

2035 3094 2201 3168 pulit.

2107 3361 2450 3421 Retulerunt
2529 3363 2732 3438 itaque
2770 3363 2850 3422 ad
2903 3362 3216 3440 judicium,
3295 3367 3691 3430 ordinationis

2034 3453 2308 3526 ejusdem
2336 3455 2617 3512 Germani
2653 3454 2890 3512 nullum
2919 3455 3098 3529 plane
3120 3457 3411 3517 exstitisse
3437 3462 3692 3520 manda-

2033 3547 2163 3600 tum
2197 3559 2210 3610 ;
2255 3543 2474 3602 deinde
2519 3545 2619 3616 jus
2662 3543 2920 3616 eligendi
2970 3546 3489 3624 archiepiscopum
3525 3551 3692 3609 nullo

2033 3632 2218 3690 modo
2256 3634 2728 3706 praememoratis
2769 3635 3123 3694 convenisse
3191 3638 3458 3713 episcopi
3503 3659 3522 3713 ;
3563 3643 3694 3699 tum

2034 3847 2156 3908 non
2176 3846 2416 3908 _novu_m
2445 3831 2657 3908 _tribuit
2686 3850 2698 3902 ;
2728 3831 2828 3904 jus
2858 3832 2921 3889 id
2951 3838 3152 3908 autem
3205 3840 3332 3892 erat
3351 3837 3452 3908 jus
3481 3836 3689 3892 αὐτοκε-

2037 3901 2267 3990 palatina.
2295 3904 2597 3990 ‘nimirum
2640 3901 3119 3990 .ut‘metropoli'ta
3159 3901 3370 3990 Cyprj'
3391 3924 3427 3965 a
3456 3911 3692 3990 synodo

2037 3975 2216 4047 Cypri
2259 3975 2572 4046 eligeretur
2601 3980 2657 4032 et
2685 3975 2764 4032 ab
2809 3975 3109 4050 episcopis
3159 3975 3431 4050 ejusdem
3481 3975 3692 4038 insulae

2036 4052 2505 4120 consecraretun,
2531 4061 2654 4120 non
2683 4064 2720 4104 a
2749 4049 3092 4120 patriarcha
3142 4049 3468 4108 Antiochiae
3494 4053 3590 4109 vel
3616 4055 3695 4110 ab

2037 4118 2154 4191 alio
2184 4118 2421 4191 quovis.
2454 4119 2603 4174 Cum
2636 4118 2835 4191 itaque
2887 4123 3219 4176 Germanus
3251 4138 3314 4177 se
3356 4125 3696 4182 Graecorum

2037 4189 2550 4261 archiepiscopum
2563 4189 2829 4266 creatum
2845 4191 3218 4266 existimaret,
3234 4197 3519 4266 tanquam
3535 4198 3697 4253 Grai-

2039 4260 2258 4342 corum’
2314 4260 2691 4342 metropolita
2733 4263 3166 4342 _ejus_insult_n,
3205 4260 3376 4342 'jure'
3401 4267 3699 4342 _udrozaqm-

2037 4333 2210 4412 lutea
2228 4331 2484 4412 nolebat
2510 4331 2747 4412 Hugoni
2782 4331 3262 4412 metropolitano
3292 4337 3511 4412 Latino
3529 4331 3701 4412 pare-

2040 4420 2125 4488 re.
2149 4407 2443 4488 Attamen,
2477 4405 2578 4476 qui
2608 4404 3029 4488 ea‘privilegia
3069 4422 3309 4488 sempen
3356 4404 3700 4488 intelligun-

2041 4482 2135 4550 tur
2153 4475 2319 4550 salva
2330 4475 2350 4546 j
2364 4491 2464 4530 ure
2479 4475 2709 4550 προτιμη
2720 4475 3249 4550 eam;_,prtelationis
3273 4483 3526 4538 Romani
3546 4475 3702 4550 pon-

2043 4546 2236 4615 tiﬁcis,
2266 4546 2400 4603 ideo
2427 4546 2567 4604 eum
2598 4546 2794 4604 selum
2819 4546 3108 4606 ditionem
3146 4551 3207 4606 in
3237 4550 3439 4624 ipsum
3477 4546 3703 4613 habere

2042 4623 2280 4676 tutetur.

2115 4692 2199 4764 (ἶ)
2232 4691 2304 4764 ’0,
2344 4691 2500 4764 αὐτὸς
2556 4688 2839 4764 ἀκροατής.
2872 4691 3045 4764 idem
3097 4692 3356 4762 auditor,
3414 4697 3703 4757 nimirum

2043 4760 2542 4819 eardinalis.01im
2565 4760 2725 4819 enim
2747 4763 3081 4821 cardinales
3101 4760 3703 4828 constitubanturau-

2042 4833 2266 4913 ditores
2303 4833 2697 4913 peculiarium
2729 4851 3052 4913 causarum
3091 4853 3384 4913 asummo
3400 4842 3702 4913 pontiﬁce.

2044 4905 2380 4981 Innocentis
2437 4905 2797 4981 ll|._llegest.
2837 4924 3066 4981 xm_ep
3106 4913 3212 4965 45:
3246 4911 3377 4967 Tibi
3400 4905 3466 4970 ἐι
3494 4915 3570 4972 F.
3611 4931 3709 4972 ar-

2046 4977 2402 5050 chidiacono
2429 4979 2698 5035 Tullensi
2725 4977 3125 5038 venerabilem
3146 4982 3406 5050 fratrem
3433 4992 3704 5044 nostrum

2047 5049 2471 5129 ll,,'0_stiensein
2501 5051 2860 5129 episcopum,
2887 5049 3309 5129 constituimus
3347 5057 3705 5129 auditorem,

2049 5122 2228 5192 Epist.
2255 5125 2348 5176 197
2373 5137 2385 5176 :
2410 5121 2610 5177 Priori
2625 5129 2678 5178 et
2699 5123 3124 5193 fi'atribusSS.
3147 5126 3420 5193 Quatuor
3445 5121 3706 5188 Corona;

2049 5199 2268 5248 torum.
2300 5193 2452 5249 Cum
2481 5209 2664 5262 super
2687 5210 2799 5249 usu
2827 5202 2882 5252 et
2911 5195 3056 5266 jure
3082 5199 3392 5265 parochias
3422 5201 3581 5258 inter
3606 5218 3709 5260 vos

2049 5270 2103 5320 et
2132 5266 2206 5319 N.
2233 5266 2497 5333 priorem
2511 5281 2580 5321 ac
2606 5272 2959 5323 conventum
2985 5269 3446 5328 Lateranensem
3471 5281 3711 5331 conten-

2052 5338 2131 5392 tio
2164 5343 2516 5403 verteretur,
2531 5337 2815 5410 dilectum
2831 5339 3028 5406 ﬁlium
3049 5347 3322 5397 nostrum
3348 5344 3438 5410 0.,
3457 5346 3621 5402 tituli
3643 5347 3704 5403 S.

2049 5410 2305 5482 Joannis
2323 5414 2375 5465 et
2403 5410 2583 5466 Pauli
2598 5409 3008 5481 presbyterum
3021 5409 3711 5482 cardinalem,idedimus

2048 5480 2320 5550 partibus
2351 5482 2685 5538 auditorem
2715 5499 2738 5546 ;
2759 5480 2862 5554 qui
2888 5483 3174 5552 petitione
3196 5480 3428 5542 audivit
3456 5493 3510 5544 et
3539 5495 3710 5546 testes

2053 5554 2337 5624 utrinque
2394 5554 2634 5623 recepit.
2679 5557 2744 5609 Et
2787 5556 3018 5623 Regest.
3047 5571 3140 5622 xv,
3173 5571 3268 5624 ep.
3312 5562 3412 5613 150
3445 5574 3458 5624 ;
3490 5560 3710 5620 Coram

2053 5624 2270 5699 dilecto
2293 5625 2420 5693 ﬁlio
2448 5627 2519 5699 Ρ,
2535 5625 3049 5699 tituliS.Ca9cilize
3059 5624 3408 5699 presbytero
3430 5633 3712 5693 cardina-

2057 5697 2120 5764 li,
2181 5711 2352 5769 quem
2418 5697 2580 5754 vobis
2609 5697 2878 5758 dedimus
2943 5697 3297 5760 auditorem.
3343 5701 3493 5762 Vide
3531 5705 3712 5768 etiam

2057 5767 2225 5828 epist.
2257 5770 2326 5826 43
2349 5771 2408 5828 et
2448 5773 2539 5828 69.

2054 5783 2225 5842 epist.
2257 5783 2326 5826 ea
2349 5783 2408 5828 et
2448 5783 2539 5832 ον.
