4434 6452
270 423 406 477 1541

1570 411 2047 471 CONSTITUTIO
2080 417 2329 476 CYPRIA

3485 434 3504 485 l
3517 434 3621 486 542

258 554 373 606 σίας
406 544 832 615 ἀρχιεπισκοπου
870 543 920 594 ἐν
950 551 1010 614 τῇ
1039 543 1164 614 αὐτῇ
1224 548 1361 611 νήσῳ
1419 546 1533 601 ητις
1596 540 1707 590 ἐστι
1764 543 1859 607 μία
1894 543 1929 590 Α

1902 543 1937 590 Α
1968 539 2192 607 prafati
2228 549 2642 613 procuratores
2665 547 2886 617 pariter
2914 561 3050 603 cum
3083 548 3214 603 aliis
3241 550 3537 621 petierunt
3560 559 3620 608 ut

256 631 510 705 ἐπαρχία,
545 632 654 683 οὔτ’
686 628 914 688 ἠδυνατο
965 630 1072 681 οὔτ’
1130 630 1305 701 ὠφειλε
1359 630 1657 679 τάττεσθαι.
1707 627 1740 672 ’ί
1778 628 1856 676 θεν

264 724 397 791 μετὰ
436 740 535 771 των
594 720 755 771 ἄλλων
814 718 1030 778 ἐζήτουν
1068 721 1115 769 οὶ
1167 719 1531 789 προλεχθέντες
1588 715 1858 787 ἐπίτροποι

256 810 322 858 ἶν’
389 810 414 859 ὃ
450 813 628 878 ’γέγονε
678 812 944 877 πρόκριμα
992 812 1108 877 περὶ
1156 812 1245 862 τήν
1301 814 1392 857 τοῦ
1450 801 1858 877 προδιαληφθέν-

255 915 337 955 τος
398 902 658 969 Γερμανοῠ
708 897 756 946 ἐν
805 904 864 965 τῇ
927 904 1021 955 τῆς
1069 902 1360 955 Λευκοσίας
1410 893 1661 961 ἐκκλησία
1704 893 1859 941 κατά-

255 1004 464 1052 στασιν,
492 990 650 1038 καὶεί
688 1006 738 1036 τι
783 984 837 1035 ἐκ
883 988 1088 1051 τούτου,
1149 986 1176 1041 ἡ
1236 984 1395 1036 ἕνεκεν
1457 986 1640 1034 τούτου
1694 1001 1860 1052 παρη-

250 1074 552 1139 κολούθηκε,
598 1070 954 1135 ὃιατάξασθαι
1000 1075 1139 1143 ημᾶς
1197 1077 1264 1143 μή
1322 1075 1460 1141 ἔχειν
1546 1075 1603 1121 τὸ
1684 1078 1854 1140 κέδρος

253 1177 343 1223 καὶ
388 1171 621 1223 κωλυσαι
674 1173 812 1241 ἡμᾶς
878 1174 965 1221 τὸν
1024 1178 1257 1221 τοιοῦτον
1330 1172 1587 1242 Γερμανὸν
1682 1174 1772 1217 τοῦ
1850 1170 1921 1236 μὴ

258 1285 523 1318 σκοπικων
551 1264 788 1319 δικαίων.

321 1364 642 1426 Τελευταῖον,
688 1364 958 1433 ὀχλήσεως
1013 1362 1095 1413 έπὶ
1163 1366 1366 1423 τούτοις
1422 1365 1711 1431 γεγονυίας,
1768 1364 1857 1409 καὶ

247 1452 445 1503 πολλῶν
499 1454 634 1504 ἔνθεν
700 1454 935 1503 κάκείθεν
988 1460 1265 1520 γεγονυιῶν
1334 1452 1518 1501 θέσεων
1567 1452 1707 1521 παρα
1760 1457 1858 1497 τῶν

251 1539 476 1611 ἐκατέρῳ
533 1550 881 1612 παραστῆσαι
937 1544 1282 1610 πεταγμένων·
1374 1540 1479 1589 ἐπεὶ
1552 1538 1604 1599 ἐξ
1692 1536 1859 1587 αὐτῶν

253 1638 353 1679 τῶν
412 1625 725 1690 ἀποδείξεων
780 1637 871 1679 του
919 1624 1130 1679 δικαίου
1194 1624 1362 1678 ἐδόκει
1417 1626 1725 1678 ἐκτετάσθαι
1790 1625 1861 1685 εἰς

249 1724 418 1785 μῆκος
451 1720 544 1776 τὰς
567 1724 661 1776 τῆς
702 1716 975 1785 ὀχλήσεως
1023 1712 1315 1786 διχονοίας,
1368 1717 1392 1765 ὁ
1444 1716 1619 1787 ρηθεὶς
1678 1713 1859 1786 ἀρχιε-

252 1809 512 1865 πίσκοπος
540 1808 823 1876 Γερμωοος
883 1806 1008 1874 ἡμῖν
1065 1807 1398 1855 καθικέτευσε
1449 1811 1720 1869 ταπεινῶς,
1766 1810 1857 1852 του

245 1896 317 1962 μή
384 1896 664 1953 τοσαύταις
717 1893 1089 1963 μακρολογίαις
1150 1893 1505 1963 περιελκεσθαι
1712 1911 1858 1941 πτω-

249 1987 376 2051 χείᾳ
439 1992 533 2041 της
590 1992 687 2032 των
748 1988 979 2053 Γραικῶν
1054 1982 1362 2041 Ἐκκλησίας
1419 1987 1507 2032 καὶ
1576 1983 1859 2042 τοσαύταις

251 2078 369 2131 ταῖς
398 2067 703 2131 δυσκολίαις
725 2073 1111 2144 προσφέρεσθαι
1174 2092 1185 2103 ·
1242 2070 1544 2143 βουλόμενοι
1601 2075 1694 2127 τήν
1759 2090 1858 2121 κα-

251 2164 509 2212 τάστασιν
597 2161 727 2219 αὐτῆ
742 2182 762 2222 ς

252 2244 492 2311 διατάξει

858 2160 948 2212 κάξ
1004 2161 1233 2233 εἰρήνην,
1290 2161 1552 2233 ὀφείλομεν
1625 2161 1855 2232 εἰρηνικῇ

605 2248 703 2301 απο
712 2249 919 2308 στολική
929 2270 949 2309 ς
1063 2252 1434 2309 καταστάσεως
1539 2251 1860 2323 προμήθειαν

253 2335 483 2407 ἐπάγειν,
561 2334 633 2390 δι’
692 2340 750 2397 ἧς
836 2344 1267 2409 κατασιγήσουσι
1306 2348 1405 2389 τῶν
1452 2338 1746 2409 ὀχλουντων
1813 2340 1861 2388 οἱ

248 2424 491 2497 λογισμοὶ
566 2433 654 2478 καὶ
714 2429 812 2478 υπὸ
864 2430 1099 2499 ὑποταγῇ
1170 2435 1264 2484 τῆς
1322 2428 1588 2497 Ῥωμαίων
1644 2425 1855 2483 Ἐκκλη-

253 2518 375 2574 σίας
408 2515 517 2583 (10)
551 2517 600 2566 οί
630 2515 999 2589 προρρηθέντες
1064 2522 1277 2588 Γραικοὶ
1327 2519 1462 2577 ζωὴν
1516 2516 1702 2577 ἄξουσι
1734 2519 1862 2586 μετα

252 2611 349 2653 τῶν
384 2608 620 2655 Λατίνων
653 2604 935 2677 εἰρηνικήν.
995 2601 1162 2657 Οὐδὲν
1219 2607 1521 2676 θαυμαστὸν
1574 2609 1628 2656 τὸ
1686 2604 1861 2656 λοιπον

253 2692 397 2752 ἔθνος
426 2700 526 2742 τῶν
558 2698 793 2743 Λατίνων
830 2699 918 2744 καὶ
978 2699 1230 2767 Γραικῶν,
1288 2703 1381 2753 τῆς
1427 2693 1741 2754 Ἐκκλησίας
1767 2701 1861 2754 τῆς

256 2778 424 2839 αὐτῆς
466 2782 676 2851 Κᾶπρου
741 2780 795 2831 ἐκ
859 2777 1120 2853 διαφόρων
1176 2781 1446 2852 ὁχλήσεων
1502 2781 1861 2853 σαλευομένης,

260 2877 474 2942 ταραχῇ
527 2872 876 2940 κυμαίνεσθαι
911 2891 922 2902 ·
986 2870 1274 2944 ὲξαίρηται,
1330 2874 1499 2932 καθως
1554 2869 1862 2943 δακρίνομεν

260 2955 288 3006 ὃ
364 2956 595 3031 έπιφερεν
663 2963 757 3016 τήν
833 2960 1097 3027 ὑπόθεσιν,
1169 2979 1227 3011 το
1305 2958 1711 3034 ἀσυμπέραστον
1764 2969 1863 3011 τῶν

256 3044 490 3117 ἆκρσιῶν
556 3051 676 3119 περὶ
733 3052 826 3105 τήν
882 3056 973 3099 τοῦ
1035 3048 1211 3109 τέλους
1264 3048 1410 3109 τάξιν
1466 3050 1624 3101 ἕνεκεν
1677 3052 1862 3100 τούτου

260 3135 341 3184 ὅτι
380 3135 449 3193 ὡς
504 3135 533 3190 ἡ
594 3131 821 3207 διαφορὰ
872 3144 972 3187 τῶν
1030 3140 1283 3208 σωμάτων
1331 3143 1419 3189 καὶ
1469 3140 1497 3195 η
1570 3146 1670 3189 τῶν
1728 3138 1864 3195 ἠθῶν
1897 3128 1937 3182 C

262 3228 575 3293 «συμφωνία
661 3225 877 3277 εἰώθασι
957 3232 1132 3297 γεννᾷω
1200 3222 1477 3297 διχονοίας
1532 3225 1580 3277 ἐν
1628 3235 1689 3298 τῇ
1750 3226 1868 3278 ανα-

263 3318 461 3383 στροφῇ
545 3321 645 3363 τῶν
726 3315 1030 3385 ὁμοζώντων
1094 3316 1193 3366 ὑπὸ
1246 3315 1511 3375 ποικίλαις
1570 3318 1869 3379 συνηθείαις

261 3407 678 3475 παρατηρήσεων
744 3411 844 3454 τῶν
916 3412 1118 3473 γενεῶν.
1182 3405 1353 3476 Ἢμεῐς
1407 3401 1516 3469 οὖν,
1573 3406 1620 3457 οἱ
1678 3404 1730 3456 ἐκ
1776 3414 1869 3465 τῆς

261 3488 586 3561 ἐπικειμένης
618 3493 743 3563 ἡμῖν
783 3500 879 3553 τῆς
942 3492 1292 3555 ἀποστολικῆς
1357 3494 1682 3566 λειτουργίας
1735 3494 1869 3565 ὀφεί-

259 3577 411 3650 λομεν
450 3585 539 3631 καί
592 3583 877 3653 ὀρεγόμεθα
932 3590 1039 3643 τοῖς
1080 3582 1124 3633 τ’
1177 3581 1324 3653 ἐγγυς
1392 3590 1495 3643 τοῖς
1550 3602 1602 3635 τε
1667 3587 1870 3655 μακρὰν

224 3671 477 3738 νφάσκειν
564 3668 792 3740 εἰρήνην,
869 3676 1187 3741 ποσέχοντες
1255 3672 1507 3743 ἐπιμελῶς
1577 3675 1871 3745 θεραπεύειν

270 3766 362 3808 τοῦ
393 3761 486 3819 τὰς
526 3759 904 3831 προλεχθείσας
947 3762 1259 3821 Ἐκκλησίας
1308 3761 1499 3834 βεϐαίᾳ
1556 3763 1698 3825 τάξει
1738 3761 1866 3815 διευ-

271 3848 518 3898 θύνεσθαι
582 3854 713 3921 πρὸς
786 3848 1031 3911 ἀλλήλας,
1100 3855 1188 3901 καὶ
1244 3850 1498 3922 ἆμοιϐαίᾳ
1564 3850 1611 3902 ἐν
1662 3860 1877 3925 Χριστῷ

272 3935 638 4008 εὐφραινεσθαι
709 3946 769 4009 τῇ
854 3944 1052 4013 εἰρήνη,
1120 3943 1433 4015 ίκανωτέρως
1489 3944 1879 4015 προεμηθευσά-

273 4026 409 4097 μεθα
431 4028 526 4087 τὰς
568 4030 759 4079 τούτων
811 4025 1123 4091 διαστάσεις
1179 4031 1392 4101 ἡσύχου
1452 4028 1737 4092 διατάξεως
1792 4051 1881 4082 κα-

274 4115 559 4175 τευνάζειν,
625 4115 815 4189 ἀρεστῇ
898 4118 1166 4190 συμϐουλῇ

277 4207 524 4276 μαχαίρᾳ
564 4201 902 4280 διακληροῦν.

349 4297 533 4345 Τοίνυν
581 4302 680 4345 τῶν
746 4296 987 4371 οχληρῶν
1051 4297 1367 4369 φιλονεικιῶν
1437 4300 1571 4350 ἔνθεν
1652 4297 1885 4350 κάκεῖθεν

276 4388 393 4442 ταῖς
434 4392 531 4434 τῶν

1278 4121 1307 4177 ἡ
1362 4128 1604 4192 κριτικῆς
1660 4119 1885 4181 ἐκκοπῆς

621 4384 942 4437 λεπτοτάτων
1006 4387 1309 4462 ἀποφοραῖς,
1392 4397 1490 4439 τῶν
1550 4407 1603 4440 τε
1656 4386 1886 4460 θορύϐων

1970 627 2270 685 decretum
2313 639 2519 689 contra
2546 636 2645 705 jus
2674 635 2878 699 latum,
2900 636 3293 695 ordinationis
3325 643 3621 713 assumpti

1962 715 2089 784 jam
2121 718 2396 774 Germani
2423 721 2500 775 ad
2536 724 2831 777 Leucosia
2861 724 3204 785 Ecclesiam.
3235 732 3291 782 et
3319 728 3617 800 quidquid

1966 818 2039 857 ex
2064 804 2173 859 hac
2209 807 2337 876 ejus
2368 809 2741 864 ordinatione
2817 810 2904 864 vel
2972 813 3101 881 ejus
3150 829 3334 869 causa
3396 816 3617 872 factum

1967 890 2181 947 deinde
2232 894 2462 959 fuisset,
2505 914 2615 952 nos
2653 900 3150 954 constitueremus
3207 918 3336 956 esse
3366 903 3616 970 irritum,

1965 996 2035 1033 ac
2091 982 2543 1051 prohiberemus
2584 1002 2657 1040 ne
2699 989 3021 1042 Germanus
3078 989 3184 1042 iste
3251 992 3454 1063 aliqua
3504 993 3620 1048 ulla

1968 1068 2398 1142 archiepiscopi
2420 1075 2557 1142 jura
2580 1080 2877 1129 exerceret
2906 1075 2967 1129 in
3001 1078 3213 1147 Cypro.

1991 1165 2373 1236 ἑπεργάξεσθαί
2426 1189 2477 1221 τι
2542 1170 2590 1221 ἐν
2638 1179 2699 1242 τῇ
2745 1174 2931 1225 κυποω
2998 1178 3116 1245 περὶ
3195 1183 3295 1225 τῶν
3350 1175 3616 1251 ἁριχιεπι-

2041 1360 2304 1415 Tandem
2334 1379 2512 1433 super
2536 1363 2628 1419 his
2653 1365 2865 1421 oborto
2889 1366 3145 1423 tumultu
3169 1370 3491 1443 multisque
3516 1387 3618 1443 po-

1972 1448 2093 1501 sitis
2124 1451 2557 1519 quaestionibus
2601 1453 2679 1507 ab
2711 1454 2781 1507 iis
2809 1456 2912 1525 qui
2948 1456 3257 1526 utriusque
3303 1460 3487 1529 partis
3516 1476 3620 1531 pa-

1970 1537 2287 1591 trocinium
2318 1540 2717 1595 sustinebant:
2746 1545 3036 1613 quoniam
3060 1560 3131 1598 ex
3157 1544 3299 1615 ipsis
3316 1547 3467 1616 juris
3486 1564 3621 1619 pro-

1969 1622 2316 1679 bationibus
2348 1627 2407 1681 in
2435 1627 2684 1697 longum
2707 1630 3023 1685 videbatur
3044 1634 3479 1702 protrahendas
3498 1636 3620 1691 fore

1971 1715 2389 1769 controversia
2424 1716 2852 1785 dissensiones,
2881 1719 3073 1774 dictus
3133 1722 3621 1795 archiepiscopus

2840 1774 2852 1785 ,
3216 1774 3618 1795 ,_,_-r__--rw_

1902 1774 1941 1824 Η
1973 1802 2303 1856 Germanus
2371 1804 2670 1859 humiliter
2744 1808 3101 1878 supplicavit
3140 1811 3316 1865 nobis
3375 1826 3449 1865 ne
3502 1818 3619 1867 tam

1969 1890 2165 1957 longis
2191 1890 2485 1960 ejusmodi
2518 1894 3022 1965 disputationibus
3046 1914 3183 1953 eum
3208 1899 3619 1955 circumveniri

1971 1992 2039 2032 ac
2057 1978 2344 2047 distineri,
2358 1986 2583 2037 attenta
2596 1982 2866 2037 Ecclesia
2880 1985 3220 2041 Gracorum
3239 1994 3617 2059 paupertate:

1971 2081 2118 2120 neve
2145 2072 2225 2123 tot
2252 2073 2568 2141 tantasque
2602 2086 2871 2126 morosas
2891 2072 3269 2130 difﬁcultates
3289 2076 3348 2130 in
3364 2076 3620 2132 medium

1972 2154 2167 2211 afferri
2190 2157 2523 2213 sineremus
2551 2176 2562 2212 :
2598 2160 2977 2215 consulentes
3005 2165 3183 2218 statui
3215 2165 3402 2234 ipsius
3432 2171 3489 2221 et
3514 2183 3626 2238 pa-

1973 2243 2046 2309 ci,
2073 2260 2318 2315 aquum
2347 2246 2631 2301 duximus
2659 2249 2911 2318 paciﬁca
2936 2252 3357 2307 constitutione
3388 2268 3461 2308 ex
3480 2269 3625 2326 apo-

1975 2332 2186 2387 stolica
2213 2334 2603 2405 dispositione
2636 2335 2874 2391 salubre
2914 2337 3060 2393 inire
3111 2340 3448 2407 consilium,
3500 2358 3624 2414 quo

1974 2416 2386 2473 dissidentium
2421 2420 2735 2491 quiescant
2767 2421 2953 2489 litigia
3002 2429 3056 2477 et
3099 2424 3212 2479 sub
3259 2425 3483 2481 ditione
3527 2429 3626 2482 Eo-

1974 2506 2161 2561 clesia
2185 2509 2564 2564 Romaorum
2588 2512 2769 2564 vitam
2794 2511 3021 2582 praefati
3044 2514 3228 2569 Graci
3251 2531 3382 2569 cum
3407 2516 3626 2571 Latinis

1973 2596 2198 2650 ducant
2222 2597 2556 2666 paciﬁcam.
2590 2600 2704 2651 Nec
2734 2600 2953 2654 mirum
2989 2601 3037 2654 si
3084 2602 3425 2658 Latinorum
3477 2607 3627 2659 Gra-

1973 2699 2303 2756 corumque
2330 2701 2520 2755 genus
2539 2686 3011 2759 Ecclesiaipsius
3042 2692 3220 2762 Cypri
3272 2693 3450 2747 variis
3496 2694 3628 2761 agi-

1974 2780 2109 2830 tata
2138 2776 2349 2845 turbis,
2388 2776 2779 2832 seditionibus
2822 2780 3202 2849 perturbtum
3228 2786 3458 2849 astuet,
3489 2799 3628 2839 cum

1975 2870 2297 2924 excrescat.
2329 2871 2391 2919 ut
2418 2865 2841 2934 dijudicamus,
2872 2867 2931 2921 id
2956 2868 3121 2939 quod
3172 2870 3481 2940 prabebat
3523 2886 3630 2927 an-

1977 2968 2107 3008 sam
2154 2954 2511 3027 dissidiique
2543 2956 2853 3010 materiam
2885 2958 3264 3027 suggerebat,
3319 2961 3631 3033 multiplex

1978 3041 2263 3097 nimirum
2295 3042 2395 3098 illa
2430 3044 2581 3114 juris
2631 3043 3058 3118 alterutrinque
3093 3047 3333 3103 dicendi
3376 3049 3633 3105 dandive

1978 3131 2300 3186 indiscreta
2331 3132 2580 3187 actionis
2616 3131 2886 3201 facultas,
2940 3150 3010 3189 eo
3046 3136 3213 3207 quod
3252 3140 3432 3193 etiam
3465 3139 3633 3195 varia

1977 3236 2299 3291 corporum
2313 3236 2383 3276 ac
2405 3237 2639 3275 morum
2668 3223 3070 3294 discrepantia
3082 3241 3292 3296 parere
3319 3230 3634 3284 consuevit

1978 3310 2225 3365 dissidia
2247 3311 2306 3365 in
2338 3309 2614 3366 familiari
2671 3313 3121 3368 conversatione
3147 3330 3356 3371 eorum
3387 3317 3492 3388 qui
3519 3319 3633 3373 sub

1980 3401 2158 3455 variis
2183 3400 2559 3454 diversarum
2592 3400 2902 3456 nationum
2932 3402 3214 3458 institutis
3243 3405 3424 3460 simul
3450 3407 3632 3462 vitam

1980 3490 2229 3545 ducunt.
2270 3492 2385 3544 Nos
2443 3505 2604 3559 ergo,
2660 3490 2763 3561 qui
2825 3490 3095 3561 injuncto
3170 3492 3347 3548 nobis
3398 3501 3637 3567 aposto-

1980 3580 2093 3634 lico
2116 3595 2363 3634 munere
2381 3594 2517 3633 cum
2540 3595 2688 3651 pace
2714 3596 2959 3650 pascere
2992 3586 3262 3638 tenemur
3277 3589 3332 3639 et
3357 3585 3635 3657 cupimus

1982 3685 2101 3724 non
2135 3669 2318 3724 modo
2343 3683 2445 3722 eos
2506 3669 2609 3740 qui
2660 3684 2869 3740 prope,
2920 3685 3133 3725 verum
3175 3671 3355 3727 etiam
3400 3688 3503 3730 eos
3529 3673 3636 3746 qui

1984 3757 2159 3827 longe
2192 3761 2350 3821 sunt,
2377 3756 2589 3811 sollicit
2630 3757 2854 3811 mederi
2913 3758 3217 3814 studentes
3254 3760 3520 3831 prafatis
3543 3764 3643 3817 Ec-

1986 3846 2184 3902 clesiis
2206 3862 2308 3902 eas
2321 3844 2497 3901 ﬁrma
2510 3846 2927 3903 constitutione
2940 3848 3093 3904 inter
3114 3865 3175 3904 se
3194 3852 3639 3923 componendo,

1988 3952 2110 4009 quo
2150 3942 2360 3991 mutua
2390 3935 2450 3989 in
2495 3935 2724 3991 Christo
2760 3951 2907 4006 pace
2938 3936 3233 4003 fruantur,
3255 3940 3397 3995 satis
3428 3956 3648 4012 oppor-

1991 4032 2131 4081 tune
2162 4024 2576 4080 consuluimus
2597 4024 2812 4080 harum
2838 4025 3088 4081 dissidia
3110 4027 3348 4099 placida
3364 4032 3648 4087 constitu-

1991 4117 2152 4171 tione
2178 4114 2410 4183 sedare,
2462 4112 2855 4169 consistoriali
2901 4114 3187 4171 nimirum
3216 4116 3647 4177 deliberatione

1995 4221 2098 4259 seu
2115 4202 2417 4274 judicialis
2448 4202 2768 4258 decisionis
2795 4202 2995 4272 gladio
3016 4220 3087 4260 ea
3130 4205 3502 4263 dirimentes.

2068 4299 2214 4349 Cum
2285 4294 2463 4361 igitur
2530 4308 2743 4359 graves
2834 4293 3249 4367 seditiosaque
3324 4300 3651 4357 contentio-

1993 4400 2101 4439 nes
2170 4382 2485 4437 levissimis
2547 4382 2783 4452 jactatis
2865 4382 3307 4454 objectionibus
3382 4403 3488 4459 per
3562 4395 3649 4444 tu-

276 4478 377 4521 τῶν
422 4468 693 4534 διαλέξεων
733 4474 799 4534 εἰς
859 4479 917 4526 τὸ
976 4473 1257 4549 ἀπέραντον
1312 4475 1388 4528 ἀεί
1441 4476 1821 4549 προϐαινόντων
1869 4483 1929 4535 ·]

1918 4482 1964 4535 D
1996 4472 2361 4528 multuantes
2419 4470 2877 4542 disputationes,
2904 4472 2963 4526 in
3019 4472 3319 4529 inﬁnitum
3376 4476 3648 4532 vincendi

275 4562 681 4633 προστάττοντες
720 4570 783 4635 τῇ
839 4573 939 4615 τῶν
982 4567 1241 4638 ἡμετέρων
1288 4562 1520 4638 ἀδελφῶν
1581 4564 1743 4638 βουλῇ
1798 4571 1884 4618 καὶ

273 4657 345 4718 τῷ
424 4654 735 4724 πληρώματι
818 4662 908 4713 τῆς
964 4653 1317 4716 ἀποστολίκῆς
1379 4653 1614 4717 ἐξουσίας

274 4737 487 4791 ἐνώπιον
568 4742 681 4811 (11)
752 4744 896 4813 ἡμῶν
986 4751 1077 4794 τοῦ
1156 4744 1397 4817 ῥηθέντος
1452 4750 1734 4817 Γερμανου,
1789 4754 1880 4796 του

272 4836 373 4879 τῶν
446 4834 678 4901 Γραικῶν
757 4829 1203 4903 ἀρχιεπεσιοπου,

1676 4676 1688 4689 ⁸
1726 4660 1881 4707 ὄντων

1290 4838 1376 4883 καὶ
1456 4842 1555 4883 τῶν
1654 4831 1880 4884 εὐλαϐῶν

346 5027 460 5093 (10)
513 5030 624 5077 Τῶν
694 5026 957 5097 Ῥωμαῑων
1010 5027 1338 5089 Ἐκκλησίας.
1391 5031 1663 5084 Romaos
1708 5036 1879 5086 vocat

273 5096 534 5172 Gracos.
556 5096 649 5151 Sic
672 5096 868 5172 primo
896 5100 1089 5155 vocati
1116 5110 1252 5155 sunt
1285 5101 1323 5155 ii
1352 5103 1465 5172 qui
1496 5101 1609 5155 sub
1656 5101 1878 5158 ditione

272 5172 443 5222 erant
471 5166 850 5293 imperatoris
869 5172 1230 5238 Graecorum,
1264 5166 1437 5242 cujus
1456 5171 1689 5243 imperii
1708 5174 1878 5229 sedes

272 5254 406 5293 cum
438 5238 558 5293 CDO
582 5238 633 5293 is
648 5245 822 5293 esset.
842 5241 920 5293 ab
939 5243 1089 5293 insis
1108 5258 1268 5293 nova
1290 5246 1477 5293 Roma
1503 5250 1873 5293 nuncupata-

270 5254 406 5315 cum
438 5238 633 5315 Cpolis
648 5245 822 5306 esset,
842 5241 920 5315 ab
939 5243 1089 5315 ipsis
1108 5258 1268 5298 nova
1289 5238 1477 5298 Roma
1503 5238 1874 5315 nuncupata,

270 5310 509 5387 idcirco“
534 5312 874 5387 Graecorum
898 5310 981 5368 iui
989 5314 1217 5385 perium
1237 5316 1589 5370 Romaniam
1609 5310 1865 5387 appellaé

269 5380 435 5455 bant.
465 5382 801 5455 Concilium
838 5380 1235 5453 Lugdunense
1268 5387 1380 5441 sub
1412 5380 1757 5442 Innocentio
1785 5390 1873 5455 ιν,

270 5454 353 5508 ad
365 5453 657 5509 unitatem
674 5456 954 5511 Romana
966 5458 1248 5513 Ecclesia
1266 5465 1451 5513 totum
1468 5460 1793 5523 Romania,
1811 5453 1875 5513 id

268 5531 352 5601 est
381 5526 638 5601 Gracia},
672 5528 1009 5595 imperium.
1035 5529 1559 5600 Eosautemquiilli
1578 5530 1875 5601 parebant

269 5598 522 5681 imperio
546 5599 819 5681 Romnaos
844 5601 1279 5681 nuncupabant
1294 5607 1349 5656 ut
1365 5598 1409 5681 a_
1432 5598 1714 5681 Romanis
1730 5604 1875 5681 Lati-

268 5668 361 5722 nis
378 5668 641 5741 antiqua
668 5672 875 5741 Roma
896 5668 1159 5728 nominis
1189 5673 1369 5729 etiam
1395 5673 1718 5729 inﬂexione
1745 5673 1871 5729 dis-

270 5745 599 5796 cernerent.
623 5740 786 5799 Clare
805 5742 945 5799 idin
965 5744 1079 5801 hac
1105 5745 1235 5815 ipsa
1256 5746 1705 5815 Constitutione,
1727 5749 1872 5819 παρὰ

1995 4563 2193 4618 studio
2216 4559 2669 4633 procendentes,
2693 4560 2754 4614 in
2786 4565 3037 4633 utraque
3068 4569 3233 4634 parte
3264 4563 3644 4637 sintoborta,

1993 4654 2068 4709 de
2100 4652 2348 4708 fratrum
2388 4655 2731 4705 nostrorum
2758 4651 3004 4707 consilio
3025 4659 3082 4707 et
3112 4652 3480 4724 plenitudine
3507 4671 3649 4729 apo-

1993 4743 2217 4799 stolica
2258 4740 2584 4813 potestatis,
2639 4740 2973 4796 constitutis
3027 4758 3233 4798 coram
3276 4743 3452 4799 nobis
3486 4744 3647 4801 dicto

1992 4836 2287 4888 Germano
2344 4828 2796 4900 archiepiscopo
2846 4835 2903 4885 et
2968 4832 3310 4888 reverendis
3362 4832 3645 4890 fratribus

1986 5036 2075 5081 τοῦ
2160 5035 2257 5078 τῶν
2348 5025 2989 5099 'Pwpaiwv__é1rta'xo1rou
3046 5023 3348 5099 λαμϐανέτω
3414 5029 3645 5082 ἕκαστοσ

1987 5106 2211 5159 Λατῖνος
2240 5095 2541 5157 ἐπίσκοπος⁸
2604 5095 3015 5169 Unusquisque
3052 5095 3301 5154 Latinus
3334 5104 3642 5169 episcopus

1986 5177 2182 5227 sumat
2202 5172 2618 5240 juramentum
2638 5167 2969 5240 ﬁdelitatis.
2998 5169 3073 5224 ab
3090 5167 3373 5240 episcopo
3389 5167 3646 5229 Romaa-

1988 5260 2145 5305 rum,
2165 5239 2451 5312 nimirum
2477 5240 2555 5294 ab
2583 5239 2867 5310 episcopo
2884 5240 3223 5297 Gracorum
3241 5239 3373 5312 ejus
3400 5243 3637 5300 insula.

1988 5319 2297 5391 Bomaum
2326 5311 2532 5391 Latino
2547 5312 2801 5391 opponit
2837 5312 2983 5391 quia
3017 5312 3146 5391 ej_us_
3175 5311 3436 5391 insulani
3459 5315 3523 5371 in
3554 5316 3643 5371 di-

1987 5389 2140 5442 tione
2171 5383 2315 5440 olim
2350 5382 2584 5438 fuerant
2632 5382 3012 5453 imperatoris
3055 5384 3326 5441 Orientis.

2057 5460 2164 5526 (11)
2219 5457 2481 5509 Ἐνωπιον.
2552 5455 2707 5533 Tres.
2773 5460 3005 5509 tantum
3070 5461 3457 5513 recensentur
3517 5458 3638 5584 egi-

2057 5531 2147 5584 oni
2179 5530 2309 5584 eius
2336 5526 2566 5584 insula.
2606 5540 2751 5584 auia
2776 5534 3027 5584 quartus
3048 5529 3325 5584 Arsiones
3349 5530 3411 5584 in
3434 5532 3553 5584 Pan
3602 5546 3638 5584 ο

1984 5524 2309 5602 scopiejus
2336 5526 2566 5602 insula,
2606 5524 2751 5602 quia
2776 5534 3027 5602 quartus
3048 5529 3325 5584 Arsiones
3349 5530 3411 5584 in
3434 5524 3639 5599 Papho

1985 5598 2105 5673 iani
2118 5598 2434 5673 obierat,‘ej
2446 5612 2633 5673 usque
2646 5600 2820 5652 sedes
2833 5598 3105 5671 vacabat,
3116 5606 3179 5656 ut
3188 5606 3458 5657 extrema
3468 5598 3638 5673 parte

2024 5675 2161 5745 ujus
2191 5668 2637 5730 Constitutionis
2664 5673 2848 5740 patet.
