4434 6452
871 402 1010 457 1547

866 630 969 669 nes
1024 615 1305 669 homines.
1349 615 1600 667 Vocatus
1630 613 1711 667 ad
1763 612 2053 680 synodum
2108 613 2353 670 veniam.
2406 611 2523 664 nisi

867 703 1155 757 canonico
1174 704 1343 771 fuero
1370 702 1733 769 praepeditus
1754 701 2191 767 impedimento.
2239 701 2521 768 Legatum

866 791 1019 845 sedis
1045 790 1405 857 apostolica,
1436 804 1607 859 quem
1640 795 1865 842 certum
1894 803 2014 841 esse
2044 801 2391 855 cognovero.
2434 801 2522 839 ve-

866 883 1121 934 nientem
1150 894 1221 933 ac
1244 885 1606 933 remeantem
1630 878 1953 939 honoriﬁce
1982 878 2257 931 tractabo
2271 883 2321 930 et
2348 878 2411 928 in
2430 891 2525 929 ne-

866 968 1237 1023 cessitatibus
1264 966 1706 1034 adjuvabo.Sic
1726 981 1815 1021 me
1830 967 1986 1020 Deus
2022 966 2287 1033 adjuvet,
2312 971 2362 1019 et
2398 964 2523 1018 hac

864 1058 1211 1135 sancta.Det
1233 1056 1588 1125 Evangelia.

866 1142 1202 1217 ἐμποδισμῳ.
1291 1148 1387 1195 Τὸν

864 1240 1092 1306 τιμήσω,
1161 1238 1249 1285 καὶ
1302 1240 1417 1293 ταῖς
1504 1232 1666 1284 αὐτου
1723 1237 1933 1305 χρείαις
1991 1230 2282 1304 ἐπαρκέσω,
2343 1230 2519 1287 Οὗτως
2588 1234 2714 1288 Θεός
2756 1248 2844 1299 μοι
2925 1229 3204 1301 βοηθήσει,
3254 1240 3343 1284 καὶ
3382 1244 3548 1285 ταυτα
3577 1239 3642 1286 τὰ
3716 1246 3809 1288 του

866 1322 1182 1393 Εὑαγγελια.

936 1415 1002 1467 Et
1020 1412 1177 1467 hanc
1206 1410 1601 1466 confessionis
1631 1409 1885 1465 formam
1920 1409 2333 1480 unusquisque
2367 1405 2516 1461 Lati-

862 1515 977 1555 nus
1001 1501 1327 1571 episcopus
1351 1498 1561 1553 insula
1576 1499 1751 1569 Cypri
1774 1513 1807 1551 a
1832 1500 2215 1552 Romaorum
2236 1512 2358 1550 sua
2373 1495 2517 1549 dia-

862 1589 1013 1644 cesis
1042 1588 1332 1660 episcopo
1364 1602 1477 1659 pro
1510 1603 1574 1641 se
1604 1602 1836 1658 suaque
1869 1587 2118 1658 recipiat
2167 1584 2443 1640 Ecclesia.

932 1770 1015 1821 Ac
1047 1766 1093 1821 si
1124 1781 1258 1821 eam
1289 1765 1639 1821 electionem
1658 1763 1884 1818 irritam
1907 1778 2036 1817 esse
2064 1763 2302 1817 Latinus
2334 1776 2519 1831 agno-

859 1856 1009 1910 verit
1031 1856 1371 1927 episcopus,
1406 1853 1483 1909 ad
1507 1853 1943 1925 depositionem
1979 1852 2265 1923 procedat
2287 1867 2357 1905 eo
2382 1830 2521 1905 mo-
2551 1830 2589 1883 Β

859 1943 939 1998 do
952 1958 1074 2015 quo
1086 1942 1301 1998 rationi
1324 1956 1663 2010 congruum
1682 1947 1773 1995 est
1791 1957 1922 1994 esse
1937 1938 2408 2011 procedendum.

932 2031 1018 2085 Ad
1041 2030 1451 2085 ordinandum
1474 2033 1675 2084 autem
1700 2031 1969 2084 Gracum
1994 2029 2346 2099 episcopum
2369 2026 2518 2081 elec-

861 2127 988 2175 tum
1020 2122 1215 2175 vocati
1238 2136 1274 2174 a
1300 2118 1506 2174 Latino
1537 2116 1818 2189 pontiﬁce
1850 2118 1951 2189 qui
2003 2118 2131 2186 ejus
2180 2121 2318 2170 sunt
2364 2116 2515 2169 dia-

860 2210 1010 2264 cesis
1036 2209 1242 2276 Graci,
1277 2208 1403 2262 sine
1435 2206 1555 2261 ulla
1587 2206 2074 2275 tergiversatione
2101 2210 2157 2260 et
2200 2220 2391 2271 mora,
2445 2220 2514 2258 ex

858 2298 1063 2353 debito
1085 2297 1397 2370 prasentis
1410 2296 1849 2352 constitutionis
1863 2296 2155 2350 etordinis
2175 2299 2513 2360 occurrant,

859 2392 915 2441 et
943 2386 1354 2441 invocationes
1382 2390 1440 2440 et
1465 2384 1671 2439 omnia
1701 2400 1837 2456 qna
1888 2383 2323 2438 consecralioni
2377 2398 2515 2437 con-

862 2479 1081 2545 gruant
1098 2473 1333 2546 explere
1354 2478 1694 2529 teneantur.

930 2566 1272 2619 Gracorum
1312 2568 1513 2618 tamen
1543 2563 1839 2634 depositio
1870 2563 2311 2634 episcoporum.
2350 2567 2413 2616 ut
2460 2567 2515 2616 et

858 2652 1166 2708 translatio
1200 2657 1256 2707 et
1280 2652 1513 2723 ejectio,
1542 2651 1652 2706 soli
1676 2654 1947 2706 Romano
1978 2651 2242 2722 pontiﬁci
2264 2650 2343 2705 ob
2372 2666 2511 2721 apo-

859 2740 1132 2797 stolicam
1154 2740 1546 2795 eminentiam
1573 2740 1864 2811 peculiari
1895 2744 2198 2794 reservata
2227 2738 2511 2809 estprivi-

854 2829 1035 2900 legio,
1067 2835 1131 2884 ut
1159 2830 1220 2885 in
1251 2829 1363 2884 illis
1389 2844 1510 2884 non
1540 2844 1712 2884 secus
1742 2845 1811 2884 ac
1851 2829 1911 2883 in
1940 2830 2164 2883 caeteris
2213 2828 2515 2899 episcopis

856 2917 1177 2991 poutiﬁcia
1233 2917 1545 2987 dignitatis
1593 2918 1856 2973 conditio
1911 2923 2177 2972 servetur
2230 2922 2287 2971 et
2363 2915 2513 2971 emi-

856 3007 1102 3063 mentia.

929 3099 993 3154 In
1020 3098 1187 3153 nulla
1213 3098 1558 3153 Gracorum
1585 3097 1848 3153 Ecclesia
1870 3113 1979 3152 suo
2025 3096 2239 3152 orbata
2275 3101 2515 3169 pastore

858 3187 1099 3243 Latinus
1124 3188 1450 3259 episcopus
1479 3189 1835 3258 episcopum
1888 3203 2089 3242 creare
2124 3186 2360 3253 audeat,
2404 3185 2517 3241 nisi
2549 3178 2587 3232 Ο

856 3276 1005 3332 forte
1030 3277 1066 3331 ii
1090 3278 1195 3348 qui
1227 3276 1585 3349 episcopum
1635 3276 1849 3345 eligere
1909 3281 2201 3337 tenentur,
2254 3275 2517 3347 aliquem

856 3367 960 3438 qui
994 3382 1128 3421 eam
1160 3371 1329 3433 regat
1355 3365 1676 3420 Ecclesiam
1701 3364 1914 3431 eligere
1936 3365 2391 3421 detrectaverint
2414 3368 2518 3422 im-

856 3455 1171 3510 moderata
1187 3454 1497 3519 dilatione,
1525 3454 1702 3509 trium
1726 3454 2010 3509 nimirum
2054 3455 2351 3509 mensium
2384 3471 2519 3510 vere

854 3543 1111 3598 decurso
1142 3551 1433 3615 tempore,
1456 3544 1629 3613 juxta
1652 3543 1886 3597 concilii
1914 3543 2210 3612 generalis
2232 3546 2518 3598 constitu-

857 3632 1069 3687 tiones.
1107 3634 1168 3686 ln
1191 3648 1315 3705 quo
1356 3648 1499 3687 sane
1540 3636 1756 3686 eventu
1804 3636 2067 3703 potestas
2119 3647 2239 3686 non
2294 3633 2365 3687 sit
2419 3635 2519 3687 La-

860 3722 985 3776 tino
1015 3721 1301 3793 episcopo
1336 3720 1519 3775 alium
1559 3722 1909 3792 quempiam
1960 3722 2018 3775 in
2069 3721 2207 3775 sede
2264 3721 2517 3775 viduata

860 3810 1138 3865 Ecclesia
1169 3810 1545 3867 constituere.
1571 3809 1683 3863 nisi
1709 3808 1988 3877 gentilem
2015 3811 2283 3863 Gracum
2304 3809 2514 3864 honori

860 3915 930 3955 ac
948 3899 1161 3968 gradui
1178 3903 1341 3955 tanto
1371 3898 1858 3970 respondentem.

929 4080 1096 4135 Bona
1122 4078 1401 4134 Ecclesia
1424 4080 1764 4133 Gracorum
1798 4094 1911 4133 suo
1942 4076 2167 4132 orbata
2226 4077 2517 4149 episcopo

856 4185 1209 4225 aconomus
1234 4172 1290 4223 et
1306 4167 1638 4240 capitulum
1666 4167 1941 4238 ejusdem
1978 4166 2137 4221 sedis
2188 4166 2386 4221 futuro
2446 4184 2517 4222 ex

854 4258 975 4315 ﬁde
1001 4263 1243 4314 servent
1265 4258 1537 4331 epicopo,
1563 4260 1738 4330 eique
1764 4263 1976 4329 postea
2006 4256 2263 4343 tradant.

2293 399 2691 454 ALEXAND!“
2729 400 2805 452 ιν

868 540 969 581 ero
990 525 1271 594 defensor
1296 530 1350 579 et
1374 529 1569 579 custos
1593 524 1760 579 salvo
1777 523 1985 579 ordine
2013 538 2159 585 meo,
2179 528 2392 577 contra
2412 537 2530 576 om-
2567 533 2609 582 Α

1414 529 1569 579 ustos
1593 524 1760 579 salvo
1777 523 1985 579 ordine
2013 538 2159 585 meo,
2179 528 2392 577 contra
2412 537 2530 576 om-
2567 533 2609 582 Α
2645 540 2775 573 σειεν
2848 525 2914 583 εὶς
2998 526 3165 577 αὑτων

1481 1140 1688 1194 ὃικαῐον
1763 1151 1852 1203 τῆς
1940 1142 2289 1201 ἀποστολικής
2370 1137 2542 1211 ἔδρας,

4098 412 4241 468 1548

3261 528 3475 599 ζημίαν,
3554 526 3727 581 οὐδενί
3797 542 4095 605 φανερωσω.
4172 540 4242 587 Τὸ

2632 613 2872 662 παπάτον
2948 622 3043 673 τῆς
3106 614 3301 687 Ῥωμης
3382 617 3688 678 Ἐκκλησίας
3754 626 3842 671 καὶ
3895 626 3981 672 τόν
4042 623 4235 695 ἀρχιε-

2632 718 2889 771 ρατισμον
3000 712 3091 762 τὴς
3191 712 3284 764 τῆς
3372 712 3656 765 Λευκοσίας
3738 708 4075 778 Ἐκκλησίας,
4154 718 4242 761 καὶ

2632 792 2752 845 τοὺς
2805 798 2902 838 των
2980 790 3142 859 ἀγίων
3220 797 3453 863 [Ιατίρων
3534 799 3749 855 κανόνας
3833 800 4022 867 ἔσομαι
4093 798 4239 849 ἀντι-

2632 874 3010 946 λαμϐανόμενος
3109 886 3197 930 καὶ

2633 960 2725 1032 ἐμῆ
2739 984 2758 1023 ς
2835 966 3045 1029 τάξεως,

2634 1052 2699 1109 εὶς
2779 1050 2999 1105 σύνοδον
3084 1056 3209 1117 ἠξω.
3293 1057 3336 1107 εἰ
3426 1063 3497 1127 μὴ

2648 1138 2701 1189 ὃν
2791 1139 2954 1199 ἀληθῆ
3042 1150 3130 1200 νοή
3142 1163 3233 1211 σω,

3296 888 3557 951 κατέχων,
3670 884 4021 955 φυλαττομένη
4032 908 4052 947 ς
4149 897 4207 944 τέ
4222 910 4241 947 ς

4023 974 4241 1035 κληθεὶς

3602 1057 3909 1130 ὶμποὸισθω
3988 1071 4241 1130 κανονικῴ

3238 970 3245 981 ι

3123 971 3259 1018 κατά
3353 974 3557 1020 πάντων
3626 971 3930 1041 ἀνθρώπων,

3323 1144 3602 1217 ἐρχόμενον
3680 1154 3769 1199 και
3848 1152 4243 1221 ἀποστρέφοντα

3914 1246 4049 1290 Θεον
4113 1241 4243 1309 ἆσμα

2708 1412 2806 1458 Καὶ
2851 1417 3004 1459 τουτο
3062 1413 3120 1460 τό
3198 1430 3391 1483 σχημα
3470 1417 3612 1485 παρά
3666 1422 3757 1465 τοῦ
3813 1424 3913 1465 τῶν
3970 1415 4243 1487 Ῥωμαίων

2629 1490 2916 1546 ἱπίσκόπου
2989 1506 3084 1558 τῆς
3159 1499 3315 1550 αὐτοῦ
3354 1499 3549 1572 ἑνορίας
3622 1501 3922 1573 λαμϐανέτω
3968 1504 4093 1575 ὑπὲρ
4153 1505 4242 1555 αὖ·

3368 1589 3552 1646 Ἐκκλη
3562 1595 3682 1652 σίας
3748 1594 3965 1651 ἕκαστος
4018 1600 4243 1653 Λατῖνος

2630 1670 2914 1735 ἐπίσκοπος
2952 1685 3047 1735 τῆς
3076 1683 3239 1733 νήσου
3270 1682 3502 1753 Κύπρου.

2628 1590 2742 1645 τοῦ,
2810 1590 2899 1635 καὶ
2978 1594 3073 1647 τῆς
3120 1588 3281 1639 αὐτου

2702 1761 2807 1814 Κάν
2847 1760 2907 1815 δε
2963 1763 3159 1822 ἐκείνην
3218 1771 3311 1824 τὴν
3371 1767 3587 1837 ἐκλογὴν
3642 1776 3877 1843 ’γνωρίσῃ
3936 1773 3961 1822 ο
4020 1777 4243 1831 Λατῖνος

2630 1848 2909 1913 ἐπίσκοπος
3005 1852 3382 1925 ἀκυρωθείσαν,
3465 1856 3784 1930 ἐπιχειρήτω
3865 1867 3925 1929 τῇ
3995 1862 4243 1932 καθαιρέ-

2634 1959 2727 2005 σει,
2763 1943 2930 2001 καθὼς
2961 1941 3322 2016 ἐπιχειρητέον
3351 1944 3490 1997 ἐστὶν
3530 1946 3771 2015 εὐλόγως.

2699 2033 2796 2080 Τόν
2864 2028 2921 2082 δὲ
2983 2038 3201 2105 Γραικὸν
3260 2032 3541 2085 ἐπίσκοπον
3608 2035 3680 2096 εὶς
3717 2042 4046 2107 χειροτονίαν
4106 2037 4245 2089 ἐκλεο

2628 2120 2823 2188 χθέντα
2862 2123 3004 2193 παρά
3060 2130 3151 2172 του
3209 2129 3441 2175 Λατίνου
3498 2122 3782 2196 ἀρχιερέως
3828 2128 3876 2176 οἱ
3927 2134 4020 2187 τῆς
4078 2126 4245 2177 αὐτου

2630 2204 2827 2280 ἑνορίας
2878 2214 3092 2280 Γραικοὶ
3144 2210 3413 2270 κληθέντες
3473 2214 3593 2263 ἄνευ
3649 2222 3953 2284 χωρισμόν,
4016 2211 4243 2265 διαστα-

2632 2314 2759 2355 σεως
2814 2295 2914 2347 ἀπό
2999 2302 3189 2369 χρέους
3239 2308 3334 2360 τῆς
3386 2304 3659 2371 παρούσης
3725 2305 4093 2362 καταστάσεως
4144 2310 4239 2353 καὶ

2630 2382 2917 2446 διατάξεως
2984 2387 3260 2443 συνελθεῖν,
3309 2395 3398 2440 καὶ
3461 2387 3774 2451 ἀνακλήσεις
3826 2396 3913 2441 καὶ
3966 2395 4030 2443 τὰ
4090 2389 4245 2463 δῶρα

2626 2476 2689 2525 τὰ
2715 2473 2972 2531 ἀνήκοντα
2988 2484 3047 2547 τῇ
3078 2482 3380 2549 χειροτονίᾳ
3409 2478 3636 2549 πληρουν
3660 2478 3945 2549 ἐνέχονται.

2700 2560 2837 2617 Πλὴν
2871 2564 2898 2618 ἡ
2944 2572 3042 2613 τῶν
3103 2570 3331 2635 Γραικῶν
3384 2565 3682 2617 ἐπισκόπων
3736 2568 4041 2639 καθαίρεσις
4102 2570 4241 2631 ηῖξ19).

2624 2653 2688 2733 ως
2738 2656 2826 2701 καὶ
2874 2653 2902 2707 ἡ
2966 2655 3244 2723 μετάθεσις
3294 2660 3383 2705 καὶ
3436 2656 3464 2711 ἡ
3501 2658 3765 2717 ἔκστασις,
3822 2662 3957 2725 μόνῳ
4018 2666 4088 2723 τω
4153 2664 4245 2711 τῆς

2641 2745 2826 2810 Ρωμης
2865 2738 3104 2813 ἀρχιερεῖ
3154 2744 3287 2792 κατά
3335 2747 3428 2799 τὴν
3477 2742 3669 2813 ἐξοχὴν
3723 2748 3817 2800 τὴν
3869 2743 4244 2800 ἀποστολικὴν,

2630 2824 2748 2898 ἰδίῳ
2806 2828 3051 2899 φυλαχθῇ
3122 2838 3403 2903 προνομίω,
3462 2834 3597 2892 ὅπως
3663 2833 3711 2883 ἐν
3756 2832 3985 2895 ἐκείνοις,
4020 2837 4092 2892 ως
4151 2836 4248 2883 καὶ

2626 2915 2674 2967 ἐν
2746 2925 2852 2977 τοῖς
2922 2917 3124 2979 λοιποῖς
3197 2919 3505 2980 ἐπισκόποις
3583 2923 3611 2978 ἡ
3708 2928 3797 2981 τῆς
3858 2920 4252 2995 ἀρχιερατικῆς

2627 3004 2777 3067 ἀξίας
2806 3010 3135 3068 κατάστασις
3166 3014 3257 3061 καὶ
3289 3010 3525 3080 ὑπεροχή
3561 3010 3880 3080 φυλαχθείη.

2698 3095 2885 3147 Ὀποία
2930 3094 2989 3149 δέ
3040 3117 3112 3157 τις
3173 3098 3460 3157 Ἐκκλησία
3516 3105 3747 3171 Γραικῶν
3806 3099 4067 3173 ἀπορησει
4128 3120 4255 3151 ποι-

2629 3190 2795 3256 μένος,
2853 3188 2877 3236 ό
2928 3194 3144 3247 Λατῖνος
3198 3187 3484 3249 ἐπίσκοπος
3542 3196 3705 3240 ποιεῖν
3763 3188 3846 3240 ἐπὶ
3903 3194 4069 3259 ταύτῃ
4147 3194 4258 3241 ἐπί-

2632 3294 2823 3326 σκοπον
2900 3275 2957 3327 οὐ
3048 3277 3318 3348 τολμήσει,
3401 3279 3444 3328 εἰ
3518 3284 3702 3349 μήπως
3761 3278 4084 3349 ἀμελούντων
4156 3288 4255 3330 των

2629 3364 2924 3435 ὀφειλόντων
3010 3372 3288 3440 περιονσία
3346 3375 3406 3439 τῇ
3468 3374 3600 3439 φορᾷ
3670 3372 3833 3439 ταύτῃ
3883 3388 3973 3419 τον
4032 3366 4257 3419 διατάτ-

2630 3472 2732 3505 τειν
2816 3458 2929 3505 τινα
3017 3456 3072 3515 ὃς
3147 3461 3240 3513 τὴν
3321 3456 3483 3514 αυτὴν
3564 3456 3876 3513 Ἐκκλησίαν
3952 3462 4257 3528 ποιμαίνειν

2629 3548 2761 3594 κατὰ
2788 3547 2875 3603 τὰς
2910 3541 3175 3606 ὃιατάξεις
3226 3554 3316 3604 τῆς
3368 3554 3571 3616 γενικῆς
3630 3543 3856 3598 συνόδου
3908 3550 4048 3612 (20).
4100 3566 4259 3617 7e70-

2628 3638 2775 3694 νυίας
2834 3631 3135 3708 διαδρομῆς
3208 3641 3521 3707 τριμηναίου
3580 3644 3765 3709 καιροῦ
3824 3633 3901 3686 ἐπ’
3954 3633 4208 3695 ἀληθείας
4243 3659 4255 3669 ο

2630 3721 2679 3772 ἐν
2706 3730 2779 3791 τῲ
2813 3719 2870 3773 δὲ
2910 3728 3013 3793 μὴν
3055 3728 3125 3793 μὴ
3168 3725 3333 3793 ἐχέτω
3386 3720 3569 3775 ἄδειαν
3600 3726 3625 3775 ο
3681 3730 3904 3785 Λατῖνος
3960 3723 4259 3785 ἐπίσκοπος

2628 3818 2719 3861 του
2751 3814 3004 3881 καθιστᾲν
3030 3820 3088 3883 τῇ
3144 3816 3451 3883 χηρευούσῃ
3509 3812 3814 3882 Ἐκκλησία,
3868 3814 3909 3864 εἰ
3965 3818 4039 3884 μή
4098 3824 4261 3886 σῶμα

2631 3904 2850 3972 Γραικὸν
2878 3906 2966 3951 καὶ
3019 3910 3177 3973 τιμῆς
3208 3908 3296 3953 καὶ
3352 3900 3563 3973 βαθμοὺ
3620 3906 3880 3963 τοσαύτης
3912 3902 4067 3964 ἀξίως
4124 3923 4261 3975 συμ-

2630 3998 2914 4059 φωνουντα.

2699 4086 2802 4140 Τῆς
2838 4077 2897 4131 δε
2928 4086 3160 4153 Γραικῶν
3223 4080 3528 4141 Ἐκκλησίας
3569 4080 3869 4153 ἀπορούσης
3928 4081 4256 4142 ἐπισκόπου,

2627 4172 2691 4218 τὰ
2725 4168 2883 4228 αὐτῆς
2938 4168 3111 4239 ἀγαθά
3156 4171 3180 4220 ὁ
3240 4169 3527 4242 οἰκονόμος,
3574 4177 3663 4223 καὶ
3719 4176 3777 4222 τό
3828 4170 4111 4243 κεφαλαιον
4166 4181 4261 4232 τῆς

2629 4257 3085 4330 αὐτῆςκαθέὸρας
3139 4279 3211 4329 τῳ
3264 4259 3499 4330 μέλλοντι
3543 4259 3812 4331 ἐπισκόπῳ
3867 4260 4260 4332 φυλαξάτωσαν

2627 4356 2849 4413 πιστῶς,
2909 4353 2998 4400 καὶ
3078 4348 3605 4420 ἐπισφραγιζέτωσαν
3678 4358 3752 4419 τῷ
3830 4350 4073 4421 μέλλοντι
4152 4353 4257 4405 ἐπει

2630 4440 2809 4507 σιὸπῳ
2819 4478 2830 4490 .

926 4530 1217 4584 Caterum
1243 4525 1512 4598 episcopi
1544 4525 1673 4596 ejus
1702 4524 1915 4580 insula
1946 4525 2236 4579 canonice
2260 4524 2321 4579 in
2365 4539 2513 4594 pra-
2553 4532 2594 4585 ί)

2503 4554 2513 4563 ·
2553 4532 2594 4585 D
2696 4528 2797 4580 Τοῦ
2837 4525 3020 4577 λοιποῦ
3077 4526 3125 4578 οἱ
3175 4527 3451 4579 ἐπίσκοποι
3516 4536 3609 4587 τῆς
3664 4528 3828 4588 αὐτῆς
3875 4534 4046 4586 νήσου
4099 4551 4254 4582 κανο-

852 4616 990 4674 fatis
1022 4614 1268 4672 sedibus
1314 4615 1612 4671 constituti
1657 4615 2000 4670 facultatem
2040 4614 2305 4669 habeant
2352 4614 2512 4685 leges

852 4705 1667 4775 constituendimonasteriis,
1691 4705 1972 4769 ecclesiis,
1998 4705 2226 4759 clericis
2258 4710 2315 4758 et
2348 4702 2512 4758 laicis

852 4800 1192 4853 Gracorum
1228 4795 1341 4850 sibi
1365 4794 1740 4859 concreditis,
1763 4810 1956 4866 eaque
1978 4796 2183 4849 omnia
2204 4810 2341 4864 qua
2363 4794 2510 4861 legi-

851 4887 1145 4956 timojure
1179 4885 1411 4941 muneri
1443 4884 1750 4953 dignitatis
1797 4882 1885 4938 vel
1939 4883 2271 4955 episcopali
2332 4882 2509 4937 statui

850 4977 1169 5031 convenire
1183 4976 1594 5044 cognoverint,
1624 4974 1997 5045 pracipiant.
2034 4973 2222 5028 Latini
2244 4972 2508 5044 episcopi

847 5066 996 5121 nihil
1018 5065 1239 5120 horum
1272 5080 1518 5136 prorsus
1554 5064 1666 5118 sibi
1702 5069 1989 5133 usurpent
2018 5064 2126 5117 nisi
2160 5063 2218 5117 in
2261 5064 2328 5117 Iis
2382 5068 2508 5117 tan-

846 5160 973 5211 tum
993 5156 1193 5211 causis
1216 5156 1276 5209 in
1298 5153 1520 5227 quibus
1540 5153 1939 5223 metropolita
1957 5152 2225 5221 legitimo
2242 5153 2378 5223 jure
2401 5151 2507 5207 da-

918 5348 1027 5418 (16)
1053 5355 1164 5401 Τῶν
1204 5353 1437 5420 Γραικῶν
1477 5346 1772 5400 ἐπισκόπων
1821 5347 2144 5420 καθαίρεσις.
2207 5349 2503 5409 Peculiare

918 5366 1027 5418 (‘10)
1053 5366 1164 5401 ἰ’ων
1204 5366 1437 5475 lacttwa
1477 5366 1772 5400 επισκοπων
1821 5366 2144 5420 καυαιρεσις.
2207 5366 2501 5409 recuuare

844 5424 905 5480 id
949 5436 1176 5501 munus
1268 5420 1820 5501 .omanipontiﬁcis
1854 5422 2231 5501 Innocentius
2262 5425 2351 5491 Ill,
2394 5426 2501 5480 Re-

843 5499 988 5567 gest.
1030 5492 1354 5567 xv,__epist.
1420 5495 1534 5567 l37_.
1571 5492 2291 5567 Cremonensi_episcopo,
2325 5510 2498 5567 apos-

841 5563 1031 5625 tolica
1056 5563 1215 5619 sedis
1231 5563 1463 5633 legato:
1494 5564 1559 5617 In
1578 5565 1914 5633 episcopum
1932 5563 2304 5620 Vicentin’um
2325 5563 2497 5636 depo-

840 5637 1072 5697 sitionis
1092 5637 1880 5706 sententiampromulgasti.
1907 5636 2187 5703 Quamvis
2207 5637 2290 5693 ad
2310 5638 2374 5693 id
2419 5642 2493 5694 si-

840 5714 1129 5773 nenostro
1148 5708 1399 5778 speciali
1407 5708 2024 5779 mandatoprocedere
2042 5725 2164 5765 non
2194 5709 2488 5779 debueris,

2622 4625 2775 4678 νικῶς
2846 4619 3127 4687 ταχθέντες
3194 4616 3241 4669 ἐν
3300 4626 3410 4678 τοῖς
3464 4618 3808 4690 προληφθείσι
3862 4627 3959 4669 τῶν
4006 4625 4251 4687 Γραικῶν

2624 4707 2810 4766 θωκοις
2875 4706 3141 4777 ἐχέτωσαν
3206 4709 3409 4758 τάττειν
3483 4706 3530 4759 ἐν
3596 4714 3995 4781 μοναστηρίοις,
4060 4711 4251 4767 ἐκκλη-

2624 4800 2784 4856 σίαις,
2858 4794 3125 4867 κληρικοῖς
3195 4802 3285 4847 καὶ
3340 4795 3541 4857 λαῑκοῖς
3598 4802 3850 4870 Γραικῶν,
3907 4798 4088 4858 αὐτοῖς
4141 4801 4249 4851 ἐπι-

2621 4887 3003 4955 τετραμμένοις,
3058 4888 3147 4934 καὶ
3205 4889 3532 4936 ταττέτωσαν
3563 4888 3733 4936 πάντα
3766 4885 3801 4937 ἀ
3855 4882 4246 4957 διαγινώσκον-

2620 4992 2706 5023 ται
2770 4980 2829 5044 τῇ
2908 4972 3205 5045 λειτουργίᾳ
3276 4981 3371 5035 τῆς
3427 4972 3576 5036 ἀξίας
3648 4975 3677 5032 ἡ
3750 4980 3839 5027 καὶ
3890 4976 4246 5037 ἐπισκοπεκῆς

2618 5062 2809 5125 τάξεως
2874 5061 3079 5121 ἀνήκειν
3127 5069 3327 5135 νομίμῳ
3399 5060 3590 5134 δικαίῳ
3645 5086 3657 5096 ·
3714 5063 3767 5126 ἐξ
3796 5065 3865 5114 ὧν
3920 5068 3969 5117 οὶ
4026 5075 4245 5120 Λατῖνοι

2620 5152 2896 5204 ἐπίσκοποι
2963 5157 3220 5227 παρεκτὸς
3292 5152 3493 5204 ἐκείνων
3548 5157 3715 5225 μόνων
3775 5162 3876 5205 τῶν
3931 5155 4146 5225 αἰτιῶν,
4198 5161 4242 5209 ἐν

2615 5368 2747 5409 cum
2778 5351 2887 5410 hoc
2906 5354 2982 5410 sit
3001 5370 3184 5411 unum
3208 5368 3284 5413 ea:
3295 5352 3418 5412 illis
3432 5370 3565 5427 qua
3583 5352 3698 5427 sibi
3712 5354 3876 5413 sedes
3890 5359 4233 5425 apostolica

2612 5427 3312 5500 specialiterreservavit.
3332 5430 3393 5483 Et
3414 5426 3587 5499 epist.
3609 5426 3735 5482 ηδτ
3755 5429 3907 5484 Cum
3924 5431 4231 5500 episcopo-

2611 5512 2745 5573 rum
2782 5499 3095 5573 translatio
3118 5499 3255 5573 ﬁeri
3280 5516 3395 5555 non
3423 5504 3617 5566 potuit
3642 5502 3737 5555 vel
3766 5500 3977 5557 debeat
4004 5503 4232 5573 absque

2605 5568 2759 5625 sedis
2795 5570 3140 5638 apostolicae
3173 5568 3417 5627 licentia
3446 5573 3712 5639 speciali.

2676 5640 2793 5714 (20)
2826 5647 3031 5703 Γενικῆς
3064 5639 3313 5701 συνόδου.
3342 5642 3645 5699 Nimirum
3685 5640 3973 5702 Chalced.
4011 5685 4027 5711 ,
4084 5657 4224 5702 can.
