4434 6452
285 409 306 463 1
319 408 423 462 549

284 533 360 592 οἷς
419 536 444 580 ό
511 532 892 602 μητροπολίτης
942 548 997 579 εκ
1080 548 1299 599 νομίμου
1374 525 1583 579 δικαίου

288 617 656 671 δικαιοδοσίαν
710 619 941 679 ἐξασκείν
980 618 1051 677 εὶς
1089 621 1206 675 τοὺς
1257 636 1350 668 του
1389 621 1658 687 συνεριθου
1723 636 1888 665 «xm

287 712 751 780 ὑποτεταγμένους,
781 704 945 779 μηδεν
974 708 1367 779 αρπαςετωσαν.

360 805 419 849 At.
500 796 557 848 δι’
610 800 771 848 αιτίαι
850 800 902 847 αι
982 796 1273 851 ανηκουσαι
1355 803 1416 865 τῇ
1474 794 1885 862 ἐκκλησιαστικῇ

289 890 534 959 συλλογῇ,
568 908 609 939 ει
658 896 1065 959 αποοτραφῶσιν
1096 885 1144 936 ἐν
1198 892 1306 945 τοῖς
1362 890 1621 957 Γραικοῐς,
1682 883 1748 939 εἰς
1802 884 1889 932 τὸν

283 980 439 1030 αὐτόν
471 978 733 1049 σύμφυλον
785 976 1036 1049 αρχιερεα
1088 976 1465 1046 κρινέσθωσαν.
1534 972 1652 1023 Ἐὰν
1707 970 1765 1022 δε
1819 990 1887 1030 εις

288 1076 504 1121 Λατῖνον
566 1074 655 1117 καὶ
736 1072 973 1138 Γραικον.
1056 1072 1154 1115 ειτε
1207 1066 1231 1113 ὸ
1294 1069 1512 1135 Γραικος
1578 1060 1886 1130 ἐγκαλεῖται,

284 1158 351 1218 εἰς
403 1161 489 1208 τόν
560 1164 778 1209 Λατῖνον
850 1175 941 1206 του
996 1160 1155 1205 τόπου
1232 1152 1481 1226 ἀρχιερέα
1539 1150 1889 1221 ἀναφερέσθω·

287 1267 381 1298 σαν
424 1256 671 1321 κριτικῶς
730 1242 1204 1316 διαχωριζόμεναι,
1258 1243 1390 1299 πλην
1444 1242 1741 1311 σωζομένης
1799 1248 1889 1297 τῆς

285 1335 639 1395 ἀποστολικῆς
680 1330 935 1407 καθέδρας
993 1335 1281 1405 ὑπεροχῆς,
1342 1335 1470 1403 πρός
1528 1330 1586 1387 ἧς
1641 1327 1888 1399 βοήθειαν

284 1428 466 1485 πάντες
523 1429 570 1477 οἱ
628 1422 913 1495 θλιϐόμενοι
971 1419 1219 1473 δύνανται
1301 1420 1507 1490 αμεσως
1571 1418 1887 1489 ἐπαναστρέ-

286 1535 411 1586 φειν.
446 1515 505 1566 Ei
571 1516 713 1585 παρὰ
760 1520 852 1564 τοῦ
908 1511 1195 1563 ἐπισκόπου
1262 1515 1485 1581 Γραικού
1550 1512 1761 1577 ’γένηταί
1816 1525 1888 1563 τις

283 1603 527 1673 ἕγκλησις
592 1606 726 1654 κατὰ
764 1609 856 1653 τοῦ
907 1605 1133 1654 Λατίνου
1192 1597 1478 1649 ἐπισκόπου
1532 1596 1602 1654 εἰς
1653 1594 1712 1645 οὗ
1777 1593 1889 1645 ἐνο-

282 1698 400 1767 ρίαν
463 1695 488 1743 ό
550 1692 707 1753 αὐτὸς
802 1693 1058 1761 τυγχάνει
1141 1691 1362 1760 Γραικὸς
1450 1685 1749 1751 ἐπισκοπος,
1845 1685 1888 1733 εἴ

279 1802 340 1854 γε
397 1787 577 1857 χρεία,
650 1780 876 1832 ἐντεῦθεν
950 1778 1278 1851 ἀνατρεχὴω
1335 1780 1426 1826 και
1482 1778 1612 1847 προς
1667 1776 1751 1823 τόν
1792 1780 1887 1832 τῆς

280 1878 574 1932 Λευκοσίας
611 1871 1050 1941 ἀρχιεπίσκοπον.

354 1969 427 2018 Ti;
484 1964 723 2034 παρούση
784 1978 837 2010 τε
896 1958 1133 2018 Διατάξει
1216 1956 1526 2025 θεσπίζομεν
1584 1955 1665 2004 ἶνα
1717 1952 1765 2003 ἐν
1824 1959 1884 2022 τῇ

282 2051 426 2102 πόλει
466 2052 493 2108 ἡ
529 2049 576 2101 ἐν
702 2048 871 2121 ἐνορία
923 2054 1014 2098 του
1076 2050 1299 2098 Λατίνου
1356 2044 1656 2116 ἀρχιερέως,
1720 2047 1889 2111 χωρίς

282 2150 376 2201 τῆς
442 2137 716 2209 διατριϐῆς
795 2146 887 2197 τῆς
952 2139 1243 2193 ἐπισκοπῆς
1296 2143 1395 2183 τῶν
1457 2137 1687 2203 Γραικῶν
1740 2131 1887 2180 καθέ-

287 2225 439 2303 δρας,
472 2228 583 2299 μεθ’
616 2228 673 2279 οὗ
705 2231 762 2277 τό
796 2225 1140 2297 ἀκροατήριον
1192 2230 1283 2274 τοῦ
1334 2223 1520 2291 ἐνόχου
1578 2221 1605 2276 ἡ
1664 2227 1755 2269 τού
1811 2215 1891 2269 δι-

286 2324 457 2377 καίου,
517 2321 560 2368 εἴ
588 2316 685 2367 τιν’
742 2318 856 2385 ἔχει
912 2318 937 2365 ό
1002 2316 1223 2385 Γραικὸς
1277 2310 1580 2371 ἐπίσκοπος,
1645 2313 1703 2359 τό
1762 2308 1889 2358 αὑτό

283 2408 446 2460 καὶὲν
481 2403 922 2477 διαγινώσκηται,
979 2408 1067 2454 καὶ
1122 2399 1285 2473 μηδὲν
1340 2400 1462 2452 ἄλλο
1525 2397 1653 2451 εἶναι
1712 2404 1889 2469 κριτὴ-

282 2517 392 2570 ριον
431 2492 797 2555 δικαιοδοσίας
857 2490 1271 2564 διατεταγμένως
1327 2490 1374 2541 ἐν
1433 2498 1541 2550 τοῖς
1600 2495 1841 2561 1²ραικοὶς
1873 2502 1886 2514 '

285 2588 327 2639 εἰ
381 2591 558 2659 μήπως
611 2588 659 2637 ἓν
719 2603 820 2636 τινι
879 2582 1135 2653 ἐκκλησία
1211 2587 1443 2655 Γραικῶν
1504 2586 1596 2630 τού
1653 2580 1889 2629 τοιούτου

285 2677 521 2749 ρηγάτου
553 2676 581 2731 ἡ
614 2670 1050 2746 ἀρχιδιακονικῇ,
1083 2672 1112 2729 ἦ
1163 2670 1288 2741 οὒλη
1337 2669 1550 2739 ἐξουσίᾳ
1603 2666 1884 2736 ἐκπεπλεγ-

286 2771 431 2837 μένον
489 2768 692 2835 ἔχουσα
741 2766 1059 2834 τεταγμένως
1142 2764 1410 2833 κριτήριον
1467 2757 1630 2817 ἀκοῆς
1685 2756 1738 2817 ἐξ
1798 2774 1889 2828 αρ-

286 2862 413 2925 χῆς,
449 2853 501 2915 ἐξ
558 2853 617 2905 οὗ
673 2852 773 2904 απὸ
830 2860 920 2911 τῆς
974 2851 1133 2909 αὐτῆς
1195 2849 1475 2909 ἐκκλησίας
1528 2850 1614 2897 τόν
1674 2848 1891 2915 Γραικὸν

285 2944 592 3007 ἐπίσκοπον,
627 2963 715 2994 και
753 2941 976 2993 ἐντεῦθεν
1013 2941 1147 2992 κατά
1181 2937 1384 3009 βαθμὸν
1442 2940 1491 2988 οι
1544 2938 1702 2987 αὐτου
1764 2938 1889 2984 imo-

287 3039 588 3104 τεταγμένοι
652 3035 843 3083 όποταν
898 3036 1092 3082 τούτων
1152 3049 1199 3080 τι
1260 3031 1431 3079 ἔσεται
1480 3025 1889 3097 προκαλέσουσι,

352 3131 437 3193 Τῷ
496 3124 901 3194 ἀρχιεπισκόπῳ
958 3126 1128 3193 μέντοι
1177 3124 1266 3170 καὶ
1323 3126 1430 3179 τοῖς
1486 3123 1731 3176 Λατίνοις
1784 3114 1891 3166 ἐπι-

1572 398 2026 460 CONSTITUTIO
2064 400 2329 455 CYPR'IA.

3513 406 3656 460 ’1550

1671 523 1889 577 δύναται
1921 528 1961 579 Α
2000 528 2126 578 tum
2153 528 2256 583 est.
2287 539 2431 593 erga
2454 524 2676 594 eosqui
2696 540 2803 579 suo
2822 529 2962 580 sunt
2984 527 3367 595 suilraganeu
3401 528 3653 598 subjecti

1998 613 2475 681 jurisdictionem
2496 628 2795 671 exercere.

2076 792 2281 844 causa;
2304 805 2438 860 qua:
2463 789 2542 845 ad
2561 790 3029 846 ecclesiasticum
3056 797 3328 863 spectant
3359 794 3576 855 forum.
3606 794 3652 850 si

2002 882 2518 933 controvertantur
2551 881 2698 934 inter
2729 882 2982 947 Graecos,
3015 897 3052 936 a
3083 898 3191 937 suo
3249 899 3456 938 eorum
3509 900 3653 952 gen-

2004 966 2451 1034 tilijudicentur
2482 969 2782 1039 pontiﬁce;
2808 972 2854 1023 si
2885 987 3025 1026 vero
3081 972 3230 1026 inter
3282 974 3553 1028 Latinum
3600 979 3658 1029 et

2003 1057 2294 1120 Graecum;
2325 1058 2444 1110 sive
2476 1059 2713 1112 Graacus
2740 1068 3069 1123 accusetur,
3098 1062 3176 1116 ad
3208 1062 3483 1116 Latinum
3542 1062 3657 1118 loci

2001 1146 2369 1215 pontiﬁicem
2387 1146 2720 1202 referantur
2729 1148 3071 1217 judicaliter
3099 1150 3472 1221 dirimendae,
3494 1151 3658 1207 salva

2003 1239 2203 1289 tamen
2236 1235 2579 1306 apostolicae
2611 1236 2769 1291 sedis
2791 1240 3211 1308 prerrogativa,
3244 1242 3419 1311 cujus
3476 1257 3658 1312 opem

2004 1325 2425 1379 vexatiomnes
2453 1325 2799 1381 immediate
2835 1334 3090 1398 possunt
3120 1328 3457 1399 implorare.
3484 1332 3547 1385 Si
3579 1330 3657 1385 ab

2003 1411 2287 1481 episcopo
2309 1414 2512 1467 Graeco
2542 1414 2749 1485 aliqua
2769 1415 3109 1471 instituatur
3127 1419 3426 1473 accusatio
3445 1418 3516 1472 ad
3527 1435 3658 1473 ver-

2006 1515 2110 1552 sus
2145 1501 2416 1555 Latinum
2443 1502 2795 1573 episcopum
2826 1505 2885 1558 in
2917 1521 2988 1559 ea
3013 1504 3255 1560 dioecesi
3285 1507 3485 1577 inqua
3508 1511 3658 1562 Grae-

2002 1604 2109 1641 cus
2137 1595 2223 1643 est
2260 1591 2605 1661 episcopus,
2631 1592 2791 1657 inde,
2821 1609 2958 1648 cum
2973 1594 3297 1649 necessitas
3316 1596 3657 1666 postulave-

2004 1676 2097 1742 rit,
2130 1678 2205 1732 ad
2241 1679 2535 1734 Leucosiae
2564 1685 2905 1738 recurratur
2962 1683 3509 1755 archiepiscopum.

2075 1944 2356 1999 Praesenti
2385 1946 2500 2000 hac
2534 1947 2959 2006 Constitutione
2998 1950 3310 2009 sancimus
3342 1959 3407 2012 ut
3430 1972 3491 2011 in
3523 1959 3661 2013 σίνι-

2005 2036 2121 2086 tate
2160 2033 2250 2087 vel
2281 2033 2520 2090 dioecesi
2550 2036 2611 2090 in
2655 2053 2780 2109 qua
2828 2040 3135 2098 audientia
3183 2044 3377 2099 forum
3417 2047 3657 2101 actoris.

2002 2121 2097 2175 vel
2130 2122 2213 2177 rei
2244 2128 2332 2178 est
2362 2125 2551 2180 Latini
2581 2128 2903 2196 pontiﬁcis,
2946 2136 3114 2186 extra
3167 2132 3366 2189 locum
3428 2136 3490 2189 in
3539 2152 3661 2207 quo

2002 2210 2366 2282 episcopalis
2398 2214 2732 2269 Graecorum
2766 2223 3085 2275 constituta
3105 2221 3277 2276 sedes
3305 2229 3413 2288 est,
3440 2224 3487 2279 si
3511 2225 3660 2295 quid

2002 2300 2241 2353 Graecus
2278 2300 2465 2356 habet
2500 2302 2846 2374 episcopus,
2881 2306 2958 2361 ab
2992 2324 3112 2363 uno
3152 2310 3491 2383 eodemque
3531 2314 3660 2369 foro

2004 2390 2496 2455 cognoscendum
2529 2407 2677 2447 esse.
2711 2408 2820 2447 nec
2880 2396 3047 2450 aliud
3105 2398 3439 2469 quodqiam
3472 2400 3661 2470 legiti-

2002 2492 2171 2530 mum
2203 2494 2330 2532 esse
2365 2480 2621 2535 tribunal
2639 2484 2791 2550 juris
2821 2484 3060 2541 dicendi
3102 2490 3340 2557 Graecis,
3375 2491 3489 2545 nisi
3512 2492 3660 2547 forte

2001 2568 2062 2621 in
2089 2567 2292 2639 aliqua
2322 2571 2663 2625 Graecorum
2695 2574 2961 2630 Ecclesia
2991 2576 3262 2645 ejusdem
3320 2580 3510 2651 regni,
3564 2588 3659 2638 vel

2003 2656 2491 2723 archidiaconali,
2534 2660 2627 2715 vel
2652 2661 2770 2717 alia
2798 2669 3091 2734 potestate
3122 2666 3227 2722 rite
3259 2684 3296 2722 a
3365 2671 3661 2743 principio

2003 2756 2351 2818 exemptum
2377 2750 2696 2807 audientiae
2719 2754 2919 2808 forum
2941 2756 3234 2827 exititerit;
3260 2773 3296 2813 a
3325 2774 3448 2830 quo
3488 2760 3567 2815 ab
3589 2777 3662 2818 ea

2005 2836 2262 2892 Ecclesia
2291 2838 2370 2892 ad
2401 2841 2670 2895 Grmcum
2697 2842 3073 2915 episcopum,
3102 2852 3159 2901 et
3176 2847 3317 2902 hinc
3361 2851 3661 2919 gradatim

2001 2926 2107 2997 qui
2131 2926 2192 2980 in
2215 2927 2346 2996 ejus
2379 2934 2518 2983 sunt
2539 2928 2783 2997 ditione,
2812 2935 3295 3008 quotiescunque
3324 2937 3417 2992 his
3430 2938 3661 3011 aliquid

2002 3015 2332 3084 contigerit.
2368 3033 2430 3072 se
2462 3018 2914 3089 appellaverint.

2072 3104 2540 3178 Archiepiscopo
2572 3113 2628 3163 et
2654 3109 2952 3182 episcopis
2993 3113 3212 3169 Latinis
3250 3115 3329 3170 ad
3368 3118 3658 3175 canonice

287 3220 503 3273 σκόποις
542 3215 668 3284 ὑπὲρ
724 3213 1067 3282 πταισμάτων
1123 3210 1151 3266 ἡ
1211 3204 1452 3261 ἀδικιῶν,
1491 3212 1579 3257 καὶ
1632 3214 1730 3256 τῶν
1798 3204 1891 3255 αύ-
1928 3210 2033 3274 CC

1928 3215 1973 3274 ο
2002 3196 2496 3264 cognoscendum
2526 3197 2601 3252 de
2632 3199 2984 3256 criminibus
3005 3203 3187 3274 velinj
3199 3205 3341 3260 uriis
3356 3206 3656 3277 etjuribus

280 3312 376 3355 τῶν
419 3299 658 3369 δικαίων,
722 3310 818 3351 τῶν
881 3300 1167 3356 ἐκκλησιῶν
1223 3317 1277 3349 τε
1336 3296 1504 3347 αὐτῶν
1563 3294 1890 3365 επιμελητέον

287 3400 569 3451 κανονικῶς
627 3391 677 3442 ἐν
751 3398 856 3449 τοῖς
916 3395 1155 3461 Ι¹ραικοὶς
1208 3396 1307 3437 τῶν
1388 3384 1555 3437 αὐτῶν
1608 3383 1799 3436 πόλεων
1860 3383 1887 3440 ἡ

285 3481 515 3556 ἐνοριῶν,
599 3480 648 3532 ἐν
732 3480 941 3541 ἐκείνοίς
1024 3486 1128 3538 τοῖς
1214 3475 1527 3549 συμϐάμασι
1607 3480 1891 3546 προσ-ήκειν

288 3571 586 3645 βουλόμεθα
632 3576 725 3629 τὴν
776 3570 1016 3631 ἐξουσίαν
1057 3567 1104 3619 ἐν
1181 3569 1254 3627 οἶς
1328 3567 1505 3627 αὐτοῖς
1564 3564 1618 3616 ἐκ
1680 3560 1889 3614 δικαίου

281 3668 539 3733 προσήκει
568 3668 683 3724 τοῖς
715 3665 974 3724 Λατίνοις.

356 3772 495 3845 Πρός
544 3772 637 3829 τὴν
704 3768 923 3822 σύνοδον
980 3764 1037 3821 δὲ
1098 3778 1189 3821 τοῦ
1250 3775 1474 3823 Λατίνου
1535 3776 1823 3820 ἐπισκόπου
1868 3765 1891 3815 ὁ

278 3844 532 3933 Ῥωμαῖος
571 3859 856 3921 ἐπίσκοπος
909 3859 957 3911 ἐν
1004 3868 1064 3932 τῇ
1127 3860 1287 3911 αὐτοῦ
1346 3858 1516 3931 ἐνορία
1572 3863 1658 3910 τὸν
1715 3861 1891 3932 θρόνον

282 3950 440 4002 αὐτοῦ
481 3954 637 4023 ἔχων,
696 3950 835 4012 ἅπαξ
895 3957 987 4002 τοῦ
1043 3948 1279 4002 ἐνιαυτοῦ
1332 3951 1463 4019 μετὰ
1513 3957 1613 3999 τῶν
1664 3950 1889 4019 ἡγουμέ-

278 4060 374 4092 νων
428 4046 516 4093 καὶ
575 4050 672 4093 τῶν
747 4044 914 4114 ἱερέων
960 4042 1140 4108 αὑτοῦ,
1192 4050 1290 4091 τῶν
1342 4045 1434 4098 τὴν
1490 4036 1741 4113 φροντίδα
1790 4047 1888 4089 τῶν

280 4131 471 4203 ψυχῶν
538 4129 785 4202 ἐχόντων,
848 4139 1117 4203 κρατεῖται
1193 4132 1477 4191 ἑνεπηκόως
1534 4134 1836 4204 συντρέχειν
1873 4149 1884 4161 ·

278 4242 367 4273 και
397 4224 462 4273 τὰ
503 4218 759 4273 συνοδικα
816 4224 1003 4272 τούτου
1071 4222 1405 4292 θεσπίσματα
1464 4217 1498 4270 ἆ
1554 4223 1726 4291 μέντοι
1779 4225 1886 4278 τοῖς

278 4321 377 4362 τῶν
415 4316 647 4383 Γραικῶν
689 4313 828 4363 ἔθεσι
860 4316 931 4383 μὴ
975 4309 1223 4369 ἐναντίοις
1263 4318 1325 4382 τῇ
1380 4308 1629 4380 καθολικῇ
1685 4312 1882 4371 πίστει,

278 4408 367 4455 καὶ
399 4401 452 4453 ἐκ
495 4409 586 4463 τῆς
646 4408 877 4475 Γραικῶν
934 4400 1241 4460 Ἐκκλησίας
1288 4398 1621 4473 ἀνεχομένοις
1675 4406 1745 4471 μη
1806 4396 1886 4449 ἀν-

278 4491 592 4557 τιϐαίνουσι,
650 4490 925 4563 λαμϐάνειν
976 4508 1026 4542 τι
1078 4496 1166 4542 καὶ
1220 4490 1508 4562 φυλάττειν,
1564 4489 1673 4543 Ἵνα
1724 4485 1781 4540 δὲ
1812 4492 1883 4560 μὴ

2002 3284 2151 3356 ipsis
2183 3300 2429 3341 suarum
2463 3286 2882 3359 Ecclesiarum,
2906 3290 2967 3345 in
2997 3292 3240 3348 casibus
3269 3293 3385 3349 illis
3405 3302 3659 3368 potesta-

2002 3379 2119 3429 tem
2154 3374 2213 3428 in
2245 3376 2472 3430 Grmcos
2490 3392 2731 3432 suarum
2746 3378 3052 3436 civitatum
3066 3383 3505 3441 veldiuacesum
3527 3403 3661 3443 esse

2000 3463 2304 3533 volumus,
2326 3464 2388 3518 in
2416 3464 2639 3537 quibus
2668 3466 2743 3522 de
2769 3468 2903 3538 jure
2933 3471 3084 3541 ipsis
3110 3472 3331 3528 Latinis
3352 3478 3657 3534 convenit.

2075 3759 2160 3815 Ad
2203 3758 2508 3834 synodum
2532 3754 2722 3818 Latini
2753 3762 3072 3836 episc0pus
3099 3763 3371 3822 Romanus
3396 3768 3501 3840 qui
3527 3769 3657 3839 ejus

2002 3850 2243 3906 dioecesi
2272 3851 2476 3906 sedem
2502 3858 2657 3907 tenet
2693 3854 3031 3925 episcOpus,
3067 3871 3136 3909 ac
3158 3857 3377 3927 pariter
3405 3858 3657 3914 abbates

2002 3940 2249 4011 ejusque
2279 3939 2616 3995 sacerdotes
2648 3942 2993 3997 animarum
3015 3959 3224 3999 curam
3247 3945 3539 4001 habentes
3568 3964 3659 4003 se-

2002 4028 2191 4083 melin
2209 4044 2370 4083 anno
2395 4029 2667 4101 expedite
2691 4031 3001 4095 accedant,
3019 4039 3073 4087 et
3095 4034 3390 4106 synodica
3417 4038 3659 4093 decreta

1999 4134 2157 4189 quae,
2188 4118 2403 4173 Graecis
2432 4119 2677 4191 quidem
2722 4122 2999 4176 institutis
3026 4123 3334 4179 catholicae
3364 4124 3504 4180 ﬁdei
3534 4140 3659 4183 non

1998 4208 2497 4280 repugnantibus,
2534 4211 2881 4265 etaGreecis
2922 4213 3177 4283 receptis
3203 4214 3479 4269 Ecclesiis
3532 4232 3655 4272 non

1999 4297 2418 4365 adversantur,
2475 4298 2777 4371 suscipere
2826 4306 2882 4356 et
2936 4301 3255 4358 observare
3318 4310 3656 4363 teneantur.

1998 4392 2074 4443 Ne
2105 4394 2303 4442 autem
2346 4388 2483 4443 dicti
2517 4390 2785 4462 episcopi
2826 4392 3008 4447 Graeci
3069 4409 3140 4447 ex
3166 4392 3348 4463 hujus
3379 4395 3660 4452 observa-

1996 4479 2155 4534 tione
2188 4479 2655 4544 Constitutionis,
2685 4496 2807 4553 qua
2832 4482 2911 4537 ad
2936 4483 3311 4555 episcopales
3339 4486 3518 4541 etiam
3549 4503 3655 4559 sy—

280 4585 329 4633 οί
354 4584 593 4655 ῥηθέντες
617 4586 830 4653 Γραικοι
885 4577 1160 4631 ἐπίσκοποι
1216 4577 1539 4653 βαρύνωντοι
1600 4577 1753 4654 βάρει
1807 4572 1888 4628 δι·
1920 4597 1964 4650 D
1997 4582 2031 4621 Π

1920 4597 1964 4650 D
1997 4570 2193 4623 nodos
2254 4568 2596 4623 Latinorum
2652 4570 3005 4641 pontiﬁcum
3034 4571 3316 4629 accedere
3356 4580 3654 4646 coguntur

280 4671 389 4741 πλῴ
420 4671 465 4722 ἐν
498 4679 567 4739 τῷ
612 4666 821 4722 δεῖσθαι
853 4673 1055 4730 τούτοις
1113 4671 1367 4742 ἔρχεσθαι
1423 4668 1477 4720 ἐκ
1508 4678 1599 4730 τῆς
1644 4671 1888 4725 τοιαύτης

281 4757 565 4822 διατάξεως
616 4759 851 4830 ὀφείλειν,
932 4763 1018 4809 καὶ
1075 4759 1145 4820 εἰς
1209 4762 1303 4820 τὰς
1349 4758 1696 4820 ἐπίσκοπικας
1743 4777 1890 4809 συνο-

2000 4657 2221 4729 duplici
2245 4672 2344 4727 gra
2358 4663 2567 4713 ventur
2584 4673 2782 4724 onere,
2813 4662 3132 4716 statuimus
3146 4662 3224 4717 ad
3237 4663 3648 4722 dicecesanam

2003 4746 2306 4818 synodum
2329 4762 2431 4801 eos
2462 4762 2582 4801 non
2606 4763 2737 4804 esse
2781 4749 3106 4820 cogendos.

282 4846 401 4911 δους
431 4859 527 4901 τῶν
587 4849 869 4923 ἀρχιερέων
931 4854 1161 4899 Λατίνων
1216 4851 1433 4909 τούτους
1469 4850 1742 4922 ἔρχεσθαι,
1794 4846 1859 4905 εἰς
1898 4846 1992 4900 τὴν
2033 4844 2127 4895 τῆς
2158 4834 2421 4908 ἐπαρχίας
2462 4833 2682 4888 σύνοδον
2739 4841 2991 4909 τάττομεν
3042 4840 3137 4891 οὐκ
3177 4838 3657 4915 ἀναΊκαζομένους·

352 4941 431 4994 Ἐν
484 4948 597 5001 ταῖς
656 4939 1003 5012 ἐπιτηρησεσι
1085 4944 1260 5010 μέντοι
1336 4959 1433 4990 των
1488 4945 1718 5013 Γραικῶν
1774 4938 1886 4988 επι-

279 5035 505 5096 σκόπων,
554 5030 581 5086 ἦ
645 5038 741 5080 τῶν
796 5028 967 5090 οὐτοῐς
1018 5031 1460 5101 ύποτεταγμένων,
1511 5030 1706 5086 ἐκείνην
1760 5025 1887 5100 βου-

276 5120 468 5193 λόμεθα
502 5122 642 5190 ἔχειν
672 5123 794 5177 τούς
856 5124 1113 5179 Λατίνους
1152 5118 1419 5191 ἀρχιερεῖς
1450 5119 1497 5169 ἐν
1556 5125 1665 5177 ταῖς
1721 5114 1886 5175 ἰδίαις

275 5210 458 5263 πόλεσι
488 5213 577 5260 καὶ
636 5208 857 5283 ἑνορίαις
909 5212 1002 5265 τὴν
1056 5208 1315 5274 ἐξουσίαν,
1376 5207 1436 5265 ἣν
1491 5218 1562 5277 τῶ
1620 5226 1882 5279 μητροπο-

276 5299 392 5373 λίτῃ
440 5299 488 5352 ἐν
519 5306 635 5360 ταῖς
693 5298 1039 5370 ἐπιτηρήσεσι
1095 5306 1195 5348 τῶν
1244 5298 1403 5349 αὐτοῦ
1465 5300 1742 5371 συνερίθων
1797 5317 1885 5348 και

276 5399 377 5444 τῶν
456 5390 616 5442 αὐτοῦ
692 5390 934 5447 ὑπηκόων
1018 5397 1406 5463 παραχωρουσι
1495 5392 1561 5441 τα
1644 5392 1889 5441 κανονικα

280 5483 637 5554 θεσπίσματα.

348 5578 431 5643 Τῲ
486 5570 891 5647 ἀρχιεπισκοπῳ
949 5580 1127 5646 μέντον
1176 5580 1266 5627 καὶ
1318 5584 1428 5637 τοῖς
1485 5582 1730 5640 Λατίνοις
1786 5581 1893 5630 επι-

282 5668 518 5732 σκόποις,
573 5665 694 5715 ὁταν
769 5667 962 5727 ταύτας
1039 5668 1134 5726 τὰς
1189 5665 1393 5740 ἐνορίας
1453 5671 1542 5727 τὰς
1607 5674 1725 5742 περὶ
1772 5674 1896 5732 τοὺς

2074 4928 2135 4978 In
2164 4924 2481 4994 puniendis
2514 4942 2654 4981 vero
2677 4928 2891 4983 Gracis
2914 4930 3210 5002 episcopis
3246 4934 3341 4985 vel
3364 4931 3423 4985 in
3447 4948 3658 4992 eorum

2001 5014 2223 5070 ditione
2272 5015 2628 5080 constitutis,
2661 5017 2945 5073 volumus
2972 5020 3207 5076 Latinos
3241 5023 3554 5092 pontitices
3594 5027 3658 5083 in

2002 5105 2125 5158 suis
2155 5104 2487 5160 civitatibus
2510 5111 2565 5161 et
2599 5106 2961 5163 dioecesibus
2990 5126 3125 5165 eam
3148 5110 3369 5165 habere
3398 5116 3656 5170 auctori-

1992 5199 2176 5249 tatem
2224 5210 2412 5265 quam
2460 5196 2855 5268 metropolitze
2901 5198 2962 5253 in
2993 5200 3313 5271 puniendis
3374 5203 3496 5256 suis
3543 5206 3663 5263 suf.

1993 5284 2299 5352 fraganeis
2315 5284 2545 5357 sibique
2570 5286 2852 5356 subjectis
2876 5304 3181 5344 canonum
3200 5291 3538 5349 concedunt
3559 5295 3658 5351 de.

1996 5378 2180 5428 creta.

2076 5576 2332 5647 Quando
2365 5575 2856 5654 archiepiscopus
2896 5586 2953 5639 et
3000 5585 3271 5660 episcopi
3320 5587 3504 5647 Latini
3554 5607 3659 5649 eas

2003 5671 2288 5729 diceceses
2311 5673 2373 5728 in
2402 5672 2624 5747 quibus
2650 5672 2836 5730 Grzeci
2867 5676 3204 5735 consistunt
3253 5696 3394 5738 cum
3441 5682 3661 5740 ὥσπερ
