4434 6452
850 394 977 448 1551

2277 388 2676 445 ALEXAND!“
2716 386 2784 445 ιν

4071 397 4094 448 1
4105 396 4206 449 552

840 530 991 571 sano
1019 515 1243 571 vicario
1262 516 1394 586 jure
1428 513 1816 580 visitaverinl,
1840 512 1953 569 hac
1978 516 2215 569 servata
2248 511 2488 583 justitic
2517 516 2565 569 Α

2454 528 2488 568 Β
2517 516 2565 569 Α
2604 516 2877 586 Γραικοὺς,
2930 514 3201 600 μεταυτοῦ
3284 521 3378 574 τῆς
3428 514 3627 588 ἐνορίας
3702 510 3914 567 δικαίου
3998 516 4205 569 ἐπισκέ-

839 620 1123 661 mensura
1146 605 1431 677 pecunias
1452 620 1487 660 a
1510 604 1809 676 parochiis
1838 602 2165 672 exigendas
2183 616 2317 657 esse
2338 616 2486 673 pro-

838 693 1226 749 nuntiamus:
1262 693 1546 748 nimirum
1571 693 1695 764 ipse
1730 691 2212 763 archiepiscopus
2238 706 2275 746 a
2312 690 2491 762 quin-

834 798 953 854 que
986 786 1216 837 tantum
1250 782 1545 853 parochiis
1575 782 1768 850 exiget
1804 799 1817 837 :
1856 780 2041 852 Paphi
2080 780 2404 851 episcopus
2454 793 2492 834 a

835 877 1110 943 quatuor,
1137 874 1551 941 Famaugustaa
1574 888 1608 927 a
1636 871 1845 933 tribus,
1873 874 1930 926 et
1959 869 2191 925 Nemesi
2225 868 2492 924 similiter

835 976 873 1015 a
894 958 1100 1015 tribus.
1127 962 1272 1014 Eam
1305 965 1505 1015 autem
1538 959 1859 1032 pecuniam
1886 975 1923 1014 a
1945 958 2158 1014 Grmcis
2190 974 2313 1014 suae
2344 958 2492 1014 diae-

835 1048 987 1103 cesis
1012 1053 1066 1102 et
1088 1048 1388 1119 parochias
1437 1047 1688 1119 singulis
1740 1047 2039 1120 accipiant
2085 1048 2285 1103 annis.
2354 1046 2488 1103 Sin-

835 1136 991 1207 gulae
1003 1151 1145 1191 vero
1157 1136 1456 1208 parochias
1470 1152 1765 1193 summam
1783 1135 2092 1208 praebeant
2104 1135 2343 1207 triginta
2355 1134 2488 1191 soli-

833 1225 1053 1280 dorum
1065 1224 1467 1281 tornesiorum
1481 1226 1604 1281 sive
1617 1225 1857 1281 totidem
1870 1225 2205 1297 byzantios,
2234 1224 2337 1296 qui
2362 1240 2487 1281 non

831 1319 1210 1386 exsuperent,
1240 1315 1345 1370 sed
1366 1330 1501 1370 eam
1523 1320 1840 1387 exasquent
1858 1320 2129 1387 quotam.
2167 1315 2322 1370 Licet
2342 1330 2487 1371 sane

832 1405 1257 1477 parochiarnm
1279 1420 1598 1461 numerum
1622 1420 1759 1477 qua:
1776 1405 2003 1461 ratione
2014 1404 2361 1460 visitationis
2377 1404 2489 1461 sol-

830 1509 970 1549 vere
1001 1498 1296 1563 tenentur,
1330 1498 1555 1550 attenta
1592 1497 1975 1550 Roniaaorum
2009 1498 2380 1566 paupertate,
2413 1510 2486 1549 ex

829 1582 1201 1639 misericordi
1234 1582 1578 1654 provisione
1608 1584 1692 1639 ita
1723 1582 2087 1639 mediocrem
2119 1598 2251 1639 esse
2280 1584 2485 1641 decre-

827 1672 1113 1739 verimus,
1141 1672 1434 1743 quoniam
1465 1687 1606 1727 vero
1630 1672 1845 1728 Latinis
1882 1671 2131 1744 quidem
2182 1674 2485 1747 episcopis

829 1776 1074 1816 suarum
1111 1761 1512 1816 Ecclesiarum
1552 1760 1717 1816 bona
1753 1760 1889 1816 ideo
1934 1761 2148 1817 tradita
2179 1763 2480 1819 suntutin

827 1849 973 1920 ipsis
993 1848 1265 1905 debitum
1282 1848 1591 1905 ministerii
1609 1865 1819 1905 eorum
1840 1864 2062 1905 munus
2079 1850 2326 1920 integre,
2343 1868 2480 1908 cum
2513 1865 2552 1919 Β

1256 1848 1819 1905 ιωίηίειθτὶἱθοωω
1840 1850 2480 1920 munusintegre,cum
2513 1865 2552 1919 Β
2593 1841 2761 1893 αὑτῶν
2832 1840 3007 1912 ἀγαθά

826 1953 1071 1994 necesse
1102 1938 1295 2003 fuerit,
1323 1937 1562 2009 explere
1609 1938 1869 2005 valeant,
1922 1938 1971 1993 si
2018 1939 2343 1995 necessitas
2389 1956 2480 1997 or-

826 2026 1105 2082 thodoxae
1127 2025 1267 2081 ﬁdei
1288 2025 1383 2081 vel
1401 2025 1757 2083 obedientiaa
1776 2027 2191 2098 promptitudo
2213 2044 2348 2101 quae
2367 2031 2478 2085 Ro-

824 2131 1021 2171 manae
1044 2115 1300 2171 debetur
1327 2115 1621 2182 Ecclesia,
1650 2115 1743 2171 vel
1767 2131 2007 2172 morum
2036 2116 2356 2189 disciplina
2381 2134 2483 2190 pe-

822 2204 1142 2275 stulaverit,
1202 2204 1425 2276 pluries
1474 2205 1640 2276 ipsos
1690 2207 1922 2261 Graecos
1957 2220 2086 2261 esse
2117 2207 2472 2266 visitandos.

816 2294 1120 2363 volumus,
1147 2310 1271 2366 quo
1300 2295 1427 2349 sine
1464 2294 1588 2349 ullo
1623 2294 1964 2350 Latinorum
2014 2296 2368 2365 gravamine
2394 2297 2478 2353 vi-

815 2385 1107 2441 sitationis
1160 2400 1382 2440 munus
1414 2389 1796 2457 exsequatUr,
1839 2387 2077 2441 Graecos
2108 2386 2272 2459 ipsos
2304 2386 2476 2460 quid-

811 2474 959 2546 quid
973 2473 1562 2530 visitationidebetur
1584 2474 1706 2529 suis
1723 2473 2067 2547 sumptibus
2090 2475 2425 2547 persolvere
2456 2495 2469 2545 ;

808 2562 1058 2635 quando
1071 2578 1214 2619 vero
1228 2578 1531 2619 canonum
1546 2561 2003 2619 constitutiones
2018 2564 2162 2636 ipsis
2174 2566 2472 2638 episcopis

806 2652 1165 2709 visitationis
1195 2667 1422 2707 munus
1453 2651 1794 2723 injungunt,
1823 2656 1965 2708 tunc
1988 2668 2143 2725 opus
2166 2658 2256 2711 est
2276 2660 2341 2711 ut
2363 2657 2469 2711 La-

805 2740 909 2795 tini
939 2740 1053 2812 ipsi
1085 2741 1207 2795 suis
1234 2740 1524 2812 impensis
1551 2755 1774 2796 munus
1818 2740 2062 2811 obeant,
2109 2758 2249 2799 cum
2288 2744 2467 2800 etiam

802 2828 1114 2901 apostolus
1143 2829 1575 2895 Paulus,nostri
1603 2833 1792 2886 status
1818 2831 2465 2905 exemplar,aliquoties

799 2918 1024 2973 victum
1048 2917 1161 2974 sibi
1185 2918 1301 2989 ipsi
1325 2933 1573 2973 suarum
1595 2918 1801 2974 labore
1824 2934 2119 2976 manuum
2145 2936 2463 2995 compara-

798 3007 962 3076 verit,
990 3022 1064 3063 ne
1097 3007 1297 3078 gravis
1318 3007 1465 3063 foret
1488 3007 1556 3062 iis
1579 3007 1805 3080 quibus
1834 3008 2222 3079 Evangelium
2245 3014 2461 3083 praedi-

796 3095 992 3161 cabat,
1020 3096 1126 3168 qui
1158 3111 1297 3152 cum
1328 3095 1555 3152 doctori
1584 3098 1960 3153 necessarios
2002 3097 2459 3159 subministrare

796 3189 1075 3277 sumptus
1134 3183 1562 3241 detrectassent
1632 3200 1703 3240 eo
1760 3184 1893 3257 ipso
1931 3185 2346 3258 impediebant
2382 3206 2458 3247 ne
2500 3222 2540 3277 ε

794 3273 1239 3347 praedicationis
1263 3274 1621 3345 mysterium
1650 3280 2109 3347 propagaretur.

868 3365 937 3418 Ut
964 3368 1167 3419 autem
1212 3361 1473 3419 breviter
1528 3362 1697 3435 quod
1727 3379 1973 3435 aequum
2021 3368 2077 3420 et
2100 3365 2335 3435 justum
2370 3372 2461 3425 est

791 3451 1216 3524 praecipiamus
1240 3468 1253 3506 :
1280 3450 1549 3508 habeant
1567 3452 1910 3509 Latinorum
1928 3452 2201 3511 Ecclesiae
2217 3455 2278 3512 in
2302 3473 2457 3530 pra!-

791 3540 916 3596 fata
952 3540 1151 3596 insula
1176 3539 1444 3596 decimas
1489 3544 1546 3595 et
1602 3540 1850 3597 obtenta
1887 3542 2018 3612 jam
2084 3545 2458 3603 consuetudo

792 3628 1072 3699 exigendi
1106 3628 1406 3700 ejusmodi
1437 3629 1705 3685 decimas
1731 3645 1839 3702 per
1863 3630 2180 3701 pontifices
2237 3638 2295 3690 et
2347 3634 2458 3690 cle-

791 3717 949 3775 ricos
992 3717 1337 3774 Latinorum
1375 3718 1709 3775 executioni
1759 3718 2046 3792 deinceps
2111 3721 2453 3779 mandetur.

793 3808 1083 3874 Quocirca
1111 3824 1251 3864 cum
1279 3808 1341 3863 in
1371 3807 1487 3864 hac
1525 3812 1695 3880 parte
1736 3809 2098 3866 servandam
2139 3827 2273 3867 esse
2313 3828 2456 3869 con-

793 3895 1177 3953 suetudinem
1208 3910 1577 3965 asseramus,
1609 3912 1790 3953 nemo
1819 3912 2030 3953 eorum
2061 3898 2361 3954 existimet
2394 3913 2457 3953 se

791 3985 1129 4041 immunem
1166 4002 1202 4041 a
1227 3985 1522 4041 solutione
1548 3985 1925 4043 decimarum
1967 3986 2101 4056 jure
2160 3987 2457 4043 canonico

792 4078 849 4131 et
883 4074 1088 4131 divino
1127 4074 1491 4131 debitarum.

867 4257 1152 4323 Quamvis
1175 4256 1380 4329 itaque
1399 4260 1457 4313 et
1477 4258 1818 4313 Graecorum
1832 4255 2155 4314 Ecclesiam
2167 4256 2337 4328 regni
2349 4259 2457 4328 Cy-

792 4345 886 4419 pri
917 4363 988 4401 ex
1020 4346 1134 4402 hac
1172 4346 1597 4401 constitutione
1634 4345 1862 4401 non‘sit
1892 4345 2178 4417 deinceps
2207 4345 2456 4417 quidem

790 4432 1075 4491 habitura
1097 4432 1540 4506 metropolitam
1567 4450 1691 4489 suae
1719 4432 1929 4504 gentis,
1951 4433 2235 4489 volumus
2255 4438 2455 4489 tamen

792 4524 1090 4595 ejusmodi
1125 4526 1512 4593 Germanum,
1536 4526 1872 4580 Graecorum
1903 4522 2453 4595 archiepiscopum,

791 4613 997 4686 quoad
1021 4612 1227 4669 vixerit
1247 4612 1493 4669 nomine
1510 4616 1568 4668 et
1589 4612 1816 4668 honore
1843 4611 2152 4681 dignitatis
2169 4612 2457 4685 archiepi-

793 4701 1049 4775 scopalis
1082 4702 1217 4757 frui.
1280 4704 1472 4768 Quam
1504 4702 1585 4758 ob
1615 4717 1865 4757 causam
1900 4706 1957 4757 et
1985 4717 2125 4757 eum
2153 4718 2346 4773 usque
2378 4701 2457 4758 ad

791 4796 1046 4848 mortem
1082 4807 1118 4847 a
1147 4795 1439 4863 potestate
1467 4795 1524 4846 et
1551 4789 1774 4846 ditione
1816 4791 2114 4846 Leucosiae
2168 4790 2459 4863 archiepi-

792 4880 959 4953 scopi
986 4880 1321 4936 immunem
1355 4895 1601 4952 prorsus
1623 4895 1755 4936 esse
1790 4882 2070 4936 volumus
2103 4884 2161 4935 et
2187 4879 2457 4936 decemi-

792 4987 954 5038 mus,
987 4986 1058 5027 ac
1097 4969 1485 5042 praecipimus
1527 4974 1610 5038 ut,
1660 4969 1945 5025 defuncto
1994 4968 2298 5040 ejusmodi
2325 4972 2458 5025 Ger.

792 5076 1003 5126 mano,
1033 5059 1234 5116 nullus
1257 5058 1409 5115 alius
1436 5061 1676 5115 Graecus
1701 5057 2193 5131 archiepiscopus
2220 5058 2280 5114 in
2306 5074 2457 5131 pra:-

790 5150 915 5208 fato
943 5151 1342 5206 constituatur
1380 5162 1586 5220 regno.
1616 5150 1854 5213 Verum,
1891 5162 1967 5203 ne
2005 5147 2307 5219 ejusmodi
2363 5163 2454 5205 ar-

864 5327 981 5402 (2!)
1012 5330 1289 5390 Βυζάντια.
1322 5327 1560 5384 Nummi
1607 5343 1796 5398 genus
1849 5327 2027 5383 unius
2060 5327 2242 5402 aurei.
2278 5325 2456 5385 Inno-

792 5399 1074 5465 cent.’lll,
1109 5402 1211 5458 lib.
1239 5420 1251 5454 ι
1285 5402 1457 5473 epist.
1489 5402 1567 5456 ad
1594 5415 1798 5471 regem
1832 5399 2205 5469 Portugallize
2232 5416 2245 5455 :
2276 5402 2458 5457 Pater

792 5482 931 5530 tuus
948 5480 1185 5529 centum
1202 5474 1509 5542 byzantios
1523 5474 1843 5529 annuatim
1856 5474 2144 5529 Romana:
2168 5473 2457 5530 Ecclesiae

791 5547 1096 5602 constituit
1130 5546 1455 5616 censuales.
1482 5547 1703 5616 Horum
1734 5550 1934 5601 autem
1973 5544 2221 5616 pondus
2238 5559 2313 5616 ex
2369 5560 2459 5600 re-

792 5617 1120 5690 sponsione
1148 5615 1421 5689 ejusdem
1450 5616 1607 5686 regis
1634 5615 1713 5672 ad
1769 5614 2120 5690 pontificem
2174 5614 2404 5671 elicitur
2437 5633 2451 5673 :

789 5688 1117 5764 respondet
1144 5690 1306 5747 enim
1336 5705 1399 5747 se
1423 5704 1539 5762 pro
1564 5703 1744 5747 censu
1765 5689 2020 5747 annuati
2048 5688 2241 5747 decem
2272 5702 2455 5747 anno-

2601 620 2847 666 πτωνται,
2906 604 2965 653 τό
3013 600 3140 653 αὐτὸ
3196 601 3246 654 ἐν
3298 610 3409 663 ταῖς
3466 601 3826 675 ἁπητημέναις
3900 604 4207 678 ἐπιτροπαῖς

2603 687 2988 761 ἀπαγγέλλομεν
3040 698 3137 751 τῆς
3227 687 3568 751 δικαιοσύνης
3648 696 3833 766 μέτρον
3894 714 3907 726 ·
3964 702 4057 745 τοῦ
4117 698 4205 745 τόν

2601 777 2757 829 αὐτόν
2811 776 3230 852 ἀρχιεπίσκοπον
3291 784 3439 831 πέντε
3489 784 3662 851 μόνον,
3722 784 3808 831 τόν
3866 790 3962 841 τῆς
4020 786 4203 853 Πάφον

2598 872 2877 939 τέσσαρας,
2950 877 3039 929 ’ἦς
3120 869 3508 940 Ἀμμοχώστου
3575 878 3729 942 τρεῖς,

2600 963 2833 1028 Νεμεσου
2864 958 3054 1028 ὁμοίως
3083 966 3216 1032 τρεῖς
3244 979 3257 991 ·
3286 957 3348 1011 Ἃ
3407 954 3474 1016 δὴ
3522 957 3623 1009 ἀπὸ
3672 968 3770 1010 τῶν
3825 965 4059 1033 Γραικῶν
4110 970 4203 1022 της

2600 1044 2764 1107 αὐτῆς
2813 1044 3012 1119 ἐνορίας
3089 1050 3179 1097 καὶ
3230 1053 3326 1107 τῆς
3376 1048 3561 1097 τούτου
3621 1045 3901 1120 ἐπιτροπῆς
3954 1048 4205 1120 λαμϐανέ-

2597 1152 2770 1185 τωσαν
2818 1132 2930 1185 κατ’
3009 1137 3134 1201 ἔτος,
3191 1134 3260 1184 ὧν
3322 1132 3517 1191 ἐκάστη
3567 1134 3841 1206 κεφάλαιον
3922 1139 4205 1207 τριάκοντα

2601 1218 2812 1284 σόλιὸος
2856 1226 3190 1295 τουρνεσίων,
3248 1222 3277 1280 ἢ
3344 1229 3577 1274 τοσαῦτα
3626 1221 3889 1293 βυζάντια
3938 1224 4075 1296 (21),
4137 1228 4204 1276 τὰ

2598 1314 2669 1382 μὴ
2721 1312 3107 1383 περιττεύοντα,
3144 1307 3277 1366 πλὴν
3318 1308 3626 1379 ἐξισούμενα
3680 1314 3845 1382 τούτῳ
3903 1322 3974 1382 τῷ
4032 1322 4201 1383 ποσῷ.

3807 876 3896 922 καὶ
3960 876 4048 923 τόν
4104 882 4169 930 τῆ
4181 894 4201 934 ς

2598 1397 2739 1456 Πλὴν
2789 1403 2879 1451 xui.
2928 1402 3015 1450 τόν
3070 1397 3289 1471 ἀριθμόν
3343 1406 3443 1450 τῶν
3508 1398 3798 1472 ἐπιτροπῶν
3854 1409 3953 1452 τῶν
4006 1402 4205 1473 ὀφειλο-

2595 1492 2757 1560 μῄιων
2814 1486 3128 1556 ἐπισκέψεως
3175 1488 3359 1560 χάριν,
3418 1493 3833 1561 κατανοουμένης
3903 1498 3997 1551 τῆς
4066 1510 4205 1542 πτω⁹

2595 1580 2745 1647 χείας
2802 1583 2900 1627 τῶν
2982 1579 3266 1645 Ῥωμαίων,
3354 1571 3674 1649 διεκρίνομεν
3750 1576 3915 1637 ἐλέους
3986 1597 4205 1652 προμη-

2597 1666 2710 1736 θείᾳ
2760 1664 2919 1725 οὕτως
2976 1671 3399 1737 μετριοποιῆσαι.
3460 1665 3602 1716 Ἐπεὶ
3654 1668 3829 1736 μέντοι
3885 1673 3994 1727 τοῖς
4036 1673 4202 1720 Λατί-

2592 1772 2694 1813 νοις
2726 1752 3031 1812 ἐπισκόποις
3088 1754 3215 1825 πρός
3257 1756 3406 1804 τοῦτό
3464 1752 3566 1804 εἱσι
3625 1756 3690 1804 τὰ
3753 1761 3854 1805 τῶν
3910 1754 4202 1812 ἐκκλησιῶν

3112 1845 3619 1913 παρακεχωρημένα,
3692 1848 3782 1893 τοῦ
3863 1841 3911 1894 ἐν
3986 1843 4203 1906 ἐκείνοις

2590 1937 2707 2003 περὶ
2768 1933 2826 1983 τὸ
2914 1933 3072 2003 χρέος
3148 1937 3239 1990 τῆς
3323 1928 3486 1981 αὐτῶν
3569 1932 3861 2005 ὑπουργίας
3916 1930 4201 1996 ἀνελλιπῶς

2593 2020 2799 2092 ἰσχύειν
2826 2021 2892 2071 τὰ
2919 2028 3013 2080 τῆς
3049 2024 3238 2091 χρείας
3294 2018 3523 2091 πληροῦν
3582 2018 3806 2091 θέλομεν,
3860 2020 3903 2071 εἰ
3953 2024 3982 2079 η
4034 2030 4199 2096 χρεία

2586 2118 2681 2169 τῆς
2733 2103 3018 2179 ὀρθοὸὸξου
3071 2110 3315 2168 πίστεως,
3372 2108 3400 2164 ἡ
3452 2110 3510 2157 τὸ
3570 2108 3751 2158 ἄοινον
3804 2116 3899 2169 τῆς
3955 2110 4196 2173 ὑπακοῆς

2588 2206 2682 2257 τῆς
2762 2194 3089 2267 ὀφειλομένης
3167 2202 3229 2265 τῇ
3321 2202 3415 2255 τῆς
3479 2194 3681 2267 Ῥώμης
3748 2195 4031 2269 Ἐκκλησία
4074 2200 4104 2256 ἡ
4161 2202 4191 2257 ἡ

2586 2294 2685 2337 τῶν
2737 2285 2873 2342 ἠθῶν
2928 2282 3211 2341 ἀπαιτήσει
3284 2280 3561 2344 παίδευσις
3635 2292 3729 2335 του
3785 2285 4197 2341 ἐπισκέπτεσθαι

2584 2378 2702 2434 τούς
2756 2372 2948 2435 αὐτούς
3028 2376 3279 2447 Γραικοὺς
3356 2372 3620 2439 πολλάκις,
3694 2372 3951 2427 ἀποτίνειν
4004 2376 4196 2438 αύτούς

2584 2462 2849 2515 ἐπὶτοῦτο
2878 2466 2997 2535 περὶ
3039 2461 3223 2522 αὐτούς
3269 2463 3389 2514 οἶνευ
3442 2466 3583 2524 τινὸς
3636 2460 3832 2535 βάρους
3883 2463 4083 2516 ἐκείνων
4137 2467 4196 2516 τό

2582 2562 2677 2614 τῆς
2705 2550 3024 2621 ἐπισκέψεως
3062 2556 3220 2626 χρέος
3250 2548 3412 2613 ἰδίαις
3466 2548 3746 2613 δαπάναις.
3800 2552 3959 2605 Ὀταν
4016 2559 4197 2626 μέντοι

2581 2641 2757 2702 αὐτοῖς
2783 2643 2837 2693 αἱ
2892 2648 2991 2691 τῶν
3044 2640 3205 2712 ἁγίων
3262 2637 3531 2703 διατάξεις
3582 2645 3807 2694 κανόνων
3863 2650 4015 2695 τοῦτο
4074 2644 4196 2695 ἐπι-

2578 2734 2857 2803 τρέπωσιν,
2900 2728 3164 2801 ὀφείλουσι
3218 2725 3569 2804 διαχορηγείν
3600 2751 3613 2763 ο

2577 2819 2751 2880 στόλος
2810 2819 3015 2881 Παῦλος
3078 2822 3138 2871 τό
3214 2822 3343 2893 πρὸς
3426 2816 3729 2892 ὑπόδειγμα
3790 2828 3884 2883 τῆς
3934 2823 4195 2897 ἡμετέρας

2572 2910 2942 2969 καταστάσεως
2991 2907 3149 2961 ἐνίοτε
3181 2908 3348 2979 ἐαυτῷ
3378 2914 3473 2967 τὴν
3542 2909 3684 2969 ζωὴν
3738 2917 3809 2980 τῷ
3842 2918 3940 2961 τῶν
3994 2920 4195 2984 χειρῶν

3674 2730 3783 2783 ἐπεὶ
3836 2738 3925 2785 καὶ
3971 2734 3998 2783 ό
4051 2731 4196 2785 ἀπό-

2570 3002 2715 3071 κόπῳ
2745 2999 3026 3068 ἐκτήσατο,
3058 3005 3149 3051 τοῦ
3180 3003 3252 3071 μὴ
3315 3003 3554 3073 φορτικὸς
3596 2999 3725 3053 εἶναι
3775 3008 3883 3063 τοῖς
3937 3003 4014 3064 οἷς
4068 3002 4195 3060 Exui-

2569 3106 2722 3162 ρυττε
2788 3092 2847 3141 τό
2898 3087 3229 3159 Εύαγγέλιον,
3312 3090 3495 3150 οἰτινες

2571 3184 2750 3249 ρηγείν
2775 3185 2846 3247 τῷ
2895 3173 3210 3248 διδασκάλῳ
3249 3172 3509 3249 δαπάνην,
3571 3180 3707 3230 κατὰ
3763 3186 3911 3232 τοῦτο
3944 3188 4037 3232 τοῦ
4094 3189 4196 3244 τῆς

3586 3096 3950 3151 κατοκνούντες
4004 3091 4197 3162 ἐπιχο-

2569 3270 2832 3340 χορηγίας
2865 3285 3017 3339 στερη
3028 3267 3159 3318 θῶσι
3182 3272 3505 3338 μυστηρίου.

2638 3356 2724 3418 Ὠς
2775 3357 2824 3407 ἐν
2880 3355 3141 3427 κεφαλαίῳ
3192 3352 3251 3407 δὲ
3306 3361 3363 3407 τό
3398 3354 3589 3413 ἀνῆκον
3630 3353 3835 3410 δίκαιον
3866 3367 3955 3411 τοῦ
4012 3359 4197 3412 κελεύ-

2570 3465 2641 3498 ειν
2702 3466 2715 3478 ·
2776 3448 2865 3523 τὰς
2902 3442 3171 3505 δεκατείας
3220 3444 3268 3497 ἐν
3320 3453 3381 3517 τῇ
3443 3444 3798 3520 προλεχθείση
3857 3454 4002 3521 νήσῳ
4060 3449 4195 3521 ἐκέ-

2569 3553 2746 3587 τωσαν
2776 3536 2831 3587 αἰ
2879 3542 2977 3588 τῶν
3020 3540 3253 3587 Λατίνων
3306 3534 3602 3603 ἐκκλησίαι,
3644 3541 3733 3588 καὶ
3787 3539 3817 3595 ἡ
3868 3540 4127 3596 συνήθεια
4158 3542 4191 3597 ἡ

2568 3628 3069 3699 παρακεκρατημένη
3140 3623 3212 3685 εἰς
3275 3629 3368 3682 τήν
3433 3632 3533 3676 τῶν
3589 3627 3837 3677 τοιούτων
3904 3623 4195 3680 δεκατειιῖη

2569 3712 2727 3784 λῆψιν
2795 3712 2896 3766 ἀπό
2954 3721 3053 3765 τῶν
3108 3711 3394 3787 ἀρχιερέων
3447 3719 3538 3766 xui.
3593 3722 3694 3766 τῶν
3759 3714 4018 3791 κληρικῶν
4084 3726 4195 3769 τῶν

2572 3808 2826 3871 Λατίνων,
2884 3803 2951 3863 εἰς
3025 3807 3082 3855 τό
3140 3801 3259 3865 ἑξῆς
3324 3798 3746 3877 διαπραττομένη
3809 3806 4183 3877 φυλαττέσθω.

2571 3895 2665 3945 Διά
2734 3900 2888 3945 τοῦτο
2949 3896 3123 3965 μέντοι
3173 3896 3251 3944 ὅτι
3305 3890 3353 3944 ἐν
3410 3896 3577 3964 τούτῳ
3639 3902 3712 3963 τῷ
3769 3898 3913 3969 μέρει
3967 3895 4193 3969 λέγομεν

2571 3982 2849 4053 φυλακτέον
2940 3987 2995 4034 τό
3050 3984 3176 4051 ἔθος,
3236 3986 3307 4053 μη
3364 4002 3445 4044 τις
3503 3983 3672 4035 αὐτῶν
3736 3986 3988 4056 νομιζέτω
4054 3984 4193 4039 εἶναι

2570 4071 2954 4143 ύπεξηρημενον
2998 4079 3095 4132 τῆς
3150 4079 3251 4122 τῶν
3313 4067 3590 4124 δεκατειῶν
3638 4073 3829 4135 λύσεως
3881 4083 3980 4126 τῶν
4047 4076 4196 4147 ὀφει-

2570 4159 2790 4233 λομένων
2830 4169 3082 4232 κανονικῷ
3112 4166 3202 4213 καὶ
3244 4162 3362 4231 Orig»
3393 4157 3607 4234 δικαίῳ,

2649 4255 2831 4303 Τοίνυν
2874 4249 2970 4302 κᾶν
3000 4254 3090 4302 καὶ
3130 4252 3158 4307 ἡ
3215 4259 3315 4302 τῶν
3348 4257 3581 4324 Γραικῶν
3613 4251 3900 4310 Ἐκκλησία
3953 4262 4051 4306 τοῦ
4092 4265 4200 4319 τῆς

2574 4342 2787 4413 Κύπρου
2816 4340 3050 4414 ῥηγάτου
3081 4342 3218 4391 κατὰ
3253 4343 3447 4399 ταύτην
3505 4345 3598 4399 τὴν
3629 4341 3795 4405 τάξιν,
3853 4344 4067 4415 ούχέξει
4134 4343 4199 4399 δὲ

2571 4432 2643 4492 εἰς
2672 4434 2730 4482 τό
2785 4433 2917 4503 μετὰ
2945 4438 3109 4482 ταῦτα
3159 4430 3548 4505 μητροπολίτην
3600 4440 3692 4484 τοῦ
3744 4432 3903 4493 αὐτῆς
3959 4436 4145 4495 ἔθνους
4180 4457 4194 4469 ·

2572 4519 2777 4592 θέλομεν
2808 4523 2985 4591 μέντοι
3018 4523 3104 4571 τόν
3134 4527 3369 4572 τοιοῦτον
3422 4524 3679 4593 Γερμανόν
3726 4525 3813 4573 τόν
3860 4530 3960 4573 τῶν
4024 4530 4198 4596 Γραι-

2568 4620 2671 4662 κῶν
2698 4609 3117 4685 ἀρχιεπίσκοπον
3146 4614 3329 4683 κέχρις
3350 4609 3410 4661 ἆν
3443 4611 3505 4682 ζῇ
3539 4618 3611 4681 τῷ
3641 4619 3737 4673 τῆς
3768 4610 4198 4687 ἀρχιεπισκοπι-

2567 4710 2663 4763 κῆς
2692 4700 2837 4763 αξίάς
2866 4700 3081 4773 ὀνόματι
3110 4706 3199 4752 καὶ
3225 4708 3348 4773 τιμῇ
3383 4703 3629 4773 χρῆσθαι
3662 4722 3675 4734 ’
3709 4702 3769 4753 οὗ
3786 4703 3944 4754 ἕνεκεν
3976 4709 4068 4756 καὶ
4098 4710 4198 4757 τὸν

2569 4798 2804 4843 τοιοῦτον
2861 4794 3027 4863 μέχρι
3087 4789 3325 4851 τελευτῆς
3380 4788 3643 4862 κωλύομεν
3689 4792 3790 4843 ύπό
3844 4799 3905 4863 τῇ
3966 4791 4198 4867 ἐξουσίᾳ

2569 4886 2661 4931 τοῦ
2701 4888 2795 4941 τῆς
2856 4883 3148 4940 Λευκοσίας
3213 4877 3638 4951 ἀρχιεπισκόπου
3685 4879 3945 4942 παντελῶς
4002 4879 4143 4935 εἶναι
4176 4902 4196 4919 ο

2568 4974 2659 5023 καὶ
2714 4971 2966 5041 τάττομεν
2996 4970 3085 5035 ὡς,
3145 4968 3551 5031 τελευτησαντος
3602 4978 3698 5022 κού
3754 4973 3995 5023 τοιούτου
4058 4979 4195 5048 Γερ-

2568 5066 2756 5132 μανοῦ,
2836 5066 2929 5112 τοῦ
2980 5063 3052 5131 μὴ
3112 5058 3210 5111 τιν’
3262 5059 3431 5134 ἕτερον
3489 5057 3910 5133 ἀρχιεπίσκοπον
3962 5067 4194 5137 Γραικὸν

2568 5149 2834 5222 ταχθῆναι
2866 5146 2915 5201 ἐν
2968 5156 3041 5220 τῷ
3102 5147 3440 5222 προλεχθέντι
3499 5149 3734 5223 ῥηγάτῳ,
3769 5150 3910 5209 Πλην
3959 5161 4054 5204 τοῦ
4112 5162 4189 5226 μὴ

2568 5345 2717 5406 rum_
2724 5330 2858 5406 jam
2880 5328 3106 5386 misisse
3118 5328 3306 5406 mille
3324 5344 3559 5386 aureos.
3592 5330 3801 5406 Itaque
3822 5330 4047 5406 singuli
4078 5332 4195 5406 by-

2568 5401 2741 5457 zantii
2764 5415 2952 5456 unum
2976 5399 3328 5473 pendebant
3352 5416 3628 5459 aureum.
3648 5399 3881 5459 Clarius
3897 5399 4063 5461 idem
4083 5399 4194 5462 Βῖθ-

2567 5477 2715 5543 gest.
2746 5489 2839 5543 xv,
2873 5472 2983 5545 ep.
3010 5473 3131 5545 l79,
3165 5472 3244 5529 ad
3275 5473 3681 5545 patriarcham
3712 5475 4193 5545 Antiochenum,

2564 5545 2753 5615 fratri
2772 5551 2875 5601 tuo
2913 5544 3081 5601 mitte
3099 5544 3409 5615 byzaiitios
3438 5545 3690 5617 dedisse,
3711 5546 3795 5605 ad
3813 5548 3899 5604 mi
3904 5548 3986 5607 ιιε
4003 5544 4193 5609 aure;

2565 5632 2738 5674 orum
2777 5617 3105 5676 valentium
3119 5659 3133 5674 .
