4434 6452
267 437 401 494 1553

1559 439 2012 498 εοκετιτυτιο
2049 439 2320 498 CYPBIA.

3485 439 3620 494 1ὕῦέὶ

263 562 348 612 τόν
395 565 626 612 τοιοῦτον
670 559 1088 634 ἀρχιεπίσκοπον
1166 572 1420 640 Γερμανον
1492 568 1859 640 περιφερεσθαι
1887 568 1934 621 Α
1972 565 2014 621 c1

1887 568 1934 621 Α
1972 565 2393 638 cbiepiscopus
2426 567 2755 620 Germanus
2778 562 3164 636 palabundus
3193 561 3422 617 oberret
3458 563 3619 617 nullo

265 653 334 721 μη
384 651 703 720 ἐγνωσμένου
751 658 841 703 τοῦ
897 655 1076 725 θρόνου
1139 653 1319 721 αὑτοῦ,
1367 657 1450 707 τόν
1509 654 1860 727 προλεχθέντα

266 737 546 790 ἐπίσκοπον
597 748 684 799 της
734 759 831 792 των
887 747 1118 814 Γραικῶν
1175 741 1434 818 καθέδρας
1487 753 1582 805 τῆς
1669 744 1716 796 ἐν
1798 751 1859 815 τῇ

267 825 456 898 Σωλεία
486 837 579 890 της
622 835 915 891 Λεακοσίας
967 830 1166 906 ένορίας
1216 832 1317 884 ἀπὸ
1371 839 1463 886 τοῦ
1518 830 1719 905 δεσμοῦ
1772 840 1862 884 τοῦ

266 921 646 989 κεκρατημένον
695 926 756 989 τῇ
829 919 1117 993 Ἐκκλησία
1177 922 1358 992 αὐτοῦ,
1433 922 1615 994 λύομεν
1688 922 1859 985 αὐτόν,

267 1007 396 1076 πρὸς
419 1008 506 1056 τὸν
542 1003 880 1059 έπισκοπικόν
930 1011 1110 1083 θρόνον
1161 1019 1252 1063 τον
1304 1011 1566 1085 Ἀρσινον,
1627 1013 1714 1062 τὸν
1768 1018 1863 1070 τῆς

272 1093 451 1164 Πάγου
497 1091 695 1167 ἐνορίας
771 1096 1123 1168 σχολάζοντα,
1207 1108 1267 1172 τῇ
1346 1109 1440 1162 τῆς
1513 1099 1866 1161 ἀποστολικής

269 1182 509 1244 εξουσίας
576 1181 730 1256 ἀδείᾳ
794 1191 882 1237 καῖ
969 1196 1031 1259 τῇ
1120 1187 1283 1261 βουλῇ
1368 1198 1467 1241 τῶν
1540 1189 1865 1263 προρρηθέν-

267 1289 365 1321 των
425 1268 676 1343 ἀδελφῶν·
738 1280 826 1327 καὶ
879 1283 1225 1351 μεταφέρομεν
1300 1283 1388 1331 καί
1453 1275 1672 1350 δίδομεν
1727 1278 1868 1349 αὑτῶ

267 1357 448 1411 ἄδειαν
478 1368 568 1412 του
601 1357 915 1435 διέρχεσθαι
970 1365 1246 1440 ἐλονθέρως
1308 1367 1372 1428 εἰς
1423 1370 1510 1420 τὸν
1566 1367 1720 1420 αὐτόν
1748 1369 1868 1441 θρό-

268 1467 368 1502 νον.
421 1455 505 1519 Ta)
577 1450 920 1524 προρρηθέντι
992 1451 1051 1507 δε
1128 1463 1368 1529 Γερμανῷ
1463 1455 1867 1528 ἀρχιεπισκοπῳ

270 1537 359 1597 τὰς
396 1538 667 1611 ῥηθείσας,
709 1544 796 1592 τὸν
851 1545 1026 1612 θρόνον
1085 1551 1172 1596 καὶ
1213 1564 1306 1602 την
1356 1553 1446 1606 τῆς
1499 1546 1718 1607 Σωλείας
1754 1547 1866 1598 Ἐκ-

273 1627 494 1683 κλησίαν
526 1629 573 1680 ἐν
597 1641 966 1702 πνευματικοῖς
1014 1639 1103 1685 καὶ
1157 1633 1203 1686 ἐν
1260 1643 1518 1709 καιρικοῖς
1577 1639 1711 1687 κατά
1779 1640 1872 1691 τὴν

273 1721 468 1768 τούτων
521 1717 718 1791 βουλήν
782 1727 871 1773 καὶ
952 1721 1193 1785 ἐξουσίαν
1277 1727 1686 1798 παρατιθέμεθα,
1753 1716 1876 1798 παρ’

277 1807 437 1858 αὐτοῦ
480 1811 918 1882 κρατηθησόμενα
965 1812 1089 1884 οὔτῇ
1139 1821 1203 1886 τῇ
1263 1822 1387 1886 τιμῇ
1465 1814 1564 1879 ἀεὶ,
1625 1819 1712 1866 καὶ
1804 1821 1874 1883 τῷ

276 1901 370 1956 τῆς
424 1894 903 1969 ἀρχιεπισκοπικῆς
978 1900 1126 1963 ἀξίας
1216 1902 1429 1974 ὀνόματι

274 1990 668 2058 ποιμαινόμενα·
723 1988 870 2051 οὗτος
907 1993 1082 2062 μέντοι
1136 1999 1226 2044 τοῦ
1298 1990 1425 2044 εἶναι
1509 1992 1662 2045 αὐτόν
1735 1991 1877 2045 ἐλεύ-

282 2075 479 2147 θερονῆ
512 2075 561 2126 έν
589 2083 663 2146 τῷ
713 2078 922 2151 ῥηθέντι
981 2082 1143 2152 θρόνῳ
1193 2090 1287 2144 τῆς
1351 2082 1588 2145 Σωλείας,
1640 2083 1668 2141 ἦ
1737 2084 1884 2156 παρά

278 2170 340 2235 τῇ
391 2161 641 2236 ἐκκλησίᾳ
679 2174 777 2216 τῶν
834 2173 1064 2241 Γραικῶν
1127 2178 1218 2221 τον
1264 2169 1440 2242 Ἀγίου
1491 2169 1731 2243 Βαρνάϐα
1788 2177 1880 2232 τῆς

281 2258 594 2321 Λευκοσίας,
646 2255 709 2313 ἣν
767 2257 838 2318 εἰς
888 2262 976 2310 τόν
1025 2257 1304 2312 ἐπίσκοπον
1353 2269 1442 2313 τοῦ
1523 2261 1685 2312 αὑτοῦ
1763 2262 1882 2334 θρό-

279 2362 367 2395 νου
446 2353 500 2394 εκ
583 2352 675 2404 τῆς
755 2349 1005 2409 τοιαύτης
1087 2348 1380 2423 εὐεργεσίας
1461 2357 1556 2412 τῆς
1631 2352 1883 2424 ἡμετερας

283 2429 564 2495 διατάξεως
600 2435 848 2492 καθήκειν
911 2436 979 2497 εἰς
1032 2440 1089 2489 τό
1149 2435 1384 2501 διηνεκὲς
1445 2437 1738 2511 βουλόμεθα
1794 2444 1884 2490 καὶ

283 2528 418 2574 κατά
467 2528 562 2580 την
621 2525 779 2576 αὐτου
839 2527 1046 2584 θελησιν
1098 2537 1379 2585 κατοικεῖν.
1433 2529 1603 2582 Αύτου
1659 2526 1718 2581 ὃε
1791 2535 1883 2580 του

285 2610 708 2685 ἀρχιεπισκόπου
765 2616 1025 2681 θανόντος,
1082 2619 1130 2669 έν
1177 2626 1247 2688 τῷ
1305 2627 1394 2680 τῆς
1447 2617 1664 2680 Σωλείας
1723 2619 1886 2692 θρόνῳ

286 2701 466 2761 ὁσάκις
492 2702 621 2776 αὐτῇ
656 2706 924 2777 χηρεύση,
971 2705 1166 2769 ἀπλούς
1216 2711 1368 2779 μόνον
1425 2715 1518 2760 τού
1572 2715 1668 2768 τῶς
1731 2713 1888 2780 Γραι-

286 2797 390 2842 κῶν
446 2791 617 2852 ἔθνους
670 2791 952 2855 ἐπίσκοπος
1012 2799 1438 2867 χειροτονείσθω,
1515 2799 1571 2858 ὃς
1649 2804 1721 2867 τῷ
1799 2803 1888 2855 τῆς

1973 669 2086 710 suo
2123 657 2404 727 acceptus
2442 653 2680 719 throno,
2720 651 3038 724 praefatum
3072 652 3422 724 episcopum
3464 651 3623 706 sedis

1973 746 2312 800 Grmcorum
2346 743 2536 810 Solim,
2569 742 2842 798 dioecesis
2875 742 3190 807 Leucosiae,
3247 757 3283 797 a
3332 757 3442 796 suo
3501 757 3624 812 quo

1973 837 2202 890 tenetur
2235 831 2502 888 Ecclesiae
2542 831 2777 887 vinculo
2809 829 3094 886 solvimus
3119 836 3174 884 et
3199 829 3274 885 ad
3317 831 3626 902 episcopa-

1971 921 2090 979 lem
2129 923 2333 978 sedem
2360 923 2663 990 Arsinoes,
2693 921 2968 976 diaacesis
3021 921 3224 992 Paphi.
3282 925 3624 986 vacantem,

1973 1011 2312 1085 apostolica)
2352 1011 2659 1083 potestatis
2716 1010 3063 1066 auctoritate
3117 1025 3187 1066 ac
3240 1009 3628 1081 praefatorum

1975 1101 2225 1157 fratrum
2264 1106 2603 1156 ucstrorum
2661 1099 2927 1165 consilio,
2961 1098 3398 1165 transierimus,
3458 1098 3630 1169 eique

1975 1194 2330 1264 potestatem
2357 1189 2611 1246 facimus
2640 1188 2822 1244 libere
2853 1187 3275 1260 progrediendi
3328 1187 3406 1244 ad
3459 1202 3632 1241 suam

1976 1295 2113 1336 eam
2145 1278 2370 1334 sedem.
2407 1278 2654 1334 Praefato
2684 1292 2826 1334 vero
2857 1280 3154 1332 Germano
3183 1276 3633 1348 archiepiscopo

1977 1367 2329 1442 praedictam
2361 1367 2532 1423 Soliae
2575 1366 2778 1422 sedem
2824 1371 2880 1421 et
2918 1365 3240 1421 Ecclesiam
3273 1366 3331 1420 in
3364 1365 3635 1436 spiritua-

1978 1457 2136 1514 libus
2161 1463 2217 1512 et
2242 1456 2697 1530 temporalibus,
2726 1472 2798 1511 ex
2826 1457 3177 1512 eorumdem
3237 1455 3486 1511 consilio
3542 1470 3637 1509 ea-

1981 1547 2242 1619 demque
2271 1551 2560 1620 potestate
2585 1546 2928 1612 deferimus,
2957 1545 3035 1602 ab
3066 1546 3197 1617 ipso
3237 1560 3475 1616 semper
3498 1559 3637 1599 cum

1984 1651 2096 1692 suo
2107 1635 2482 1692 retinendam
2495 1636 2722 1691 honore
2734 1634 3321 1707 etarchiepiscopalis
3333 1633 3639 1703 dignitatis

1983 1726 2228 1784 nomine
2259 1730 2316 1782 et
2342 1724 2669 1798 episcopali
2694 1724 3041 1781 auctoritate
3071 1723 3398 1794 regendam
3427 1739 3438 1786 ;
3469 1723 3548 1779 ita
3579 1726 3644 1776 ut

1985 1815 2047 1873 in
2075 1831 2185 1871 sua
2205 1815 2277 1871 sit
2308 1819 2596 1887 potestate
2628 1819 2684 1871 et
2711 1815 3018 1870 voluntate
3048 1829 3158 1886 pro
3191 1829 3302 1868 suo
3334 1813 3499 1868 libitu
3550 1813 3642 1867 in-

1523 1901 1874 1964 ἐπισκοπικῶς
1907 1919 1949 1975 Β
1991 1904 2182 1961 colere
2209 1903 2299 1960 vel
2328 1903 2550 1960 dictam
2593 1903 2764 1960 Solize
2813 1903 3020 1958 sedem
3077 1902 3172 1958 vel
3213 1902 3274 1956 de

1907 1919 1949 1975 Β
1991 1904 2182 1961 colere
2209 1903 2299 1960 vel
2328 1903 2550 1960 dictam
2593 1903 2764 1960 Solize
2813 1903 3020 1958 sedem
3077 1902 3172 1958 vel
3213 1902 3429 1972 degere
3479 1901 3644 1972 apud

1991 1995 2330 2050 Grecorum
2361 1993 2673 2050 ecclesiam
2703 1993 2757 2048 S.
2784 1993 3074 2048 Barnabas.
3105 1994 3401 2058 Leucosae,
3457 2006 3644 2063 quam

1990 2083 2070 2141 ad
2095 2081 2451 2155 episcopum
2489 2082 2672 2152 hujus
2723 2080 2884 2136 sedis
2936 2097 3008 2136 ex
3066 2080 3382 2152 praesentis
3418 2084 3641 2135 nostra:

1989 2172 2170 2243 hujus
2197 2170 2642 2229 (.‘onstitutionis
2687 2170 2981 2226 beneﬁcio
3036 2175 3327 2242 perpetuo
3378 2175 3647 2241 spectare

1989 2259 2295 2316 volumus.
2334 2263 2410 2315 Eo
2440 2264 2641 2315 autem
2680 2258 3136 2330 archiepiscopo
3175 2257 3476 2319 defuncto.
3521 2258 3649 2312 sine

1993 2348 2117 2405 ulla
2147 2349 2552 2405 controversia
2581 2347 2751 2406 Soliae
2806 2347 3013 2403 sedem
3068 2348 3301 2420 quoties
3361 2363 3471 2399 suo
3527 2347 3652 2400 fue-

1993 2437 2068 2494 rit
2095 2437 2308 2494 orbata
2338 2441 2597 2511 pastore,
2631 2453 2704 2493 ex
2752 2439 3093 2493 Graecorum
3141 2437 3432 2492 duntaxat
3481 2439 3653 2505 gente

1995 2527 2317 2600 episcopus
2363 2527 2635 2596 eligatur,
2663 2528 2764 2600 qui
2795 2527 3088 2582 Leucosiae
3116 2527 3422 2598 episcopo,
3445 2525 3656 2579 eodem

1994 2616 2181 2674 modo
2211 2632 2332 2690 quo
2359 2622 2415 2674 et
2437 2617 2536 2673 alii
2561 2616 2827 2689 episcopi
2859 2615 3042 2671 Graeci
3099 2615 3317 2670 Latinis
3384 2618 3661 2669 tenentur

1997 2704 2244 2761 subesse
2257 2705 2576 2778 episcopis,
2592 2720 2664 2761 ex
2675 2704 2983 2778 praesentis
2999 2709 3199 2760 tenore
3215 2701 3662 2758 (lonstitutionis

1997 2795 2178 2852 etiam
2213 2795 2337 2870 ipse
2377 2795 2587 2852 subsit.

289 2884 580 2942 Λευκοσίας
627 2880 893 2956 ἐπισκόπῳ
933 2893 1005 2955 τῷ
1053 2885 1191 2957 αὐτῷ
1253 2891 1430 2959 τρόπω
1484 2885 1524 2959 ᾧ
1565 2891 1655 2938 καὶ
1714 2887 1762 2938 οἱ
1805 2884 1950 2936 ἄλλοι
1989 2890 2204 2960 Γραικοὶ
2281 2885 2556 2938 ἐπίσκοποι
2635 2884 2928 2956 ὀφείλουσιν
2995 2885 3305 2936 ὑποκεῖσθαι
3373 2891 3480 2945 τοῖς
3559 2890 3664 2934 Λα-

285 2976 448 3032 τίνοις
495 2969 817 3038 ἐπισκόποις,
860 2977 994 3026 κατά
1032 2979 1121 3032 την
1164 2981 1410 3048 πρόνοιαν
1458 2985 1549 3037 τῆς
1592 2978 1870 3048 παρούσης
1920 2970 2210 3038 διατάξεως
2259 2974 2652 3032 ύποταττέσθω.

357 3065 456 3112 Τόν
518 3061 672 3114 αὐτόν
760 3083 933 3135 μεντοι
1013 3069 1293 3139 Γερμανόν,
1363 3070 1451 3119 τὸν
1506 3075 1608 3118 τῶν
1661 3072 1894 3139 Γραικῶν

289 3151 591 3215 ἐπίσκοπον,
652 3150 727 3213 οἱς
798 3154 1462 3229 μοναστήρια,έκκλησίας,
1540 3155 1729 3228 κλῆρον
1807 3163 1895 3208 καὶ

287 3237 409 3290 λαόν
459 3247 560 3291 τῶν
620 3246 853 3315 Γραικῶν
920 3250 1012 3303 τῆς

289 3334 408 3401 ρίας
466 3327 764 3402 βουλὸμεθα
844 3332 984 3404 ἒχειν
1052 3332 1246 3392 έκείνην
1321 3341 1414 3394 τὴν
1484 3334 1724 3398 ἐξουσίαν
1805 3340 1896 3394 τὴν

291 3426 663 3490 προγεγονυῖαν
713 3429 787 3490 τῷ
845 3421 1299 3496 ἐμπεπιστευμένῳ
1358 3427 1520 3500 θρόνῳ
1602 3425 1779 3491 αὑτοῦ,
1837 3428 1898 3486 ην

294 3508 344 3558 οἱ
387 3507 533 3559 ἄλλοι
581 3516 679 3560 τῶν
740 3515 972 3582 Γραικῶν
1027 3507 1305 3566 ἐπίσκοποι
1348 3523 1440 3567 τού
1510 3523 1607 3577 τῆς
1684 3520 1897 3590 Κύπρου

295 3597 528 3670 ρηγάτον
562 3597 616 3650 ἐκ
645 3607 736 3659 τῆς
776 3603 1032 3663 τοιαύπῆς
1085 3605 1404 3676 προμηθείας
1448 3605 1518 3666 εἰς
1574 3610 1696 3667 τούς
1740 3611 1897 3678 Γραι-

297 3690 420 3746 κοὺς
458 3690 575 3748 τούς
603 3689 782 3751 αὐτοῖς
807 3691 1251 3764 ὑποτεταγμένους
1277 3693 1702 3767 ἑπιπράττουσιν.

367 3777 469 3830 Τοῦ
499 3776 681 3829 λοιποῦ
703 3778 845 3850 αύτῷ
896 3788 969 3850 τῷ
1021 3790 1122 3833 τῶν
1185 3788 1418 3854 Γραικῶν
1491 3783 1897 3858 ἀρχιεπισκὸπῳ

298 3865 475 3934 ζῶντι,
500 3866 529 3923 ἢ
562 3871 656 3924 την
697 3872 794 3928 τὴς
834 3866 1321 3942 ἀρχιεπισκοπικῆς
1375 3871 1527 3935 ἀξίας
1568 3873 1896 3947 λειτουργίαν

294 3962 739 4028 παρακατέχοντι,
773 3959 930 4011 αὐτον
958 3956 1025 4018 δὴ
1073 3971 1164 4014 του
1215 3961 1644 4036 ἀρχιεπισκὸπου
1675 3969 1764 4017 καὶ
1790 3973 1890 4016 τῶν

293 4048 587 4096 επισκόπων
617 4055 716 4098 τῶν
763 4053 998 4100 Λατίνων
1043 4049 1122 4102 έπῖ
1181 4058 1285 4110 τοῖς
1345 4057 1585 4124 Γραικόῑς
1628 4058 1746 4125 περὶ
1801 4057 1895 4111 την

290 4132 690 4195 έξακολούθησιν
817 4147 916 4189 τῶν
1039 4137 1527 4212 ἀρχιεπισκοπικῶν
1681 4142 1897 4205 ἐξουσία

285 4230 376 4274 τοῦ
434 4221 686 4278 ἀνακινεῖν
744 4231 831 4284 τὴν
887 4237 983 4290 τῆς
1045 4225 1306 4292 διενέξεως
1380 4229 1506 4288 ὕλην
1572 4230 1890 4302 ἀφελκέσθω.

362 4316 623 4386 Τάττομεν
693 4321 863 4368 τοίνυν
943 4323 1033 4370 καὶ
1100 4319 1414 4391 θεσπίζομεν
1486 4329 1668 4373 τοῦτον
1739 4321 1894 4374 αὐτόν

291 4403 708 4479 ἀρχιεπίσκοπον
756 4415 855 4458 τῶν
923 4413 1154 4481 Γραικῶν
1204 4413 1481 4484 Γερμανόν,
1541 4412 1630 4471 ἓως
1688 4410 1748 4462 ἀν
1801 4411 1892 4482 ζῇ,

293 4500 346 4546 εκ
405 4503 492 4554 τῆς
545 4500 910 4556 καταστάσεως
982 4506 1076 4558 τῆς
1140 4500 1383 4558 τοιαύτης

982 4506 1076 4558 τῆς
1140 4500 1383 4558 τοιαύτης
1459 4496 1722 4570 ὃιαταγῆς
1776 4502 1893 4553 ἇνεν

2080 3069 2279 3136 Ipsum
2312 3079 2492 3137 porro
2553 3065 2920 3120 Germanum
2941 3065 3283 3118 Graecorum
3313 3061 3667 3134 episcopum

2007 3154 2084 3211 ad
2118 3153 2500 3222 monasteria,
2532 3152 2837 3223 ecclesias,
2861 3152 3088 3209 clerum
3109 3156 3166 3206 et
3188 3150 3485 3223 populum
3514 3152 3667 3206 Grae-

1076 3244 1272 3306 πόλεως
1305 3249 1592 3306 Λευκοσίας
1639 3251 1731 3298 καὶ
1794 3245 1896 3298 ἐνο-
1927 3252 1966 3306 C
2008 3259 2218 3300 eorum
2261 3243 2560 3298 Leucosiae
2599 3240 2827 3298 civitati:

1927 3252 1966 3306 C
2008 3259 2218 3300 eorum
2261 3243 2560 3298 Leucosiae
2599 3240 2849 3298 civitatis
2905 3245 2962 3297 et
3003 3239 3281 3296 diceeesis
3329 3239 3662 3309 regendum

2008 3349 2458 3406 promovcmus,
2489 3347 2562 3388 ea
2585 3334 2876 3404 potestate
2898 3330 3216 3402 praeditum
3240 3330 3298 3384 in
3323 3328 3668 3385 concredita

2009 3423 2122 3479 sibi
2145 3423 2308 3490 sede,
2341 3437 2528 3492 quam
2544 3420 2993 3477 alliGraecorum
3006 3419 3275 3490 episcopi
3311 3419 3668 3490 regnitlypri

2009 3529 2081 3570 ex
2111 3512 2412 3584 ejusmodi
2486 3511 2829 3584 provisione
2875 3510 2935 3566 in
2987 3509 3224 3566 Graecos
3290 3508 3406 3565 sub
3459 3523 3668 3564 eorum

2007 3603 2230 3659 ditione
2261 3601 2616 3658 constitutos
2640 3599 2932 3656 obtinent.

2080 3784 2161 3838 Eo
2227 3780 2472 3838 tandem
2539 3782 2882 3835 Graecorum
2921 3777 3378 3850 archiepiscopo
3411 3776 3669 3843 vivente,

2007 3874 2130 3930 sive
2169 3869 2695 3944 archiepiscopalis
2733 3869 3040 3939 dignitatis
3079 3883 3329 3924 munere
3364 3869 3669 3937 fungente,

2007 3964 2120 4035 ipsi
2149 3963 2396 4036 quidem
2409 3960 2930 4033 archiepiscopoet
2960 3958 3263 4030 episcopis
3303 3957 3670 4025 Latinorum,

2006 4059 2071 4110 ut
2104 4048 3253 4118 exciendimateriadissidiitollatur,de
3271 4046 3664 4120 archiepisco-

2005 4139 2949 4216 palibusconsequendisjuribus
2982 4154 3169 4212 supra
3198 4140 3432 4194 Graecos
3465 4136 3669 4210 ablata

2007 4234 2079 4289 sit
2109 4237 2396 4306 potestas.

2076 4321 2659 4394 Praecipimusigitur
2696 4323 2752 4376 et
2782 4318 3150 4374 mandamus
3178 4325 3241 4373 ut
3280 4318 3408 4390 ipse
3439 4319 3670 4372 Graeco-

2004 4428 2140 4470 rum
2207 4410 2697 4483 archiepiscopus
2772 4411 3128 4474 Germanus,
3169 4406 3377 4480 quoad
3441 4406 3665 4475 vixerit,

2005 4517 2076 4556 ex
2103 4500 2282 4570 hujus
2313 4499 2708 4571 dispositione
2739 4495 3207 4566 Constitutionis,
3257 4495 3384 4550 sine
3439 4494 3669 4550 Latino-

294 4582 585 4655 ἀντιλογίας
629 4593 729 4636 τῶν
779 4593 1009 4638 Λατινων
1061 4585 1346 4662 ἀρχιερέων
1415 4588 1706 4663 ἐλευθέρως,
1774 4589 1895 4642 ὃταν
1929 4615 1970 4666 ι)
2005 4607 2045 4647 rI

1929 4615 1970 4666 ι)
2005 4607 2142 4647 rum
2209 4588 2616 4646 controversia
2679 4587 3125 4659 episcoporum,
3187 4583 3668 4656 quotiescunque

293 4678 464 4745 μέντοι
517 4683 795 4736 κανονικῶς
873 4679 993 4736 τους
1060 4682 1312 4750 Γραικοὺς
1385 4684 1505 4740 τούς
1563 4679 1896 4751 ἐκλεχθέντας

293 4770 354 4834 τῇ
411 4765 603 4836 Κύπρῳ
649 4763 868 4826 καθεξῆς
911 4771 1336 4838 χειροτονητέους
1414 4768 1484 4828 εἰς
1553 4768 1894 4838 ἐπισκόπους,

292 4857 383 4904 καὶ
429 4851 529 4904 ἀπὸ
577 4860 677 4904 τῶν
737 4860 971 4906 Λατίνων
1039 4853 1345 4931 ἀρχιερέων,
1393 4857 1459 4918 εἰς
1513 4855 1578 4909 ὧν
1617 4866 1896 4934 παροικίας

295 4941 454 5007 εἰσὶν,
553 4941 1119 5016 έπισφραγιζομένους,
1215 4941 1369 5017 ἀδείᾳ
1437 4947 1894 5022 μητροπολιτικῇ,

291 5035 417 5106 πρός
469 5034 558 5091 τὰς
623 5035 760 5105 ἱερὰς
831 5032 1000 5095 τάξεις
1075 5033 1575 5108 προϐιϐαζομένους,
1649 5058 1895 5112 χειροτο-

289 5125 448 5172 νείτω·
509 5125 630 5182 τοὺς
684 5117 742 5173 δὲ
792 5120 972 5182 ἄλλους
1037 5131 1128 5174 του
1189 5123 1349 5176 αὐτου
1423 5126 1658 5198 ρηγάτου
1745 5133 1896 5202 Γραι-

289 5214 414 5271 κούς
471 5209 786 5272 ἐπισκόπους
838 5212 1160 5283 συγκαλείτω
1204 5217 1330 5286 πρός
1398 5219 1456 5266 τὸ
1510 5223 1600 5276 τῆς
1653 5221 1896 5278 τοιαύτης

288 5305 614 5372 χειροτονίας
693 5306 979 5374 μυστήριον
1047 5301 1225 5354 τελεῖν·
1321 5309 1411 5356 καὶ
1484 5312 1602 5376 περὶ
1705 5310 1896 5369 πάντας

291 5393 406 5448 τοὺς
450 5394 700 5464 Γραικοὺς
743 5410 833 5442 τον
895 5391 1054 5444 αὐτον
1119 5394 1354 5466 ρηγάτου
1422 5395 1483 5465 τῇ
1564 5395 1690 5468 αὑτῇ
1743 5394 1898 5469 ἀδείᾳ

293 5476 588 5550 ἀπονεμὲτω
637 5485 731 5538 τὴν
811 5489 907 5541 τῆς
988 5481 1302 5552 ἐπισκέψεως
1379 5482 1708 5559 λειτουργίαν
1777 5488 1898 5539 ὅταν

295 5568 350 5620 ἐκ
379 5575 468 5619 τοῦ
520 5566 732 5622 δικαίου
784 5570 1135 5643 ἐπινεμηθείη·
1206 5578 1294 5624 καὶ
1356 5572 1404 5625 ἐν
1466 5581 1581 5635 ταῖς
1629 5579 1898 5638 τοιαύταις

296 5657 625 5726 ἐπίσκοπαῖς,
707 5660 736 5718 ἦ
835 5659 884 5712 ἐν
973 5661 1146 5722 αὐτοῖς
1236 5668 1492 5721 ἀνήκουσι
1569 5666 1705 5736 λόγῳ
1793 5665 1899 5718 ἐπι-

299 5755 518 5818 σκοπῆς,
565 5749 627 5807 ἣν
680 5749 1125 5823 μητροπολιτικην
1165 5755 1215 5805 οἱ
1285 5755 1412 5807 θεῖοι
1461 5757 1666 5816 κανόνες
1725 5775 1896 5832 παρα.

2007 4681 2192 4737 Grasci
2217 4681 2276 4736 in
2311 4682 2505 4752 Cypro
2538 4678 2826 4734 canonice
2853 4677 3069 4733 fuerint
3109 4674 3322 4742 effecti,
3350 4679 3416 4729 ut
3457 4678 3670 4745 postea

2006 4770 2359 4828 ordinentur
2378 4768 2666 4842 episcopi,
2712 4772 2770 4824 et
2821 4784 2856 4823 a
2914 4766 3133 4822 Latinis
3185 4763 3574 4838 pontificibus
3605 4763 3665 4818 in

2006 4875 2266 4934 quorum
2294 4863 2432 4914 sunt
2484 4858 2847 4914 dioecesibus
2896 4856 3258 4924 consignati,
3316 4861 3667 4910 auctoritate

2007 4948 2442 5023 metropolitica
2471 4949 2550 5004 ad
2572 4964 2776 5004 sacros
2802 4947 3045 5002 ordines
3100 4943 3519 5017 promovendi,
3562 4959 3666 4999 eos

2005 5039 2188 5096 libere
2216 5043 2522 5096 consecret
2553 5057 2566 5106 ;
2600 5037 2749 5094 alios
2777 5053 2922 5093 vero
2971 5035 3244 5106 ejusdem
3287 5033 3457 5104 regni
3502 5035 3666 5087 Liras--

2005 5145 2217 5185 corum
2247 5129 2564 5202 episcopos
2587 5127 2666 5184 ad
2695 5125 2995 5198 ejusmodi
3047 5123 3442 5181 ordinationis
3473 5138 3668 5178 sacra-

2007 5224 2279 5274 mentum
2305 5217 2738 5290 periiciendum
2753 5217 2826 5272 ad
2840 5220 3026 5281 vocet,
3050 5214 3177 5270 etin
3200 5213 3440 5268 Graecos
3455 5227 3670 5267 omnes

2007 5310 2056 5379 ej
2069 5309 2278 5363 usdem
2294 5308 2462 5372 regni
2475 5306 2687 5363 eadem
2705 5305 3054 5361 auctoritate
3072 5302 3428 5358 visitationis
3445 5316 3669 5355 munus

2007 5404 2279 5453 exerceat
2313 5399 2546 5469 quoties
2572 5398 2645 5452 de
2668 5396 2800 5466 jure
2831 5393 3232 5450 exercendum
3291 5391 3398 5446 crit
3427 5409 3439 5460 ;
3502 5397 3556 5445 et
3609 5390 3669 5445 in

2007 5488 2149 5544 istos
2175 5485 2558 5558 episcopatus
2585 5485 2677 5541 vel
2706 5485 2766 5540 in
2797 5499 2900 5539 eos
2924 5483 3027 5555 qui
3044 5481 3270 5537 ratione
3284 5479 3670 5552 episcopatus

2009 5578 2068 5634 in
2097 5577 2226 5647 ejus
2259 5583 2398 5632 sunt
2436 5575 2682 5646 ditione,
2722 5589 2910 5648 quam
2949 5569 3452 5643 metropoliticam
3485 5569 3672 5626 divini

2013 5667 2254 5724 tradunt
2267 5665 2896 5739 canones,plenariam
2907 5680 3043 5746 eam
3055 5661 3280 5719 habeat
3298 5663 3673 5733 potestatem,

2006 5774 2231 5831 eosque
2255 5759 2316 5815 iu
2347 5757 2464 5815 vita
2504 5756 2693 5830 ipsius
2715 5754 3115 5827 arhiepiscopi
3137 5753 3306 5823 regat
3333 5767 3346 5806 :
3374 5747 3675 5822 siquidem
