4434 6452
782 390 922 450 1555

2225 380 2630 436 ALEXAND!“
2668 381 2739 435 IV

4030 390 4171 447 £556

780 515 973 574 Latini
1001 528 1264 587 quorum
1300 510 1429 568 haec
1459 510 1695 583 aliaque
1724 513 1863 566 sunt
1895 509 2034 580 jura
2065 521 2139 562 ex
2166 504 2447 579 praesenti
2482 509 2528 561 Α

2418 504 2447 559 ﬁ
2482 509 2528 561 Α
2554 512 2847 579 χωροῦσιν,
2884 504 3052 577 ἐχέτω
3112 510 3441 581 περιουσίαν·
3482 510 3569 560 καὶ
3617 508 3667 560 ἓν
3703 517 3767 583 τῇ
3845 511 3951 584 ζωῇ
4003 514 4169 564 αὐτοῦ

785 603 1226 662 constitutionis
1254 602 1581 664 sanctione,
1614 605 1750 672 post
1782 596 2079 670 ejusmodi
2113 594 2443 665 archiepis-

786 695 921 766 copi
944 698 1197 748 mortem
1212 689 1644 745 eaobtinebunt
1654 708 1669 758 ;
1687 704 1758 743 eo
1773 691 1975 742 autem
1987 684 2224 741 nolente
2256 680 2447 738 nulla-

785 791 961 841 tenus
978 798 1039 836 se
1059 782 1223 853 ipsos
1244 780 1546 847 ingerant:
1563 777 1800 833 salvain
1814 773 2112 846 ejusmodi
2134 788 2196 827 re
2208 775 2265 826 et
2284 771 2343 826 in
2356 786 2447 825 re-

785 874 967 946 liquis
991 871 1118 927 aliis
1150 868 1390 924 casibus
1422 871 1702 922 manente
1728 869 2017 937 potestate
2044 861 2337 918 Leucosiae
2360 875 2449 914 ar-

788 961 1151 1035 chiepiscopi
1167 964 1223 1014 et
1236 958 1575 1013 Latinorum
1591 956 2031 1026 episcoporum.
2050 949 2451 1023 Archiepisco-

788 1069 904 1125 pus
929 1056 1126 1105 tamen
1143 1050 1379 1103 Graecus
1392 1060 1528 1101 eam
1542 1045 1761 1100 habeat
1773 1046 2129 1116 potestatem
2142 1054 2323 1111 quam
2344 1036 2451 1107 ipsi

790 1140 1091 1197 Leucosiae
1123 1135 1576 1206 archiepiscopo
1602 1134 1828 1189 ratione
1853 1128 2202 1201 metropolis
2236 1132 2290 1181 et
2320 1125 2451 1181 aliis

791 1228 1011 1284 Latinis
1032 1224 1334 1301 episcopis
1345 1223 1573 1278 ratione
1586 1221 1908 1276 ditecesum
1920 1218 1980 1275 in
1996 1218 2230 1272 Graecos
2242 1229 2455 1269 omnes

789 1313 1022 1389 praefati
1060 1300 1228 1387 regni
1276 1326 1348 1367 ex
1387 1317 1595 1367 nostra
1650 1306 2041 1383 dispositione
2088 1305 2217 1360 haec
2276 1300 2462 1365 tradit

796 1404 1146 1461 constitutio

2557 593 2981 667 ἁρχιεπισκόπου
3032 599 3228 649 τούτων
3273 596 3502 672 ἀρχέτω·
3558 604 3647 651 καὶ
3699 603 3799 673 γάρ
3845 604 3893 653 οἱ
3946 610 4171 655 Λατῖνοι

2558 686 2687 755 πρὸς
2727 684 2814 745 οὺς
2840 685 2945 736 εἰσι
2974 693 3141 737 ταῦτα
3180 692 3270 739 καὶ
3320 686 3450 738 ἄλλα
3495 683 3702 757 δίκαια,
3765 693 3898 741 κατὰ
3957 695 4014 741 τὸ
4070 700 4171 752 τῆς

2560 774 2830 844 παρούσης
2887 770 3172 837 διατάξεως
3237 777 3505 848 θέσπισμα
3570 779 3701 848 μετὰ
3781 782 3869 829 τὸν
3950 780 4171 830 θάνατον

2561 865 2653 910 τοῦ
2706 863 2941 915 τοιούτου
2993 861 3417 935 ἀρχιεπισκόπου
3475 865 3806 926 καθέξουσιν·
3862 866 4022 917 αὺτοῦ
4108 863 4169 917 δὲ

2562 952 2632 1017 μὴ
2691 948 2917 1010 θέλοντος
2983 944 3246 1023 μηδαμῶς
3300 951 3693 1024 ὲμϐαλλέτωσαν
3759 954 3986 1014 ἑαυτοὺς·
4064 974 4169 1006 σω-

2566 1036 2783 1107 ζομενης
2834 1037 2881 1088 ἐν
2932 1043 3163 1111 τοσοὺτω
3224 1049 3295 1110 τῷ
3340 1050 3434 1102 τῆς
3475 1048 3755 1105 Αευκοσίος
3824 1042 4172 1118 ἁρχιεπισκο-

2565 1143 2645 1194 πω
2715 1132 2802 1178 καὶ
2866 1136 2975 1189 τοῖς
3020 1134 3252 1190 Λατίνοις
3298 1130 3602 1191 ἐπισκόποις
3659 1137 3747 1183 καὶ
3803 1133 3854 1183 ἐν
3894 1139 4003 1193 τοῖς
4064 1133 4174 1183 λοι-

2567 1220 2685 1275 ποῖς
2709 1215 2975 1285 συμϐᾶσιν
3001 1219 3258 1280 ἐξουσίας·
3287 1219 3396 1270 αλλ’
3455 1221 3542 1271 οὖν
3608 1223 3634 1271 ὁ
3701 1226 3923 1295 Γραικὸς
3979 1221 4175 1295 ἀρχιε-

2570 1306 2823 1365 πὶσκοπος
2863 1304 3029 1377 ἐχὶτω
3091 1306 3351 1370 ἐξουσίαν,
3394 1309 3454 1367 ἦν
3506 1310 3647 1380 αὗτῴ
3704 1319 3775 1380 τῷ
3829 1320 3919 1371 τῆς
3961 1317 4179 1365 Λευκοὶ-

2574 1394 2687 1450 σίας
2763 1392 3165 1466 ἀρχιεπισκόπῳ
3234 1396 3373 1468 λογῳ
3448 1399 3827 1473 μητροπόλεως,
3889 1406 3979 1452 καὶ
4031 1401 4179 1469 αὐτῷ

791 1499 901 1554 τοῖς
953 1491 1121 1551 ἄλλοις
1176 1490 1483 1550 ἐπισκόποις
1538 1496 1649 1551 τοῖς
1703 1495 1944 1548 Λατινοις
2003 1486 2139 1558 λόγῳ
2213 1482 2417 1555 ἐνοριῶν
2488 1483 2607 1557 περὶ
2672 1482 2866 1542 πάντας
2934 1487 3057 1545 τοὺς
3138 1490 3390 1560 Γραικοὺς
3455 1493 3548 1539 τοῦ
3607 1489 3884 1561 πρηθὰοτος
3937 1491 4179 1563 ῥηγάτου

794 1591 893 1646 τῆς
923 1584 1173 1656 ἡμετέρας
1204 1577 1492 1643 διατάξεως
1522 1577 1720 1632 δίδωσι
1753 1581 1810 1631 τὸ
1840 1579 2174 1649 κατάστημα,

871 1689 1034 1745 Dicto
1092 1689 1233 1743 item
1301 1686 1645 1742 Graecorum
1714 1684 2166 1757 archiepiscopo
2196 1681 2453 1747 vivente,

792 1776 1319 1853 quemadmodum
1346 1780 1403 1831 et
1423 1775 1725 1847 deinceps,
1751 1773 1983 1846 quoties
2004 1771 2063 1827 in
2082 1774 2353 1826 Romaeos
2377 1768 2453 1823 ci-

2639 1680 2777 1739 Πλὴν
2832 1688 2926 1734 τοῦ
2972 1681 3215 1756 ῥηθέντος
3283 1679 3710 1754 ἁρχιεπισκὸπου
3764 1692 3865 1734 τῶν
3940 1690 4180 1756 Γραικῶν

2564 1769 2739 1834 ζῶνος,
2817 1771 2990 1843 ὥσπερ
3047 1776 3136 1823 καὶ
3184 1776 3479 1843 μετέπειτα,
3561 1769 3789 1828 ἑκάστην
3870 1766 4182 1824 δικαιοσίαν

792 1868 992 1925 vitatis
1015 1872 1071 1923 et
1099 1865 1371 1921 dimcesis
1414 1865 1713 1921 Leucosiae
1739 1864 1839 1934 jus
1876 1860 2201 1917 dicendum
2241 1858 2349 1914 erit
2378 1856 2453 1912 de
2483 1890 2524 1945 Β

2431 1873 2453 1912 Β
2483 1890 2524 1945 Β
2562 1862 2651 1909 καὶ
2714 1862 2833 1919 τοὺς
2919 1859 3204 1931 Ῥωμαίους
3282 1868 3374 1921 τῆς
3447 1862 3632 1922 πόλεως
3716 1867 4006 1923 Λευκοσίας
4087 1854 4182 1913 καἱ

795 1956 1146 2013 criminibus
1199 1959 1253 2011 et
1305 1955 1459 2022 aliis,
1517 1954 1642 2009 sine
1697 1953 1945 2027 praefato
2000 1950 2453 2022 archiepiscopo

798 2050 1093 2103 Germano
1119 2045 1357 2100 Latinus
1407 2043 1698 2099 assidebit
1750 2041 2253 2113 archiepiscopus.
2315 2038 2455 2102 Quae

787 2134 1126 2207 jurisdictio
1161 2134 1378 2189 Latinis
1404 2132 1536 2189 aliis
1568 2131 1865 2205 episcopis
1892 2128 2123 2203 prmfati
2160 2127 2328 2197 regni
2350 2141 2457 2198 per

795 2225 954 2280 hanc
971 2222 1532 2280 constitutionemin
1554 2221 1891 2293 episcopos,
1916 2218 2156 2274 clericos
2183 2216 2457 2286 aliosque

795 2314 1031 2369 Graecos
1062 2312 1413 2368 earumdem
1455 2310 1762 2366 civitatum
1791 2313 1848 2363 et
1881 2308 2208 2363 dimcesum
2240 2302 2459 2360 tradita

796 2408 904 2458 est.
934 2403 1224 2467 Quamvis
1255 2396 1789 2471 etarchiepiscopis
1811 2396 2085 2453 Germani
2110 2408 2457 2467 personam,

796 2506 1118 2564 quousque
1130 2490 1359 2558 vixerit,
1381 2490 1443 2543 in
1464 2486 1742 2544 omnibus
1754 2491 1812 2542 et
1836 2502 1943 2559 per
1960 2485 2166 2541 omnia
2177 2483 2458 2537 volumus

796 2581 1134 2637 immunem
1161 2595 1290 2634 esse
1331 2578 1409 2633 ab
1453 2576 1887 2649 archiepiscopi
1920 2574 2104 2631 Latini
2144 2577 2456 2645 potestate,

798 2676 1000 2727 tamen
1030 2674 1109 2729 ab
1134 2670 1267 2741 ipso
1305 2668 1554 2741 quidem
1584 2667 1863 2741 praesenti
1902 2662 2344 2722 constitutionis
2375 2663 2461 2716 in-

796 2760 982 2838 cipiat
1018 2758 1379 2817 observatio.

869 2978 1033 3034 ldem
1070 2977 1202 3049 ipse
1259 2977 1591 3031 Germanus
1644 2971 2131 3043 archiepiscopus
2160 2984 2461 3025 concessas

800 3069 914 3125 sibi
942 3066 1113 3124 Solim
1147 3064 1305 3119 sedis
1349 3063 1595 3119 nomine
1637 3063 1846 3118 Latino
1885 3059 2344 3131 archiepiscopo
2383 3058 2463 3113 le-

798 3159 1070 3230 gitimam
1091 3154 1446 3211 obedientite
1468 3152 1907 3224 professionem
1928 3165 2001 3205 ex
2033 3149 2312 3220 superius
2346 3153 2460 3203 tra-

797 3247 927 3302 dita
952 3245 1145 3300 forma
1166 3243 1363 3298 faciat.
1397 3244 1476 3296 Ex
1516 3238 1817 3311 ejusmodi
1844 3244 2046 3293 autem
2087 3236 2459 3309 professione
2492 3248 2531 3299 (ζ

798 3343 857 3394 et
891 3333 1234 3390 obedientia
1272 3331 1501 3387 nullam
1551 3346 1769 3403 prosus
1836 3328 2120 3383 volumus
2187 3326 2458 3381 Latinum

799 3424 1321 3495 archiepiscopum
1343 3420 1565 3476 habere
1587 3423 1940 3492 potestatem
1971 3415 2460 3488 puniendiipsius

800 3513 1239 3585 archiepiscopi
1272 3511 1909 3582 Germanipersonam,
1932 3506 2385 3578 autquidquam
2407 3505 2462 3560 ci

797 3602 1185 3677 praecipiendi
1213 3601 1273 3656 in
1295 3601 1513 3672 quovis
1544 3613 1817 3670 unquam
1857 3612 2003 3652 casu
2054 3599 2113 3649 ut
2173 3610 2281 3666 per
2337 3594 2462 3649 sin-

800 3693 1008 3763 gulare
1030 3690 1430 3746 immunitatis
1460 3687 1839 3760 privilegium
1869 3685 1998 3755 ejus
2020 3684 2317 3739 duntaxat
2333 3698 2462 3754 per-

800 3798 967 3839 sonas
996 3796 1070 3836 ex
1095 3781 1209 3836 hac
1240 3778 1653 3835 constitutione
1676 3776 1906 3842 datum,
1925 3774 2050 3830 sine
2071 3774 2193 3829 ulla
2213 3788 2462 3845 prorsus

796 3869 1244 3944 perturbatione
1265 3884 1454 3939 usque
1470 3867 1531 3922 in
1548 3865 1733 3921 ﬁnem
1746 3865 2014 3937 quietam
2029 3864 2156 3936 ipse
2176 3860 2462 3934 tranquil-

796 3960 1042 4034 lamque
1072 3958 1259 4014 vitam
1288 3957 1491 4014 ducat.

870 4065 1111 4133 Quoties
1149 4068 1351 4120 autem
1391 4079 1428 4119 a
1465 4060 1717 4135 praefato
1759 4063 2077 4126 Germano,
2119 4061 2460 4116 Graecorum

799 4156 1274 4227 archiepiscopo,
1301 4153 1378 4209 ad
1422 4154 1698 4209 Latinum
1761 4151 2089 4223 apellatum
2156 4150 2333 4205 fuerit
2372 4165 2462 4204 ar-

800 4245 1276 4319 chiepiscopum,
1306 4247 1507 4298 teneat
1534 4240 1876 4315 appellatio,
1904 4239 2070 4296 salvo
2094 4238 2460 4313 prwlationis

795 4338 928 4409 jure
943 4333 1290 4406 apostolicae
1310 4332 1488 4387 sedis.
1510 4333 1582 4387 Le
1591 4331 1806 4386 ucosiae
1819 4330 2309 4401 archiepiscopus
2326 4330 2465 4399 post

798 4425 939 4482 dicti
967 4424 1267 4489 Germani,
1301 4422 1645 4477 Graecorum
1703 4418 2122 4492 archipiscopi,
2182 4423 2458 4483 mortem,

799 4516 1033 4572 Graecos
1055 4528 1179 4567 sua:
1197 4511 1520 4584 provinciae
1544 4510 1604 4565 in
1627 4508 1968 4566 civitatibus
1988 4508 2082 4563 vel
2098 4506 2460 4563 dioecesibus

2565 1945 2783 2022 ἕνορίας,
2858 1953 3025 2023 χωρὶς
3103 1958 3196 2001 τοῦ
3296 1951 3669 2025 προλεχθίντος
3746 1950 4178 2027 ἁρχιεπισκόπου

2566 2041 2845 2109 Γερμανοῡ,
2898 2037 2946 2089 ἐν
3004 2038 3294 2111 ἐγκλήμασι
3346 2046 3435 2093 καὶ
3490 2040 3665 2102 ἄλλοις
3720 2043 3747 2093 ὁ
3802 2048 4026 2101 Λατῖνος
4088 2041 4180 2116 ip-

2564 2130 2918 2198 χιεπίσκοπος
2982 2131 3355 2202 παρακαθίσει·
3425 2131 3454 2190 ἢ
3511 2138 3621 2191 τοῖς
3704 2128 3878 2192 ἄλλοις
3930 2136 4181 2192 Λατίνοις

2566 2212 2873 2276 ἔπισκόποις
2931 2224 3026 2268 τοῦ
3083 2217 3457 2293 προρῥηθίντος
3514 2220 3749 2294 ῥηγάτοῦ
3804 2217 3900 2271 διὰ
3980 2223 4181 2279 ταύτης

2565 2311 2658 2365 τῆς
2723 2301 3011 2368 διατάξεως
3066 2306 3132 2366 εἰς
3199 2305 3540 2377 ἐπισκόπους,
3568 2309 3849 2383 κληρικοὺς
3894 2314 3987 2361 καὶ
4050 2316 4179 2369 τοὺς

2567 2393 2753 2456 ἄλλους
2814 2400 3073 2467 Γραικοὺς·
3118 2404 3219 2448 τῶν
3304 2398 3473 2449 αὐτῶν
3539 2400 3733 2451 πολεων
3809 2405 3897 2451 καὶ
3972 2397 4182 2471 ἐνοριῶν

2568 2489 3036 2557 παρακεχώρηται.
3090 2486 3195 2539 Κοῖν
3266 2494 3353 2538 και
3433 2492 3492 2539 τὸ
3567 2496 3660 2540 τοῦ

2570 2578 2830 2645 Γερμανοῡ
2897 2579 3176 2646 πρόσωπον

3754 2488 4186 2561 ἁρχιεπισκοπου

3251 2583 3446 2651 μέχρις
3512 2577 3573 2628 οἷν
3644 2578 3926 2650 τελευτήσῃ
4007 2580 4187 2630 πάντα

2568 2667 2730 2714 πᾶσιν
2769 2662 3080 2737 ἐξῃρημένον
3131 2665 3255 2717 εἶναι
3313 2665 3519 2737 θέλομεν
3573 2664 3675 2718 ἀπὸ
3755 2676 3845 2727 τῆς
3924 2676 4014 2719 του
4089 2666 4187 2741 αρ-

2569 2757 2928 2823 χιεπισκοπου
2962 2760 3054 2806 τοῦ
3103 2758 3330 2807 Λατίνου
3381 2754 3643 2822 ἐξουσίας,
3712 2755 3851 2829 ὅμως
3888 2760 4063 2829 μέντοι
4137 2756 4187 2809 ἐν

2571 2840 2713 2912 αὐτῷ
2753 2843 2783 2899 ἠ
2840 2840 3051 2915 φύλάξις
3097 2851 3189 2903 τῆς
3240 2844 3514 2919 παροὺσης
3567 2842 3856 2908 διατάξεως
3907 2844 4187 2920 ἀρχέσθω.

2643 2973 2687 3019 Ο
2756 2967 2913 3028 αὐτὸς
2979 2971 3233 3041 Γερμανὸς
3299 2968 3715 3044 ἁρχιεπίσκοπος
3800 2970 4016 3043 ὀνόματι
4088 2979 4191 3031 τῆς

2571 3056 2787 3117 Σωλείας
2844 3058 3026 3129 θρόνου
3122 3066 3217 3120 τῆς
3286 3064 3804 3134 παρακεχωρημένης
3884 3058 4025 3129 αὐτῷ
4108 3069 4185 3128 τῷ

2574 3150 2779 3217 Λατίνῳ
2822 3144 3226 3219 ἀρχιεπισκόπῳ
3277 3148 3530 3220 ἐνώμοτον
3588 3150 3867 3221 ὁμολογίαν
3946 3152 4191 3206 ποιησά-

2575 3254 2644 3286 τω
2700 3236 2938 3298 ὺπακοης
2992 3238 3127 3289 κατὰ
3184 3240 3270 3289 τὸν
3334 3237 3652 3310 ἐγνωσμένον
3722 3244 3883 3291 τὺπον
3965 3237 4187 3290 ἄνωθεν.

2576 3323 2661 3376 Ἐκ
2704 3332 2795 3384 τῆς
2850 3324 3130 3397 ὁμολογίας
3182 3322 3241 3377 δε
3312 3331 3402 3378 καὶ
3466 3328 3702 3388 ὑπακοῆς
3773 3330 4020 3387 τοιαύτης
4094 3332 4190 3380 τὸν

2576 3419 2795 3465 Λατῖνον
2822 3412 3243 3486 ἁρχιεπίσκοπον
3284 3411 3612 3468 διανοεῖσθαι
3641 3416 3711 3478 εἰς
3768 3420 3827 3467 τὸ
3885 3423 3978 3467 τοῦ
4012 3422 4193 3469 τοιοὺ-

2573 3521 2662 3554 του
2708 3509 2969 3575 Γερμανοῦ
3021 3511 3113 3555 τοῦ
3167 3502 3592 3575 ἀρχιεπισκοπου
3640 3508 3920 3579 πρόσωπον
3976 3507 4006 3563 ἦ
4074 3505 4193 3557 ἐπι-

2574 3594 2776 3644 τάττειν
2819 3612 2871 3643 τι
2914 3592 3057 3662 αὐτῷ
3119 3592 3169 3647 ἐν
3221 3590 3581 3666 ὀπιοᾳδήποτε
3649 3598 3846 3666 χρήσει
3929 3591 4195 3666 οὐδεμίαν

2578 3680 2876 3753 βουλόμεθα
2913 3684 3055 3753 ἔχειν
3102 3687 3427 3755 περιουσίαν,
3494 3691 3596 3749 ἶνα,
3656 3689 4193 3758 παρακεχωρημένης

2576 3774 2729 3841 μόνον
2778 3769 3131 3843 ὺπεξαίρίσως
3183 3780 3255 3840 τῷ
3316 3778 3580 3845 προσώπῳ
3635 3770 3818 3843 αὐτοῦ,
3862 3774 4030 3845 ταύτῃ
4123 3782 4189 3846 τῇ

2577 3855 2817 3923 διατάξει
2846 3860 3055 3924 ἐντελῶς
3079 3865 3169 3914 καὶ
3198 3857 3550 3924 άδιασείστως
3581 3857 3617 3916 δ
3622 3863 3766 3934 «iv/1;.

2648 4061 2708 4112 Εἰ
2762 4080 2886 4112 ποτε
2922 4056 2982 4113 δὲ
3036 4057 3138 4113 ἀπὸ
3185 4067 3278 4112 τοῦ
3330 4059 3701 4133 προλεχθέντος
3744 4066 4033 4135 Γερμανοῦ,
4092 4072 4197 4114 τοῦ

2575 4158 2676 4201 τῶν
2742 4155 2975 4224 Γραικῶν
3048 4148 3495 4225 ἁρχιεπισκὸπου,
3574 4151 3842 4210 ἐκκληθείη
3918 4156 4049 4227 πρὸς
4101 4158 4198 4205 τὸν

2579 4245 2799 4293 Λατῖνον
2864 4238 3304 4314 ἀρχιεπίσκοπον,
3389 4244 3690 4312 σωζομένης
3759 4250 3849 4301 τῆς
3928 4248 4199 4314 προτιμη-

2580 4348 2703 4389 σεως
2754 4335 2846 4380 τοῦ
2898 4327 3249 4381 ἁποστολικοῡ
3322 4330 3504 4401 θρόνου
3587 4330 3926 4401 ἐγκαλείσθω.
4006 4331 4065 4383 Ὀ
4134 4329 4197 4383 δὲ

2574 4426 2667 4479 τῆς
2720 4423 3011 4480 Λευκοσίας
3079 4418 3495 4492 ὰρχιεπίσκοπος
3565 4422 3693 4492 μέτὰ
3773 4425 3868 4479 τὴν
3946 4419 4197 4479 τελευτήν

2575 4514 2668 4558 τοῦ
2708 4506 2952 4582 ῥηθέντος
3004 4513 3288 4579 Γερμανοῡ,
3348 4515 3438 4559 τοῦ
3487 4517 3587 4560 τῶν
3632 4514 3865 4581 Γραικῶν
3937 4507 4197 4583 ἀρχιεπι-

799 4603 1325 4673 suﬂ‘raganeorum
1358 4616 1608 4657 suorum
1639 4599 1924 4669 degentes
1944 4599 2079 4670 jure
2101 4613 2226 4652 suae
2249 4600 2463 4652 metro—
2497 4611 2541 4665 ι)

2444 4627 2463 4636 -
2497 4611 2541 4665 D
2578 4600 2798 4664 σκόπου,
2827 4598 2949 4657 τοὺς
2977 4601 3235 4670 Γραικοὺς
3286 4604 3379 4659 τῆς
3433 4596 3594 4657 αὐτῆς
3652 4596 3915 4671 ἐπαρχίας
3964 4598 4015 4650 ἓν
4068 4608 4195 4661 ταῖς

796 4692 974 4767 polis,
996 4691 1162 4764 quod
1182 4690 1235 4745 ei
1258 4689 1576 4745 convenire
1598 4687 1894 4756 volumus,
1918 4686 2196 4742 visitabit.
2228 4685 2318 4741 Ab
2335 4701 2463 4741 om-

797 4781 979 4838 nibus
1003 4785 1204 4836 autem
1230 4779 1450 4835 harum
1475 4778 1785 4835 civitatum
1809 4775 2025 4833 Graecis
2052 4776 2383 4846 generatim
2402 4775 2463 4830 in

798 4871 1013 4945 quavis
1044 4870 1281 4926 civitate
1308 4884 1421 4941 pro
1470 4867 1721 4938 singulis
1767 4866 2071 4941 parochiis
2122 4870 2321 4921 sumet
2340 4864 2461 4920 sin-

800 4961 955 5033 gulis
980 4960 1156 5017 annis
1181 4959 1275 5014 vel
1307 4974 1614 5013 summam
1640 4958 1957 5028 sexaginta
1986 4955 2319 5011 solidorum
2352 4960 2467 5011 tor-

797 5053 1107 5109 nesiorum
1145 5049 1240 5105 vel
1280 5049 1529 5105 totidem
1566 5048 1879 5121 byzantios
1921 5062 2045 5103 non
2094 5046 2344 5103 minoris
2373 5044 2464 5101 vel

797 5142 1049 5215 majoris
1078 5140 1324 5207 valoris,
1356 5155 1469 5195 nec
1495 5138 1757 5213 amplius
1777 5138 2138 5211 quidquam.

871 5357 1163 5416 Eamdem
1192 5359 1554 5430 potestatem
1591 5371 1780 5428 quam
1800 5354 1963 5411 hisce
1993 5355 2302 5427 praesentis
2325 5369 2464 5410 con-

798 5448 1118 5507 stitutionis
1143 5446 1397 5503 decretis
1416 5447 1479 5502 in
1498 5445 1727 5517 judicio
1749 5444 1885 5501 latis
1904 5450 2034 5500 tum
2066 5442 2307 5512 Graecis,
2333 5448 2461 5499 tum

800 5535 1429 5610 Latinispontiﬁcibus
1454 5534 1623 5606 regni
1650 5534 1827 5609 Cypri
1849 5533 2231 5602 tradidimus,
2277 5534 2460 5589 etiam

796 5629 1102 5687 decretam
1124 5644 1257 5683 esse
1286 5626 1450 5699 Syris
1483 5624 1756 5699 ejusdem
1785 5624 1974 5695 regni,
2003 5624 2108 5698 qui
2134 5623 2363 5680 eisdem
2390 5640 2461 5680 ac

796 5720 983 5778 Graeci
1010 5718 1247 5794 praediti
1280 5723 1422 5776 sunt
1447 5716 1721 5793 moribus
1750 5721 1808 5789 et
1856 5716 2161 5787 institutis,
2196 5730 2271 5771 ex
2295 5732 2460 5772 com-

2573 4685 2784 4737 πόλεσιν
2841 4686 2873 4744 ἦ
2933 4685 3160 4757 ἑνορίαις
3212 4695 3314 4738 τῶν
3376 4685 3538 4738 αὐτοῦ
3625 4689 3906 4761 συνερίθων
3990 4684 4195 4761 δικαίῳ

2574 4783 2669 4833 τῆν
2726 4774 2890 4827 αὐτοῦ
2935 4775 3323 4851 μητροπόλεως,
3380 4776 3407 4828 ὃ
3464 4776 3603 4847 αὐτῷ
3662 4776 3872 4850 θέλομεν
3952 4775 4194 4843 ἀνήκειν,

2576 4864 2936 4937 ἐπισκέψεται.
2982 4870 3121 4919 Μίαν
3165 4870 3335 4938 μέντοι
3395 4864 3444 4917 ἐν
3501 4866 3697 4939 ἑκάστῃ
3772 4866 3917 4920 πόλει
3985 4866 4197 4943 ἐνορίαν

2575 4958 2721 5028 παρὰ
2774 4957 2978 5007 πάντων
3062 4962 3163 5007 τῶν
3218 4961 3453 5029 Γραικῶν
3527 4963 3723 5007 τοῡτων
3807 4965 3910 5009 τῶν
3993 4957 4197 5011 πόλεων

2575 5054 2755 5105 κοινῶς
2780 5046 2895 5097 κατ’
2937 5047 3220 5118 ἐπιτροπὴν
3277 5044 3579 5119 λαμϐανέτω
3630 5044 3747 5098 κατ’
3802 5045 3913 5109 ἒτος
3974 5048 4007 5107 ἢ
4065 5048 4196 5111 ἑξή-

2575 5153 2733 5187 κοντα
2767 5131 2973 5195 σὸλιδος
3020 5141 3331 5211 τουρνεσίων
3374 5135 3672 5208 κεφάλαιον,
3731 5138 4040 5196 ἦττοσαῦτα
4087 5136 4197 5210 βυ-

2577 5227 2761 5287 ζάντια
2790 5227 2857 5277 τὰ
2887 5225 3117 5278 ἰσόποσα
3140 5227 3366 5287 τούτοις,
3390 5231 3463 5299 μὴ
3507 5224 3680 5280 πλέον.

2642 5351 2923 5425 Ἐκατέρων
2984 5356 3156 5404 τοίνυν
3238 5348 3504 5418 ἐξουσίαν,
3579 5352 3700 5411 ἦτοι
3737 5356 3975 5405 Λατίνων
4099 5360 4196 5407 καὶ

2575 5449 2810 5516 Γραικῶν
2863 5440 3150 5515 ἀρχιερέων
3203 5447 3297 5493 τοῦ
3348 5450 3443 5503 τῆς
3491 5442 3706 5516 Κύπρου
3757 5442 3997 5516 ῥηγάτου
4060 5440 4193 5497 δια-

2573 5538 2825 5608 κριτικοῖς
2882 5534 3132 5592 τοιούτοις
3185 5535 3322 5607 ὅροις
3378 5538 3475 5592 τῆς
3550 5532 3796 5606 ἡμετέρος
3872 5528 4187 5606 διατάξεως,

2573 5623 2767 5695 ὁμοίως
2820 5626 2910 5674 καὶ
2964 5628 3075 5683 τοῖς
3128 5622 3310 5697 Σύροις
3361 5616 3451 5674 τοῦ
3502 5620 3665 5673 αὺτοῦ
3716 5624 3785 5675 τὰ
3838 5621 3975 5675 αὐτὰ
4054 5628 4196 5697 μετὰ

2570 5719 2671 5765 τῶν
2700 5717 2936 5789 Γραικῶν
2972 5712 3065 5771 ἔθη
3123 5715 3215 5765 καὶ
3266 5712 3392 5783 ἢθη,
3439 5700 3615 5764 κοινοῦ
3659 5729 3716 5765 τε
3778 5707 3998 5767 δικαίου
4050 5710 4194 5770 ὀπὸ-
