4434 6452
282 423 417 476 1565

1302 410 1476 467 SlXTI
1524 410 1860 465 IV'BULLA
1897 406 1991 460 AD
2034 402 2227 461 CYPRl
2272 411 2667 468 EPISCOPOS.

3557 418 3685 472 l'o66

270 542 365 598 vel
383 543 440 596 in
479 541 744 595 futurum
765 537 875 593 erit
899 536 959 591 in
980 535 1213 591 civitate
1245 539 1301 591 et
1355 536 1577 591 diocesi
1638 535 1930 590 Nicosien-
1963 534 2009 585 Α
2041 530 2100 585 in
2130 535 2305 603 cujus
2330 537 2549 593 diosesi
2576 538 2766 607 fuerit,
2800 537 2892 591 vel
2930 552 3037 608 per
3077 536 3347 606 ejusdem
3397 538 3684 595 vicarium

280 631 473 698 sibus,
505 628 693 683 autin
721 627 836 683 alia
861 626 1064 697 aliqua
1094 626 1329 681 civitate
1353 642 1459 679 seu
1499 625 1722 681 diocesi
1761 622 1929 691 regni

274 721 451 791 Cipri,
480 719 592 772 sub
623 732 768 772 cura
798 716 1050 771 aliorum
1080 718 1600 783 sutl’raganeorum
1629 717 1929 783 metropo-

274 808 440 863 litani
488 806 922 876 archiepiscopi
986 804 1340 859 Nicosiensis
1392 809 1448 859 et
1505 803 1932 875 episcoporum

276 897 619 951 Latinorum
665 894 1007 949 immediate
1046 909 1151 947 seu
1216 892 1474 947 mediate
1519 888 1936 962 existentibus,

274 983 537 1039 tribunal
550 983 777 1055 aliquid
792 988 893 1038 aut
914 982 1179 1053 aliquam
1189 982 1206 1051 j
1218 980 1665 1036 urisdictionem
1695 982 1937 1033 conten-

272 1074 493 1127 tiosam
524 1072 744 1127 habere
776 1071 867 1126 vel
894 1086 1183 1137 exercere,
1210 1070 1323 1124 nisi
1343 1071 1494 1124 inter
1521 1085 1685 1133 suos,
1712 1068 1773 1121 in
1805 1066 1936 1120 loco

274 1175 385 1214 suo
413 1160 514 1231 qui
546 1165 797 1213 vocatur
819 1158 995 1223 Solia,
1031 1174 1067 1213 a
1088 1173 1209 1229 quo
1236 1159 1413 1211 etiam
1442 1157 1762 1227 episcopus
1804 1155 1940 1208 Gre-

275 1249 521 1319 cusipse
536 1263 757 1302 nomen
770 1248 1019 1301 sumitet
1042 1246 1297 1301 tribunal
1326 1262 1430 1299 seu
1456 1244 1935 1315 jurisdictionem

272 1336 702 1409 episcopalem,
732 1341 1041 1406 tamquam
1088 1334 1505 1401 suffraganeus
1554 1349 1622 1387 ac
1676 1332 1934 1385 vicarius

278 1426 463 1481 Latini
484 1425 760 1498 presulis,
792 1426 942 1480 inter
974 1441 1117 1479 suos
1150 1426 1365 1479 Grecos
1405 1439 1699 1484 exercere,
1729 1436 1931 1475 secun-

273 1514 421 1569 dum
454 1513 818 1585 apostolicas
857 1512 1290 1580 ordinationes,
1337 1510 1830 1567 consuetudinem
1878 1515 1935 1563 et

276 1608 521 1666 statuta,
554 1607 618 1657 ut
648 1601 882 1667 dicitur,
924 1605 1016 1657 est
1035 1602 1331 1673 provisus.

354 1694 417 1747 Et
436 1691 722 1756 similiter,
751 1691 812 1745 in
840 1690 973 1745 loco
1000 1692 1256 1761 Arsinoy
1284 1698 1339 1745 et
1392 1690 1712 1755 similibus,
1770 1696 1935 1745 extra

275 1782 567 1845 civitates,
590 1780 651 1834 in
674 1779 844 1834 dictis
883 1778 1031 1834 locis
1068 1795 1175 1850 per
1203 1778 1472 1847 singulas
1517 1780 1784 1833 dioceses
1830 1778 1932 1833 ha-

279 1869 420 1924 bere
455 1885 561 1922 seu
593 1872 813 1936 tenere,
837 1873 894 1923 et
913 1868 1093 1921 etiam
1121 1867 1347 1922 eisdem
1374 1872 1429 1921 et
1450 1872 1933 1939 quibuscumque

280 1958 410 2014 aliis
440 1957 821 2029 presentibus
848 1962 905 2012 et
928 1954 1141 2011 futuris
1163 1958 1482 2012 Grecorum
1506 1972 1611 2011 seu
1652 1964 1930 2011 Armeno-

278 2064 418 2103 rum
429 2046 750 2102 etaliorum
764 2047 1197 2117 cujuscumque
1211 2046 1454 2101 ecclesie
1468 2046 1936 2103 Christianorum

280 2136 580 2208 episcopis
602 2137 716 2190 sub
737 2136 909 2207 penis
934 2135 1159 2190 eisdem
1190 2152 1307 2208 que
1350 2138 1426 2191 de
1477 2142 1670 2191 cetero
1719 2152 1937 2192 causas

280 2224 755 2281 matrimoniales
778 2231 834 2280 et
854 2224 1004 2281 alias
1034 2241 1452 2296 quascumque
1475 2224 1810 2297 spirituales
1832 2242 1936 2281 au-

280 2315 406 2370 dire
433 2322 487 2370 et
508 2314 1019 2386 qualitercumque
1040 2314 1319 2381 diffinire,
1352 2330 1455 2369 seu
1478 2330 1549 2367 ne
1591 2314 1704 2368 illis
1730 2314 1933 2387 aliquo

281 2407 467 2462 modo
500 2422 562 2459 se
592 2405 1000 2470 intromittere,
1034 2402 1125 2457 vel
1162 2404 1605 2473 juridictionem
1665 2421 1938 2460 exercere

276 2492 368 2548 vel
398 2492 917 2564 qualitercumque
947 2492 1005 2546 in
1036 2497 1093 2545 et
1122 2507 1302 2562 super
1340 2492 1738 2547 matrimoniis
1796 2509 1937 2548 con-

278 2582 481 2636 tractis
509 2580 599 2635 vel
624 2580 1049 2635 contrahendis
1074 2578 1609 2651 dispensationem,
1644 2598 1747 2635 seu
1791 2597 1935 2653 qua-

276 2671 673 2742 litercumque
688 2670 784 2724 div
794 2670 955 2724 orcia
968 2672 1180 2733 facere,
1198 2685 1303 2724 seu
1316 2669 1468 2724 thori
1493 2671 1935 2740 separationem

280 2765 571 2832 prestare,
601 2775 705 2813 seu
738 2758 972 2830 aliquos
1003 2758 1080 2813 ad
1112 2758 1515 2813 sacerdotium
1548 2760 1639 2813 vel
1677 2760 1755 2815 ad
1787 2760 1936 2815 alios

280 2865 679 2921 quoscunque
736 2864 939 2904 sacros
990 2848 1253 2916 ordines,
1311 2849 1422 2903 nisi
1484 2851 1768 2920 penitus'
1835 2866 1940 2921 per

278 2939 581 3011 prefatum
605 2939 1002 2993 diocesanum
1028 2938 1299 2993 Latinum
1343 2939 1467 2993 sive
1498 2940 1627 3009 ejus
1651 2941 1936 2995 vicarium

282 3028 598 3097 diligenter
610 3028 982 3082 examinatOS
994 3032 1051 3083 et
1062 3027 1430 3099 approbatos
1445 3044 1554 3101 pro
1586 3028 1938 3101 idoneisque

280 3134 387 3191 per
413 3117 658 3173 eosdem
682 3117 1024 3173 solemniter
1048 3122 1105 3172 et
1131 3117 1190 3173 in
1215 3118 1450 3188 scriptis
1511 3124 1886 3189 presentatos
1924 3138 1935 3174 :

2038 620 2441 694 episcopalem
2492 628 2568 682 ad
2596 627 2704 681 hoc
2750 626 3115 693 ordinatum,
3141 626 3495 698 precedente
3525 628 3689 685 bona

2039 710 2113 764 de
2140 712 2258 766 vita
2278 714 2406 783 ejus
2427 718 2483 771 et
2511 714 2924 769 confessorum
2955 729 3059 768 seu
3126 713 3570 785 predicatorum
3604 717 3687 772 fa-

2040 814 2161 863 ma,
2193 799 2506 870 diligenter
2535 803 2897 869 examinata,
2919 807 2976 857 et
3001 801 3174 856 claris
3196 801 3573 859 documentis
3596 820 3691 859 ca-

2042 885 2295 943 tholicus
2324 896 2379 944 et
2406 890 2682 959 ydoneus
2715 895 2984 962 repertus
3022 894 3080 944 et
3112 889 3454 945 solemniter
3475 907 3689 963 appro-

2042 975 2218 1030 batus
2249 976 2439 1042 fuerit,
2472 986 2529 1035 et
2550 980 2629 1035 ab
2658 980 2789 1052 ipso
2819 979 3146 1035 diocesano
3173 980 3266 1034 vcl
3298 980 3428 1050 ejus
3466 982 3690 1036 vicario

2042 1064 2337 1121 licentiam
2353 1067 2567 1123 eodem
2590 1084 2749 1123 anno
2761 1084 2881 1139 quo
2894 1068 3071 1122 debet
3082 1068 3392 1139 predicare
3406 1074 3460 1123 et
3500 1086 3612 1124 con
3621 1070 3690 1123 fi-

2045 1158 2231 1208 tentes
2263 1156 2469 1209 audire
2498 1174 2599 1210 seu
2634 1156 2945 1211 absolvere
2976 1155 3317 1210 solemniter
3343 1164 3398 1211 et
3446 1158 3505 1212 in
3538 1159 3688 1212 scri-

2042 1242 2157 1311 ptis
2184 1242 2523 1300 obtinuerit.

2113 1333 2404 1403 Quodque
2437 1336 2542 1389 etsi
2573 1335 2674 1406 qui
2700 1334 3111 1389 confessnones
3145 1334 3373 1393 audire.
3404 1343 3459 1390 et
3488 1338 3693 1391 simili-

2040 1420 2193 1473 tersi
2222 1422 2325 1491 qui
2349 1424 2512 1477 Greci
2538 1423 2629 1477 vel
2660 1422 2757 1477 alii
2807 1423 3072 1494 episcopi
3132 1423 3190 1476 in
3241 1424 3582 1478 civitatibus
3633 1431 3688 1479 et

2039 1506 2383 1563 diocesibus
2409 1510 2519 1563 sub
2543 1510 2975 1581 archiepiscopi
2997 1510 3351 1564 Nicosiensis
3381 1527 3485 1565 seu
3515 1511 3693 1565 alicu—

2037 1594 2136 1664 jus
2152 1594 2670 1666 suﬂ‘raganeorum
2686 1615 2935 1653 suorum
2948 1598 3364 1669 episcoporum
3380 1598 3515 1653 dicti
3529 1599 3693 1667 regni

2040 1683 2194 1754 Cipri
2222 1700 2369 1740 cura
2407 1691 2463 1740 et
2491 1687 2853 1757 protectione
2886 1685 3143 1741 mediate
3208 1686 3296 1741 vel
3351 1688 3695 1743 immediate

2041 1771 2355 1826 existentes
2386 1774 2900 1845 qualitercumque
2923 1778 2979 1828 et
3002 1775 3539 1845 quandocumque,
3591 1791 3697 1829 ex-

1974 1883 2010 1935 B
2042 1860 2225 1931 ceptis
2258 1861 2404 1916 locis
2429 1864 2599 1933 Solie,
2626 1865 2878 1935 Arsinoy
2910 1865 2953 1932 ε,
3007 1864 3306 1930 Lephcare
3364 1870 3405 1925 ³,
3459 1872 3514 1918 et
3565 1870 3697 1919 Car-

2042 1948 2199 2020 pasii
2220 1950 2261 2013 ‘,
2280 1950 2355 2005 de
2375 1951 2595 2022 quibus
2616 1952 2863 2024 quidem
2887 1951 3033 2007 locis
3065 1951 3330 2024 episcopi
3381 1952 3544 2007 Greci
3590 1968 3697 2007 no-

2045 2052 2181 2091 men
2210 2045 2542 2109 sumerunt,
2571 2045 2625 2095 et
2650 2040 2874 2096 ibidem
2902 2040 3053 2095 inter
3080 2057 3221 2095 suos
3274 2044 3487 2096 Grecos
3520 2041 3699 2096 tribu-

2046 2125 2164 2189 nal,
2190 2132 2252 2182 ut
2278 2127 2512 2195 dicitur,
2545 2135 2797 2201 possunt
2821 2133 2877 2183 et
2909 2128 3120 2192 solent,
3146 2129 3373 2200 aliquid
3408 2130 3574 2201 quod
3620 2130 3699 2185 ad

2044 2213 2309 2270 ofﬁcium
2340 2233 2442 2271 seu
2475 2218 2946 2284 iurisdictionem
2968 2217 3391 2289 episcoporum
3414 2218 3569 2273 clam
3594 2234 3700 2273 seu

2047 2303 2250 2374 palam
2283 2320 2577 2371 exercere;
2626 2310 2682 2361 et
2709 2322 2889 2377 super
2916 2305 3461 2361 matrimonialibus
3487 2311 3543 2361 et
3571 2306 3701 2361 aliis

2049 2392 2455 2464 spiritualibus
2486 2396 2681 2449 causis
2702 2395 2912 2450 audire
2936 2411 3042 2449 seu
3073 2410 3458 2463 cognoscere,
3487 2395 3575 2449 vel
3623 2396 3702 2451 ad

2050 2497 2257 2537 sacros
2277 2483 2516 2539 ordines
2544 2484 2671 2539 sine
2692 2484 2926 2539 licentia
2948 2484 3252 2539 diocesani
3280 2484 3467 2539 Latini
3500 2500 3701 2557 quem-

2050 2570 2211 2644 piam
2236 2587 2610 2643 promovere,
2646 2573 2732 2627 vel
2756 2572 2985 2644 aliquid
3015 2572 3075 2627 in
3108 2572 3406 2627 similibus
3458 2577 3514 2628 et
3572 2573 3704 2629 aliis

2050 2660 2334 2714 connexis
2364 2665 2418 2715 et
2447 2660 2927 2732 dependentibus
2966 2659 3044 2715 ab
3074 2660 3297 2715 eisdem
3357 2660 3551 2716 facere
3599 2677 3703 2716 seu

2050 2753 2402 2819 attemptare
2452 2749 2545 2803 vel
2587 2749 2754 2805 aliter
2802 2765 2862 2804 se
2894 2750 3281 2804 intromittere
3316 2765 3704 2821 presumpse-

2050 2838 2185 2899 rint,
2221 2837 2350 2908 ipso
2366 2837 3173 2893 factoexcommunicationis
3200 2853 3349 2909 pene
3382 2840 3707 2894 sententias

2050 2927 2375 2992 incurrant,
2418 2932 2475 2982 et
2502 2943 2611 2999 pro
2642 2927 3178 2983 excommunicatis
3224 2927 3608 2999 publicentur
3652 2933 3710 2983 et

2050 3016 2362 3083 evitentur,
2394 3016 2588 3071 donec
2627 3016 3025 3071 absolutionis
3055 3015 3415 3071 beneﬁcium
3457 3014 3534 3070 ab
3557 3022 3710 3086 Apo-

2052 3102 2260 3158 stolica
2303 3102 2451 3159 Sede
2490 3102 2841 3168 habuerint;
2894 3109 2949 3157 et
2996 3102 3347 3173 hujusmodi
3409 3101 3707 3158 absolutio

280 3190 548 3279 aliquem
605 3222 985 3278 promovere,
1036 3223 1232 3278 neque
1279 3208 1598 3279 pecuniam
1669 3207 1935 3279 aliquam
1971 3236 2010 3290 C
2050 3191 2868 3290 awbiépiscﬁlpo'mcosmf‘s}
2910 3192 3013 3264 (Ιυί
3069 3207 3185 3290 Pro
3220 3196 3489 3290 tempore
3537 3190 3711 3290 Ῑυεῖτίῖ

278 3303 609 3369 propterea
636 3297 919 3367 recipere,
952 3296 1045 3350 vel
1101 3295 1532 3367 qualicumque
1591 3303 1808 3367 petere,
1871 3312 1940 3352 ac

283 3386 399 3441 sub
428 3385 653 3441 eisdem
700 3385 872 3458 penis
922 3392 977 3439 et
1018 3385 1321 3452 censuris;
1382 3401 1576 3457 neque
1630 3386 1703 3440 de
1744 3394 1939 3441 cetero

281 3476 510 3547 populo
541 3475 700 3531 clam
736 3491 844 3529 seu
872 3472 1077 3546 palam
1106 3473 1299 3543 legere
1332 3490 1437 3529 seu
1470 3474 1799 3546 predicare,
1837 3492 1942 3530 seu

280 3565 535 3636 alicujus
556 3564 969 3620 confessiones
998 3563 1340 3631 audire,seu
1366 3564 1439 3618 de
1456 3565 1715 3635 peccatis
1730 3581 1940 3621 eorum

282 3642 633 3710 conﬁtentes
660 3654 896 3725 aliquos
927 3653 1165 3708 Latinos
1194 3652 1290 3707 vel
1313 3653 1548 3720 Grecos,
1583 3670 1690 3708 seu
1736 3657 1942 3709 Arme-

281 3759 394 3799 nos
424 3748 528 3799 aut
551 3743 870 3807 Jacobitas,
904 3741 995 3796 vel
1016 3740 1257 3796 alterius
1313 3744 1745 3814 cujuscumque
1801 3745 1943 3798 ritus

285 3848 391 3888 seu
411 3832 678 3897 ecclesie,
722 3830 1031 3887 absolvere
1088 3830 1150 3884 in
1208 3830 1379 3885 dictis
1441 3831 1779 3887 civitatibus
1835 3850 1942 3887 seu

284 3922 629 3979 diocesibus
661 3920 799 3977 dicti
832 3921 1001 3991 regni
1027 3923 1203 3992 Cypri
1231 3922 1438 3992 possit,
1473 3938 1575 3976 seu
1637 3929 1943 3993 presumat

283 4013 503 4084 quovis
531 4011 737 4077 modo,
778 4011 892 4065 nisi
922 4010 1017 4065 ille
1054 4009 1185 4065 talis
1220 4011 1385 4081 prius
1413 4026 1520 4082 per
1549 4010 1941 4068 diocesanum

358 4190 373 4222 ¹
406 4193 497 4243 Au
522 4190 621 4243 Ms.
652 4189 838 4257 penis.

355 4261 375 4294 ²
411 4258 703 4314 D'Anville
752 4258 923 4329 place
956 4259 1271 4317 l’Arsmoe’.
1306 4274 1425 4329 que
1484 4258 1600 4313 l‘on
1635 4260 1747 4314 sait
1776 4262 1944 4317 avoir

282 4330 461 4385 existé
512 4332 663 4385 dans
697 4330 808 4383 l'ile
859 4330 932 4383 de
1005 4330 1341 4401 ChypreLa
1406 4331 1542 4389 Poli,
1594 4331 1809 4389 village
1860 4334 1941 4388 (lu

280 4401 511 4457 district
531 4402 605 4456 de
642 4402 1024 4471 Chrysocho;
1061 4400 1112 4455 le
1146 4400 1216 4455 Ρ.
1276 4400 1577 4462 Lusignan
1615 4407 1673 4457 et
1713 4404 1944 4459 l’archi-

282 4472 580 4529 mandrite
604 4473 916 4599 chfpriote
950 4472 1284 4543 Kyprianos
1337 4474 1563 4527 croient
1614 4490 1733 4545 que
1795 4484 1941 4532 cette

282 4545 574 4599 ancienne
604 4544 740 4599 vile
788 4550 876 4599 est
920 4549 1121 4599 Arsos.
1177 4546 1374 4599 bourg
1408 4544 1562 4599 dans
1619 4544 1941 4599 l’intérieur

281 4545 574 4600 ancienne
604 4544 740 4599 ville
788 4550 876 4599 est
920 4549 1121 4611 Arsos,
1177 4546 1374 4613 bourg
1408 4544 1562 4599 dans
1619 4544 1942 4602 Pinterieur

2052 3280 2145 3335 vel
2186 3281 2315 3351 ejus
2353 3280 2577 3336 vicario
2622 3281 2869 3351 speciali
2927 3280 3267 3337 comitatur.
3317 3283 3708 3335 Decernentes

2052 3386 2123 3425 ex
2150 3386 2311 3425 nunc
2332 3370 2562 3425 irritum
2590 3375 2647 3425 et
2678 3371 2854 3426 inane
2886 3370 2932 3424 si
2967 3385 3139 3425 secus
3191 3385 3373 3442 super
3419 3370 3534 3425 hiis
3601 3385 3709 3441 per

2051 3475 2470 3532 quoscumque
2508 3459 2724 3531 quavis
2756 3459 3105 3515 auctoritate
3137 3459 3387 3514 scienter
3417 3458 3509 3514 vel
3540 3458 3706 3527 igno-

2051 3552 2253 3603 ranter
2315 3548 2669 3617 contingerit
2721 3547 3083 3620 attemptari,
3142 3563 3263 3603 non
3326 3547 3709 3603 obstantibus

2054 3637 2593 3707 constitutionibus,
2615 3643 2721 3693 etc.
2758 3636 2908 3693 Nulli
2939 3652 3104 3708 ergo,
3145 3641 3256 3692 etc.

2127 3728 2339 3781 Datum
2366 3728 2566 3791 Rome,
2588 3726 2750 3798 apud
2782 3728 3067 3782 Sanctum
3097 3726 3357 3795 Petrum,
3413 3742 3574 3782 anno
3625 3730 3713 3782 ln-

2053 3815 2421 3871 carnationis
2454 3816 2757 3871 Dominice
2799 3816 3115 3872 millesimo
3149 3817 3528 3884 CCCCLXX“,
3552 3832 3709 3889 pon-

2054 3905 2311 3961 tiﬁcatus
2340 3905 2524 3961 nostri
2548 3921 2709 3961 anno
2740 3906 2956 3978 primo.

2054 4188 2127 4243 de
2154 4187 2269 4242 l’ile
2317 4192 2353 4243 ὸ,
2390 4186 2518 4243 l’est
2559 4188 2633 4242 de
2684 4188 2940 4258 Paphos,
2982 4204 3061 4244 au
3116 4189 3227 4245 bas
3283 4190 3367 4244 du
3420 4190 3709 4245 Troodos.

2057 4262 2160 4315 Les
2175 4261 2434 4330 éveques
2454 4275 2623 4329 grecs
2637 4258 2711 4312 de
2730 4260 2987 4330 Paphos,
3011 4260 3388 4332 prenaientle
3415 4262 3543 4316 titre
3589 4260 3712 4315 d'é-

2057 4336 2276 4383 vequcs
2302 4331 2627 4383 d'Arsinoé.

2053 4348 2124 4385 VC
2178 4348 2276 4383 UPS
2302 4348 2335 4383 (l
2363 4348 2627 4384 ;\l‘SlYl(m.

2062 4474 2094 4482 ﬂ
2125 4348 2441 4482 gbefkara,
2466 4402 2618 4457 dans
2652 4403 2705 4456 le
2747 4406 2989 4469 Mazoto,
3022 4407 3159 4473 pres
3192 4404 3273 4457 du
3306 4413 3476 4459 mont
3509 4406 3709 4459 Sainte

2056 4474 2250 4529 Croix.

2108 4548 2127 4578 ι
2153 4547 2197 4600 Β
2216 4546 2305 4600 isa
2328 4546 2662 4617 Karpasso,
2689 4545 2843 4601 dans
2870 4546 2923 4600 le
2951 4547 3210 4617 Karpas.
