4028 6206
1454 299 1765 306 -Δῌ
1776 300 1855 306 γῆν-
1866 302 1885 306 .-
1894 298 2433 307 ..ἑ-σ--ῤ--σ-Μ-
2442 300 2449 303 .
2466 300 2491 303 -κ
2502 299 2581 304 μ-
2600 298 2755 304 Μ
2768 298 3243 305 ἑμ-ὺρ--ῌΑ-,υ-ην
3252 300 3271 304 ,η
3280 298 3714 309 ,ειη-Ἥ..

2190 315 2445 321 -μ-...γ
2460 315 3715 325 _—.———.—w—~_————————.—_..._.._._‘_~

1598 464 1790 519 ANNO
1831 462 2075 519 DOMINI
2119 464 2326 518 MXXIV

318 703 1763 934 SANCTUS
1962 702 3618 928 HENRICUS

1368 982 1943 1126 IMPERATOR
2020 1047 2574 1127 AUGUSTUS.

1808 1252 2198 1261 _.———_———

921 1410 1104 1510 DE
1176 1408 1273 1511 S.
1352 1406 1991 1511 HENRICO
2065 1404 3005 1508 IMPERATOBE

1559 1654 1893 1699 BAMBEHGE
1938 1654 1998 1696 IN

2048 1653 2360 1697 GERMANIA

597 1864 2231 1994 COMMENTARIUS
2367 1864 3363 1993 PR/EVIUS.

1355 2105 1536 2173 {Apud
1571 2104 1852 2171 Bolland.,
1877 2102 2014 2157 Julii
2045 2108 2182 2157 tom.
2216 2103 2313 2168 Ill,
2341 2103 2433 2156 die
2468 2104 2579 2169 14.)

496 2396 522 2454 3'
560 2393 607 2441 l.
642 2390 835 2441 Sancti
862 2404 1048 2455 genus,
1072 2404 1257 2441 nomen
1289 2393 1339 2440 et
1365 2390 1677 2455 agnomina.

280 2482 323 2529 l.
366 2477 737 2547 Episcopatus
770 2476 1202 2546 Bambergensis
1232 2476 1416 2545 elogia
1444 2477 1638 2546 paucis
1666 2475 1763 2529 sed
1797 2492 1910 2529 non

202 2568 568 2634 ineleganter
615 2564 887 2618 delibavit
938 2566 1151 2635 Gaspar
1217 2564 1560 2632 Bruscbius;
1613 2564 1747 2617 urbs
1788 2564 1911 2634 ipsa

203 2670 312 2707 non
344 2654 531 2707 semel
564 2655 622 2707 in
671 2654 821 2707 Actis
851 2653 1060 2707 nostris
1116 2654 1403 2723 descripta
1447 2659 1551 2715 est,
1588 2658 1827 2723 patrono
1858 2657 1913 2703 et

204 2744 516 2796 fundatore
571 2743 830 2795 Ecclesiae
866 2758 983 2795 suae
1015 2743 1269 2812 gaudens
1300 2742 1355 2795 S.
1418 2743 1683 2808 Henrico,
1715 2757 1909 2810 quem,

202 2832 501 2885 Caesarum
550 2847 785 2884 suorum
824 2832 996 2885 decus
1048 2837 1103 2883 et
1133 2830 1398 2899 gloriam,
1445 2831 1552 2883 hoc
1607 2830 1695 2882 vel
1720 2828 1912 2898 potius

202 2920 551 2990 praecedenti
628 2920 738 2983 die,
814 2921 956 2973 caelo
1022 2919 1339 2973 transmisit
1399 2920 1723 2985 Germania,
1790 2918 1914 2988 ejus

212 3009 460 3061 nominis
532 3009 745 3078 Regem
824 3008 1024 3061 ordine
1104 3009 1440 3073 secundum,
1502 3008 1910 3077 Imperatorem

206 3113 326 3150 vero
371 3097 654 3166 primum,
702 3112 873 3166 quem
926 3102 1119 3149 tamen
1171 3097 1555 3150 communiori
1586 3097 1913 3166 acceptione

204 3186 520 3238 Henricum
574 3185 620 3238 II
679 3185 1115 3255 appellabimus,
1166 3186 1350 3238 virum
1407 3185 1621 3255 insigni
1680 3200 1913 3254 prorsus

198 3273 593 3327 sanctimonia
621 3274 861 3339 clarum,
924 3274 1246 3342 virginitate
1278 3274 1336 3326 in
1391 3273 1660 3343 conjugio
1694 3278 1913 3325 servata

198 3362 521 3426 illustrem,
550 3361 929 3415 beneﬁcentia
959 3361 1015 3414 in
1055 3362 1353 3415 Ecclesiam
1379 3363 1523 3415 nulli
1556 3362 1869 3414 secundum
1897 3378 1910 3423 ;

201 3458 259 3504 ut
284 3451 370 3504 de
407 3450 702 3519 perpetuis
739 3450 861 3519 ejus
905 3451 1075 3503 etiam
1134 3450 1421 3503 intestinis
1470 3449 1631 3503 bellis
1662 3450 1756 3503 hic
1800 3464 1913 3501 non

198 3556 475 3610 agamus,
502 3538 712 3609 quibus
757 3543 876 3591 toto
925 3540 1089 3609 regni
1136 3544 1193 3592 et
1249 3539 1478 3608 imperii
1537 3539 1625 3592 sui
1655 3543 1913 3607 tempore

198 3630 387 3682 etiam
421 3643 453 3680 a
506 3626 785 3695 proximis
828 3632 885 3680 et
940 3628 1045 3682 sibi
1103 3627 1548 3680 obstrictissimis
1597 3626 1913 3696 exagitatus

198 3716 303 3768 fuit
334 3732 355 3769 :
398 3714 716 3768 Germaniae
774 3715 1048 3769 interiora
1095 3717 1363 3769 adversus
1417 3716 1658 3769 rebelles
1689 3715 1917 3785 egregie

200 3809 452 3868 tutatus,
509 3809 779 3856 externos
854 3820 988 3856 vero
1052 3804 1240 3857 hostes
1316 3805 1529 3869 Slavos,
1614 3805 1913 3861 Bobemos.

203 3894 463 3945 Polonos
514 3890 770 3962 aliosque
820 3891 1045 3944 invictis
1112 3891 1285 3945 armis
1336 3892 1665 3957 insecutus;
1701 3890 1916 3960 quique

200 3982 263 4031 in
319 3979 615 4048 oppositas
687 3978 933 4033 maxime
1000 3980 1240 4048 Europae
1292 3985 1482 4048 partes
1539 3978 1803 4049 Apuliam
1862 3982 1919 4031 et

212 4065 541 4119 Flandriam
597 4064 851 4118 victricia
898 4065 1062 4135 signa
1117 4065 1487 4119 circumtulit.
1532 4066 1624 4128 Ea,
1658 4064 1915 4134 inquam,

203 4156 300 4208 hic
353 4170 417 4209 ex
480 4155 738 4226 professo
822 4154 1180 4208 eruderanda
1229 4170 1342 4207 non
1422 4153 1795 4223 suscepimus,
1851 4152 1920 4204 iis

200 4244 581 4313 potissimum
608 4243 815 4297 intenti
869 4259 997 4313 qua:
1028 4243 1097 4296 ad
1130 4242 1449 4312 singulares
1501 4242 1624 4312 ejus
1662 4242 1920 4306 virtutes,

202 4331 544 4387 Christiano
574 4336 629 4385 et
656 4348 787 4385 vere
817 4337 1011 4386 sancto
1053 4331 1313 4402 principe
1375 4331 1597 4401 dignas,
1647 4329 1922 4383 miracula

203 4426 265 4475 et
306 4420 557 4485 cultum,
610 4424 734 4474 tota
763 4419 1054 4474 Catholica
1094 4420 1339 4474 Ecclesia
1391 4419 1595 4472 merito
1637 4432 1921 4487 propaga-

210 4516 371 4571 tum,
404 4509 686 4577 pertinere
721 4508 1083 4562 censebimus
1116 4525 1129 4574 ;
1164 4524 1260 4561 eos
1301 4507 1587 4577 przecipue
1618 4507 1924 4575 scriptores

208 4595 498 4657 audituri,
526 4596 626 4666 qui
657 4596 778 4666 ejus
795 4613 900 4666 pro
932 4596 1043 4650 tide
1075 4602 1131 4650 et
1182 4596 1459 4666 religione
1488 4596 1712 4649 fortiter
1741 4601 1922 4666 gesta,

216 4684 681 4738 muniﬁcentiam
713 4685 773 4737 in
796 4685 1153 4739 exstruendis
1210 4684 1715 4755 restauraudisque
1746 4686 1922 4738 eccle-

211 4774 347 4837 siis,
410 4778 723 4844 caeteraque
771 4773 1124 4828 intemeratae
1194 4774 1509 4828 sanctitatis
1585 4780 1926 4844 argumenta

217 4860 509 4931 prosecuti
540 4866 691 4915 sunt.
720 4865 907 4933 Atque
939 4863 1060 4916 haec
1115 4863 1401 4933 praecipua
1431 4867 1601 4916 erunt
1631 4863 1923 4918 tractatio-

2095 2389 2148 2438 2.
2187 2386 2313 2438 Haec
2342 2385 2490 2437 inter
2515 2385 2767 2454 primum
2816 2386 3062 2439 occurrit
3091 2386 3277 2439 Sancti
3307 2386 3484 2457 ipsius
3518 2403 3720 2455 genus.

2022 2473 2215 2543 stirps,
2250 2478 2411 2540 origo
2444 2489 2541 2525 seu
2574 2473 2897 2535 familia,de
2930 2474 3291 2542 quadubium
3324 2475 3465 2529 mihi
3498 2476 3721 2529 nullum

2022 2561 2318 2614 subortum
2355 2561 2574 2621 fuisset.
2608 2568 2738 2630 post
2792 2562 2932 2614 lecta
2994 2567 3111 2615 tam
3164 2564 3321 2616 varia
3377 2565 3719 2634 scriptorum

2021 2665 2339 2702 coaevorum
2372 2650 2718 2709 testimonia.
2760 2649 2874 2703 nisi
2918 2656 3110 2703 noster
3141 2652 3436 2704 Mattbteus
3468 2652 3724 2708 Raderus

2020 2738 2080 2790 in
2111 2754 2212 2792 sua
2244 2740 2481 2792 Bararia
2532 2745 2743 2803 sancta,
2778 2744 2913 2793 tom.
2967 2740 3007 2803 l,
3058 2741 3272 2810 pagina
3322 2742 3441 2806 {03,
3496 2743 3565 2796 ad
3602 2760 3721 2798 rem

2022 2829 2192 2896 paulo
2235 2827 2550 2880 accuratius
2608 2828 3049 2882 examinandam
3102 2830 3493 2899 compulisset.
3534 2832 3720 2886 Refel-

2020 2916 2137 2968 lere
2193 2916 2321 2970 istic
2372 2922 2610 2970 conatur
2658 2917 2913 2971 Raderus
2971 2918 3347 2987 receptiorem
3392 2920 3445 2973 S.
3496 2920 3725 2974 Henrici

2022 3006 2375 3075 progeniem,
2409 3022 2522 3075 qua
2563 3022 2627 3059 ex
2688 3006 2983 3059 communi
3022 3023 3151 3060 cum
3207 3008 3460 3062 Ottouel
3511 3008 3723 3078 stipite,

2024 3109 2230 3164 nempe
2289 3094 2530 3147 Henrico
2586 3099 2840 3163 Aucupe,
2900 3096 3276 3162 descenderit,
3322 3097 3502 3165 gradu
3560 3099 3727 3151 tertio

2022 3182 2533 3252 consanguinitatis
2594 3200 2697 3253 per
2757 3184 2900 3236 duos
2957 3184 3244 3251 Henricos,
3284 3188 3527 3239 alterum
3565 3187 3725 3240 Otto-

2024 3274 2113 3324 nis
2161 3271 2355 3339 magni
2408 3270 2664 3337 fratrem,
2701 3271 2946 3325 alterum
3006 3273 3230 3326 Ottonis
3265 3275 3311 3328 ll
3368 3274 3721 3339 fratruelem,

2023 3357 2314 3412 Ottonilll
2376 3357 2660 3411 decessori
2712 3375 2815 3412 suo
2864 3360 3229 3427 conjunctus,
3284 3363 3446 3431 cujus
3484 3364 3725 3433 proinde

2023 3446 2193 3500 arbor
2258 3447 2626 3517 genealogica
2698 3448 2886 3518 primo
2962 3449 3153 3502 statim
3236 3450 3440 3504 intuitu
3500 3467 3727 3522 perspe-

2023 3534 2275 3588 ctissima
2328 3536 2421 3591 sit.
2484 3536 2715 3590 Lineam
2784 3538 2953 3590 aliam
3019 3538 3097 3591 ibi
3153 3539 3407 3593 Raderus
3466 3542 3727 3610 sequenti

2025 3640 2156 3694 pag.
2206 3625 2306 3677 104
2336 3624 2647 3688 substituit,
2700 3641 2767 3678 ex
2826 3626 3149 3680 Hofmanno
3203 3635 3516 3698 acceptam,
3568 3631 3727 3700 quasi

2031 3729 2096 3766 ex
2127 3728 2191 3765 ea
2243 3713 2515 3781 probetur
2571 3713 2627 3766 S.
2670 3715 2963 3778 Henricus,
3029 3731 3141 3768 non
3195 3716 3358 3781 Saxo,
3409 3718 3505 3771 sed
3562 3718 3729 3771 Boius

2028 3816 2239 3870 genere
2277 3801 2472 3868 fuisse,
2531 3801 2680 3870 quod
2734 3808 2924 3854 tamen
2978 3810 3150 3871 negat
3210 3805 3564 3858 Hofmannus
3607 3807 3727 3876 ipse

2027 3889 2087 3942 in
2134 3904 2355 3959 nupera
2414 3888 2684 3957 Ludiwigi
2741 3889 3013 3955 editione,
3084 3892 3190 3945 col.
3266 3895 3348 3953 56,
3412 3893 3565 3947 hisce
3611 3911 3729 3948 ver-

2027 3976 2115 4030 bis
2179 3976 2388 4030 tabulaa
2447 3993 2563 4029 suae
2628 3977 2939 4048 praemissis
2994 3996 3007 4032 :
3080 4000 3101 4027 ιι
3167 3981 3243 4033 Eo
3320 3981 3394 4045 (S.
3470 3983 3725 4049 Henrico)

2028 4065 2149 4118 sine
2216 4065 2361 4118 virili
2422 4066 2595 4135 stirpe
2662 4066 2987 4136 absumpto,
3049 4068 3417 4137 imperatoria
3481 4071 3729 4141 dignitas

2028 4154 2096 4207 de
2130 4160 2298 4222 gente
2357 4154 2635 4208 Saxonica
2691 4156 2915 4208 Henrici
2974 4157 3224 4226 Aucupis
3284 4157 3508 4226 excidit,
3558 4165 3611 4213 et
3659 4161 3729 4213 ad

2033 4242 2271 4295 Francos
2330 4242 2645 4296 Orientales
2706 4244 2949 4297 transiit.
2987 4264 3014 4295 ι)
3058 4244 3502 4318 Qualiscumque
3556 4249 3733 4318 igitur

2030 4330 2102 4383 sit
2152 4330 2449 4403 obscurior
2510 4330 2607 4383 illa
2664 4331 2967 4385 Hofmanni
3020 4333 3213 4387 tabula
3254 4350 3287 4387 a
3345 4335 3549 4389 Raderi
3606 4337 3731 4406 opi-

2031 4417 2204 4471 nione
2257 4418 2447 4487 ipsum
2512 4417 2776 4471 recedere
2834 4420 3200 4473 manifestum
3251 4426 3387 4475 est:
3435 4422 3733 4477 clariorem

2031 4521 2339 4575 agnoscere
2398 4510 2641 4575 oportet,
2726 4522 2898 4575 quam
2959 4507 3079 4576 ipse
3147 4507 3357 4563 frustra
3409 4510 3729 4581 impugnat,

2033 4593 2225 4647 inutili
2279 4610 2442 4664 aeque
2498 4598 2707 4647 conatu
2778 4596 2935 4648 varia
3001 4596 3250 4666 insignia
3301 4598 3611 4665 adducens,
3666 4616 3733 4654 ex

2033 4680 2243 4750 quibus
2268 4681 2325 4734 id
2354 4682 2584 4735 demum
2618 4682 2934 4749 conﬁcitur,
2972 4685 3125 4755 quod
3184 4684 3244 4739 in
3289 4687 3734 4741 controversiam

2034 4786 2149 4823 non
2177 4769 2333 4823 venit
2360 4770 2415 4823 S.
2452 4770 2759 4825 Henricum
2791 4771 3041 4826 Bavariae
3087 4774 3288 4827 ducem
3325 4774 3518 4828 fuisse.

2106 4860 2155 4912 3.
2192 4857 2527 4912 Praedictam
2552 4858 2831 4925 tabulam,
2877 4859 2946 4914 ab
2997 4860 3312 4914 Hofmanno
3371 4860 3496 4913 istic
3525 4876 3734 4932 prope-

218 4946 321 4999 nis
350 4944 518 5014 hujus
551 4945 778 5015 praiviaa
816 4950 1174 5015 argumenta,
1229 4946 1307 4999 sic
1340 4953 1535 5000 tamen
1564 4963 1595 4999 a
1623 4946 1786 5001 nobis
1818 4948 1926 5001 hoc
1959 4944 1999 4999 C
2037 4945 2231 5009 sitam,
2280 4952 2387 4999 eta
2425 4946 2644 5000 Radero
2686 4947 3054 5019 descriptam,
3111 4946 3407 5019 operosius
3458 4948 3737 5004 discutere

218 5038 353 5087 loco
383 5034 714 5099 ordinanda,
761 5038 827 5087 ut
872 5034 1015 5088 nihil
1066 5035 1335 5088 omissuri
1391 5036 1570 5088 simus
1622 5051 1737 5105 quo
1773 5040 1927 5090 totus

215 5125 361 5175 vitae
424 5137 620 5175 cursus
672 5122 943 5176 illustrari
1000 5124 1200 5193 possit,
1263 5124 1320 5177 id
1377 5122 1528 5194 quod
1590 5140 1621 5176 a
1696 5124 1926 5178 nemine

217 5214 504 5265 hactenus
557 5213 878 5281 praestitum
930 5228 1070 5276 esse,
1134 5217 1267 5266 utut
1313 5212 1507 5265 mirati
1571 5212 1684 5264 sint
1734 5210 1924 5280 multi,

220 5315 400 5353 nemo
451 5305 602 5353 certe
677 5301 984 5370 implexam
1054 5316 1243 5355 rerum
1300 5299 1497 5354 silvam
1556 5300 1925 5368 complanare

218 5402 401 5440 ausus
431 5392 534 5440 est.
576 5386 683 5440 Sed
734 5374 834 5441 bic
892 5389 1053 5457 prius
1105 5387 1468 5458 exsequenda
1524 5390 1658 5440 sunt
1706 5401 1835 5455 quae
1863 5385 1920 5439 in

228 5475 396 5531 titulo
409 5476 844 5547 proposuimus.

588 5581 869 5646 Parnm.
925 5582 1101 5647 CXL.

170 5833 406 6074 vi}

2004 5050 2140 5088 .nec
2170 5033 2343 5087 studii
2366 5050 2468 5088 nec
2496 5051 2683 5105 opera).
2734 5035 2983 5106 pretium
3043 5041 3129 5088 est
3162 5055 3177 5101 ;
3220 5035 3355 5087 satis
3401 5036 3511 5090 erit
3540 5055 3737 5109 super-

2035 5138 2146 5193 que
2177 5138 2243 5176 ea
2271 5127 2529 5176 veterum
2582 5124 2911 5177 testimonia
2967 5123 3223 5191 proferre
3255 5122 3310 5175 in
3360 5124 3641 5193 medium,
3670 5144 3735 5181 ex

2035 5211 2243 5281 quibus
2268 5210 2563 5265 evidenter
2594 5216 2785 5281 pateat
2831 5212 2885 5266 S.
2949 5210 3175 5264 Henrici
3215 5227 3345 5265 cum
3403 5216 3610 5269 Ottone
3669 5216 3738 5269 ΙΙΙ

2032 5298 2499 5369 consanguinitas
2529 5304 2645 5353 tam
2693 5298 3037 5368 propinqua,
3076 5304 3138 5352 ut
3168 5305 3225 5354 et
3273 5302 3462 5371 ipsum
3491 5319 3557 5355 ex
3582 5303 3739 5356 Otto-

2033 5386 2119 5440 nis
2173 5385 2367 5456 magni
2420 5402 2629 5457 genere
2668 5386 2841 5440 fuisse
2901 5390 3184 5455 oporteat,
3225 5390 3387 5460 cujus
3443 5390 3526 5443 rei
3578 5390 3737 5445 testis

2034 5474 2485 5545 synchronus,et
2514 5472 2670 5528 omni
2719 5472 3051 5544 eXceptione
3093 5476 3277 5547 major
3333 5481 3417 5531 est
3466 5477 3734 5534 Adelbol-
