4028 6206
332 256 390 310 Η
1632 253 1689 307 S.
1737 249 2021 306 llENRlCl
2062 250 2537 307 IMPERATORIS
3782 257 3858 309 l2

326 376 432 430 dus
452 374 872 447 Ultrajectensis
898 374 1197 446 episcopus
1244 375 1313 429 de
1343 374 1510 430 rebus
1539 374 1713 446 gestis
1772 374 1825 430 S.
1888 377 2030 429 Hen-
2058 376 2332 447 A'neque
2387 376 2525 430 alios
2567 376 2625 430 in
2666 394 2733 430 ea
2780 377 3196 446 disceptatione
3247 378 3408 432 citari
3447 379 3659 443 solitos,
3693 397 3856 451 quu-

326 463 429 519 rici
458 469 604 536 apud
638 466 1007 532 Grestserum,
1043 480 1173 535 pag.
1233 466 1357 531 432,
1396 464 1554 518 nobis
1597 463 1744 517 infra
1773 462 1831 516 in
1881 479 2027 517 nova

326 553 592 615 editione.
624 569 784 608 num.
819 556 870 606 5.
927 553 1050 622 Ubi,
1083 553 1377 623 praemisso
1418 553 1488 606 de
1521 552 1743 607 Ottonis
1774 553 1847 605 Ill
1879 568 2023 622 pra:-

326 649 551 696 matura
591 650 772 697 morte
824 642 1003 707 luctu,
1076 642 1156 695 sic
1196 641 1581 712 subjungitza
1644 640 1817 694 Dolor
1880 644 2027 695 esset

322 730 875 795 etiaminsanabilis,
915 730 1023 784 nisi
1081 734 1368 800 superstes
1413 728 1466 781 ei
1527 727 1831 781 exstitisset
1875 729 2024 782 Hen-

324 818 473 872 ricus
501 820 615 873 dux
644 820 945 889 gloriosus,
995 824 1053 872 et
1083 818 1168 873 vir
1194 819 1262 871 ad
1310 832 1554 887 regnum
1594 816 2023 886 suscipiendum

322 912 604 962 strenuus.
664 908 715 961 Is
772 912 908 961 tunc
964 904 1237 976 temporis
1288 905 1560 959 ducatum
1609 904 1668 958 in
1701 904 2025 957 Bavariensi

321 1009 501 1065 regno
529 994 778 1053 tenebat.
810 994 1088 1064 populum
1113 992 1347 1064 pacilice
1377 993 1628 1062 regebat,
1663 1007 1863 1062 pacem
1893 1008 2023 1045 am-

321 1081 629 1152 pliﬁcabat,
672 1081 1038 1136 ecclesiarum
1085 1081 1382 1135 facultates
1437 1080 1702 1150 augebat,
1756 1080 1913 1149 leges
1969 1085 2024 1134 et

321 1171 622 1240 religiones
655 1170 1083 1239 magniﬁcabat.
1121 1169 1376 1223 Tandem
1405 1169 1485 1222 sic
1510 1169 1570 1222 in
1616 1168 1821 1222 ducatu
1865 1168 2019 1234 vixit,

320 1259 475 1328 quod
507 1259 776 1313 omnibus
803 1259 1041 1329 placuit,
1082 1263 1144 1311 ut
1194 1259 1263 1311 de
1290 1257 1503 1312 ducatu
1559 1257 2024 1311 transduceretur

314 1346 384 1399 ad
417 1362 687 1417 regnum,
718 1346 789 1401 de
822 1347 1026 1400 vexillo
1057 1346 1510 1400 extollereturin
1542 1345 1748 1399 solium
1798 1346 2019 1399 heredi-

316 1434 549 1488 tarium.
611 1433 1031 1489 Hereditarium
1091 1433 1360 1502 dicimus,
1411 1434 1567 1504 quia,
1599 1438 1664 1488 ut
1692 1433 1762 1488 ab
1806 1434 1894 1488 his
1919 1435 2020 1505 qui

316 1522 682 1592 genealogias
741 1530 1074 1592 computare
1130 1527 1409 1576 noverant
1456 1521 1798 1591 audivimus,
1832 1540 1863 1576 a
1914 1524 2018 1577 Ca-

315 1610 441 1663 rolo
465 1626 677 1680 magno
707 1627 776 1665 ex
841 1617 1003 1681 parte
1050 1612 1229 1681 patris
1271 1610 1550 1664 decimam
1599 1611 1924 1680 septimam,
1952 1628 2014 1664 ex

313 1704 478 1768 parte
510 1700 708 1753 matris
731 1699 1008 1754 decimam
1038 1706 1254 1753 sextam
1318 1700 1528 1752 lineam
1588 1701 2014 1770 propagationis

313 1789 561 1843 tenebat.
603 1788 841 1860 Insuper
887 1790 1091 1844 tertius
1139 1789 1266 1844 Otto
1314 1786 1498 1860 Vorte,
1553 1788 1708 1842 tertii
1766 1787 2011 1860 Ottonis]

313 1880 441 1945 post
468 1876 690 1931 obitum
734 1877 795 1931 in
827 1893 1023 1948 regem
1063 1877 1406 1948 eligebatur,
1439 1882 1497 1931 et
1541 1893 1642 1931 [per
1667 1891 1915 1932 TERTIUM
1945 1894 2013 1931 an

312 1980 530 2019 mvncan
556 1982 1076 2021 CUNSANGUINITATIS
1107 1982 1650 2022 GRADUMTENEBANT.
1700 1989 1721 2015 ι
1759 1967 1888 2021 Haec
1909 1966 2010 2021 ibi.

381 2056 435 2107 4.
482 2055 697 2109 Rursus
744 2055 804 2109 in
828 2058 1091 2111 eamdem
1136 2056 1497 2110 sententiam
1547 2055 1806 2127 loquitur
1842 2054 2012 2109 Adel-

309 2139 512 2196 boldus
545 2144 716 2212 paulo
747 2150 874 2214 post
903 2160 1034 2214 pag.
1065 2144 1189 2206 434,
1256 2143 1376 2208 ubi,
1430 2144 1725 2197 recensitis
1758 2143 1814 2199 S.
1860 2144 2011 2198 Hen-

309 2229 412 2283 rici
466 2231 711 2299 aemulis,
760 2232 913 2285 inter
982 2247 1129 2303 quos
1187 2237 1309 2286 erat
1348 2226 1737 2286 Theodoricus
1804 2232 2010 2286 Lotha-

307 2318 534 2389 riensis,
567 2320 636 2374 de
662 2336 729 2374 eo
757 2320 838 2374 ait
880 2322 1056 2390 quod,
1089 2340 1117 2371 α
1150 2319 1459 2373 Henricum
1509 2319 1712 2373 ducem
1740 2320 1802 2372 in
1831 2335 2010 2389 regno

307 2422 428 2460 esse
482 2408 667 2461 sciens
730 2408 1022 2475 heredem,
1105 2408 1291 2461 noluit
1344 2408 1596 2479 incipere
1650 2408 1807 2479 quod
1893 2425 2010 2462 non

305 2500 498 2565 posset
539 2496 727 2551 tinire.
780 2518 801 2543 ι
849 2496 1008 2551 Mitto
1078 2496 1171 2550 hic
1218 2512 1348 2567 quas
1395 2495 1751 2550 Hofmannus
1805 2501 1861 2550 et
1911 2497 2010 2551 alii

306 2590 592 2650 asserunt,
650 2585 722 2639 de
798 2588 1033 2640 reducta
1112 2586 1182 2639 ab
1260 2586 1464 2640 Ottone
1528 2586 1606 2639 ΙΙΙ
1663 2586 1732 2639 ad
1787 2590 2006 2656 septem

306 2675 578 2728 electores
620 2673 870 2745 imperii,
921 2674 1070 2745 regis
1122 2674 1443 2729 Germania:
1494 2675 1598 2739 (uti
1638 2679 1774 2727 tunc
1804 2674 2007 2745 loque-

302 2760 532 2831 bantur)
596 2763 896 2829 electione,
954 2778 1085 2816 cum
1148 2763 1285 2817 satis
1338 2767 1553 2815 certum
1596 2760 1878 2828 videatur,
1934 2760 2008 2814 ad

303 2850 357 2905 S.
393 2851 699 2905 Henricum
730 2867 912 2922 usque
943 2850 1348 2905 hereditariam
1379 2849 1791 2903 successionem
1815 2851 2003 2903 locum

302 2938 616 3005 habuisse;
672 2940 940 2995 Sanctum
999 2955 1131 2992 vero
1175 2954 1243 2992 eo
1283 2940 1410 3008 jure
1467 2953 1711 3007 regnum
1768 2936 2076 3008 adipisciC
2112 2944 2282 2997 variis
2342 2942 2660 3012 excogitata
2734 2944 2888 3004 sunt,

302 3042 419 3082 non
440 3027 714 3098 potuisse,
767 3026 875 3080 nisi
915 3042 979 3079 ex
1046 3026 1356 3080 Ottoniano
1411 3041 1622 3096 genere
1687 3032 2005 3097 prognatus

304 3114 495 3178 fuerit,
531 3115 683 3186 quod
715 3114 1026 3170 clarissime
1057 3114 1231 3169 semel
1277 3119 1332 3168 et
1378 3114 1588 3168 iterum
1619 3113 1711 3167 hic
1743 3130 2001 3184 pronun-

299 3204 405 3257 tiat
430 3202 805 3258 Adelboldus.
855 3204 1049 3274 Neque
1080 3202 1320 3256 obscure
1360 3201 1647 3256 consentit
1691 3203 1998 3271 Ditmarus,

300 3291 437 3345 dum
454 3291 509 3347 S.
535 3292 842 3346 Henricum
886 3292 946 3344 in
979 3291 1109 3345 libri
1156 3292 1244 3345 sui
1289 3290 1476 3362 quinti
1516 3290 1777 3360 prologo,
1812 3296 2003 3345 natum

301 3380 367 3435 de
393 3385 671 3435 stemmate
724 3396 911 3447 regum
960 3379 1263 3445 afﬁrmat;
1313 3379 1605 3449 idemque,
1658 3379 1789 3432 libri
1838 3379 2003 3433 istius

301 3468 490 3540 quinti
520 3469 704 3534 initio,
746 3468 898 3539 apud
957 3467 1326 3535 Leibnitium,
1380 3483 1512 3538 pag.
1552 3469 1675 3533 365,
1699 3468 1796 3536 jus
1835 3467 1999 3522 here—

303 3557 573 3612 ditarium
613 3558 781 3628 plane
829 3557 1107 3627 agnoscit,
1152 3556 1399 3610 maxima
1452 3571 1756 3626 procerum
1808 3557 2000 3610 multi-

295 3644 495 3699 tudine
532 3661 651 3699 una
695 3659 828 3699 voce
891 3644 1310 3714 respondente:
1359 3666 1379 3692 ι
1438 3644 1745 3698 Henricum
1793 3644 2001 3699 Christi

298 3732 611 3804 adjutorio,
658 3738 715 3786 et
758 3732 888 3802 jure
933 3732 1298 3787 haereditario
1348 3737 1744 3803 regnaturum.
1776 3755 1795 3780 »
1840 3732 1999 3787 Adde

297 3820 659 3893 Sigebertum
716 3820 1204 3885 Gemblacensem,
1267 3820 1431 3890 cujus
1485 3821 1604 3873 haec
1647 3826 1781 3874 sunt
1825 3820 1998 3875 verba

296 3910 367 3962 ad
401 3924 617 3962 annum
667 3911 835 3964 1002:
889 3931 911 3958 ι
962 3909 1088 3964 Fuit
1140 3909 1356 3980 quippe
1399 3908 1477 3980 (S.
1512 3908 1803 3978 Henricus)
1845 3908 1997 3963 ﬁlius

294 3998 522 4051 Henrici
577 3998 756 4065 ducis,
801 3999 902 4069 qui
952 3998 1059 4052 fuit
1102 3998 1332 4067 genitus
1387 3998 1456 4051 de
1509 3997 1774 4061 Henrico,
1819 3997 1996 4050 fratre

295 4087 468 4157 primi
525 4086 746 4140 Ottonis
834 4086 1221 4154 Imperatoris.
1272 4106 1300 4135 »
1376 4084 1534 4138 Ιῖηάθ
1609 4084 1995 4139 restituendus

2134 481 2263 518 rum
2304 468 2563 519 omnium
2588 464 2895 518 auctoritas
2945 465 3016 519 ad
3042 466 3444 535 Adelboldum,
3498 467 3852 533 Dilmarum,

2134 552 2493 623 Sigebertum
2521 558 2578 607 et
2620 554 3131 624 Chronographum
3177 555 3460 610 Saxonem
3493 573 3848 627 comparan-

2133 641 2204 695 da
2234 658 2349 696 non
2407 648 2510 708 est,
2543 643 2745 696 saltem
2785 643 2932 712 apud
2969 659 3065 696 eos
3116 643 3217 713 qui
3257 645 3508 698 veritatis
3549 646 3852 700 historicas

2135 734 2428 784 momenta
2470 731 2649 800 probe
2695 731 2885 784 norint
2928 731 3283 801 expendere:
3326 748 3461 786 nam
3511 733 3582 786 de
3614 734 3847 787 Hezilo-

2134 818 2222 871 nis
2251 823 2629 889 cognomento
2675 818 2914 872 Henrico
2966 820 3179 874 Bavaro
3228 820 3282 874 S.
3325 821 3551 874 Henrici
3607 821 3848 891 parenti

2132 906 2353 974 adjecto
2386 908 2578 976 (quem
2612 906 2799 960 verius
2843 906 3130 973 Hix0sum,
3174 909 3266 961 sed
3320 913 3377 960 et
3407 910 3568 978 pium
3600 910 3843 977 dixeris,

2131 994 2412 1065 quidquid
2444 995 2714 1048 adversus
2735 995 2997 1050 Ottonem
3039 997 3086 1049 ll
3135 997 3370 1049 molitus
3418 997 3510 1062 sit,
3562 1002 3626 1050 ut
3653 997 3843 1051 babes

2130 1082 2190 1136 in
2220 1083 2339 1136 Vita
2367 1082 2422 1137 S.
2466 1083 2805 1157 Godehardi,
2832 1100 2884 1137 iv
2915 1084 3052 1138 maii
3082 1101 3245 1139 num.
3295 1090 3349 1149 7,
3394 1101 3527 1155 pag.
3574 1086 3725 1155 504):
3762 1088 3845 1140 de

2132 1172 2436 1236 Hezilonis,
2470 1172 2730 1242 inquam,
2764 1172 3167 1242 appellatione,
3208 1174 3362 1227 unde
3388 1173 3644 1227 Raderus
3675 1177 3841 1227 varia

2130 1262 2400 1329 colligere
2429 1261 2651 1327 nititur,
2682 1261 2842 1314 nulla
2870 1262 3012 1315 mihi
3055 1263 3349 1336 altercatio
3384 1278 3398 1326 ;
3432 1263 3583 1332 apud
3616 1267 3841 1316 veteres

2128 1350 2286 1402 deest
2331 1349 2568 1402 omnino
2621 1348 2844 1403 effictus
2900 1351 3212 1418 character,
3256 1354 3427 1421 atque
3465 1367 3529 1403 ex
3573 1350 3844 1404 adductis

2130 1436 2499 1507 scriptoribus
2562 1436 2951 1491 indubitatum
3036 1438 3273 1492 omnino
3347 1443 3454 1506 est,
3522 1438 3836 1492 dicendum

2130 1526 2318 1596 ipsum
2361 1524 2583 1580 Ottonis
2631 1526 2825 1595 magni
2887 1543 2951 1580 ex
3003 1527 3175 1580 fratre
3208 1531 3512 1599 nepotem,
3569 1528 3837 1598 adeoque

2127 1613 2179 1668 S.
2216 1614 2520 1668 Henricum
2550 1616 2807 1684 ejusdem
2841 1614 3063 1669 Ottonis
3102 1615 3160 1668 in
3183 1616 3385 1669 eadem
3416 1614 3567 1668 linea
3621 1631 3839 1686 prone-

2127 1708 2360 1773 potem;
2393 1719 2507 1773 quo
2555 1706 2771 1773 spectat
2817 1701 3038 1755 Ottonis
3079 1702 3124 1755 Il
3165 1702 3441 1771 diploma,
3480 1704 3629 1771 apud
3668 1703 3836 1756 Gret-

2127 1807 2319 1845 serum
2344 1808 2475 1862 pag.
2513 1795 2598 1855 l3,
2627 1791 2685 1844 in
2709 1807 2821 1861 quo
2850 1791 3152 1844 Henricum
3206 1791 3550 1844 Bavarorum
3594 1789 3833 1859 ducem,

2122 1879 2316 1949 hujus,
2346 1896 2463 1949 quo
2498 1879 2567 1932 de
2611 1878 2857 1948 agimus,
2908 1885 3156 1948 patrem,
3205 1893 3392 1931 carum
3448 1882 3690 1945 nepotem
3723 1894 3832 1947 ap-

2120 1970 2318 2038 pellat,
2343 1967 2600 2037 intellige
2657 1968 2998 2036 patruelem,
3033 1970 3095 2020 ut
3126 1968 3270 2020 bene
3319 1967 3564 2037 explicat
3595 1966 3828 2019 Gretse-

2120 2073 2218 2111 rus
2240 2073 2370 2128 pag.
2405 2057 2492 2122 84,
2522 2055 2620 2110 ubi
2654 2056 3051 2126 genealogiam
3104 2056 3249 2109 hanc
3291 2061 3545 2108 nostram
3595 2053 3835 2123 egregie

2120 2146 2443 2201 confirmat.
2507 2146 2586 2198 Ne
2641 2144 2855 2198 diutius
2903 2145 2972 2197 de
3028 2160 3085 2196 re
3157 2144 3450 2213 explorata
3521 2142 3830 2209 disseram,

2119 2235 2350 2288 consule
2378 2233 2556 2286 Vitam
2613 2234 2672 2286 Β.
2732 2232 3016 2286 Mathildis
3062 2249 3152 2286 xiv
3196 2231 3382 2286 Martii
3427 2246 3551 2301 cap.
3599 2234 3651 2293 5,
3687 2244 3827 2313 pag:

2120 2326 2242 2388 366,
2288 2322 2342 2376 S.
2380 2320 2609 2375 Henrici
2653 2320 2815 2391 jussu
2866 2321 3132 2391 scriptam
3180 2319 3411 2390 ipsique
3461 2319 3718 2382 dicatam,
3755 2322 3821 2371 et

2119 2410 2429 2465 dilucidam
2459 2409 2715 2463 invenies
2743 2409 2931 2464 Sancti
2961 2409 3140 2462 nostri
3178 2407 3598 2479 genealogiam,
3653 2422 3717 2459 ac
3744 2406 3822 2460 de

2117 2498 2362 2570 imperio
2416 2498 2537 2568 ejus
2584 2497 2954 2565 vaticinium;
3001 2514 3130 2568 quae
3174 2497 3371 2551 omnia
3408 2495 3672 2550 dubitare
3699 2510 3822 2549 non

2118 2589 2312 2641 sinunt
2343 2586 2480 2658 quin
2510 2587 2564 2640 S.
2601 2588 2874 2641 Henricus
2903 2586 2974 2641 ab
3018 2586 3260 2640 Henrico
3283 2588 3517 2655 Aucupe
3544 2600 3648 2655 per
3685 2600 3822 2655 syn-

2118 2694 2359 2747 onymos
2379 2681 2601 2747 patrem
2636 2680 2691 2730 et
2717 2691 2883 2729 avum
2916 2675 3205 2745 originem
3228 2674 3480 2728 traxerit.

2187 2770 2237 2821 6.
2267 2765 2528 2820 Pluribus
2569 2764 2746 2835 igitur
2791 2764 2883 2817 hic
2929 2762 3296 2833 supersedeo,
3345 2776 3535 2831 neque
3579 2759 3823 2830 eajom-

2114 2856 2212 2910 nia
2258 2853 2553 2924 operosius
2592 2853 2870 2907 adducere
2927 2856 3027 2904 aut
3082 2850 3344 2904 refellere
3395 2849 3574 2916 lubet,
3627 2864 3821 2919 quaea

2984 2936 3262 2991 nationali
3345 2937 3540 3006 potius
3611 2937 3817 3006 spiritu

2113 3042 2286 3099 quam
2317 3026 2502 3079 studio
2545 3025 2816 3079 veritatis.
2870 3026 3126 3080 Haderus
3158 3025 3303 3096 ipse,
3335 3029 3467 3095 post
3494 3030 3611 3078 tam
3638 3026 3820 3078 multa

2110 3116 2173 3169 in
2206 3116 2548 3175 Bavarorum
2609 3114 2855 3183 gratiam
2914 3129 2984 3167 ex
3043 3112 3367 3183 insignibus
3429 3111 3724 3181 gentilitiis
3756 3117 3819 3166 et

2110 3204 2343 3260 aliunde
2374 3206 2627 3271 collecta,
2667 3206 2823 3257 tomo
2868 3202 3103 3256 demum
3153 3205 3360 3272 quarto
3410 3199 3662 3254 Bavaria:
3692 3215 3815 3253 suae

2111 3307 2341 3360 sanctas,
2375 3310 2504 3365 pag.
2546 3294 2634 3355 34,
2699 3291 2779 3346 rei
2838 3289 3138 3345 evidentia:
3191 3286 3549 3359 postliminio
3599 3286 3814 3340 cedens

2109 3384 2232 3439 hinc
2279 3384 2450 3437 verba
2518 3382 2771 3435 inserere
2833 3394 2949 3432 non
3007 3376 3345 3431 dubitavit:
3418 3394 3445 3426 ‹‹
3499 3375 3806 3430 Henricum

2108 3472 2263 3526 enim
2289 3474 2547 3525 sanctum
2572 3470 2853 3523 Saxonem
2900 3465 3123 3536 origine
3146 3466 3268 3534 jam
3311 3464 3595 3530 volumus,
3638 3467 3705 3516 ut
3749 3477 3816 3515 ex

2111 3561 2363 3614 Ditinaro
2409 3559 2664 3629 liquet,»
2726 3562 2899 3625 atque
2947 3554 3120 3607 etiam
3178 3568 3244 3606 ex
3296 3551 3444 3608 aliis.
3499 3566 3644 3621 quos
3692 3551 3814 3620 jam

2107 3648 2331 3703 abunde
2385 3647 2669 3701 dedimus.
2718 3644 2826 3707 Qui
2864 3642 3063 3696 ambas
3113 3640 3446 3707 sententias,
3501 3638 3694 3693 nescio
3740 3654 3816 3693 an

2107 3737 2273 3801 serio,
2307 3748 2653 3804 componere
2678 3732 2969 3791 nituntur,
2994 3734 3095 3783 aut
3120 3729 3264 3783 nihil
3294 3743 3496 3798 agunt,
3528 3732 3628 3783 aut
3656 3743 3814 3782 mere

2105 3827 2165 3881 in
2188 3826 2417 3880 vocibus
2438 3824 2666 3888 ludunt,
2696 3826 2751 3875 et
2779 3820 2851 3874 ad
2882 3819 3082 3873 inanes
3135 3817 3442 3872 verborum
3485 3823 3811 3872 commuta-

2104 3916 2287 3970 tiones
2333 3912 2528 3968 omnia
2569 3913 2858 3964 revocant.
2916 3908 3040 3961 Non
3105 3906 3197 3961 hic
3251 3906 3321 3960 de
3375 3905 3561 3976 patria
3592 3920 3813 3975 pugna-

2104 4019 2254 4068 mus,
2286 4006 2350 4055 ut
2377 4017 2480 4072 pro
2508 4001 2748 4053 Homero
2792 3995 3023 4050 Graeciae
3061 3993 3336 4060 civitates,
3379 4009 3512 4047 nam
3566 3993 3620 4047 S.
3656 3994 3806 4047 Hen-

2108 4091 2285 4144 ricum
2353 4089 2411 4141 in
2471 4086 2705 4142 Bavaria
2796 4090 2853 4139 et
2916 4081 3138 4137 Abudia
3213 4087 3413 4135 natum
3449 4121 3464 4149 ,
3529 4081 3681 4135 ultro
3751 4085 3812 4133 et

294 4175 607 4230 Mabillonii
674 4175 862 4243 lapsus
911 4174 969 4227 in
1032 4172 1349 4226 Annalibus
1407 4171 1805 4239 Benedictiuis,
1858 4189 1988 4244 pag.
2025 4214 2064 4267 Ο
2107 4178 2353 4232 libenter
2401 4176 2796 4230 concedimus:
2857 4177 2944 4225 ast
2996 4171 3146 4225 avito
3203 4169 3500 4239 sanguine,
3578 4172 3678 4220 aut
3736 4183 3808 4221 ex

295 4266 419 4331 159,
479 4279 636 4317 ηιιηι.
682 4264 768 4326 2ὅ,
820 4262 958 4316 dum
1016 4261 1073 4317 S.
1127 4261 1431 4315 Henricum
1481 4260 1693 4329 scribit,
1733 4282 1761 4309 (ς
1804 4261 1990 4316 tilium

292 4356 518 4411 Henrici
561 4356 742 4421 ducis,
802 4355 1023 4411 Ottonis
1099 4353 1294 4425 magni
1359 4353 1587 4421 fratris;
1640 4375 1662 4401 ι
1715 4369 1781 4407 ex
1826 4354 1990 4407 dictis

289 4447 445 4501 enim
513 4446 732 4517 liquido
805 4448 961 4515 patet
1024 4444 1374 4514 legendum:
1426 4443 1634 4498 Ottonis
1682 4444 1875 4509 Magni
1923 4459 1991 4496 ea:

284 4538 465 4602 fratre
521 4537 752 4604 nepotis.
808 4534 926 4586 Huc
994 4548 1196 4586 revoca
1258 4530 1692 4601 Clironographi
1755 4530 1990 4585 Saxonis

286 4626 355 4678 ad
378 4624 593 4678 dictum
649 4639 866 4676 annum
931 4622 1086 4685 1002,
1137 4620 1271 4674 satis
1318 4636 1614 4691 expressos
1663 4620 1984 4674 terminos:

290 4735 313 4764 α
361 4714 630 4767 Praefatus
680 4712 793 4766 dux
845 4712 1118 4765 Henricus
1168 4725 1346 4780 nepos
1398 4708 1607 4778 regalis
1654 4707 1714 4761 in
1742 4723 1986 4778 regnum

288 4803 482 4873 eligito
495 4817 539 4854 r.
579 4821 607 4853 ν

373 4893 423 4945 5.
466 4890 636 4944 Plura
694 4888 804 4943 huc
893 4902 1006 4942 non
1073 4901 1381 4956 congeram
1419 4883 1768 4950 testimonia,
1856 4900 1986 4955 quae

281 4980 431 5050 apud
459 4980 724 5033 eumdem
765 4975 1280 5047 Clironographum
1309 4990 1404 5028 an.
1450 4976 1575 5039 683,
1620 4978 1678 5027 et
1723 4972 1860 5027 alibi
1891 4988 1987 5027 re-

278 5074 539 5131 currunt,
597 5083 728 5121 cum
799 5066 920 5136 jam
982 5066 1222 5119 adducta
1307 5064 1533 5118 abunde
1591 5062 1852 5117 sufﬁcere
1901 5062 1985 5116 vi-

278 5157 520 5211 deantur
586 5156 654 5208 ad
729 5170 877 5218 eam,
958 5167 1132 5222 quam
1193 5152 1285 5206 hic
1357 5153 1492 5206 dare
1553 5151 1983 5222 pietendimus,

277 5259 471 5299 veram
493 5249 549 5297 et
567 5248 816 5296 exactam
846 5242 1199 5296 Henririanze
1240 5241 1435 5311 stirpis
1492 5242 1774 5306 notitiam,
1807 5240 1983 5311 quid-

276 5335 413 5406 quid
442 5333 711 5387 adiersus
735 5348 859 5386 eam
892 5338 1109 5403 pugnet
1136 5331 1391 5385 Raderus
1449 5337 1549 5384 aut
1603 5329 1724 5397 alii,
1768 5345 1833 5383 ex
1884 5344 1982 5382 va-

273 5422 376 5476 riis
414 5420 735 5487 insignibus
762 5421 879 5474 sive
910 5420 1240 5490 Banibergte
1280 5420 1397 5473 sive
1428 5417 1566 5472 alibi
1602 5417 1977 5471 exstantibus.

273 5509 471 5565 Salleri
502 5510 684 5563 nostri
705 5517 1002 5579 syntagma
1030 5509 1099 5563 de
1123 5509 1299 5578 stirpe
1329 5507 1383 5562 S.
1420 5506 1641 5561 lleurici
1688 5521 1801 5558 non
1837 5503 1973 5572 vidi,

2103 4265 2388 4337 prioribus
2446 4266 2560 4319 illis
2619 4261 3006 4333 Bajoariorum
3081 4258 3336 4329 dynastis
3403 4262 3500 4312 aut
3564 4254 3810 4309 ducibus

2101 4354 2382 4426 originem
2415 4353 2668 4419 duxisse,
2709 4365 2871 4421 aeque
2915 4364 3193 4417 negamus
3241 4352 3413 4417 atque
3458 4349 3677 4399 certum
3716 4348 3810 4397 est

2099 4443 2287 4499 Caroli
2317 4443 2359 4495 V
2391 4441 2627 4496 (Σεμεωνὶς
2645 4437 3005 4509 progeniem,
3045 4435 3105 4489 in
3149 4434 3574 4505 Augustissimo
3610 4433 3806 4500 Impe-

2097 4537 2285 4585 ratore
2334 4537 2532 4583 nostro
2581 4528 2779 4582 Carolo
2847 4526 2912 4578 VI
2960 4524 3347 4593 superstitem,
3413 4536 3529 4574 non
3594 4519 3807 4588 Hispa-

2098 4636 2231 4674 nam
2264 4634 2496 4689 genere,
2546 4616 2645 4669 sed
2688 4613 3039 4670 Austriacam
3077 4617 3134 4665 et
3183 4608 3575 4665 Germanicam
3617 4623 3804 4676 agno-

2098 4709 2522 4761 scendamesse.
2562 4706 2703 4759 Hinc
2733 4702 2798 4755 ad
2856 4702 3080 4772 reliqua
3133 4699 3194 4753 in
3249 4694 3599 4769 paragrapbi
3631 4695 3805 4749 titulo

2096 4796 2331 4867 praeﬁxa
2351 4802 2473 4849 tuto
2493 4792 2875 4865 procedimus.

2168 4889 2218 4937 7.
2246 4882 2502 4937 Nominis
2545 4880 2772 4935 Henrici
2816 4883 3071 4949 etymon,
3121 4878 3185 4927 ut
3224 4889 3291 4927 ex
3344 4871 3624 4928 Aventino
3646 4874 3802 4925 recte

2094 4973 2311 5028 notavit
2363 4972 2676 5035 Gretserus,
2758 4982 2885 5038 pag.
2957 4967 3044 5030 80,
3106 4963 3509 5018 Germanicum
3586 4965 3674 5014 est
3724 4959 3799 5013 ab

2095 5063 2246 5115 Dain
2275 5061 2362 5115 vel
2414 5061 2601 5123 Daim,
2660 5055 2815 5128 (ιιιυά
2856 5059 2941 5108 est
2989 5052 3155 5117 domi,
3208 5056 3265 5104 et
3314 5048 3708 5113 Reich,dives,
3740 5053 3802 5101 et

2090 5165 2315 5218 regnum
2401 5157 2574 5218 atque
2650 5146 2975 5214 imperium:
3048 5141 3180 5195 inde
3238 5136 3549 5202 Dainrcich,
3600 5137 3797 5190 Daim-

2090 5240 2260 5303 reich,
2294 5242 2400 5291 etc.
2450 5238 2673 5290 Veteres
2728 5233 3050 5288 Honoricum
3096 5230 3320 5294 dixere;
3350 5233 3438 5281 ast
3484 5227 3543 5279 in
3576 5241 3682 5279 usu
3706 5229 3800 5278 est

2092 5329 2375 5391 Henricus,
2437 5323 2690 5395 Hungari
2748 5320 2958 5393 (pergit
3002 5334 3067 5372 ex
3128 5321 3411 5372 Aventino
3471 5315 3789 5384 Gretserus)

2090 5418 2463 5477 Hzmcricum,
2507 5419 2581 5480 et,
2633 5413 2848 5482 absque
2899 5405 3262 5478 aspiratione,
3312 5405 3639 5460 Eme‘ricum
3691 5418 3793 5456 vo-

2092 5511 2239 5559 cant.
2279 5504 2405 5558 Fuit
2449 5503 2620 5557 Filius
2669 5500 2721 5555 S.
2768 5497 3042 5569 Stephani
3092 5495 3242 5566 regis
3299 5495 3703 5566 Hungarorum
3735 5499 3795 5548 et

3572 5865 3808 6025 ἐξ..

3678 6062 3713 6097 l
3760 6038 3795 6063 si
