4028 6206
197 237 253 284 ts
1857 229 2050 282 ACTA.
3639 233 3699 283 lt

189 356 392 408 Giselee
444 352 662 407 sororis
692 353 745 407 S.
810 351 1034 406 Henrici
1089 351 1475 421 Imperatoris.
1530 352 1894 421 Signiticatur
1925 355 1971 405 A
2008 352 2205 416 choro,
2240 368 2361 406 rem
2418 353 2669 407 divinam
2714 359 2939 424 patrare
3005 355 3374 426 conspicatus,
3411 357 3582 412 simul
3629 360 3698 412 ab

189 446 295 496 hoc
327 443 572 496 nomine
603 441 858 512 prudens
893 446 954 494 et
979 441 1162 494 bonus
1208 445 1374 511 pater
1410 440 1678 505 familias,
1715 445 1770 494 et
1800 440 1898 511 qui

191 532 328 585 colit
359 547 609 599 regnum
643 536 700 584 et
728 528 1060 600 imperium.
1083 529 1199 583 Sub
1248 528 1475 584 Henrici
1520 528 1756 583 nomine
1778 529 1898 582 noti

187 627 319 673 sunt
363 636 531 690 reges
563 618 880 673 Germaniae.
904 635 1004 671 seu
1035 617 1412 688 Imperatores
1432 622 1650 687 septem
1679 635 1692 683 ;
1719 619 1897 671 Fran-

186 709 287 760 cia:
309 724 483 777 reges
505 711 774 778 quatuor,
807 706 1002 760 limata
1024 706 1457 760 nomenclatura
1480 705 1539 758 in
1563 707 1729 759 Henri
1751 708 1897 768 ;An-

188 798 319 861 glize
342 812 511 866 reges
533 801 690 849 octo:
720 799 890 866 atque
910 795 968 848 in
994 795 1321 864 Hispaniam
1336 793 1771 864 usquetransiit,
1796 793 1896 847 ha-

191 887 434 956 buitque
493 900 845 954 synonymos
878 899 1041 953 reges
1087 888 1335 954 quatuor
1364 883 1467 936 sub
1483 885 1757 952 chrique
1789 899 1896 936 no-

191 975 370 1040 mine,
402 974 558 1044 quod
594 973 720 1026 ltali
769 972 963 1027 Errico
1013 972 1412 1042 pronuntiant.
1449 973 1590 1025 Nota
1619 977 1896 1040 praeterea

189 1063 491 1116 Gretserus
548 1067 928 1132 cognomenta
984 1060 1254 1114 habuisse
1312 1060 1617 1114 Henricum
1649 1060 1894 1131 impera-

190 1157 412 1218 torem,
469 1153 637 1205 sancti
693 1149 1066 1215 asanctitate,
1112 1152 1199 1218 pii
1247 1167 1278 1202 a
1324 1148 1556 1219 pietate,
1611 1149 1815 1214 claudi,
1865 1167 1896 1204 a

193 1241 401 1293 luxato
452 1239 684 1292 femore.
749 1239 1095 1308 Frequentes
1153 1254 1287 1291 vero
1342 1237 1513 1292 fuisse
1567 1238 1897 1307 hujusmodi

197 1328 614 1398 appellationes
645 1326 878 1396 regibus
908 1332 963 1379 et
992 1325 1443 1396 Imperatoribus
1466 1327 1735 1394 adjectas,
1771 1329 1894 1380 vul-

186 1433 259 1486 go
291 1421 500 1469 notum
532 1421 633 1469 est.
697 1415 835 1469 Hinc
865 1417 1077 1485 Auceps
1107 1415 1225 1478 ille,
1259 1413 1484 1468 Henrici
1515 1414 1692 1468 sancti
1722 1431 1893 1485 proa-

188 1521 310 1564 vus,
360 1505 518 1574 quod
571 1503 814 1573 aucupio
865 1503 1261 1564 delectaretur,
1325 1507 1380 1557 et
1437 1505 1670 1557 Humilis
1721 1504 1892 1558 etiam

187 1593 400 1657 dictus,
480 1592 635 1662 quod
715 1608 982 1645 coronam
1067 1590 1426 1661 lmperia‘lem
1504 1590 1888 1643 detractasset.

187 1681 396 1734 Ottoni
457 1682 504 1734 ll
563 1683 684 1749 Ruﬁ
732 1696 1053 1751 cognomen
1082 1679 1344 1742 adhzesit,
1378 1679 1565 1732 Ottoni
1601 1679 1673 1733 ΙΙΙ
1710 1679 1891 1742 Pueri,
1927 1679 1945 1690 "

187 1768 343 1838 quod
405 1783 555 1838 puer
612 1783 853 1837 regnare
903 1772 1201 1836 cmpisset:
1260 1765 1533 1820 Henricus
1588 1765 1661 1818 Ill
1728 1765 1894 1831 Niger

185 1857 378 1910 dictus
406 1863 516 1921 est,
541 1857 834 1910 Conradus
867 1857 990 1924 ejus
1023 1868 1184 1924 pater
1213 1855 1444 1909 Salicus.
1482 1854 1594 1907 Nec
1624 1852 1681 1906 in
1717 1853 1891 1906 Fran-

189 1946 277 1998 cia
311 1945 550 1998 defuere
583 1944 765 1997 indita
795 1943 1059 1997 facillime
1098 1948 1500 2014 cognomenta,
1522 1947 1586 1995 ut
1628 1941 1802 1995 habes
1834 1942 1891 1994 in

193 2035 414 2086 Carolis
443 2035 626 2098 Cal-:0,
661 2033 873 2095 Crasso,
907 2033 1182 2100 Simplice,
1235 2033 1508 2100 Sapienle,
1541 2036 1670 2090 etc..
1731 2035 1795 2082 ut
1823 2031 1889 2082 ad

196 2123 423 2177 Graecos
447 2138 563 2175 non
593 2121 948 2185 accedamus,
996 2120 1203 2191 quibus
1230 2136 1344 2174 non
1376 2121 1566 2173 minor
1595 2119 1702 2174 fuit
1723 2119 1891 2172 liber-

201 2217 293 2263 tas
319 2212 690 2281 Imperatores
711 2226 844 2263 suos
872 2209 1300 2280 agnominandi.

268 2302 319 2352 8.
345 2299 412 2351 Et
439 2299 508 2352 de
535 2301 623 2366 pii
641 2298 875 2369 quidem
904 2303 959 2351 et
973 2301 1149 2352 sancti
1169 2297 1632 2368 coguomentisS.
1654 2299 1893 2351 Henrico

189 2387 447 2450 tributis,
478 2403 566 2440 res
599 2387 654 2440 iu
688 2392 980 2455 comperto
999 2391 1100 2452 est,
1121 2387 1420 2456 potissima
1445 2378 1561 2440 imo
1592 2388 1714 2440 sola
1743 2404 1894 2457 quae-

185 2478 297 2529 stio
331 2475 580 2528 vertitur
611 2477 679 2529 de
711 2475 898 2529 claudi
920 2475 1320 2546 appellatione,
1355 2492 1524 2546 quam
1571 2475 1728 2528 miris
1767 2492 1894 2528 mo-

183 2566 275 2617 dis
307 2564 366 2618 ei
425 2564 664 2617 inditam
701 2569 938 2617 narrant
981 2565 1302 2635 scriptores,
1365 2581 1505 2634 quos
1539 2565 1688 2617 inter
1717 2566 1764 2616 is
1795 2563 1891 2634 qui

188 2653 390 2706 Sancti
421 2653 733 2722 aliqualem
783 2653 954 2706 vitam
1001 2653 1225 2722 scripsit
1269 2652 1599 2719 monachus,
1647 2653 1889 2723 opinor;

187 2741 287 2794 sed
314 2741 433 2794 huc
463 2757 640 2811 usque
671 2757 988 2810 anonymus
1021 2741 1078 2793 in
1111 2741 1434 2810 fragmento
1466 2740 1890 2810 Bimbergensi,

187 2829 466 2884 addendo
487 2829 659 2900 capiti
691 2831 778 2894 22,
811 2829 1042 2899 longam
1061 2828 1355 2882 historiam
1386 2833 1684 2891 memorat,
1719 2844 1892 2898 quam

189 2925 251 2972 ut
283 2919 566 2988 sugillare
602 2934 836 2988 prorsus
884 2918 1081 2982 nolim,
1119 2917 1324 2987 potiori
1356 2923 1549 2970 tamen
1581 2916 1891 2970 auctorita-
1926 2919 1965 2972 C

190 3009 262 3060 tis
317 3007 576 3077 pondere
625 3005 921 3077 prmditam
979 3007 1203 3070 vellem,
1277 3011 1333 3058 et
1381 3004 1583 3072 majori
1641 3009 1893 3058 veterum

191 3111 480 3148 consensu
514 3095 818 3161 ﬁrmatam,
852 3094 1208 3148 tradentibus
1239 3094 1363 3146 aliis
1401 3095 1550 3164 apud
1601 3093 1895 3147 laudatum

198 3185 552 3238 GreL-‘erum.
583 3182 632 3236 S.
663 3182 992 3247 Henricum,
1017 3183 1074 3236 in
1119 3183 1268 3236 bello
1304 3181 1730 3252 Longobardico
1761 3199 1894 3234 con-

199 3280 282 3325 tra
335 3272 663 3325 Arduinum
696 3288 794 3324 seu
835 3271 1218 3338 Hardwigum.
1259 3277 1565 3342 «captum,
1616 3288 1766 3336 cum,
1797 3272 1894 3324 de-

195 3362 373 3431 ceptis
415 3361 746 3413 custodibus
773 3360 1017 3430 elapsus,
1053 3361 1121 3413 de
1155 3377 1318 3414 muro
1353 3377 1411 3414 se
1464 3359 1894 3431 praecipitasset,

195 3454 390 3503 luxato
426 3449 674 3502 fractove
705 3464 888 3513 crure,
922 3454 1116 3518 postea
1145 3449 1511 3516 claudicasse,
1540 3450 1688 3503 unde
1721 3449 1895 3503 Cur-

196 3556 243 3592 Μ
306 3543 761 3608 cognomentum
828 3537 1107 3590 habuerit.
1176 3559 1195 3583 ν
1261 3537 1356 3590 llis
1407 3537 1572 3602 adde,
1625 3537 1668 3590 si
1717 3537 1893 3600 lubet,

195 3644 323 3698 quae
379 3627 441 3679 in
473 3625 735 3679 eamdem
786 3627 908 3679 rem
949 3625 1230 3696 congessit
1265 3626 1637 3689 l-lofmannus,
1672 3626 1725 3679 in
1760 3626 1896 3679 cita-

194 3718 261 3771 tis
285 3716 405 3770 suis
467 3715 806 3782 Annalibus,
842 3715 951 3768 col.
993 3716 1058 3768 38
1098 3719 1154 3768 et
1194 3717 1282 3779 39,
1332 3721 1389 3768 et
1417 3714 1724 3769 novissime
1759 3717 1895 3769 Bur-

195 3806 446 3859 chardus
474 3803 737 3859 Struvius
797 3803 855 3856 in
891 3803 1260 3873 Syntagmate
1313 3803 1571 3857 historiae.
1603 3821 1720 3857 suae
1760 3805 1896 3858 Ger-

197 3893 459 3956 manica,
514 3898 677 3963 parte
729 3896 778 3958 l,
810 3908 938 3962 pag.
974 3895 1096 3947 372.
1129 3893 1320 3964 Neque
1349 3893 1783 3963 praetereundus
1814 3897 1898 3946 est

197 3982 465 4036 laudatus
506 3981 679 4035 etiam
757 3997 928 4051 supra
975 3981 1188 4051 Gaspar
1245 3981 1570 4048 Bruschius,
1626 3985 1782 4034 tomo
1828 3980 1898 4034 de

205 4069 554 4124 Honasteriis
604 4069 943 4136 Germanias,
987 4069 1108 4135 ubi,
1138 4085 1272 4140 pag.
1313 4072 1399 4124 87.
1435 4071 1680 4124 Montem
1713 4070 1900 4124 Mona-

201 4159 461 4224 chornm,
524 4158 592 4211 de
619 4174 763 4228 quos
809 4175 913 4212 nos
952 4159 1178 4213 abunde
1208 4159 1380 4213 locuti
1418 4175 1615 4212 sumus
1663 4159 1730 4212 ad
1763 4161 1897 4212 Acta

195 4248 229 4302 S
274 4247 506 4301 Ottonis
538 4246 628 4299 die
685 4247 932 4301 secunda
971 4247 1126 4314 Julii,
1179 4247 1524 4310 describens,
1558 4246 1666 4300 alia
1700 4246 1896 4300 obtru-

192 4338 292 4404 dit,
319 4337 521 4390 minus
551 4338 722 4389 etiam
755 4334 1069 4401 credibilia,
1097 4340 1160 4389 ut
1207 4335 1588 4389 diversissima
1622 4335 1716 4388 illa
1748 4335 1895 4406 ejus-

192 4427 320 4480 dem
387 4424 474 4477 rei
539 4423 920 4477 diversimode
999 4428 1242 4477 narrata).
1311 4423 1599 4493 adjuncta,
1651 4423 1897 4477 invitum

195 4516 375 4568 etiam
422 4513 738 4582 quemlibet
766 4513 836 4566 de
891 4513 1128 4566 veritate
1160 4511 1465 4583 ancipitem
1500 4513 1716 4568 haerere
1745 4529 1898 4566 com-

187 4604 434 4674 pellant.

263 4695 317 4745 9.
347 4689 841 4746 Claudicationem
891 4690 1160 4761 equidem
1211 4689 1474 4754 admitto,
1515 4693 1589 4751 at,
1609 4694 1674 4744 ut
1703 4705 1899 4743 verum

190 4781 400 4844 fatear,
464 4778 525 4831 in
580 4779 797 4832 nullam
849 4778 1222 4833 adductarum
1279 4795 1314 4832 a
1367 4778 1740 4849 scriptoribus
1791 4778 1902 4832 illis

195 4883 507 4922 causarum
563 4869 807 4921 multum
836 4868 1116 4933 inclinor;
1181 4867 1363 4938 magis
1420 4868 1647 4937 placent
1673 4883 1740 4921 ea
1769 4883 1898 4938 quae

192 4958 374 5011 habet
409 4957 700 5009 Browerus
732 4962 923 5010 noster
952 4957 1008 5010 in
1031 4955 1482 5027 Antiquitatibus
1507 4955 1900 5021 Fuldensibus,

195 5047 294 5101 lib.
352 5063 437 5112 ιιι,
495 5061 620 5116 cap.
673 5048 758 5112 l5,
793 5061 921 5116 pag.
956 5047 1080 5111 255,
1136 5045 1226 5099 his
1275 5045 1492 5098 verbis:
1531 5064 1556 5094 «
1607 5043 1704 5098 llic
1750 5045 1902 5099 idem

195 5135 479 5189 Henricus
559 5135 834 5203 (sanctus)
877 5150 978 5188 cur
1033 5133 1230 5188 Claudi
1289 5148 1608 5202 cognomen
1686 5131 1901 5199 tulerit,

197 5223 416 5294 inquiri
457 5224 642 5276 video.
700 5223 1008 5276 Nauclerus
1058 5223 1208 5276 fama
1269 5227 1567 5293 exceptum
1621 5220 1904 5290 perhibet,

199 5327 263 5363 ex
295 5311 526 5380 obiecto
559 5309 700 5379 Regi
750 5309 970 5362 caelitus
1013 5309 1132 5363 viso
1160 5309 1215 5362 id
1245 5308 1516 5372 evenisse,
1550 5323 1678 5361 cum
1713 5308 1907 5360 Romae

199 5400 258 5451 in
317 5397 562 5452 ecclesia
593 5397 655 5450 D.
690 5397 880 5451 Maria:
912 5397 1138 5466 Majoris
1191 5396 1477 5452 Christum
1507 5396 1719 5463 Jesum,
1752 5412 1908 5449 sum-

205 5502 360 5540 mum
427 5485 806 5551 sacerdotem,
882 5485 1052 5540 Matre
1110 5485 1562 5556 Sanctorumque
1638 5483 1907 5554 stipatum

2007 440 2314 509 Evangelio
2348 441 2603 507 recitato,
2638 441 2827 512 angeli
2884 459 3059 496 manu
3117 442 3328 498 librum
3361 443 3432 498 ad
3477 460 3535 498 se
3566 445 3699 498 ferri

2007 528 2168 593 vidit,
2203 531 2394 583 osculo
2427 530 2497 584 de
2529 547 2686 584 more
2714 530 3050 597 libandum;
3079 536 3250 602 atque
3282 549 3349 586 eo
3380 532 3438 586 in
3478 537 3700 587 ostento

1998 617 2207 698 vexiisse
2277 618 2346 672 de
2421 618 2628 671 mentis
2697 623 3000 689 potestate,
3075 620 3340 674 sensibus
3399 621 3694 674 alienatis:

2006 721 2252 776 cumque
2283 705 2418 776 quid
2461 723 2655 762 secum
2695 712 2962 778 ageretur
3004 707 3100 762 ille
3152 709 3385 779 quidem
3438 708 3696 775 nesciret,

2005 794 2295 860 angelum,
2364 795 2678 850 collaudata
2737 797 2859 865 ejus
2905 797 3198 866 pudicitia,
3249 803 3305 851 et
3355 797 3700 851 castimoniae

2006 883 2217 946 studio,
2242 883 2496 953 tetigisse
2538 901 2776 938 nervum
2809 885 3062 952 femoris,
3097 891 3268 956 atque
3295 885 3428 939 inde
3481 885 3698 939 claudi-

2006 987 2132 1024 care
2189 971 2444 1039 coepisse.
2503 974 2576 1026 At
2631 972 2957 1044 comperior
3012 974 3280 1044 equidem
3337 975 3397 1028 in
3449 974 3699 1028 ecclesiae

2007 1059 2304 1113 Fuldensis
2355 1060 2706 1114 membranis
2753 1062 2822 1115 iis
2870 1062 3080 1133 quibus
3131 1062 3527 1116 munificentia
3577 1063 3699 1133 ejus

2005 1147 2162 1217 regia
2203 1147 2562 1216 describitur,
2620 1149 2822 1220 primis
2865 1150 3144 1218 regnandi
3176 1150 3444 1216 exordiis,
3477 1167 3607 1204 cum
3641 1167 3699 1205 se

2005 1240 2291 1289 exerceret
2345 1240 2574 1301 venatu,
2635 1237 2944 1307 gravitera
3003 1240 3121 1291 fera
3177 1238 3453 1304 saucium,
3487 1255 3700 1293 nomen

2005 1323 2140 1378 inde
2175 1324 2440 1396 populari
2485 1324 2795 1395 jactatione
2853 1326 3125 1394 Du/fchols
3184 1327 3478 1396 (grallator
3514 1342 3607 1380 seu.
3633 1327 3697 1380 li-

2004 1426 2118 1479 gno
2177 1410 2427 1480 saliens),
2478 1411 2536 1464 id
2593 1417 2678 1464 est
2731 1412 2916 1466 claudi
2947 1413 3165 1467 tulisse.
3223 1414 3601 1477 Quamobrem
3633 1431 3697 1468 ex

2004 1499 2110 1553 hoc
2140 1499 2257 1553 fere
2289 1500 2520 1554 incursu
2573 1499 2918 1554 claudicasse
2962 1501 3172 1572 potius,
3223 1518 3351 1555 cum
3388 1503 3700 1571 majoribus

2004 1588 2233 1642 credere
2303 1589 2467 1642 liceat
2526 1587 2752 1660 [quam]
2812 1607 2876 1643 ex
2935 1590 3124 1661 angeli
3178 1595 3462 1654 contactu,
3515 1591 3560 1644 si
3617 1592 3699 1645 illi

2005 1677 2125 1730 viso
2196 1693 2298 1730 sua
2348 1678 2490 1731 fides
2543 1677 3002 1732 testiiicationem
3062 1679 3324 1732 retulisse
3380 1680 3699 1749 conjugalis

2004 1765 2364 1819 abstinentiae
2399 1765 2823 1836 pudicitiwque.
2866 1789 2887 1814 ι
2922 1766 3086 1822 Clara
3140 1766 3262 1820 haec
3309 1767 3478 1838 plana
3511 1775 3566 1822 et
3611 1784 3697 1822 sa-

2003 1869 2077 1906 na
2105 1860 2270 1908 sunt:
2301 1870 2487 1924 neque
2517 1870 2650 1907 vero
2698 1853 2975 1925 prodigiis
2998 1871 3141 1924 opus
3172 1856 3279 1909 fuit
3311 1861 3392 1920 ut,
3427 1856 3576 1926 quod
3608 1857 3700 1909 in-

2004 1948 2090 1996 ter
2129 1943 2398 1996 mortales
2456 1943 2597 1996 adeo
2633 1943 2866 1996 obvium
2899 1948 3000 2012 est,
3147 1944 3420 1998 Henricus
3453 1962 3518 1999 ex
3550 1950 3698 1999 recte

2005 2032 2302 2103 gradiente.
2355 2033 2587 2086 claudus
2640 2033 2991 2087 redderetur.
3049 2033 3186 2087 Hinc
3215 2034 3287 2087 ad
3337 2034 3522 2088 Sancti
3559 2042 3696 2090 aeta-

2005 2127 2141 2187 tem,
2164 2121 2384 2175 obitum
2416 2126 2471 2175 et
2497 2122 2710 2174 cultum
2741 2122 3163 2192 progredimur.

2007 2214 2032 2277 §
2066 2211 2132 2264 ll.
2168 2210 2356 2266 Sancti
2391 2215 2543 2271 aetas,
2587 2225 2760 2263 annus
2790 2217 2840 2264 et
2867 2211 2981 2264 dies
3007 2212 3204 2276 obitus,
3256 2214 3452 2282 cultus,
3501 2212 3694 2278 elogia.

2081 2303 2160 2353 t0.
2196 2302 2435 2354 ditatem
2469 2300 2522 2352 S.
2556 2299 2780 2352 Henrici
2817 2315 2919 2352 nec
2944 2299 3014 2352 ab
3043 2299 3358 2354 Adellioldo
3392 2316 3492 2354 nec
3525 2319 3556 2354 a
3585 2303 3700 2355 Dit-

2005 2406 2164 2442 maro
2214 2387 2396 2458 repeti
2453 2404 2618 2457 posse
2683 2388 3050 2458 perspicuum
3107 2394 3224 2453 est;
3282 2389 3489 2459 prioris
3544 2391 3699 2444 enim

2003 2476 2401 2547 imperfectum
2435 2481 2521 2529 est
2551 2492 2717 2546 Opus,
2750 2476 3014 2530 desinens
3061 2476 3119 2529 in
3147 2493 3295 2530 anno
3355 2479 3508 2544 100i,
3556 2479 3701 2533 alter

2002 2569 2195 2617 autem
2243 2564 2447 2617 Sancto
2505 2580 2621 2616 non
2674 2563 3007 2634 supervixit,
3060 2571 3406 2636 praemature
3462 2585 3492 2620 e
3561 2568 3699 2621 vivis

2003 2657 2231 2722 ereptus
2262 2667 2412 2703 anno
2449 2652 2602 2704 lOt8.
2636 2650 2945 2704 Monachus
2990 2668 3327 2722 auonymus,
3361 2671 3532 2723 quem
3561 2655 3698 2708 Vita:

2003 2740 2438 2809 qualiscumque
2470 2743 2760 2791 auctorem
2793 2739 3188 2808 supponimus,
3224 2755 3346 2811 cap.
3382 2745 3448 2795 30
3475 2742 3553 2795 sic
3586 2743 3695 2797 ait:

2008 2851 2033 2876 ‹‹
2070 2827 2342 2880 Defuncto
2393 2827 2583 2897 itaque
2616 2827 2941 2880 beatissimo
2974 2827 3073 2880 Dei
3106 2827 3319 2880 famulo
3351 2845 3503 2882 anno
3539 2832 3698 2898 regni

2006 2917 2092 2971 sui
2125 2933 2272 2980 xxiv,
2305 2915 2432 2968 vitae
2483 2933 2574 2980 Lll,
2617 2915 2845 2985 imperii
2893 2932 3024 2970 vero
3069 2931 3139 2980 ix,
3172 2938 3190 2963 ι»
3233 2922 3338 2970 etc.
3372 2920 3473 2970 Ast
3518 2919 3609 2972 hic
3641 2919 3698 2971 in

2006 3006 2194 3075 primo
2248 3005 2570 3058 charactere
2604 3011 2746 3069 erat,
2792 3020 2920 3058 cum
2959 3004 3148 3057 Sancti
3195 3005 3493 3059 exordium
3535 3013 3700 3061 antea

2007 3093 2332 3148 innexuerit
2387 3110 2538 3146 anno
2589 3094 2754 3159 1001;
2808 3109 3005 3146 verum
3064 3092 3132 3146 ab
3190 3109 3282 3146 vm
3340 3095 3470 3147 ldus
3518 3112 3613 3148 seu
3648 3113 3698 3150 vi

2003 3183 2157 3237 Junii
2217 3183 2350 3235 1002
2411 3182 2479 3234 ad
2533 3181 2685 3234 diem
2744 3181 2933 3234 obitus
2985 3198 3078 3236 xm
3137 3199 3233 3235 seu
3269 3200 3356 3235 ιιι·
3402 3183 3536 3237 Julii
3585 3201 3697 3238 non

2005 3275 2194 3341 potest
2223 3269 2460 3340 reperiri
2495 3269 2598 3322 nisi
2651 3285 2837 3322 annus
2875 3285 3011 3322 χχιιι
3062 3270 3403 3334 inchoatus;
3438 3271 3702 3342 quocirca

2005 3360 2076 3413 ab
2106 3358 2232 3412 aliis
2263 3358 2510 3411 rotundo
2534 3374 2775 3411 numero
2805 3357 2992 3411 solum
3018 3374 3287 3428 regnasse
3305 3360 3514 3412 dicitur
3535 3361 3702 3414 annis

2006 3466 2139 3514 xxu,
2173 3453 2234 3500 ut
2268 3447 2584 3517 lmperator
2604 3463 2740 3500 vero
2787 3447 2953 3500 annis
2982 3463 3048 3501 x:
3099 3463 3227 3517 qua:
3288 3447 3483 3502 omnia
3539 3448 3699 3503 facile

2005 3539 2438 3608 intelliguntur:
2511 3551 2624 3590 non
2681 3536 2818 3590 item
2875 3537 3031 3606 quod
3101 3542 3359 3590 mortuus
3425 3537 3498 3590 sit
3548 3554 3700 3592 anno

2008 3644 2180 3691 nxxu,
2212 3627 2294 3680 uti
2321 3626 2513 3696 plures
2542 3625 2816 3694 scripsere
2847 3641 2990 3695 quos
3031 3625 3122 3678 hic
3177 3624 3414 3679 recitare
3443 3642 3559 3679 non
3602 3642 3698 3680 va-

2005 3720 2114 3782 cat,
2146 3715 2358 3770 nedum
2407 3713 2674 3777 refutare,
2727 3730 2839 3767 non
2891 3713 3072 3784 magis
3115 3729 3288 3784 quam
3343 3714 3486 3768 alios
3533 3717 3700 3786 regni

2005 3804 2168 3858 initia
2198 3804 2440 3872 ligentes
2463 3818 2612 3854 anno
2645 3801 2970 3855 millesimo.
3006 3801 3275 3855 Omnium
3310 3801 3489 3856 instar
3510 3803 3602 3857 hic
3628 3805 3699 3858 sit

2007 3898 2202 3946 auctor
2255 3891 2392 3943 Vitae
2453 3889 2506 3942 S.
2572 3888 2888 3943 ltleinwerci
2939 3888 2998 3941 in
3063 3894 3258 3942 nostra
3309 3889 3582 3959 editione,
3628 3893 3695 3946 ad

2007 3981 2157 4034 diem
2190 3978 2413 4044 vJunii,
2443 3993 2565 4047 cap.
2596 3979 2678 4042 t3,
2713 3993 2873 4030 num.
2903 3975 3383 4045 tOt,ubidicitur:
3426 4002 3444 4027 σί
3469 3979 3523 4032 S.
3558 3980 3699 4033 Hen-

2008 4069 2155 4123 ricus
2186 4083 2316 4121 cum
2358 4065 2535 4120 totius
2574 4065 3014 4120 Christianitatis
3068 4064 3457 4120 intestimabili
3486 4083 3698 4122 moero-

2009 4174 2068 4210 re
2092 4173 2242 4210 anno
2265 4155 2392 4208 vitro
2438 4171 2554 4208 suae
2593 4171 2688 4216 ιιι,
2745 4153 2908 4225 regni
2958 4170 3088 4219 xxu,
3124 4154 3351 4224 imperii
3400 4171 3454 4221 χ,
3504 4157 3697 4210 Domi-

2008 4245 2150 4300 nicm
2198 4243 2615 4298 lncarnationis
2647 4259 2811 4297 nxxnv
2861 4242 3202 4311 defunctus;
3235 4267 3259 4288 ››
3322 4243 3476 4314 quod
3533 4243 3700 4316 plane

2008 4334 2305 4388 conﬁrmat
2361 4331 2844 4402 Chronographus
2889 4329 3031 4384 Saxo
3090 4331 3160 4384 ad
3213 4330 3427 4384 dictum
3485 4349 3699 4386 annum

2012 4425 2167 4488 1024,
2199 4427 2256 4475 et
2282 4421 2544 4475 terminis
2596 4420 2768 4489 paulo
2817 4418 3266 4489 expressioribus
3310 4419 3556 4476 Annales
3586 4422 3700 4475 [lil-

2008 4513 2389 4575 desemenses,
2413 4525 2659 4580 quorum
2689 4508 2749 4562 hi
2782 4512 2916 4561 sunt
2945 4507 3328 4561 characteres:

2085 4604 2166 4654 tl.
2232 4619 2258 4650 ‹‹
2315 4615 2500 4663 nxxrv,
2564 4597 2762 4652 Indict.
2827 4614 2924 4651 vn.
2991 4596 3326 4650 lleinrichus
3384 4597 3706 4668 lmperator

2013 4688 2376 4743 Nativitatem
2449 4686 2655 4741 Christi
2714 4685 3066 4756 Babenberg,
3119 4686 3332 4739 Pascha
3389 4687 3703 4740 Partheno-

2010 4775 2150 4847 poli,
2186 4777 2558 4830 Pentecosten
2589 4790 2723 4827 vero
2753 4773 2982 4826 Goslare
3029 4773 3344 4827 honorifice
3378 4774 3701 4828 celebravit.

2011 4866 2119 4930 Qui
2149 4871 2345 4937 postea
2402 4866 2594 4919 Gruna
2639 4862 2814 4926 venit,
2859 4867 2916 4916 et
2959 4859 3040 4915 ibi
3087 4861 3364 4932 languore
3413 4867 3708 4931 correptus

2014 4953 2315 5019 decubuit;
2363 4959 2420 5006 et
2475 4967 2605 5005 cum
2659 4950 2833 5004 totius
2862 4949 3028 5020 regni
3080 4965 3322 5003 mmrore
3366 4947 3466 5002 ah!
3510 4950 3609 5004 ah!
3649 4966 3704 5002 ιιι

2015 5043 2146 5097 ldus
2171 5041 2304 5096 Julii
2333 5039 2629 5094 hominem
2660 5039 2957 5110 deposuit:
3000 5038 3095 5092 sed
3127 5053 3238 5091 xxu
3267 5035 3452 5103 annis,
3497 5036 3708 5091 hebdo-

2016 5131 2197 5187 madis
2226 5147 2258 5182 v
2285 5135 2343 5184 et
2391 5145 2505 5182 uno
2536 5128 2626 5183 die
2660 5128 2936 5199 regnavit.
2969 5127 3173 5181 Anima
3224 5124 3347 5194 ejus
3392 5126 3710 5197 requiescat

2017 5221 2072 5274 in
2102 5235 2258 5290 pace.
2323 5220 2426 5274 Det
2454 5217 2716 5288 requiem
2773 5218 2979 5270 animus
3040 5213 3138 5284 qui
3181 5218 3380 5268 cuncta
3429 5215 3710 5286 gubernat

2017 5306 2250 5377 ubique.
2285 5330 2310 5354 ››
2346 5307 2552 5360 Rectus
2603 5311 2687 5359 est
2715 5303 2986 5367 calculus,
3046 5301 3287 5355 exclusis
3319 5301 3409 5357 die
3450 5319 3502 5356 Vt
3530 5304 3706 5372 Junii,

2018 5411 2132 5466 quo
2179 5411 2273 5449 rex
2328 5394 2664 5448 declaratus.
2711 5394 2768 5444 et
2813 5405 2911 5442 xui
2964 5389 3124 5457 Julii,
3185 5406 3301 5461 quo
3337 5391 3454 5444 vita
3483 5391 3710 5446 functus

2021 5487 2144 5549 est;
2178 5484 2482 5552 supersunt
2535 5479 2685 5533 enim
2723 5477 2842 5531 dies
2872 5494 3052 5534 xxxvi.
3095 5478 3192 5549 qui
3229 5495 3331 5550 per
3378 5483 3596 5549 septem
3620 5479 3708 5534 di-
