4058 6216
389 307 452 359 15

1688 302 1745 357 S.
1796 301 2078 358 HENRICI
2121 301 2587 372 IMPERATOBIS

3828 307 3887 355 Ili

379 429 481 483 visi
516 430 682 500 pleno
739 445 981 483 numero
1031 428 1273 484 reddunt
1305 427 1693 482 hebdomadas
1741 428 1996 497 quinque
2023 430 2081 479 et
2119 430 2158 480 A
2193 427 2298 481 hac
2329 428 2631 498 receptiori
2677 426 3001 482 celebritate
3033 426 3371 481 illustranda
3423 425 3768 493 censuimus,
3823 443 3888 479 ea

379 519 526 572 diem
578 534 777 571 unum.
811 523 991 589 Atque
1021 519 1141 572 hth
1183 518 1415 588 quidem
1464 517 1599 569 satis
1643 516 1836 584 pervia
1874 521 1929 568 et
1976 515 2075 567 ob—

377 605 464 658 via
517 613 664 668 sunt,
711 607 1067 676 habeturque
1103 612 1222 660 tota
1255 607 1383 659 vita:
1434 605 1704 675 periodus
1761 604 1830 657 ad
1860 620 2074 657 annum

377 693 558 746 (etatis
616 694 1159 765 quinquagesimum
1214 693 1525 747 secundum
1559 692 1856 760 producta,
1898 699 1954 744 et
1985 709 2074 744 re-

375 781 645 850 trogrado
705 782 907 834 ordine
970 781 1324 834 numerando
1372 779 1634 848 tigendus
1697 779 1933 831 omnino
1991 784 2079 832 est

379 883 564 920 annus
606 867 919 920 nativitatis
975 873 1103 920 ante
1155 882 1410 919 mensem
1461 866 1694 918 Junium
1746 881 2072 919 necccmxu.

376 955 467 1009 Sic
523 956 698 1025 igitur
737 955 1047 1009 rectissime
1078 955 1132 1008 in
1194 954 1478 1007 annotatis
1509 954 1577 1007 ad
1619 955 1756 1006 Vitae
1789 953 2075 1023 praedicta:

377 1061 496 1113 cap.
532 1046 598 1098 30
624 1045 968 1114 computavit
1001 1045 1290 1097 Gretserus
1341 1043 1397 1095 in
1433 1043 1581 1095 hunc
1611 1043 1882 1094 modum:
1916 1063 1935 1089 ε
1969 1043 2076 1094 Μυ·

379 1134 524 1186 ritur
584 1134 895 1203 Imperator
924 1132 1196 1185 Henricus
1255 1148 1404 1183 anno
1435 1147 1622 1195 uxxw,
1665 1147 1723 1182 ιιι
1758 1130 1887 1183 I.lus
1915 1129 2072 1183 Julii.

380 1221 553 1274 Natus
585 1228 667 1274 est
698 1238 846 1273 anno
879 1236 1178 1273 neccccxxn
1215 1219 1538 1271 Betis-bonae
1567 1238 1592 1267 ι)
1643 1217 1851 1287 (locum
1895 1218 2074 1272 alium

376 1325 488 1362 non
518 1311 716 1379 procul
777 1310 905 1362 inde
932 1309 1212 1372 dissituui,
1247 1307 1622 1369 Abudiaenni,
1660 1307 1870 1358 notavit
1893 1307 2072 1359 Itide-

373 1413 470 1450 rus
524 1399 648 1450 loco
717 1413 888 1464 supra
939 1394 1128 1462 citato)
1160 1416 1177 1439 α
1236 1394 1419 1463 pridie
1481 1395 1667 1446 Nonas
1723 1394 1870 1456 Maii,
1915 1401 1974 1447 ut
2006 1411 2071 1448 ex

378 1486 630 1538 Ditmaro
677 1489 835 1536 notat
868 1484 1152 1536 Fabricius
1205 1482 1264 1534 in
1324 1482 1655 1550 Originibus
1699 1483 2006 1536 SﬂXtinlCIS.
2047 1506 2067 1530 ι

377 1573 606 1626 Frustra
656 1572 745 1624 hic
799 1572 1062 1640 pluribus
1095 1569 1363 1624 discutias
1413 1571 1565 1639 quod
1597 1571 1654 1622 in
1684 1571 1922 1624 dubium
1960 1587 2070 1624 non

375 1665 694 1714 revocatur.

449 1750 531 1800 12.
572 1749 644 1800 De
676 1747 767 1800 die
799 1745 987 1800 obitus
1037 1745 1408 1816 quaestionem
1453 1762 1677 1799 movere
1710 1751 1939 1815 possent
1967 1763 2074 1799 au-

373 1838 550 1889 ctaria
580 1836 896 1889 Usuardina
927 1841 984 1887 et
1028 1835 1344 1887 recentiora
1391 1833 1784 1904 Martyrologiu
1817 1835 1874 1888 in
1931 1852 2074 1904 quo-

372 1941 499 1978 rum
533 1924 821 1994 aliquibus
852 1925 1113 1992 signatur
1142 1923 1197 1976 S.
1256 1923 1530 1976 Henricus
1566 1939 1622 1976 ιιι
1660 1925 1811 1988 Idus,
1856 1923 1916 1976 in
1947 1924 2074 1976 aliis

372 2013 555 2082 pridie
590 2013 738 2074 Idus,
781 2027 894 2080 quo
927 2012 1349 2081 expressissime
1401 2016 1645 2065 refertur
1695 2013 1752 2064 in
1795 2012 2072 2065 hodierno

376 2102 665 2154 Romano:
698 2121 725 2148 ‹‹
777 2100 1125 2168 Bamhergze,
1181 2099 1361 2152 sancti
1415 2100 1636 2153 Henrici
1685 2099 1854 2170 primi
1888 2101 2072 2168 Impe-

372 2189 587 2243 ratoris,
629 2191 886 2258 quicum
924 2203 1094 2240 uxore
1145 2203 1246 2239 sua
1293 2189 1687 2257 Chunegunde
1734 2195 2072 2257 perpetuam

372 2277 757 2346 virginitatem
817 2275 1076 2340 servavit,
1129 2281 1185 2327 et
1231 2282 1489 2328 sanctum
1520 2276 1873 2344 Stephanum
1916 2276 2069 2328 Hun-

370 2379 639 2434 garorum
690 2379 882 2433 regem
913 2380 1042 2415 cuni
1100 2363 1364 2415 universo
1395 2363 1512 2416 fere
1535 2364 1656 2433 ejus
1706 2379 1881 2433 regno
1904 2365 1970 2415 ad
2004 2363 2070 2416 ti-

369 2453 500 2505 dem
553 2452 763 2506 Ciiristi
821 2451 1243 2520 suscipiendam
1275 2451 1560 2521 perduxit,
1604 2451 1768 2520 cujus
1800 2452 2072 2504 festivitas

370 2541 462 2593 die
512 2539 772 2609 sequenti
800 2539 1140 2602 celebratur,
1187 2560 1208 2585 ι
1242 2544 1304 2592 ut
1336 2539 1573 2608 proinde
1630 2555 1697 2592 eo
1726 2540 1817 2593 die
1853 2543 2066 2593 morta-

367 2628 586 2680 litatem
636 2628 857 2679 exuisse
918 2630 1085 2696 plane
1131 2634 1450 2680 censeatur.
1511 2630 1580 2680 At
1637 2644 1740 2696 pro
1783 2628 2066 2692 Gretscro,

366 2723 578 2786 preter
607 2717 875 2786 antiquos
905 2716 1346 2785 scriptoresjam
1389 2732 1560 2786 supra
1590 2716 1869 2784 laudatos,
1898 2715 2070 2769 alios-

369 2820 499 2874 que,
535 2820 681 2874 quos
721 2820 1018 2857 recensere
1048 2805 1404 2874 superfluum
1457 2804 1678 2874 judico,
1710 2803 1841 2857 facit
1871 2805 2068 2858 eadem

371 2892 425 2944 S.
457 2891 770 2945 Meiuwerci
803 2891 944 2956 Vita,
1002 2893 1125 2944 loco
1180 2892 1348 2946 citato
1393 2893 1498 2945 hoc
1547 2891 1903 2962 epitaphium
1935 2892 2072 2946 refe-

369 2995 530 3032 rens:

441 3111 641 3164 Henric
673 3114 962 3182 Augustus
991 3112 1267 3166 virtutum
1300 3112 1558 3182 germine
1574 3112 1783 3182 justus,

511 3201 640 3254 Haac
663 3205 848 3254 servat
878 3201 1039 3270 cujus
1069 3200 1284 3254 viscera
1314 3201 1494 3271 putris
1525 3201 1768 3265 humus;

439 3288 720 3358 Splendor
771 3295 894 3342 erat
939 3290 1149 3358 legum,
1186 3292 1501 3359 speculum,
1562 3290 1680 3354 lux,
1721 3305 2063 3360 gemmaque

509 3377 591 3431 Ad
623 3379 793 3432 caelos
814 3377 972 3441 abiit,
1008 3394 1122 3431 non
1146 3377 1397 3431 moriens
1429 3378 1589 3432 obiit.
1812 3377 2062 3449 [regum,

440 3466 632 3520 Idibus
657 3466 717 3518 in
736 3466 914 3519 ternis
947 3473 1246 3520 vexantem
1279 3467 1534 3536 pondera
1559 3467 1746 3520 carnis

506 3553 690 3606 Julius
727 3554 978 3607 aethereo
1009 3560 1333 3624 sumpserat
1361 3555 1623 3624 imperio.

444 3699 526 3750 t3.
561 3698 690 3749 Haec
734 3695 895 3749 litem
925 3711 1155 3750 omnem
1189 3711 1421 3765 prorsus
1464 3695 1732 3749 dirimere
1779 3696 2062 3764 videntur,

369 3783 647 3854 quidquid
708 3784 768 3836 in
818 3784 987 3837 variis
1041 3785 1179 3837 locis
1259 3784 1444 3836 cultus
1499 3783 1733 3836 fortasse
1786 3784 1959 3838 fuerit
2006 3785 2058 3840 S.

371 3873 644 3924 Henricus
673 3887 762 3924 xxv
791 3871 947 3937 Julii,
982 3887 1154 3941 quem
1206 3873 1551 3924 recentiores
1595 3872 1805 3940 passim
1865 3888 2063 3926 omnes

368 3959 626 4013 unanimi
655 3976 934 4013 consensu
965 3976 1032 4012 eo
1074 3960 1165 4012 die
1191 3959 1557 4019 annuntiant,
1599 3965 1655 4012 et
1683 3975 1784 4012 nos
1834 3959 1968 4012 alibi
1993 3961 2061 4014 ad

367 4047 518 4100 hunc
551 4048 739 4118 ipsum
772 4048 854 4101 vel
890 4047 956 4100 ad
992 4054 1326 4118 sequentem
1357 4063 1425 4098 xv
1467 4046 1662 4098 omnia
1697 4046 1765 4099 ad
1794 4045 2062 4098 Sanctum

368 4138 678 4206 spectantia
754 4137 1101 4199 remisimus,
1188 4135 1504 4188 secundum
1589 4134 1823 4187 citatum
1891 4135 2062 4187 modo

2106 1704 2145 1756 Β

2191 531 2317 584 quas
2347 516 2414 569 ad
2437 517 2558 583 ejus
2595 524 2753 587 gesta
2804 523 2859 570 et
2898 517 3117 569 cultum
3149 516 3436 586 pertinent
3474 515 3564 569 hic
3622 532 3886 585 prosecu-

2188 602 2322 668 turi,
2359 605 2665 673 praemissis
2698 605 2934 658 Usuardi
2961 605 3251 657 nonnullis
3291 604 3559 657 auctariis
3588 603 3646 657 in
3679 605 3890 674 quibus

2189 699 2246 744 et
2275 708 2369 745 xui
2395 698 2450 745 et
2475 708 2562 744 xxv
2591 693 2726 745 Julii
2774 693 3114 746 collocatum
3168 692 3515 752 invenimus,
3565 708 3696 746 nam
3738 692 3889 763 apud

2187 781 2541 850 antiquiores
2599 781 2755 833 nulla
2819 787 3035 833 exstare
3093 781 3281 850 potuit
3355 779 3632 833 memoria
3683 780 3886 840 Sancti,

2187 875 2358 939 quem
2395 870 2606 922 scimus
2649 869 2954 922 undecimo
3005 869 3252 939 primum
3282 871 3489 922 saeculo
3542 868 3610 921 ad
3643 868 3890 940 Superos

2187 959 2459 1010 emlasse.

2262 1048 2342 1099 14.
2421 1046 2495 1098 De
2551 1050 2755 1099 caetero
2809 1045 2943 1098 satis
2994 1051 3211 1100 certum
3271 1050 3354 1098 est
3419 1045 3686 1116 inclytam
3744 1045 3889 1098 adeo

2184 1134 2378 1200 fuisse,
2428 1139 2482 1188 et
2515 1151 2617 1203 per
2653 1140 2835 1188 totum
2867 1135 3063 1188 orbem
3103 1134 3442 1188 catholicum
3500 1135 3888 1205 percrebuisse

2184 1222 2239 1276 S.
2279 1223 2504 1276 IIenrici
2533 1223 2829 1284 virtutum,
2855 1222 3078 1292 pietatis
3127 1228 3182 1275 et
3214 1223 3621 1275 miraculorum
3653 1223 3889 1288 famam,

2183 1316 2248 1364 ut
2279 1326 2396 1364 non
2427 1309 2525 1362 diu
2557 1315 2686 1379 post
2715 1310 2933 1363 obitum
2990 1327 3095 1380 pro
3149 1310 3352 1362 Sancto
3399 1310 3596 1362 haberi
3655 1312 3892 1379 cmperit

2183 1399 2409 1468 colique
2466 1415 2494 1449 a
2547 1398 2830 1462 fidelibus,
2892 1398 3211 1467 praesertim
3260 1415 3288 1450 a
3349 1398 3886 1467 Bambergensibus,

2185 1503 2330 1557 quos
2359 1485 2630 1538 continuo
2663 1487 2930 1539 institisse
2992 1486 3272 1550 existimo,
3330 1493 3394 1539 ut
3437 1487 3704 1540 fundator
3753 1503 3891 1539 suus

2184 1575 2245 1628 in
2293 1575 2542 1628 coalitum
2599 1575 2791 1626 album
2843 1576 3166 1628 referretur.
3229 1575 3502 1644 quamvis,
3554 1581 3614 1627 ut
3670 1576 3753 1640 fit,
3814 1576 3890 1628 ob

2184 1663 2338 1715 varia
2371 1659 2704 1728 incidentia,
2757 1677 2846 1714 res
2896 1662 2953 1715 in
3007 1665 3266 1732 proxime
3322 1678 3567 1733 sequens
3612 1664 3888 1716 saeculum

2184 1749 2358 1802 dilata
2389 1749 2597 1802 fuerit:
2643 1766 2758 1820 quo
2819 1751 3164 1803 intermedio
3213 1757 3471 1819 tempore
3528 1749 3588 1803 in
3627 1766 3731 1802 usu
3765 1766 3892 1803 esse

2183 1837 2498 1907 potuerint,
2554 1854 2696 1907 quas
2747 1838 2884 1890 olim
2957 1838 3254 1908 descripsit
3311 1844 3504 1890 noster
3546 1838 3887 1906 Januingus.

2187 1927 2415 1980 «Missa:
2469 1927 2738 1996 speciales
2773 1947 2791 1972 ι
2844 1942 2947 1994 pro
3008 1927 3214 1979 sanctis
3247 1926 3565 1996 virginibus
3630 1928 3892 1997 conjugi-

2180 2014 2286 2068 bus
2341 2014 2611 2068 celebrari
2661 2015 2864 2078 solitae,
2921 2031 3165 2084 quarum
3226 2015 3314 2068 hm
3362 2021 3494 2067 sunt
3553 2015 3887 2069 orationes:

2185 2125 2208 2151 ι
2242 2102 2575 2172 Propitiare,
2610 2118 2960 2172 quaesumus,
2998 2104 3255 2169 Domine,
3299 2103 3510 2155 animae
3566 2103 3768 2157 famuli
3800 2106 3892 2158 tui

2182 2191 2426 2255 Henrici,
2462 2200 2518 2244 et
2555 2196 2758 2261 praesta
2789 2196 2870 2253 ut,
2920 2191 3020 2260 qui
3071 2191 3140 2244 de
3171 2191 3285 2243 tuis
3317 2191 3484 2244 donis
3533 2191 3594 2244 in
3621 2193 3728 2245 hoc
3759 2193 3889 2245 loco

2179 2280 2447 2349 pervigili
2479 2296 2616 2333 cura
2649 2278 2868 2333 nomini
2909 2284 3007 2332 tuo
3037 2278 3374 2349 quotidiana
3402 2280 3745 2349 praeparavit
3775 2281 3886 2334 ob-

2180 2367 2396 2437 sequia,
2460 2373 2733 2436 perpetua
2763 2381 2894 2420 cum
2950 2366 3166 2420 Sanctis
3196 2365 3413 2435 perfrui
3446 2371 3732 2420 mereatur
3778 2368 3890 2421 ΙεΡ-

2178 2455 2322 2508 titia.
2357 2457 2464 2509 Per
2514 2456 2671 2508 Dom.
2710 2478 2730 2502 ι»
2765 2454 2989 2508 Secreta
3018 2470 3030 2507 :
3064 2472 3092 2503 «
3123 2455 3274 2507 Hanc
3301 2455 3668 2508 oblationem.
3716 2471 3890 2524 qua!-

2179 2559 2397 2605 sumus,
2425 2543 2684 2604 Domine,
2720 2549 2779 2595 ut
2810 2543 2860 2595 ei
2892 2543 2962 2596 ad
3000 2542 3243 2595 salutem
3278 2542 3592 2612 proveniat,
3625 2543 3791 2610 cujus
3826 2545 3886 2597 in

2180 2632 2285 2685 hoc
2341 2633 2464 2686 loco
2523 2632 2820 2701 stipendiis
2867 2638 3063 2686 nostra
3120 2631 3223 2685 tibi
3301 2630 3541 2684 servitus
3617 2639 3889 2700 vegetata

2182 2720 2486 2774 ministrat.
2522 2739 2549 2771 ι)
2614 2719 3094 2784 Postcommunio,
3139 2725 3270 2784 etc,
3303 2719 3568 2773 eumdem
3600 2727 3883 2789 spectant.

2181 2808 2373 2862 Oratio
2423 2809 2494 2862 de
2549 2813 2743 2861 sancta
2800 2808 3149 2877 Cunegunde
3192 2807 3272 2860 ita
3325 2808 3527 2862 habet:
3567 2829 3587 2855 ‹
3641 2809 3884 2870 Praesta,

2181 2913 2529 2966 quaesumus,
2578 2897 2942 2965 omnipotens
2972 2897 3138 2961 Deus,
3173 2903 3238 2950 ut
3279 2896 3472 2950 anima
3503 2897 3733 2950 famulae
3763 2901 3885 2949 tua!

2108 2981 2148 3034 C
2189 2986 2615 3056 Chunegundm,
2667 2985 2924 3038 omnium
2971 2990 3332 3054 peccatorum
3379 3001 3611 3038 suorum
3637 2985 3889 3039 nexibus

2175 3073 2453 3142 absoluta,
2513 3089 2642 3126 cum
2691 3074 2958 3126 omnibus
2987 3073 3207 3127 Sanctis
3273 3073 3386 3126 tuis
3414 3079 3689 3143 perpetua
3740 3090 3880 3143 per-

2173 3162 2283 3215 frui
2337 3167 2622 3216 mereatur
2678 3161 2947 3227 laetitia,»
2981 3167 3086 3215 etc.
3145 3163 3220 3215 Ex
3254 3161 3462 3231 quibus
3513 3167 3662 3216 certe
3719 3168 3887 3231 patet

2174 3248 2516 3302 abstinuisse
2549 3265 2649 3320 per
2677 3249 2730 3303 id
2765 3255 2992 3320 tempus
3043 3249 3166 3319 pios
3197 3249 3432 3304 clientes
3462 3267 3494 3303 a
3534 3250 3884 3304 Sanctorum

2172 3337 2484 3390 honoribus
2542 3337 2678 3407 ipsis
2721 3336 3063 3391 deferendis.
3136 3337 3328 3408 Neque
3389 3338 3713 3392 verosimile
3767 3346 3882 3404 est,

2172 3432 2303 3480 ante
2351 3425 2838 3480 canonizationein
2893 3425 2947 3480 S.
3021 3426 3246 3480 Henrici
3290 3443 3501 3480 nomen
3561 3427 3618 3480 in
3682 3443 3887 3481 sacros

2178 3516 2366 3569 Festos
2396 3516 2638 3568 relatum
2684 3514 2876 3580 fuisse,
2935 3518 2990 3567 et
3042 3515 3230 3584 primo
3284 3514 3520 3585 quidem
3565 3531 3664 3568 xm
3712 3515 3882 3585 Julii,

2172 3603 2376 3657 deinde
2433 3619 2540 3670 xiv,
2596 3607 2658 3656 ut
2709 3604 2895 3672 palam
2940 3601 3154 3664 facient,
3191 3603 3454 3672 exempla
3510 3602 3602 3655 hic
3650 3602 3884 3656 subne-

2173 3692 2394 3745 ctenda.

2250 3784 2331 3834 l5.
2367 3809 2434 3821 —
2462 3781 2616 3834 Inter
2647 3779 2868 3833 codices
2891 3785 3120 3833 nostros
3150 3779 3197 3832 is
3219 3778 3316 3850 qui
3343 3778 3411 3832 de
3445 3798 3471 3828 α
3502 3783 3696 3832 sancto
3725 3779 3882 3832 ﬂen-

2174 3868 2287 3921 rico
2317 3885 2415 3922 xui
2445 3888 2472 3919 ››
2528 3867 2663 3922 Julii
2717 3869 2938 3937 primus
2979 3867 3256 3930 meminit,
3317 3872 3402 3920 est
3445 3867 3886 3936 Hagenoyensis

2173 3956 2232 4009 in
2255 3957 2557 4010 Germania
2610 3955 2875 4025 scriptus,
2943 3956 3029 4010 his
3062 3954 3283 4008 verbis:
3318 3977 3337 4001 α
3397 3955 3458 4008 In
3509 3955 3883 4023 Babenberg,

2174 4045 2353 4097 sancti
2410 4044 2635 4097 Henrici
2702 4043 3069 4114 Imperatoris
3121 4043 3478 4097 confessoris.
3533 4063 3559 4090 ››
3639 4043 3885 4097 Brevius

2172 4131 2460 4186 Matricula
2511 4132 2825 4186 Carthusiaa
2879 4131 3346 4198 Ultrajectimezu
3410 4131 3629 4185 Henrici
3677 4132 3885 4201 impe-

368 4221 831 4290 Martyrologium
888 4223 1228 4285 Romanum,
1262 4221 1321 4273 in
1371 4235 1484 4290 quo
1521 4220 1705 4285 hodie,
1738 4219 1809 4273 ob
1849 4220 2058 4272 solem-
2092 4233 2134 4286 ι)
2175 4220 2394 4272 ratoris.
2437 4241 2454 4266 ι
2508 4219 2771 4288 Elogium
2804 4219 3168 4272 concinnavit
3198 4219 3381 4273 Editio
3434 4219 3672 4272 Lubeco-
3703 4219 3883 4274 Colo—

367 4313 498 4364 nius
527 4312 582 4364 S.
636 4310 1041 4363 Bonaventurae
1085 4309 1313 4371 festum,
1358 4308 1618 4362 Officium
1652 4307 1830 4361 sancti
1873 4308 2058 4378 Impe-

368 4401 573 4454 ratoris
604 4399 844 4452 dilatum
897 4403 980 4451 est
1009 4397 1076 4452 ad
1108 4397 1439 4460 praedictam
1473 4412 1566 4464 xv,
1614 4396 1767 4465 quod
1819 4396 2054 4465 proprio

368 4488 460 4541 die
483 4487 685 4557 reponi
711 4485 1007 4540 commode
1039 4502 1155 4539 non
1195 4486 1492 4555 potuisset,
1540 4500 1667 4536 cum
1700 4485 1760 4538 S.
1799 4484 2055 4536 Anacleti

367 4576 666 4629 festivitate
732 4574 1096 4646 impediatur.
1155 4574 1262 4638 Qui
1321 4572 1585 4626 acciderit
1642 4579 1699 4624 ut
1750 4571 2056 4625 invSancti

365 4665 544 4718 natali
595 4663 982 4734 consignando
1050 4660 1391 4714 variaverint
1421 4659 1843 4728 Martyrologia,
1889 4665 2056 4713 bom—

365 4758 591 4822 pertum
622 4752 888 4822 equidem
933 4766 1047 4802 non
1073 4749 1277 4813 habeo,
1316 4753 1392 4812 at,
1429 4747 1539 4799 nisi
1574 4748 1818 4800 multum
1869 4748 2053 4816 fallor,

363 4843 600 4896 modum
633 4855 862 4894 omnem
916 4838 974 4890 in
1008 4853 1073 4889 ea
1121 4836 1452 4890 difﬁcultate
1499 4842 1889 4889 occurrentem
1924 4838 2057 4890 satis

361 4931 619 5002 apposite
667 4925 918 4981 dissolvit
976 4925 1075 4995 qui
1122 4924 1175 4977 S.
1231 4923 1534 4977 Henricum
1582 4923 1786 4978 obiisse
1835 4925 2059 4995 scripsit

362 5020 484 5090 ipsa
515 5022 677 5072 nocte
707 5016 858 5068 inter
887 5029 983 5065 xm
1016 5017 1071 5065 et
1099 5027 1186 5064 xw
1215 5011 1348 5066 Julii
1396 5012 1832 5079 intercurrente,
1885 5014 1961 5066 sic
1995 5021 2058 5068 ut

363 5124 502 5160 ansa
558 5105 692 5158 inde
741 5101 1010 5155 facillime
1060 5106 1286 5171 accepta
1344 5099 1417 5154 sit
1455 5100 1708 5154 diversos
1750 5102 1872 5172 ejus
1901 5106 2054 5156 tran-

362 5195 494 5249 situi
524 5193 644 5247 dies
671 5189 1034 5260 assignandi;
1091 5189 1201 5243 nisi
1250 5189 1396 5243 forte
1443 5190 1768 5244 solemnitas
1821 5192 2056 5245 canoni-

363 5281 622 5346 zationis,
655 5285 752 5332 aut
789 5279 981 5348 aliqua
1005 5277 1117 5331 alia
1167 5278 1315 5331 ratio
1372 5277 1770 5332 intervenerit.
1833 5278 2058 5331 Utcum-

362 5387 473 5443 que
498 5385 630 5424 vero
688 5367 743 5422 id
775 5367 987 5421 factum
1018 5365 1209 5433 fuerit,
1270 5366 1496 5420 tametsi
1553 5366 1831 5419 hodierna
1866 5366 2054 5420 Sancti

362 5460 691 5516 solemnitas
736 5458 807 5512 ab
868 5457 1127 5518 Ecclesia,
1163 5455 1248 5510 uti
1297 5455 1564 5515 diximus,
1623 5454 1713 5508 die
1769 5455 2051 5526 sequenti,

361 5567 457 5603 seu
497 5565 584 5613 xv,
616 5549 719 5602 hoc
747 5553 1005 5618 tempore
1058 5551 1384 5599 constanter
1433 5544 1734 5609 recolatur,
1769 5549 1896 5598 Acta
1930 5547 2052 5614 eius

2172 4308 2407 4360 niensis:
2447 4327 2473 4355 ‹
2507 4307 2570 4360 In
2619 4306 2844 4360 civitate
2902 4307 3379 4377 Babenbergensi,
3431 4305 3709 4376 depositio
3742 4323 3886 4361 san-

2168 4395 2240 4448 cti
2279 4395 2499 4448 Henrici
2565 4395 2930 4464 Imperatoris
2979 4394 3468 4457 Christianissimi,
3511 4394 3612 4464 qni
3661 4410 3884 4463 regna-

2164 4484 2244 4536 vit
2307 4500 2416 4536 xxn
2475 4484 2658 4547 annis,
2715 4483 2818 4536 sub
2877 4498 3029 4537 anno
3096 4483 3325 4537 Domini
3379 4483 3700 4536 millesimo.
3765 4485 3884 4538 Cui

2167 4573 2508 4643 desponsata
2570 4572 2676 4626 fuit
2733 4577 2924 4625 sancta
2991 4572 3381 4642 Cunegundis,
3447 4572 3563 4624 tilia
3625 4572 3884 4626 Palatini

2161 4661 2385 4715 comitis
2449 4661 2649 4723 Rheni,
2703 4661 2862 4728 virgo
2919 4660 3297 4714 devotissimi.
3351 4659 3456 4724 Qui
3513 4659 3726 4729 pariter
3755 4659 3886 4714 vir-

2166 4750 2433 4819 ginitates
2487 4765 2614 4801 suas
2664 4749 2778 4800 Deo
2810 4755 3096 4812 voventes,
3153 4749 3368 4801 occulte
3401 4746 3650 4816 virgines
3683 4763 3886 4818 usque

2166 4839 2233 4891 ad
2266 4838 2435 4891 tinem
2486 4837 2614 4890 vita!
2645 4845 3113 4906 permanserunt.
3145 4855 3171 4885 »ι
3237 4836 3410 4888 Paulo
3442 4835 3608 4888 aliter
3656 4835 3884 4891 Greve-

2167 4943 2292 4990 nus,
2340 4926 2400 4978 in
2454 4940 2606 4978 anno
2661 4924 2850 4978 obitus
2903 4940 3206 4978 exerrans:
3250 4923 3492 4977 Civitate
3543 4923 3884 4978 Babenber—

2166 5015 2349 5084 gensi,
2408 5013 2589 5067 sancti
2639 5013 2865 5067 Henrici
2932 5013 3299 5082 Imperatoris
3375 5011 3882 5080 Christianissimi,

2167 5103 2336 5172 hujus
2357 5101 2606 5156 nominis
2636 5103 2808 5172 primi
2853 5101 3038 5173 quoad
3081 5102 3484 5172 Imperatores,
3518 5102 3886 5157 benedictio~

2167 5206 2298 5243 nem
2327 5190 2680 5259 imperialem
2723 5207 2822 5243 seu
2868 5205 3137 5244 coronam
3181 5194 3486 5244 assecutos.
3522 5190 3694 5260 Cujus
3727 5206 3888 5246 uxor

2168 5277 2535 5348 Cunegundis
2589 5279 2746 5347 virgo
2805 5278 3176 5342 sanctissima,
3242 5277 3666 5348 juvenculaque
3735 5279 3882 5347 pul-

2165 5366 2466 5432 cherrima,
2525 5366 2594 5418 ad
2628 5365 2734 5419 hoc
2763 5365 2948 5418 virum
2981 5380 3149 5418 suum
3200 5364 3424 5419 induxit
3479 5371 3543 5418 ut
3572 5370 3882 5422 communi

2164 5462 2296 5508 voto
2351 5454 2502 5508 inter
2530 5471 2589 5507 se
2619 5459 2955 5525 perpetuam
3007 5453 3393 5523 virginitatem
3444 5459 3770 5508 servarent:
3808 5456 3881 5511 in

2168 5561 2280 5618 quo
2341 5550 2485 5597 statu
2649 5543 2921 5598 Henricus
2973 5543 3196 5596 Christo
3257 5543 3527 5609 serviens,
3569 5557 3721 5596 anno
3757 5545 3881 5598 Do-
