4058 6216
163 399 207 449 Η

1830 374 2026 430 ACTA.

158 516 278 574 mini
320 529 456 571 xxxi
480 512 646 567 beato
703 510 818 563 line
875 504 1118 579 quievit.
1170 499 1478 555 miraculis
1531 499 1783 552 clarens.
1829 518 1855 543 η
1893 500 1936 551 Α

160 608 261 663 Hoc
291 605 449 659 idem
477 598 722 670 elogium
747 594 1055 666 ampliavit
1085 588 1394 655 Canisius;
1430 602 1618 659 neque
1670 586 1731 639 in
1762 602 1871 638 au-

160 694 334 750 ctariis
408 690 525 744 suis
580 685 951 758 praetermisit
1011 682 1292 741 Molanus,
1385 676 1616 731 brevius
1678 678 1871 727 tamen

164 784 346 839 omnia
374 778 736 848 complexus:
775 794 797 821 ι
860 772 1033 842 Apud
1066 765 1422 836 Bamherge,
1486 762 1665 818 sancti
1714 763 1873 815 Heu-

163 872 253 928 rici
304 864 663 939 Imperatoris
707 866 762 915 et
795 859 1165 915 cOnfessoris.
1216 873 1241 904 ll
1277 857 1484 926 Atque
1515 854 1636 908 haec
1688 852 1872 905 hacte-

164 978 259 1015 nus
287 962 437 1013 recte
476 955 544 1008 ad
596 966 682 1005 xm
729 949 920 1015 Julii;
973 948 1174 1018 quibus
1217 942 1370 997 addi
1415 945 1606 1013 posset
1648 939 1874 1010 longior

166 1049 328 1104 oratio
380 1040 614 1100 Florarii
657 1040 1041 1103 Sanctorum,
1092 1035 1170 1089 sic
1200 1034 1259 1084 ut
1323 1031 1546 1085 mirum
1606 1030 1679 1083 sit
1732 1028 1873 1081 adeo

166 1134 514 1208 postmodum
538 1126 847 1184 invaluisse
884 1126 1040 1180 diem
1071 1124 1416 1192 sequentem
1448 1134 1561 1173 xxv.

234 1228 314 1279 l6.
351 1225 453 1278 Pro
490 1222 587 1275 hac
623 1217 795 1286 linter
855 1213 1084 1268 codices
1124 1211 1352 1264 nostros
1405 1204 1754 1261 Usuardinos
1779 1220 1897 1269 50-,

168 1315 282 1368 lum
363 1309 649 1365 recurrunt
706 1298 1114 1357 Bruxeliensis
1196 1293 1363 1349 brevi
1422 1293 1529 1347 hac
1602 1289 1800 1361 phrasi
1860 1305 1871 1341 ε

172 1424 197 1449 ‹‹
224 1398 401 1455 Sancti
440 1392 677 1457 Henrici,
720 1388 993 1445 Romani
1046 1382 1417 1456 Imperatoris
1472 1386 1529 1435 et
1587 1378 1877 1433 confesso-

169 1491 238 1545 ris
269 1506 283 1556 ;
320 1512 339 1535 ι
374 1492 431 1541 et
475 1484 750 1546 Molanus,
790 1495 940 1534 eum
975 1479 1084 1532 hoc
1110 1474 1199 1530 die
1254 1475 1526 1542 repetens
1560 1485 1571 1521 :
1606 1487 1634 1519 ιι
1665 1466 1877 1520 Eodem

170 1578 271 1643 die,
302 1574 475 1631 sancti
509 1570 732 1627 Henrici
768 1566 1043 1631 secundi,
1084 1566 1481 1619 Romanorum
1515 1556 1878 1627 Imperatoris

168 1674 219 1722 et
244 1661 572 1721 confessoris
603 1677 615 1713 :
646 1658 755 1729 qui
792 1657 950 1711 obiit
988 1670 1139 1709 anno
1170 1668 1321 1707 nxx1.
1389 1670 1411 1697 ι
1450 1649 1616 1718 Lege,
1669 1650 1731 1699 ut
1785 1661 1878 1697 su-

169 1774 276 1828 pra,
320 1770 471 1807 anno
533 1766 721 1805 xxxiv.
792 1744 1056 1800 Transiit
1108 1736 1582 1796 anachronisums
1626 1734 1685 1788 in
1720 1733 1875 1787 Mau-

170 1822 432 1914 rolycum,
489 1838 587 1910 qui
631 1838 752 1891 hoc
812 1834 947 1904 ipso
1006 1831 1097 1885 die
1154 1826 1400 1882 scribit:
1457 1845 1478 1871 ιι
1527 1822 1875 1914 Bambergm,

168 1906 334 1987 sancti
390 1925 615 1984 Henrici
666 1921 935 1978 secundi
991 1915 1355 1989 Imperatoris
1385 1909 1745 1976 sanctissimi,
1781 1906 1879 1980 qui

170 2039 287 2077 cum
320 2033 496 2074 uxore
527 2030 625 2069 sua
663 2008 1050 2081 Cunegunde
1088 2004 1478 2075 virginitatem
1532 1998 1769 2053 servavit
1802 2013 1815 2050 :
1848 2014 1881 2050 a

173 2110 366 2183 quibus
400 2099 857 2172 Bamhergensis
893 2094 1131 2152 ecclesia
1167 2092 1404 2147 fundata
1444 2093 1500 2142 et
1535 2088 1727 2142 dotata
1751 2084 1880 2183 fuit,

172 2172 414 2267 obiitque
466 2208 616 2247 anno
664 2187 889 2243 salutis
921 2200 1071 2238 MXXI.
1122 2202 1150 2234 »
1184 2180 1392 2235 Iisdem
1419 2191 1598 2247 prope
1628 2172 1884 2228 terminis

173 2262 419 2357 signatur
445 2282 619 2337 etiam
640 2295 673 2331 a
710 2274 971 2339 Felicio;
1004 2271 1122 2333 sed,
1147 2267 1300 2340 quod
1335 2265 1425 2320 hic
1477 2279 1689 2318 novum
1718 2262 1883 2357 plane

171 2350 497 2435 et'mirum,
552 2386 585 2423 a
641 2362 950 2422 Galesinio
1000 2356 1423 2430 prmtermissus
1462 2358 1567 2419 est,
1622 2358 1743 2406 tum
1780 2350 1885 2403 hoc

169 2472 281 2520 tum
312 2456 665 2533 praecedenti
718 2454 841 2509 die.
886 2449 995 2516 Qui
1038 2447 1295 2502 versibus
1323 2445 1664 2499 Sanctorum
1697 2439 1885 2509 elogia

169 2530 435 2615 intexuit,
472 2545 749 2602 Brautius
792 2537 1140 2596 Satsinensis
1199 2533 1505 2604 episcopus
1557 2530 1625 2585 de
1677 2530 1881 2583 Sancto

168 2648 265 2698 hoc
294 2642 391 2695 die
442 2635 652 2692 cecinit
687 2649 701 2695 ;
746 2653 775 2679 «
835 2626 1110 2684 Henricus
1143 2623 1383 2695 primus,
1420 2636 1518 2674 rex
1566 2634 1768 2687 regum
1798 2621 1884 2670 to-

166 2732 269 2787 tius
327 2726 509 2791 orbis,
570 2718 842 2791 conjugis
904 2714 1127 2770 ornavit
1181 2709 1511 2781 virginitate
1570 2712 1758 2759 torum
1807 2721 1818 2757 :
1860 2727 1879 2751 υ

166 2818 316 2891 quod
377 2830 520 2868 vero
550 2806 859 2880 subjungit
904 2804 974 2857 de
1035 2815 1307 2855 conversa
1340 2813 1443 2867 per
1485 2795 1539 2850 S.
1578 2792 1885 2847 Henricum

166 2880 489 2975 Hungaria,
531 2894 943 2967 explicatione,
976 2889 1212 2957 indiget,
1250 2901 1422 2956 quam
1453 2882 1598 2937 infra
1631 2896 1731 2934 suo
1764 2880 1885 2933 loco

166 2973 438 3051 dabimus
484 3006 554 3042 τε(
592 2982 905 3051 Huugaria:
954 2992 1221 3047 regnum,
1256 2973 1542 3043 Stephano
1590 2985 1717 3023 cum
1751 2983 1885 3037 rege

163 3084 342 3147 ﬁdeli,
392 3076 673 3133 Henricus
714 3067 925 3126 Christi
959 3065 1152 3120 subdit
1190 3060 1485 3131 obsequio.
1546 3080 1569 3107 ι
1604 3058 1756 3113 Alios
1791 3072 1884 3109 re-

170 3171 460 3228 cautiores
504 3167 815 3235 praetereo,
848 3155 934 3211 uti
964 3158 1020 3208 et
1047 3150 1378 3207 Bucelinum
1410 3164 1540 3201 cum
1573 3148 1746 3214 longo
1788 3161 1889 3199 suo

168 3260 381 3331 elogio,
442 3253 538 3308 cui
596 3246 933 3319 antiquiora
991 3246 1047 3295 et
1097 3239 1321 3293 veriora
1377 3235 1717 3291 substituere
1761 3250 1885 3287 nia-

167 3352 267 3406 lui.

242 3443 329 3493 l7.
367 3433 507 3489 Haec
547 3431 700 3483 inter
729 3420 1009 3477 vetustius
1041 3417 1265 3471 nullum
1295 3417 1393 3467 aut
1428 3411 1609 3482 magis
1647 3412 1885 3465 authen-

168 3528 347 3583 ticum
381 3518 624 3590 suggeri
680 3516 888 3585 potest,
934 3522 1109 3579 quam
1142 3503 1293 3575 quod
1329 3502 1475 3590 libro
1508 3516 1609 3590 suo
1667 3498 1886 3570 quinto,

168 3609 422 3680 praeﬁxit
460 3588 753 3661 Ilitmarus
780 3596 1039 3653 versibus
1066 3589 1412 3647 hexametris
1438 3589 1496 3642 in
1544 3589 1665 3641 haec
1696 3588 1888 3654 verba,

170 3716 283 3752 non
320 3710 559 3765 semper
589 3692 659 3745 ad
686 3696 932 3743 metrum
964 3688 1159 3737 exacta
1191 3698 1205 3736 :

170 3789 453 3843 Henricus
483 3780 729 3846 scandit,
754 3782 1063 3847 postquam
1096 3768 1341 3841 puerilia
1386 3766 1533 3832 vicit,

176 3877 372 3929 Ardua
396 3873 701 3931 virtutum,
730 3873 894 3918 natus
924 3863 993 3916 de
1022 3865 1322 3912 stemmate
1346 3869 1567 3921 regum.

178 3965 325 4021 Huic
354 3968 519 4033 pater
552 3956 827 4014 Henricus
857 3954 994 4016 dux,
1027 3953 1085 4003 et
1114 3945 1358 4017 genitrix
1393 3949 1513 3994 erat
1538 3941 1660 4009 ejus

176 4054 342 4109 Gisla
362 4032 482 4103 rsuis
503 4047 722 4102 meritis
762 4057 996 4114 sequens
1027 4036 1265 4105 vestigia
1296 4032 1465 4103 regis,

187 4140 435 4195 Couradi
457 4137 636 4208 patris
673 4131 1016 4201 Burgundiaz
1046 4117 1456 4195 [Burgundica]
1492 4122 1891 4208 regnoleneu-

181 4232 376 4286 Nutrit
396 4206 736 4297 praeclarum
774 4220 1147 4288 Woifgangus
1174 4212 1381 4284 praesul
1410 4212 1732 4273 alumnum,
1764 4206 1884 4280 [tis.

174 4321 287 4385 Qui
320 4318 583 4389 sequitur
614 4311 920 4367 Dominum
951 4314 1072 4361 toto
1098 4303 1403 4358 conamine
1437 4297 1744 4352 Christum.

176 4384 319 4465 Post
340 4384 540 4461 necem
586 4396 881 4475 [mortem]
914 4394 1093 4467 patris
1127 4393 1328 4447 ductor
1358 4385 1625 4441 successit
1670 4384 1885 4450 herilis,

176 4501 316 4569 Ejus
347 4500 408 4550 et
442 4492 750 4563 imperium
781 4488 951 4556 longe
983 4486 1199 4553 spectat
1239 4492 1471 4569 quoque
1504 4476 1746 4569 clavum:

178 4560 436 4642 M'axima
464 4560 596 4653 pars
629 4579 785 4649 regni
818 4578 981 4631 Slavo
1012 4577 1223 4624 vastata
1256 4565 1471 4621 crudeli
1510 4560 1733 4633 [feroci]

174 4679 427 4732 Multum
456 4652 676 4726 letatur
697 4666 849 4738 quod
882 4665 952 4717 ab
986 4661 1156 4729 hujus
1190 4673 1326 4728 pace
1358 4652 1574 4725 potitur

173 4766 434 4820 Sedibus
464 4758 688 4829 optatis,
713 4757 981 4826 justeque
1013 4748 1315 4820 rapacibus
1341 4742 1517 4796 armis

176 4852 396 4909 Procul
427 4847 697 4919 depulsis,
731 4860 793 4897 ac
822 4843 949 4895 diva
972 4842 1096 4909 lege
1128 4834 1356 4899 sedatis,

180 4944 433 4997 Inﬂatos
462 4950 660 4989 omnes
690 4937 883 4986 contra
907 4946 964 4983 se
985 4926 1259 4997 deprimit
1290 4924 1499 4985 hostes,

177 5030 537 5085 Demulcens
571 5023 746 5077 socios
771 5019 1021 5091 jocundo
1055 5017 1267 5071 famine
1298 5015 1547 5065 cunctos.

170 5120 234 5174 Si
266 5134 395 5188 quo
433 5111 677 5182 deliquit
703 5108 1007 5171 modicum,
1043 5104 1233 5158 statim
1268 5098 1569 5169 resipiscit,

174 5187 495 5261 Fructibus
526 5218 588 5254 ac
618 5197 805 5268 dignis
844 5196 1081 5249 curabat
1102 5192 1338 5245 vulnera
1358 5187 1565 5241 carnis.

172 5294 352 5349 Utilis
388 5288 672 5351 Ecclesiae,
699 5284 913 5338 cunctis
934 5282 1237 5336 miseratur
1267 5276 1500 5347 ubique.

174 5385 517 5451 Merspurg,
537 5376 587 5430 si
618 5375 788 5428 scires
818 5373 988 5441 hujus
1017 5370 1112 5440 pia
1139 5373 1291 5432 vota,
1325 5365 1508 5418 sitires

172 5472 519 5525 Adventum
548 5463 691 5519 tanti
714 5460 967 5526 rectoris,
1001 5463 1058 5513 et
1088 5457 1298 5527 inclyta
1323 5452 1527 5509 Christi

181 5562 432 5613 Munera
470 5553 755 5617 laudares,
785 5548 1187 5618 Condignaque
1218 5543 1455 5616 praemia
1486 5544 1677 5594 ferres.

1911 1785 1950 1838 Β

1924 3072 1963 3127 C

1922 4354 1964 4406 D

3656 378 3716 429 l8

2052 497 2140 548 l8.
2204 490 2259 544 S.
2324 490 2565 547 Heurici
2617 493 2857 549 virtutes
2915 502 2970 547 et
3021 512 3106 549 res
3137 500 3323 565 gestas
3382 512 3484 567 per
3530 496 3717 553 varios

1982 598 2170 637 annos
2196 583 2253 633 et
2282 579 2478 649 capita
2514 584 2888 655 prosequitur
2920 584 3404 655 Chronographus
3432 587 3597 655 Saxo,
3650 605 3715 642 ex

1981 688 2100 743 quo
2171 669 2307 722 satis
2360 669 2475 721 erit
2542 675 2787 743 paucula
2837 674 3141 744 decerpere
3191 674 3262 728 ad
3323 692 3541 730 annum
3590 693 3704 731 ων.

1985 780 2013 810 «ι
2086 757 2273 828 Igitur
2312 772 2407 809 rex
2446 759 2753 826 Henricus,
2784 760 2967 816 cultor
3017 762 3303 833 a»quitatis
3358 762 3627 833 inclytus,
3660 769 3717 818 et

1986 844 2289 916 religionis
2330 844 2554 902 divinae
2612 850 2957 920 prmcipuus,
2994 867 3372 922 quascumque
3412 853 3579 922 regni
3608 869 3717 907 ne-

1985 935 2150 1007 gotia
2176 950 2209 987 a
2242 933 2551 991 decessore
2584 955 2705 1005 suo,
2741 943 3036 1009 tamquam
3089 957 3291 1009 puero,
3326 946 3383 994 et
3440 942 3567 1012 ipso
3624 926 3737 995 in-i

1984 1023 2334 1095 tempestivo
2386 1023 2562 1080 obitu
2617 1032 3033 1098 praeoccupato,
3086 1028 3281 1083 relicta
3336 1028 3574 1085 inissent
3603 1032 3711 1085 mi-

1986 1130 2097 1168 nus
2124 1116 2288 1165 caute
2320 1112 2620 1183 ordinata,
2656 1116 2775 1186 ipse
2810 1118 3128 1171 secundum
3165 1118 3391 1172 Domini
3444 1119 3713 1175 timorem

1985 1206 2318 1256 restaurare
2344 1201 2625 1275 justeque
2679 1205 2983 1276 disponere
3029 1192 3266 1259 studuit.
3321 1228 3349 1254 ›ι
3401 1207 3715 1262 Videantur

1985 1291 2069 1345 ibi
2111 1306 2241 1360 quae
2271 1289 2342 1343 ad
2400 1292 2835 1347 restitutionem
2863 1293 3228 1364 episcopatus
3274 1277 3737 1369 Merseburgen-i

1987 1381 2065 1432 sis
2111 1379 2204 1450 pie
2256 1383 2312 1432 et.
2368 1380 2641 1451 religiose
2700 1382 2939 1436 contulit
2997 1384 3110 1437 Rex
3161 1384 3571 1439 sanctissimus.
3631 1388 3711 1440 En

1990 1469 2289 1523 modicum
2323 1468 2721 1540 fragmentum
2763 1487 2774 1523 :
2811 1488 2841 1523 α
2873 1472 3180 1541 Postquam
3212 1471 3389 1541 igitur
3421 1475 3536 1528 Rex
3559 1475 3712 1528 beati

1988 1556 2265 1611 desiderii
2302 1558 2395 1611 sui
2426 1559 2676 1629 explevit
2730 1564 2945 1624 votum,
3000 1575 3258 1612 reversus
3306 1560 3710 1630 Magdeburch,

1988 1662 2065 1700 ne
2099 1645 2253 1717 quod
2301 1662 2370 1700 ex
2404 1647 2513 1699 hac
2544 1646 2902 1701 institutione
2951 1646 3380 1717 archiepiscopo
3410 1650 3708 1703 incusare-

1990 1740 2090 1789 tur
2119 1734 2388 1789 intulisse
2420 1736 2719 1796 damnum.
2756 1737 3047 1807 quoddam
3098 1737 3186 1788 sui
3209 1736 3360 1805 juris
3415 1736 3601 1791 eidem
3633 1738 3708 1791 le-

1989 1825 2109 1895 gali
2162 1828 2518 1878 testamento
2607 1823 2848 1877 tradidit
2908 1824 3196 1894 praedium
3249 1840 3379 1877 cum
3442 1824 3709 1878 omnibus

1989 1912 2362 1983 pertinentiis
2394 1912 2531 1979 suis,
2571 1911 2632 1966 in
2680 1912 2905 1968 Zeudici
2964 1912 3255 1982 provincia
3304 1912 3499 1966 situm.
3564 1914 3707 1968 Nam

1990 2001 2115 2073 ipse
2156 2002 2218 2056 in
2272 2002 2518 2056 Domino
2563 2018 2787 2071 magnae
2840 2001 3157 2055 devotionis
3186 2002 3324 2063 Rex,
3368 2001 3436 2055 de
3489 2003 3706 2070 capella

1991 2107 2096 2145 sua
2126 2107 2363 2145 sumens
2397 2106 2512 2144 non
2561 2091 2842 2145 modicam
2888 2094 3111 2159 partem
3144 2088 3519 2159 reliquiarum
3552 2091 3705 2145 beati

1992 2179 2262 2247 Mauritii,
2298 2180 2491 2234 hieme
2522 2183 2661 2233 tunc
2692 2178 2840 2233 forte
2873 2177 3123 2232 redivivo
3168 2177 3381 2246 frigore
3413 2178 3700 2247 saeviente,

1992 2272 2324 2337 terramque
2359 2267 2586 2337 glaciali
2632 2268 2938 2337 asperitate
2993 2270 3048 2318 et
3080 2265 3208 2318 nive
3240 2266 3625 2336 cooperiente,
3672 2285 3705 2322 a

1994 2361 2188 2409 monte
2219 2356 2274 2410 S.
2306 2355 2542 2410 Joannis
2583 2355 2872 2425 Baptistae,
2932 2353 3033 2407 ubi
3090 2353 3481 2419 servabantur,
3532 2355 3705 2425 nudis.

1992 2445 2256 2515 pedibus,
2293 2449 2353 2497 ut
2395 2443 2596 2509 fertur,
2648 2445 2835 2498 calore
2883 2441 3117 2513 pietatis
3176 2441 3343 2496 illum
3409 2442 3701 2497 animante

1993 2533 2281 2587 tricesimo
2305 2532 2397 2586 die
2439 2532 2818 2602 depositionis
2900 2530 3186 2586 Gisilharii
3263 2531 3699 2603 archiepiscopi,

1994 2622 2053 2676 in
2076 2621 2362 2675 civitatem
2385 2621 2609 2682 detulit.
2645 2622 2864 2675 cunctis
2898 2620 3099 2674 festivo
3148 2619 3279 2683 ritu,
3338 2625 3401 2674 ut
3425 2637 3529 2690 par
3555 2626 3693 2685 erat,

1994 2725 2088 2762 eas
2117 2708 2580 2778 suscipientibus,
2613 2724 2753 2777 quas
2785 2713 2842 2761 et
2897 2711 3090 2759 sancto
3139 2707 3308 2760 altari
3369 2724 3500 2761 cum
3550 2724 3696 2777 pras-

1995 2794 2157 2849 dictis
2204 2793 2454 2847 donariis
2498 2793 2726 2858 obtulit,
2784 2794 3089 2862 ipsumque
3146 2791 3304 2847 diem
3358 2793 3418 2847 in
3480 2793 3698 2848 honore

1996 2881 2216 2952 praefati
2261 2881 2517 2951 Martyris
2572 2880 2695 2949 ejus
2739 2880 2990 2934 ecclesia!
3039 2880 3349 2945 celebrare,
3414 2881 3699 2951 quemad-

1998 2971 2230 3024 modum
2261 2970 2446 3024 adhuc
2478 2969 2742 3034 habetur,
2774 2968 3038 3023 instituit.
3077 2988 3102 3017 υ

2076 3063 2159 3113 19.
2191 3058 2350 3113 Haud
2384 3059 2629 3112 multum
2672 3058 2947 3111 dissimile
2974 3060 3169 3110 sancto
3238 3055 3542 3127 Imperiato
3595 3072 3699 3110 en-

1997 3148 2271 3212 comium,
2326 3146 2422 3200 sed
2467 3146 2711 3208 brevius,
2774 3137 3133 3198 concinnavit
3185 3150 3381 3198 auctor
3438 3144 3697 3199 Chronici

2003 3234 2501 3290 Laureshamensis
2531 3235 2681 3302 apud
2717 3235 3050 3298 Freherum,
3083 3249 3212 3304 pag.
3249 3238 3315 3286 72
3363 3249 3376 3286 :
3430 3254 3457 3281 ‹‹
3491 3234 3696 3287 Ottonc

1996 3325 2160 3378 tertio
2191 3325 2539 3393 Imperatore
2580 3323 2775 3376 Romae
2804 3321 3093 3385 defuncto,
3120 3326 3176 3374 et
3204 3336 3306 3392 per
3337 3321 3691 3375 Heribertum

1996 3413 2390 3469 Coloniensem
2472 3410 2963 3480 archiepiscopum
3050 3416 3220 3480 atque
3325 3408 3692 3464 Godefridum

1998 3502 2197 3555 ducem
2231 3500 2573 3571 Aquisgrani
2632 3501 2878 3569 sepulto,
2932 3498 3206 3553 Henricus
3263 3498 3373 3552 dux
3434 3498 3693 3552 Bavario-

1998 3605 2126 3642 rum
2167 3587 2395 3655 imperii
2455 3586 2697 3640 fascibus
2754 3586 2999 3654 arreptis
3058 3601 3153 3639 rex
3210 3585 3463 3655 eligitur.
3497 3592 3553 3637 et
3578 3586 3692 3639 Mu-

1999 3677 2215 3745 guntio:
2253 3674 2565 3728 solennitcr
2613 3674 2933 3727 ordinatur.
2996 3673 3169 3741 Cujus
3205 3681 3424 3743 quanta
3481 3672 3697 3726 fuerint

1996 3764 2236 3834 justitim
2281 3770 2332 3816 et
2378 3763 2607 3831 pietatis
2679 3763 2947 3827 insignia,
3002 3766 3242 3814 testatur
3326 3761 3425 3813 illa
3510 3760 3693 3821 nobis,

2002 3869 2171 3922 quam
2207 3851 2453 3903 condidit
2479 3858 2533 3903 et
2555 3852 2607 3902 in
2632 3867 2744 3919 qua
2773 3850 3035 3902 conditus
3062 3854 3165 3912 est,
3212 3847 3698 3917 Bahenbergensis

2002 3938 2253 3994 ecclesia.
2281 3939 2574 4008 Siquidem
2607 3944 2763 3990 tanto
2806 3937 3101 4005 religionis
3133 3951 3327 3990 amore
3360 3936 3693 4002 ducebatur,

2005 4036 2061 4083 ut
2097 4028 2497 4081 monachorum
2534 4033 2694 4096 pater
2722 4027 3123 4096 appellaretur.
3189 4025 3254 4077 Et
3310 4038 3466 4090 sane,
3527 4044 3553 4071 ›
3609 4022 3696 4077 iu-

2003 4117 2125 4189 quit
2148 4116 2508 4169 Mabillouius
2542 4116 2598 4168 in
2629 4118 2747 4169 Act.
2785 4114 2989 4168 Beued.
3026 4131 3154 4168 saec.
3184 4130 3257 4179 vi,
3293 4118 3449 4182 parte
3478 4116 3527 4178 l,
3563 4129 3691 4184 pag.

2001 4207 2127 4262 ωε.
2161 4224 2182 4249 ι
2242 4220 2371 4258 vere
2430 4221 2625 4257 eorum
2662 4210 2876 4273 patrem
2936 4202 3109 4256 fuisse
3142 4210 3195 4256 et
3228 4208 3532 4271 patronum
3566 4219 3695 4272 pro-

2004 4297 2141 4349 bant
2181 4296 2370 4345 vetera
2434 4293 2637 4360 passim
2670 4292 3054 4344 instrumenta
3114 4292 3170 4344 in
3203 4305 3401 4343 eorum
3456 4291 3697 4359 gratiam

2004 4388 2153 4443 data.
2195 4407 2214 4431 ι
2252 4397 2378 4450 qua)
2412 4382 2533 4434 vide
2566 4380 2663 4447 ibi,
2698 4396 2827 4432 cum
2889 4381 3128 4433 elencho
3163 4379 3502 4433 Sanctorum
3557 4396 3699 4449 quos

2003 4476 2130 4544 pius
2162 4476 2478 4543 Imperator
2508 4471 2701 4523 vivens
2733 4468 2989 4531 eoluerit,
3050 4467 3166 4521 imo
3200 4474 3381 4520 totum
3417 4468 3695 4538 elogium,

2003 4565 2152 4634 quod
2205 4563 2295 4616 hic
2326 4558 2497 4613 inseri
2531 4564 2867 4621 mereretur,
2899 4558 3006 4609 nisi
3050 4557 3224 4610 fixum
3260 4561 3408 4607 esset
3437 4556 3553 4609 sola
3606 4572 3695 4608 ve-

2002 4653 2241 4705 tustiora
2271 4650 2560 4718 colligere,
2594 4648 2763 4717 quale
2795 4646 2967 4698 etiam
3006 4645 3143 4697 illud
3186 4643 3335 4714 quod
3395 4643 3566 4695 habet
3593 4657 3690 4695 au-

2004 4746 2123 4795 ctor
2155 4740 2292 4795 Vita;
2314 4737 2494 4791 sancti
2525 4735 2838 4790 Meinwerci
2871 4734 3020 4803 apud
3055 4749 3158 4787 nos
3192 4748 3313 4801 cap.
3344 4734 3397 4796 ‘2,
3430 4747 3588 4785 num.
3641 4732 3692 4795 9,

2004 4846 2135 4900 pag.
2170 4829 2306 4883 515:
2341 4844 2367 4877 «
2405 4825 2679 4879 Henricus
2708 4823 2821 4876 dux
2858 4821 3197 4892 Bajoaricus,
3251 4820 3563 4874 secundum
3594 4835 3699 4871 saa-

2004 4918 2116 4973 culi
2149 4915 2483 4987 dignitatem
2512 4910 3013 4981 locupletissimus,
3037 4916 3093 4963 et
3143 4910 3466 4962 litterarum
3499 4905 3700 4959 studiis

2004 5024 2122 5061 non
2151 5005 2402 5059 tenuiter
2424 5003 2757 5063 instructus,
2812 5005 2868 5054 et
2916 4999 3067 5071 quod
3100 4997 3189 5051 his
3238 4996 3422 5064 majus
3480 4999 3584 5060 est,
3613 4993 3699 5047 vir

2006 5096 2065 5149 in
2100 5094 2257 5148 omni
2306 5091 2657 5163 perfectione
2714 5089 3091 5143 ecclesiastica
3123 5084 3468 5157 praecipuus.
3500 5104 3527 5134 ι)
3567 5083 3697 5137 Plu-

2004 5183 2166 5238 ribus
2193 5181 2560 5249 supersedeo,
2591 5196 2720 5251 quaa
2757 5178 2908 5249 apud
2937 5175 3238 5245 scriptores
3270 5171 3589 5242 praesertim
3640 5171 3699 5224 in

2007 5273 2130 5324 Vita
2161 5272 2216 5325 S.
2262 5269 2579 5324 Meinwerci
2640 5267 2773 5321 satis
2820 5265 2988 5320 obvia
3046 5266 3197 5328 sunt,
3230 5276 3361 5315 cum
3413 5260 3604 5314 nullus
3631 5260 3700 5315 de

2006 5363 2199 5412 sancto
2259 5360 2605 5428 Imperatore
2656 5355 2778 5408 sine
2839 5351 3047 5407 merita
3122 5350 3292 5404 laude
3352 5347 3695 5404 meminerit.

2010 5447 2248 5517 Reliqua
2277 5446 2347 5499 ad
2379 5444 2557 5499 sancti
2592 5440 2953 5513 Imperatoris
2997 5441 3215 5493 cultum
3261 5437 3574 5509 spectantia
3599 5436 3696 5489 da-

2008 5536 2091 5589 bit
2120 5550 2363 5604 sequens
