4058 6216
352 425 415 477 19
1657 423 1709 472 S.
1757 418 2047 477 HENBICI
2087 420 2159 475 1M
2171 418 2556 475 PERATORIS
3787 414 3855 463 '20

346 547 379 617 §
412 547 505 602 Ill.
542 545 1158 614 Canonizatio,elevutio
1195 548 1340 601 sacri
1389 548 1650 615 corporis,
1700 548 1750 598 et
1799 543 2037 598 translu-
2068 546 2115 599 Α
2153 541 2516 599 sanctitatem
2568 557 2751 612 suam,
2785 536 2982 597 multis
3011 537 3302 596 miraculis
3353 538 3425 593 ad
3498 535 3853 609 sepulturam

1105 638 1294 690 tiones.

418 728 507 780 20.
536 726 735 781 Utrum
770 725 919 780 ad‘S.
959 725 1181 780 Hem-iet
1208 724 1413 778 merita
1433 719 1776 776 ostentanda
1805 722 1903 773 aut
1932 720 2052 790 glo-

347 812 495 868 riam
527 813 578 867 ei
607 813 1021 869 conciliandam
1082 815 1329 867 multum
1384 810 1640 864 conferat
1691 802 1831 865 visio
1874 824 2051 879 quam

346 903 473 972 ejus
501 902 639 955 Vita:
703 901 946 956 inseruit
1002 915 1327 971 anonymus
1368 898 1703 963 monachus,
1766 912 1889 967 cap.
1959 899 2051 963 28,

346 985 477 1044 aliis
532 989 976 1044 examinandum
1025 986 1382 1058 relinquam;
1444 986 1757 1040 illustriora
1812 982 2054 1056 posteris

348 1084 693 1148 argumenta
722 1078 966 1148 praebuit
994 1074 1282 1145 gloriosus
1330 1075 1391 1128 in
1438 1074 1656 1128 Sanctis
1687 1073 1804 1128 suis
1855 1072 2051 1128 Omni-

350 1171 569 1235 petens,
594 1166 730 1219 dum
760 1166 947 1234 ipsum
982 1164 1242 1233 pluribus
1295 1162 1546 1232 egregiis
1607 1161 1895 1217 miraculis
1956 1160 2047 1213 in-

349 1255 658 1307 clarescere
689 1253 886 1321 voluit,
922 1253 1128 1323 quibus
1186 1252 1420 1306 demum
1483 1257 1670 1305 motus
1732 1249 2053 1321 Egilbertus

355 1341 790 1410 Bambergensis
838 1342 1158 1412 episcopus,
1253 1340 1456 1394 ordine
1512 1356 1713 1400 nonus,
1801 1354 1867 1392 eo
1930 1353 2054 1391 rem

352 1429 617 1499 perduxit
650 1434 706 1482 ut
754 1430 897 1483 sacri
954 1429 1208 1483 caelitum
1259 1429 1503 1482 honores
1550 1433 1743 1481 sancto
1801 1428 2051 1497 Impera-

354 1516 467 1570 tori
495 1516 961 1571 decernerentur.
998 1518 1059 1571 ld
1109 1533 1223 1587 quo
1280 1531 1432 1570 anno
1473 1515 1757 1578 acciderit,
1801 1514 2055 1586 primum

355 1605 692 1675 expediam;
751 1605 1217 1663 deinde.cwtera
1255 1621 1589 1676 prosequar.
1650 1604 1727 1658 Ex
1786 1602 2054 1673 Egilberti

356 1696 526 1746 astate
581 1693 794 1763 pendet
846 1694 1023 1748 totius
1053 1693 1137 1747 rei
1189 1693 1423 1762 decisio,
1456 1692 1926 1764 quandoquidem
1988 1707 2055 1744 eo

358 1779 725 1851 potissimum
761 1786 1001 1852 urgente
1033 1788 1343 1852 procurata
1391 1781 1463 1834 sit
1513 1781 1786 1851 praedicta
1814 1779 2054 1834 canoni-

360 1869 526 1935 zatio,
561 1875 618 1923 et
642 1870 710 1923 ad
740 1868 1052 1940 ipsummet
1078 1870 1358 1925 directum
1414 1870 1660 1940 Eugenii
1709 1870 1812 1924 PP.
1858 1870 1931 1923 lll
1978 1868 2058 1922 di-

360 1957 572 2026 ploma,
639 1957 797 2012 brevi
875 1958 1330 2028 producendum.
1390 1959 1568 2013 Porro
1652 1956 2058 2028 Episcoporum

363 2045 668 2117 Catalogus
715 2047 1020 2100 novissime
1078 2046 1284 2109 editus,
1336 2051 1410 2114 ct,
1456 2046 1516 2100 ni
1564 2046 1751 2112 fallor,
1798 2061 1868 2098 ex
1919 2045 2057 2099 [lof-

364 2149 577 2189 manno
608 2140 952 2201 contractus,
982 2135 1337 2207 episcopatus
1355 2133 1498 2205 Qnon
1527 2134 1636 2188 nisi
1682 2154 1710 2183 ι
1742 2133 2064 2205 quinquen-

364 2222 527 2277 nium
561 2243 588 2275 »
609 2223 893 2294 Egilberto
932 2223 1151 2291 tribuit,
1197 2239 1312 2295 quo
1336 2222 1389 2277 ei
1425 2244 1448 2272 ι
1482 2220 1735 2277 ecclesia:
1764 2219 2064 2292 praefuerit

365 2310 769 2381 sollicitudine,
828 2328 960 2367 vere
1028 2318 1289 2383 paterna,
1349 2312 1558 2382 dignus
1614 2311 1733 2365 vita
1779 2308 2060 2378 longiore.

365 2399 518 2456 Obiit
548 2419 575 2449 ιι
608 2406 800 2455 autem
825 2419 853 2452 «
885 2415 1108 2464 ncxnvr,
1139 2401 1516 2472 sepultusque
1548 2404 1634 2453 est
1685 2399 1744 2453 in
1798 2398 1919 2452 cede
1952 2397 2062 2450 im-

365 2488 597 2559 periali;
625 2508 654 2540 ιι
702 2488 870 2559 eique
900 2488 1169 2543 successit
1211 2488 1528 2543 Eberardus
1559 2488 1826 2553 Bavarus,
1864 2486 2066 2540 eodem

366 2577 489 2647 ipso
520 2592 673 2631 anno
724 2577 954 2632 electus.
998 2578 1137 2633 Cum
1200 2577 1379 2648 igitur
1425 2577 1495 2632 ad
1551 2574 1893 2648 prmdictum
1922 2573 2067 2644 Egil-

367 2667 594 2721 bertum
623 2665 910 2737 pertineat
947 2671 1067 2721 tota
1123 2667 1290 2721 istius
1344 2681 1531 2720 causa:
1584 2662 1932 2736 procuratio,
1996 2662 2067 2715 ad

366 2754 556 2825 ipsum
604 2758 796 2809 autem
853 2755 1175 2810 destinetur
1230 2754 1474 2826 Eugenii
1525 2753 1887 2824 rescriptum,
1948 2766 2067 2805 non

365 2846 553 2911 potest
581 2843 732 2896 ultra
764 2843 890 2914 ejus
920 2848 1181 2914 tempora
1210 2843 1430 2899 differri
1465 2843 1527 2899 S.
1576 2840 1806 2899 Henrici
1836 2839 2067 2895 canoni-

367 2930 534 2997 zatio,
598 2931 751 2985 unde
803 2931 1102 2986 manifeste
1153 2932 1527 3003 consequitur
1604 2930 1983 2986 deserendum
2036 2944 2068 2981 a

367 3017 529 3072 nobis
571 3019 799 3074 Baronii
829 3021 1132 3086 calculum,
1174 3036 1348 3091 quem
1376 3019 1589 3074 mirum
1619 3023 1703 3073 est
1733 3018 1801 3072 ad
1846 3032 2066 3071 annum

2162 632 2354 699 editis,
2378 631 2760 700 conﬁrmavit,
2794 636 2851 686 et
2896 646 2953 685 se
3004 630 3075 684 ad
3107 629 3331 685 cmleste
3361 625 3507 682 illud
3548 626 3645 680 Dei
3686 630 3861 695 atque

2161 722 2495 777 Sanctorum
2555 720 2905 774 consortium
2972 723 3268 789 receptum
3334 731 3456 771 esse
3520 715 3856 786 comproba-

2163 811 2274 875 vit;
2322 815 2383 864 ut
2408 809 2730 879 Egilbertus
2784 808 3082 878 cpiscopus
3131 807 3235 860 hac
3280 806 3349 860 de
3400 820 3459 857 re
3499 803 3854 873 legationem

2163 900 2405 954 Romam
2439 898 2797 960 mittendam,
2833 896 3226 967 etEugenium
3264 892 3597 948 Pontiﬁcem
3627 891 3695 944 de
3725 908 3855 944 om-

2162 987 2331 1041 nibus
2362 986 2668 1057 diligenter
2716 985 3069 1040 edocendum
3128 983 3363 1054 putarit.
3412 980 3630 1045 Quibus
3690 979 3863 1032 rebus

2162 1074 2403 1146 cognitis
2459 1081 2515 1129 et
2546 1075 2865 1145 legatorum
2912 1073 3187 1126 relatione
3220 1070 3433 1134 audita,
3485 1067 3742 1122 Pontifex
3782 1083 3865 1120 re-

2165 1164 2373 1234 ligione
2421 1164 2681 1235 perfusus
2736 1163 2926 1234 ipsum
2956 1161 3019 1217 S.
3079 1160 3386 1216 Henricum
3444 1155 3855 1219 confessorem,

2162 1253 2271 1306 boc
2307 1252 2431 1322 ipso
2476 1269 2649 1319 anno,
2702 1267 2909 1322 nempe
2953 1256 3081 1320 post
3126 1249 3345 1304 obitum
3382 1247 3503 1316 ejus
3545 1244 3866 1299 centesimo

2164 1340 2435 1411 vigesimo
2475 1342 2684 1412 primo,
2730 1341 2788 1394 in
2823 1340 3160 1394 Sanctorum
3218 1349 3525 1390 numerum
3571 1348 3869 1386 consecra-

2163 1428 2320 1482 tione
2350 1446 2451 1484 sua
2477 1429 2726 1500 redegit;
2760 1434 2928 1500 atque
2982 1428 3088 1481 hac
3120 1426 3189 1480 de
3219 1441 3281 1478 re
3329 1424 3541 1477 litteras
3594 1423 3777 1476 Roma
3830 1437 3869 1474 ιι

2167 1519 2296 1573 ldus
2329 1518 2555 1573 Martias
2602 1518 2672 1573 ad
2717 1518 3070 1589 Egilbertum
3120 1514 3457 1584 episcopum
3515 1516 3869 1565 et-cmteros

2166 1607 2418 1662 ecclesiae
2468 1621 2729 1677 proceres
2792 1606 2966 1660 dedit.
3027 1605 3226 1658 Narrat
3277 1599 3602 1657 Nuunesius
3658 1613 3869 1651 mena-

2165 1695 2303 1750 chus
2354 1694 2675 1750 Johannem
2729 1692 3037 1765 quemdam
3102 1689 3479 1751 Cardinalem,
3558 1686 3870 1740 canoniza-

2168 1784 2339 1838 tionis
2405 1784 2460 1839 S.
2526 1781 2749 1839 Henrici
2793 1784 2999 1835 acriter
3065 1779 3421 1833 obnitentem
3479 1780 3652 1844 atque
3708 1774 3870 1827 relu-

2169 1877 2436 1934 ctantem,
2486 1872 2801 1925 luminibus
2873 1870 3179 1941 privatum,
3264 1872 3439 1936 atque
3511 1862 3865 1917 intolerabili

2170 1961 2563 2015 membrorum
2607 1959 2800 2013 dolore
2853 1962 3199 2026 correptum,
3248 1952 3634 2009 severissimas
3685 1957 3873 2005 teme-

2171 2050 2355 2104 ritatis
2410 2065 2529 2103 suae
2581 2047 2803 2102 dedisse
2861 2062 3077 2118 pcenas.
3112 2046 3350 2099 Demum
3405 2058 3536 2095 vero
3569 2040 3867 2104 eumdem,

2174 2138 2433 2192 invocato
2465 2136 2643 2206 ipsius
2667 2133 3009 2189 confessoris
3039 2132 3293 2197 nomine,
3346 2129 3577 2184 sanitati
3608 2126 3877 2198 pristinas

2172 2226 2345 2280 fuisse
2390 2224 2737 2278 restitutum.
2768 2245 2790 2271 ι
2849 2224 3122 2276 Narratur
3152 2237 3219 2274 ea
3269 2219 3495 2290 punitio
3540 2216 3690 2287 apud
3725 2216 3883 2270 Gret-

2173 2329 2366 2368 serum
2411 2330 2536 2383 cap.
2582 2315 2670 2373 39,
2721 2318 2920 2381 estque
2969 2310 3120 2364 inter
3174 2307 3448 2362 miracula
3474 2303 3715 2360 inferius
3774 2319 3879 2356 or-

2172 2403 2305 2459 dine
2335 2417 2574 2467 nonum,
2598 2416 2758 2454 num.
2791 2403 2843 2455 9.

2244 2494 2332 2545 23.
2351 2490 2616 2560 Diploma
2642 2487 2831 2558 ipsum
2844 2483 3292 2542 canouizatiouis
3314 2499 3429 2537 non
3454 2480 3722 2553 producit
3743 2478 3884 2533 Hof-

2177 2594 2423 2634 manuus
2453 2577 2572 2648 (sed
2600 2576 2776 2646 1145),
2800 2592 2988 2647 neque
3023 2574 3163 2629 mihi
3196 2578 3397 2628 notum
3422 2571 3603 2625 fateor
3631 2569 3878 2622 citatum

2174 2684 2207 2721 a
2234 2666 2479 2723 Baronio
2510 2665 2852 2723 Chronicum
2888 2662 3224 2729 Hofmanni,
3257 2658 3546 2716 sedavices
3571 2655 3865 2727 supplevit

2176 2758 2494 2825 Gretserus,
2524 2772 2587 2810 ex
2646 2754 2840 2826 aliquo
2884 2751 3158 2824 anonymi
3212 2748 3543 2820 apographo
3599 2744 3877 2798 Bumber-

2176 2846 2359 2916 gensi,
2400 2845 2552 2899 unde
2607 2844 2822 2899 bullam
2872 2843 2963 2897 hic
3014 2839 3441 2896 subnectimus:
3501 2855 3529 2885 α
3580 2832 3879 2903 Eugenius

2176 2933 2479 3004 episcopus
2522 2949 2717 2987 servus
2783 2946 3077 2985 servorum
3156 2929 3274 2992 Dei,
3326 2923 3642 2979 venerabili
3712 2920 3877 2975 fratri

2178 3023 2465 3092 Egilberto
2522 3021 2811 3089 episcopo,
2856 3025 2909 3072 et
2965 3016 3184 3071 dilectis
3214 3016 3349 3070 ﬁliis
3381 3011 3670 3067 canonicis
3724 3010 3880 3063 Bam-

370 3108 505 3161 1152
535 3106 871 3177 praedictam
937 3107 1433 3162 canonizationem
1462 3107 1769 3173 distulisse,
1803 3106 1902 3177 qui
1952 3105 2064 3159 Eu-
2105 3108 2147 3162 C
2176 3108 2473 3178 bergensis
2505 3106 2783 3170 Ecclesiae,
2816 3105 3057 3158 salutem
3089 3109 3145 3157 et
3196 3101 3573 3171 apostolicam
3630 3096 3868 3151 benedi-

366 3194 523 3265 genii
578 3194 792 3249 litteras
849 3212 914 3249 ex
963 3196 1148 3250 nescio
1179 3211 1293 3267 quo
1358 3195 1628 3251 chronico
1659 3195 2066 3265 Bambergensi

366 3298 488 3354 prae
515 3283 694 3337 oculis
722 3283 944 3338 habuit.

437 3374 525 3426 21.
569 3371 653 3426 Ita
680 3371 876 3426 scribit
906 3372 976 3426 ad
1007 3371 1225 3427 dictum
1265 3388 1484 3427 annum
1515 3374 1672 3438 1152,
1707 3387 1866 3425 num.
1901 3376 1954 3438 3,
1997 3388 2065 3426 ex

369 3459 575 3516 Ottone
642 3460 994 3534 Frisingensi
1029 3461 1089 3515 in
1149 3461 1462 3529 Friderico,
1516 3460 1616 3515 lib.
1662 3476 1680 3514 1
1732 3476 1856 3530 cap.
1916 3463 1983 3515 63
2047 3477 2060 3514 :

370 3569 400 3600 α
461 3548 617 3620 quod
696 3555 889 3604 autem
973 3550 1102 3604 Otto
1179 3549 1446 3605 meminit
1522 3549 1617 3604 hic
1683 3549 1752 3604 de
1827 3548 2064 3602 Henrico

370 3637 722 3706 Imperatore
753 3638 905 3692 inter
928 3637 1160 3692 Sauctos
1184 3638 1383 3701 relato,
1421 3642 1645 3692 exstant
1683 3637 1753 3692 de
1814 3652 1880 3690 ea
1909 3653 1971 3690 re
2002 3636 2061 3690 in

370 3723 652 3779 Chronico
681 3726 1087 3797 Bambergensi
1119 3725 1363 3796 Eugenii
1400 3727 1507 3781 PP.
1537 3726 1757 3779 littera.
1791 3746 1820 3774 »
1856 3726 1957 3779 Eas
1986 3725 2067 3780 ibi

369 3813 598 3883 subjicit
658 3813 946 3881 Baronius,
989 3819 1046 3869 et
1083 3831 1188 3869 nos
1218 3814 1369 3868 infra
1406 3813 1672 3869 dabimus
1704 3828 1717 3867 :
1769 3818 1856 3868 ast
1875 3813 2065 3884 ipsum

369 3901 583 3967 fefellit,
613 3900 838 3972 opinor,
882 3902 1278 3974 Frisingensis,
1315 3904 1453 3958 dum
1502 3901 1575 3956 ad
1605 3917 1824 3956 annum
1887 3901 2062 3956 istum

376 3991 527 4056 1152,
559 3989 802 4045 Conradi
831 3990 904 4045 IlI
954 4007 1310 4061 supremum,
1368 3991 1663 4045 occasione
1711 3991 1835 4061 ejus
1875 3990 2065 4061 sepul-

367 4082 530 4144 turae,
555 4077 636 4132 sic
664 4079 837 4133 habet
881 4078 1005 4133 loco
1053 4079 1222 4134 citato
1255 4096 1268 4133 :
1303 4102 1325 4129 ι
1358 4082 1526 4134 Juxta
1569 4079 1831 4133 tumbam
1871 4078 2064 4149 Impe-

366 4165 574 4218 ratoris
595 4164 842 4231 Henrici,
887 4165 1010 4235 ejus
1066 4166 1173 4220 loci
1218 4165 1558 4232 fundatoris,
1590 4166 1691 4236 qui
1720 4180 1904 4236 nuper
1966 4181 2064 4219 au-

366 4252 628 4306 ctoritate
682 4253 957 4307 Romanae
1015 4255 1277 4308 Ecclesia:
1309 4255 1367 4308 in
1418 4257 1542 4308 loca
1591 4260 1785 4308 sancta
1816 4254 2057 4319 levatus,

365 4355 472 4408 pro
515 4346 707 4394 sancto
745 4341 1007 4408 habetur,
1069 4343 1227 4413 regio
1282 4342 1439 4397 cultu
1471 4358 1601 4396 cum
1647 4342 1907 4411 sepelivit
1962 4358 1974 4395 ε
2032 4363 2059 4390 υ

367 4442 577 4499 nempe
617 4429 855 4484 ecclesia
884 4430 1339 4501 Bambergensis,
1373 4446 1504 4501 quae
1542 4430 1791 4486 Conradi
1849 4444 2058 4498 corpus

369 4516 480 4571 alio
531 4516 823 4572 transferri
853 4535 1017 4590 passa
1084 4535 1199 4574 non
1248 4520 1452 4574 fuerat.
1504 4518 1683 4573 Nimis
1733 4518 2064 4588 scrupulose

366 4605 706 4675 particulam
769 4625 797 4657 α
848 4624 1030 4679 nuper
1088 4630 1108 4657 ι
1176 4611 1395 4679 accepit
1441 4607 1707 4662 laudatus
1766 4606 2060 4674 Baronius,

366 4710 540 4765 quam
594 4695 665 4749 ad
715 4711 897 4750 annos
977 4698 1196 4770 aliquot
1236 4697 1649 4751 extendendam
1698 4710 1821 4749 esse
1873 4694 2062 4759 docet,

367 4790 563 4853 aperto
617 4799 811 4837 rerum
862 4784 1054 4853 series,
1093 4784 1237 4839 adeo
1295 4790 1360 4839 ut
1412 4783 1720 4854 superstite
1778 4781 2063 4852 Egilberto

366 4867 858 4925 canonizationem
899 4873 1093 4927 Romae
1139 4872 1427 4926 decretam
1513 4875 1778 4942 oporteat
1824 4869 2061 4937 (verosi-

369 4957 607 5012 millime
649 4973 800 5012 anno
874 4960 1051 5026 1145),
1122 4958 1413 5012 solennius
1460 4958 1663 5013 deinde
1717 4958 2061 5012 celebratam

365 5058 495 5099 cum
552 5046 868 5100 elevatione
923 5052 979 5101 et
1050 5047 1422 5101 translatione
1472 5046 1621 5101 sacri
1671 5045 1929 5117 corporis
1989 5046 2061 5099 ab

367 5133 651 5188 Eberardo
682 5151 1003 5190 successore
1032 5151 1185 5189 anno
1248 5137 1406 5203 1147,
1453 5137 1608 5206 quod
1634 5136 1804 5206 plane
1854 5135 2065 5188 evinci-

366 5228 462 5274 tur
503 5237 570 5276 ex
612 5223 1004 5278 demonstrato
1059 5223 1321 5294 superius
1407 5224 1676 5294 Egilberti
1724 5224 1911 5289 obitu;
1972 5223 2066 5276 cui

367 5325 501 5363 sane
540 5310 662 5381 jam
713 5300 828 5365 vita
854 5312 1048 5366 functo
1083 5311 1320 5381 Eugenii
1349 5312 1601 5381 diploma
1631 5311 1899 5366 insceribi
1947 5326 2064 5364 non

366 5398 589 5470 potuit;
639 5399 907 5454 audiatur
962 5400 1337 5462 Hofmannus,
1368 5399 1426 5455 id
1473 5400 1737 5454 disertius
1786 5414 2063 5465 asserens,

368 5486 429 5541 in
460 5487 771 5543 Annalibus
802 5488 1337 5561 Bambergensibus,
1362 5490 1466 5544 col.
1495 5491 1611 5543 121.

436 5579 523 5633 22.
560 5600 581 5624 «ι
611 5577 885 5648 Sequenti
916 5594 1066 5633 anno
1106 5579 1290 5648 (1145)
1327 5577 1668 5647 Babebergaa
1714 5577 1812 5631 lux
1846 5575 2057 5647 ingens

371 5665 683 5719 sanctitatis
735 5667 964 5731 eluxit;
1007 5667 1218 5737 quippe
1280 5670 1336 5721 δ.
1400 5668 1676 5720 Henricus
1746 5666 2063 5734 Imperator

2176 3198 2446 3251 ctioneln.
2472 3196 2630 3250 Sicut
2677 3211 2778 3266 per
2806 3194 3024 3248 litteras
3053 3197 3110 3246 et
3168 3190 3403 3244 nuntios
3447 3194 3668 3241 vestros
3714 3184 3879 3238 vobis

2178 3286 2475 3340 mandasse
2548 3282 2940 3351 meminimus,
2996 3279 3348 3334 venerabiles
3402 3278 3604 3331 fratres
3657 3277 3880 3327 nostros

2179 3376 2244 3428 N.
2278 3374 2332 3428 S.
2370 3373 2591 3428 Ruﬁnaa
2641 3372 2992 3442 episcopum,
3019 3374 3077 3424 et
3121 3370 3186 3423 N.
3220 3367 3623 3437 presbyterum
3672 3361 3876 3417 Cardi-

2179 3462 2366 3517 nalem
2401 3478 2502 3531 pro
2532 3460 2774 3515 diversis
2799 3458 3045 3529 negotiis
3087 3457 3158 3511 ad
3213 3460 3403 3526 partes
3471 3454 3592 3507 illas
3649 3452 3719 3505 de
3775 3464 3880 3504 no-

2176 3557 2292 3605 stro
2331 3551 2507 3604 latere
2559 3547 2965 3620 dclegavimus,
2998 3547 3196 3616 eisque
3249 3544 3375 3597 viva
3402 3557 3540 3595 voce
3606 3539 3873 3609 injunxi-

2179 3654 2305 3693 mus
2344 3644 2407 3692 ut
2435 3636 2507 3691 ad
2564 3635 2861 3691 ecclesiam
2912 3639 3155 3688 vestram
3199 3632 3548 3691 accederent,
3582 3634 3754 3698 atque
3806 3625 3877 3679 de

2177 3727 2290 3781 vita
2321 3731 2380 3781 et
2423 3725 2715 3780 miraculis
2748 3723 2974 3778 Henrici
3000 3721 3151 3793 regis
3182 3721 3266 3775 rei
3297 3722 3593 3774 veritatem
3632 3716 3871 3785 diligen-

2173 3819 2263 3869 ter
2307 3814 2684 3886 inquirerent,
2745 3815 2802 3865 et
2846 3811 3048 3866 litteris
3095 3810 3211 3864 suis
3254 3809 3419 3864 nobis
3464 3806 3876 3878 signiﬁcarent.

2178 3905 2339 3958 Nunc
2367 3909 2563 3958 autem
2598 3900 2935 3956 eorumdem
2978 3901 3221 3954 fratrum
3268 3903 3598 3952 nostrorum
3633 3899 3690 3948 et
3718 3890 3877 3946 mul-

2173 3996 2366 4047 torum
2394 3989 2795 4061 religiosorum
2824 3993 2881 4044 et
2924 3988 3305 4043 discretorum
3346 3986 3605 4040 virorum
3637 3985 3878 4038 attesta-

2173 4082 2350 4147 tione,
2396 4080 2467 4134 de
2517 4078 2771 4132 castitate
2827 4076 3028 4148 ipsius,
3079 4076 3150 4129 de
3212 4074 3546 4129 fundatione
3607 4072 3875 4129 Bamber-

2174 4166 2368 4238 gensis
2414 4164 2666 4219 ecclesiae
2706 4168 2761 4217 et
2819 4164 3131 4217 multarum
3162 4162 3429 4229 aliarum,
3486 4161 3869 4234 quarumdam

2173 4270 2404 4324 quoque
2434 4251 2851 4323 episcopalium
2902 4251 3126 4306 sodium
3173 4251 3559 4322 reparatione,
3591 4252 3649 4302 et
3677 4249 3879 4303 multi-

2180 4341 2315 4411 plici
2370 4340 2866 4409 eleemosynarum
2944 4338 3268 4410 largitione,
3339 4339 3410 4393 de
3481 4335 3861 4391 conversione

2176 4429 2328 4501 regis
2354 4427 2626 4500 Stephani
2675 4432 2732 4482 et
2764 4426 2936 4481 totius
2981 4427 3308 4498 llungariaz,
3365 4424 3607 4479 Domino
3661 4440 3875 4495 coope-

2172 4523 2335 4574 rante
2364 4532 2467 4588 per
2528 4531 2659 4571 eum
2713 4515 2892 4582 facta;
2933 4514 3002 4570 de
3051 4514 3298 4586 glorioso
3336 4514 3509 4568 etiam
3537 4512 3716 4585 ipsius
3764 4512 3866 4567 ob-

2170 4607 2277 4673 itu,
2339 4603 2714 4677 pluribusque
2780 4603 3090 4671 miraculis,
3159 4608 3290 4675 post
3333 4603 3456 4673 ejus
3511 4601 3756 4670 obitum,
3799 4602 3873 4655 ad

2170 4695 2349 4767 ipsius
2380 4692 2634 4764 corporis
2690 4692 3055 4764 praesentiam
3085 4691 3358 4746 divinitus
3387 4688 3648 4755 ostensis,
3685 4692 3873 4744 multa

2170 4783 2559 4854 cognovimus.

2241 4872 2331 4926 24.
2351 4893 2371 4919 ι
2393 4871 2687 4943 Interque:
2701 4869 3060 4939 praecipuum
3086 4875 3143 4922 et
3163 4865 3533 4921 memorabile
3546 4865 3867 4935 plurimum

2172 4959 2533 5014 attendentes
2579 4959 2755 5029 quod,
2814 4973 2945 5012 cum
2989 4958 3252 5012 diadema
3308 4960 3721 5026 sceptrumque
3761 4955 3869 5009 im-

2170 5046 2317 5118 perii
2347 5047 2707 5118 suscepisset,
2771 5062 2888 5100 non
2936 5044 3311 5117 imperialiter
3339 5043 3439 5097 sed
3490 5042 3875 5114 spiritualiter

2172 5134 2329 5189 vixit.
2381 5135 2449 5188 In
2479 5140 2602 5189 toro
2631 5134 2806 5188 etiam
2861 5133 3120 5204 legitimo
3161 5130 3379 5202 positus
3442 5129 3619 5202 (quod
3652 5145 3875 5201 pauco-

2172 5239 2302 5278 rum
2331 5221 2503 5277 fuisse
2546 5222 2813 5294 legimus)
2865 5222 3254 5293 integritatem
3286 5220 3643 5274 castimoniae
3677 5234 3867 5290 usque

2172 5312 2244 5365 ad
2275 5313 2450 5366 tinem
2475 5312 2602 5366 vitae
2632 5310 3008 5365 conservavit.
3042 5309 3179 5374 Quae
3243 5307 3480 5379 quidem
3535 5323 3637 5360 nos
3679 5306 3876 5360 omnia

2172 5400 2344 5455 simul
2390 5400 2832 5470 perpendentes,
2889 5404 3061 5470 atque
3107 5397 3465 5452 devotionem
3514 5401 3761 5449 vestram
3818 5403 3880 5448 et

2173 5488 2423 5543 ecelesite
2456 5490 2910 5559 Bambergensis,
2961 5504 3091 5559 qua:
3121 5492 3329 5540 sanctae
3362 5485 3637 5540 Romamn
3688 5483 3877 5538 Eccle-

2171 5577 2270 5631 site
2325 5577 2430 5631 soli
2486 5578 2711 5631 subesse
2783 5577 3162 5648 dignoscitur,
3239 5575 3547 5645 diligenter
3612 5573 3871 5627 conside-

2175 5668 2384 5731 rantes,
2419 5665 2645 5719 tametsi
2675 5665 2954 5735 ejusmodi
2986 5666 3207 5735 petitio,
3266 5664 3374 5717 nisi
3408 5663 3462 5715 in
3508 5662 3875 5731 generalibus
