4058 6216
258 340 309 391 21

268 548 327 601 R.
399 549 458 601 E.
495 562 621 616 qua).
680 545 945 599 omnium
980 545 1363 600 concilioth
1400 546 1833 599 ﬁrmamentum
1889 550 1993 604 est.

270 637 637 706 petitionibus
708 634 914 687 vestris
965 630 1417 705 acquiescimus,
1487 639 1663 703 atque
1732 635 1991 703 ejusdem

268 723 649 779 memorabilis
718 722 849 787 viri,
928 726 1092 793 cujus
1167 719 1597 776 exaltationem
1676 722 1991 792 requiritis,

268 816 503 869 fratrum
558 816 881 865 nostrorum
955 810 1513 881 archepiscoporum
1585 815 1641 863 et
1695 811 1991 880 episcopo-

272 920 417 965 rum,
447 902 545 972 qui
577 903 888 970 prwsentes
951 901 1204 963 aderant,
1246 899 1695 952 communicato
1727 897 1988 965 concilio,

274 992 603 1047 memoriam
636 990 776 1042 inter
809 988 1069 1043 Sanctus
1110 989 1177 1042 de
1208 991 1435 1040 caetero
1490 988 1614 1041 ﬁeri
1669 1002 1987 1052 censemus,

276 1090 330 1135 et
382 1078 823 1133 anniversarium
867 1077 1059 1147 ipsius
1103 1078 1251 1131 diem
1311 1076 1662 1129 solemniter
1716 1074 1991 1127 celebrari

282 1170 684 1224 constituimus.
718 1167 937 1219 Vestra
974 1168 1163 1238 itaque
1194 1166 1445 1219 interest
1502 1166 1583 1219 sic
1614 1167 1670 1218 in
1724 1165 1777 1218 S.
1827 1166 1891 1218 R.
1929 1165 1985 1217 Ε.

287 1259 590 1313 obedientia
620 1261 669 1309 et
721 1256 1028 1309 ﬁdelitate
1075 1254 1407 1326 persistere,
1472 1260 1529 1308 et
1574 1255 1654 1307 sic
1711 1254 1761 1306 ei
1796 1253 1987 1321 dignae

287 1347 586 1401 devotionis
640 1344 955 1416 obsequiis
991 1344 1359 1414 respondere,
1414 1349 1479 1397 ut
1516 1342 1783 1413 ampliori
1839 1341 1989 1395 beati

278 1436 420 1490 Petri
486 1440 539 1488 et
594 1438 795 1488 nostra
862 1435 1057 1503 gratia
1113 1432 1271 1502 digni
1322 1430 1723 1486 inveniamini.
1781 1432 1986 1484 Datum

270 1531 418 1576 trans
446 1522 685 1576 Tiberim
738 1522 949 1591 pridie
984 1522 1115 1575 Idus
1138 1520 1320 1575 Martii
1355 1537 1368 1573 :
1418 1542 1439 1568 ι
1477 1520 1633 1573 nullo
1688 1519 1800 1572 alio
1852 1519 1984 1571 cha-

269 1618 471 1665 ractere
503 1612 762 1682 apposito
800 1628 927 1681 quo
960 1611 1019 1664 in
1084 1615 1299 1663 certum
1347 1625 1564 1661 annum
1622 1608 1981 1672 deveniatur;

268 1701 413 1754 unde
454 1699 665 1753 facilius
718 1701 998 1753 excusari
1034 1698 1212 1769 possit
1264 1696 1494 1751 Baronii
1520 1698 1727 1765 lapsus,
1770 1693 1868 1764 qui
1914 1694 1984 1747 ad

267 1790 655 1859 episcoporum
691 1788 1230 1857 Bambergensium
1276 1784 1483 1838 seriem
1516 1785 1709 1836 oculos
1744 1800 1854 1837 non
1886 1782 1979 1836 in-

268 1877 530 1930 tenderit.

332 1969 418 2019 ‘25.
450 1966 794 2019 Solenmem
824 1963 991 2016 illam
1027 1961 1247 2016 Henrici
1295 1961 1353 2015 in
1404 1963 1739 2016 Sanctorum
1774 1976 1976 2014 nume-

267 2071 391 2109 rum
446 2052 893 2123 cooptationem
948 2058 1139 2104 secuta
1196 2058 1300 2115 est,
1344 2056 1405 2103 ut
1454 2051 1781 2119 nuperrime
1828 2049 1979 2101 dice-

270 2146 416 2205 bam,
456 2143 599 2196 sacri
654 2141 938 2212 corporis
987 2140 1248 2200 elevatio,
1291 2139 1438 2192 etin
1484 2138 1865 2192 decentiorem
1897 2139 1978 2190 lo-

272 2249 395 2286 cum
446 2230 783 2295 translatio,
844 2230 916 2282 de
971 2228 1176 2298 quibus
1234 2228 1481 2281 breviter
1545 2227 1801 2280 laudatus
1850 2226 1983 2279 1101-

270 2336 513 2373 manuus
543 2319 613 2373 ad
652 2334 757 2372 an.
791 2318 955 2382 1147,
991 2318 1098 2369 col.
1134 2318 1231 2370 123
1267 2331 1280 2370 :
1342 2335 1370 2364 α
1432 2317 1539 2369 Per
1593 2315 1820 2368 eosdem
1862 2314 1982 2368 dies

265 2426 396 2461 ossa
451 2410 508 2462 S.
572 2406 809 2461 Henrici
900 2404 1266 2475 Imperatoris
1342 2402 1585 2457 solemni
1643 2402 1982 2455 caeremonia

266 2498 549 2550 translata
580 2501 737 2548 sunt.
772 2496 836 2548 Et
869 2510 1004 2546 vero
1036 2509 1125 2547 res
1157 2493 1301 2546 facta
1334 2498 1419 2546 est
1449 2493 1504 2544 in
1530 2493 1681 2545 hunc
1705 2492 1936 2546 modum
1964 2509 1975 2545 :

265 2584 633 2638 Eberhardus
688 2582 1017 2652 episcopus,
1083 2582 1355 2634 advocato
1414 2580 1742 2633 Eberliardo
1802 2580 1980 2633 archi-

258 2674 534 2743 episcopo
576 2669 1023 2739 Salisburgensi,
1056 2674 1112 2722 et
1144 2669 1471 2722 Hermanno
1529 2668 1794 2738 episcopo
1860 2668 1981 2723 Bri-

264 2764 478 2825 xiensi,
510 2767 686 2830 atque
721 2777 841 2812 una
879 2774 1009 2811 cum
1042 2757 1362 2821 abbatibus,
1396 2756 1697 2825 religiosis,
1734 2762 1790 2809 et
1846 2758 1981 2827 ipsis

265 2850 608 2921 proceribus
664 2847 936 2910 civitatis,
984 2847 1217 2899 accessit
1260 2846 1331 2899 ad
1392 2846 1576 2899 locum
1628 2844 1730 2898 ubi
1787 2846 1979 2899 condi-

260 2950 393 2993 tum
440 2955 652 3008 corpus
686 2938 897 2990 fuerat.
950 2938 1143 3005 atque,
1186 2942 1373 3004 egesta
1416 2940 1586 2997 terra,
1652 2948 1809 2987 sacra
1854 2950 1979 2986 ossa

1947 335 2142 390 ACTA.

261 459 511 514 conciliis
574 455 794 513 admitti
853 473 978 512 non
1036 457 1241 517 soleat.
1277 456 1628 511 auctoritate
1685 463 1876 512 tamen
1934 458 2069 512 S.A
2109 459 2192 518 to,

2028 1745 2067 1798 Β

3765 358 3834 409 22

2282 458 2681 523 prazsentibus
2739 463 3175 521 honorabilibus
3244 469 3380 523 viris
3439 488 3504 525 ac
3585 473 3835 530 dominis

2105 542 2403 597 canonicis
2446 547 2712 605 ecclesiis
2763 553 3249 625 Bahenbergensis
3304 559 3363 612 Ι).
3420 561 3704 617 Berlioldo
3761 566 3833 620 de

2111 629 2441 720 Ilennberg,
2508 634 2636 689 ﬁlio
2697 641 2923 694 Comitis
2976 645 3205 699 Henrici
3252 646 3321 700 de
3374 650 3700 720 Ilvunberg.
3767 654 3828 707 D.

2108 718 2369 773 Udalrico
2404 720 2479 772 de
2546 725 2822 781 Thiinfelt
2871 730 3239 798 Scholastico,
3298 740 3354 788 et
3408 736 3472 790 ἰ).
3543 718 3828 793 Friderico

2104 807 2313 859 Zotner
2347 806 2418 859 de
2454 810 2733 883 Halberg,
2774 823 2998 871 matura
3028 825 3084 874 et
3123 821 3363 875 discreta
3415 825 3827 883 deliberatione

2102 894 2488 951 dominorum
2545 902 2618 955 de
2640 904 2888 973 capitulo
2920 909 3173 963 ecclesias
3232 912 3742 984 Babenbergensis,
3770 922 3829 971 et

2102 988 2343 1053 propter
2370 984 2552 1042 ﬁdem
2600 993 2896 1047 certiorem
2939 996 3341 1067 sanioremque
3370 1003 3633 1058 notitiam
3694 992 3857 1060 san-'

2103 1077 2327 1125 ctarum
2364 1074 2757 1147 reliquiarum
2790 1083 2965 1135 sancti
3002 1085 3179 1153 patris
3215 1093 3270 1139 et
3301 1090 3625 1144 fundatoris
3644 1094 3822 1147 eccle-

2103 1160 2205 1213 siae
2248 1162 2749 1236 Babenbergensis
2800 1172 2859 1223 D.
2898 1173 3119 1227 Henrici
3160 1176 3552 1243 Imperatoris,
3588 1189 3823 1252 apertus

2102 1255 2192 1302 est
2274 1255 2673 1326 sarc0phagus
2719 1258 2840 1327 jam
2902 1260 3037 1313 dicti
3104 1264 3464 1332 confessoris,
3522 1269 3594 1321 ab
3652 1278 3821 1325 antea

2102 1336 2250 1391 bene
2283 1340 2545 1396 reclusus
2578 1350 2634 1397 et
2661 1353 2882 1399 seratus
2919 1348 3314 1420 sigillatusque
3371 1354 3554 1423 sigillo
3616 1359 3819 1427 majori

2101 1426 2239 1481 bon.
2290 1444 2471 1485 mem.
2514 1434 2574 1486 Π.
2634 1434 2845 1488 Eberh.
2913 1438 3164 1508 episcopi
3195 1457 3244 1492 ix
3281 1442 3445 1507 (alias
3484 1446 3537 1513 ι)
3594 1426 3817 1499 Baben-

2099 1516 2403 1587 bergensis
2440 1522 2714 1577 ecclesiw.
2750 1546 2801 1575 ››.

2172 1608 2259 1659 27.
2298 1608 2361 1661 In
2396 1626 2515 1678 quo
2545 1611 2781 1681 quidem
2822 1614 3177 1684 sarcophago
3230 1618 3475 1673 inventae
3536 1626 3672 1674 sunt
3729 1640 3814 1677 re-

2102 1695 2318 1765 liquiae,
2381 1700 2550 1768 quasi
2600 1702 2775 1753 totius
2840 1702 3093 1771 ejusdem
3152 1707 3407 1775 corporis
3485 1708 3629 1761 sacri
3684 1726 3810 1765 ossa

2102 1787 2455 1853 veneranda,
2484 1794 2691 1859 praeter
2719 1798 2911 1860 caput,
2938 1792 3091 1861 quod
3124 1793 3181 1846 in
3213 1795 3324 1847 alia
3350 1794 3510 1848 theca
3534 1796 3806 1853 deaurata

2096 1874 2464 1928 reconditum
2516 1883 2839 1931 veneratur.
2888 1879 3003 1947 Ipsi
3061 1896 3195 1932 vero
3245 1882 3313 1934 de
3352 1898 3491 1935 sano
3538 1886 3800 1953 consilio,

2093 1960 2361 2030 diligenti
2434 1963 2689 2019 adhibita
2746 1967 3022 2033 custodia,
3082 1972 3306 2022 tantum
3381 1973 3795 2037 mandibulam.

2092 2048 2395 2104 brachium
2448 2056 2503 2104 et
2555 2052 2696 2105 duas
2745 2059 2927 2107 costas
2971 2070 3102 2109 cum
3150 2057 3339 2124 parvis
3400 2059 3525 2112 aliis
3578 2061 3798 2117 ossibus

2092 2139 2499 2208 pradictarum
2530 2140 3087 2211 reliquiarnm,t’oris
3133 2144 3544 2201 honorabiliter
3594 2164 3797 2203 reconc

2093 2226 2332 2291 dendas,
2368 2227 2651 2298 bonaeque
2676 2231 2947 2283 custodiae
2979 2232 3389 2302 mancipandas
3411 2243 3792 2303 reservarunt,

2091 2331 2210 2367 non
2240 2320 2435 2367 tamen
2475 2316 2597 2369 sine
2634 2318 2961 2371 rationabili
3010 2334 3179 2372 cansa
3220 2324 3567 2393 specialique
3623 2326 3793 2379 devo-

2092 2400 2265 2455 tione.
2293 2401 2546 2455 Tandem
2578 2402 2730 2471 ipsas
2781 2404 3054 2474 reliquias
3086 2406 3137 2460 8.
3199 2408 3426 2461 Ilenrici
3473 2413 3529 2463 in
3590 2414 3795 2469 eodem

2090 2490 2444 2559 sarcophago
2484 2490 2925 2559 diligentissime
2953 2492 3158 2547 iterato
3190 2497 3575 2565 recluserunt;
3626 2500 3793 2571 sigil-

2091 2578 2275 2631 lantes
2333 2578 2522 2649 sigillo
2588 2580 2823 2649 capituli
2896 2582 3173 2649 praedicti,
3246 2600 3360 2654 quo
3416 2586 3524 2656 ipsi
3572 2589 3793 2648 domini

2090 2670 2334 2719 utuntur
2382 2667 2449 2719 ad
2482 2684 2697 2721 causas.
2751 2670 2999 2722 Inventa!
3055 2671 3291 2725 fuerunt
3340 2690 3446 2742 pro
3498 2682 3634 2730 tunc
3690 2696 3794 2747 per

2091 2755 2319 2808 eosdem
2354 2754 2615 2808 dominos
2666 2756 2973 2809 canonicos
3014 2758 3316 2825 przedictos
3376 2762 3505 2816 dua:
3565 2770 3788 2821 veteres

2090 2842 2396 2907 schedulae,
2431 2842 2691 2897 interiori
2721 2844 2900 2897 thecae
2927 2846 3136 2911 afﬁxas,
3197 2864 3444 2918 quarum
3498 2867 3610 2904 una
3662 2854 3788 2910 hcec

2091 2930 2300 2999 scripta
2331 2931 2657 2986 continuit:
2692 2934 2734 2986 D
2790 2933 3149 2987 Eberhardns
3200 2937 3421 3005 primus
3476 2940 3648 3008 hujus
3690 2944 3787 2997 Ba-

260 3029 399 3082 inde
453 3026 683 3089 levavit,
744 3030 798 3077 et
853 3023 913 3076 in
959 3023 1219 3076 tumbam
1253 3038 1633 3076 marmoream
1663 3022 1974 3076 transtulit.
2010 3025 2049 3078 C
2088 3018 2496 3088 benbergensis
2546 3021 2797 3074 ecclesia:
2872 3022 3175 3091 episcopus
3250 3026 3647 3096 praescriptum
3724 3031 3780 3086 S.

259 3130 516 3185 eamque
573 3112 747 3166 clavis
806 3110 1151 3164 obﬁrmavit.
1190 3134 1209 3157 ι
1270 3110 1473 3163 Eadem
1533 3111 1703 3179 paulo
1745 3116 1976 3163 contra-

258 3205 414 3259 ctius
460 3203 638 3256 habes
672 3201 731 3254 in
756 3200 959 3266 elogiis
1008 3200 1407 3268 episcoporum
1464 3214 1592 3268 pag.
1628 3202 1677 3251 6.
1716 3219 1743 3247 ς(
1799 3199 1971 3252 Eber-

260 3292 489 3345 hardus
558 3291 628 3353 II,
686 3288 798 3341 dux
864 3287 1115 3339 Bavarim
1148 3286 1379 3355 eligitur
1435 3302 1649 3350 manu,
1700 3286 1974 3339 Pontiﬁce

262 3377 528 3448 Eugenio
580 3378 677 3442 III,
741 3374 1005 3428 Conrado
1060 3373 1259 3426 itidem
1309 3374 1402 3427 III.
1454 3374 1508 3427 S.
1572 3373 1792 3426 Henrici
1852 3389 1973 3425 ossa

261 3483 481 3536 magna
510 3464 858 3519 solennitate
889 3462 958 3516 ad
998 3462 1427 3516 honoratiorem
1452 3462 1734 3515 tumulum
1789 3466 1971 3515 trans-

260 3557 422 3620 tulit,
474 3559 532 3607 et
579 3568 930 3615 marmoreo,
994 3551 1146 3621 quod
1224 3549 1539 3603 hodiedum
1602 3550 1790 3603 videre
1867 3553 1970 3612 est,

264 3646 652 3696 monumento
710 3638 1185 3693 condecoravit.»
1259 3640 1569 3706 Quousque
1634 3638 1975 3691 extendatur

264 3733 419 3785 istud
452 3752 479 3778 α
538 3729 870 3784 hodiedum.
907 3749 928 3774 ιι
968 3727 1210 3780 necdum
1269 3725 1409 3778 satis
1448 3725 1596 3777 clare
1650 3726 1969 3795 perspicio;

264 3820 666 3889 colligendum
696 3818 751 3871 id
775 3818 883 3871 erit
923 3833 987 3870 ex
1018 3815 1239 3869 schedis
1272 3813 1450 3867 nostri
1484 3815 1540 3867 Ρ.
1586 3814 1821 3867 Joannis
1864 3815 1969 3866 Ga-

266 3909 503 3975 mansii,
537 3906 706 3960 toties
749 3906 807 3959 in
850 3904 1006 3959 Actis
1037 3903 1245 3956 nostris
1276 3902 1511 3967 laudati,
1568 3904 1665 3972 qui
1718 3919 1809 3955 eas
1868 3902 1972 3953 de—

272 3998 439 4050 scribi
487 3995 707 4049 curavit
759 4011 823 4047 ex
875 3995 972 4047 llis.
1009 3992 1279 4060 Catalogo
1332 3990 1740 4059 Episcoporum
1802 3992 1971 4043 Bam-

276 4084 641 4153 bergensium
673 4085 726 4137 S.
762 4081 1049 4135 Michaelis
1083 4079 1449 4148 Bamhergm;
1492 4094 1635 4148 quas
1666 4079 1756 4132 hic
1787 4078 1969 4131 addu-

276 4189 399 4225 cere
441 4188 634 4241 operae
685 4170 937 4239 pretium
989 4166 1325 4233 existimavi,
1361 4182 1491 4219 cum
1544 4184 1609 4219 ea
1664 4166 1971 4236 suppleant

273 4278 404 4332 qum
437 4262 498 4314 in
527 4260 844 4314 IIofmanno
868 4257 1288 4312 desiderantur.

341 4350 430 4400 26.
466 4347 719 4416 Scriptor
756 4346 883 4411 iste,
927 4345 1027 4415 qui
1060 4344 1290 4398 nonnisi
1321 4342 1389 4395 ad
1426 4358 1641 4396 annum
1691 4345 1819 4397 Mitt
1850 4344 1961 4395 An-

266 4437 432 4489 nales
472 4452 603 4488 suos
633 4435 919 4505 perduxit,
950 4435 1047 4487 ubi
1073 4450 1225 4487 aiino
1274 4435 1407 4486 1379
1453 4430 1663 4485 civium
1697 4432 1961 4485 Bamber-

265 4524 536 4593 gensinm
590 4523 897 4577 seditiones
943 4523 1213 4575 adversus
1264 4520 1627 4573 Lambertum
1685 4537 1787 4573 xxx
1840 4520 1961 4588 epi-

269 4629 509 4682 scopum
571 4612 765 4681 paucis
838 4610 1196 4676 memoravit,
1244 4610 1323 4662 ita
1379 4606 1607 4660 subdit:
1665 4632 1683 4655 «
1749 4608 1964 4671 Quibus

269 4702 465 4753 verbis
500 4701 828 4754 Lambertus
860 4700 918 4753 in
954 4715 1227 4769 magnum
1267 4698 1528 4749 timorem
1584 4697 1837 4761 adactus,
1894 4698 1961 4751 ad

269 4788 527 4840 divinam
560 4787 979 4857 implorandum
1031 4803 1199 4855 opem
1259 4784 1536 4854 confugit,
1595 4790 1653 4838 et
1699 4786 1963 4854 sequenti

268 4891 452 4938 anno,
485 4876 635 4927 clero
668 4891 731 4927 ac
761 4875 976 4944 populo
994 4877 1286 4940 advocato,
1320 4873 1630 4926 tumultum
1661 4873 1714 4927 S.
1744 4874 1964 4926 Henrici

267 4962 519 5032 aperuit,
550 4968 605 5016 et
631 4963 901 5033 reliquias
928 4964 1051 5031 ejus
1084 4979 1269 5015 sacras
1313 4962 1545 5031 protulit
1578 4980 1594 5015 :
1634 4984 1653 5008 ι»
1714 4978 1781 5015 ex
1835 4962 1962 5032 qui-

269 5053 380 5105 bus
430 5051 563 5121 quid
594 5056 714 5104 tum
756 5059 976 5116 gestum
1011 5051 1101 5115 sit,
1154 5051 1263 5115 vix,
1303 5056 1399 5103 aut
1455 5066 1526 5103 ne
1583 5050 1670 5102 vix
1728 5051 1961 5120 quidem

271 5139 580 5209 intelligas.
614 5139 747 5193 Haec
775 5141 946 5210 paulo
981 5139 1212 5192 uberius
1258 5138 1428 5191 citata
1477 5138 1763 5191 Gamansii
1811 5139 1965 5192 sche-

266 5229 365 5289 da,
402 5242 573 5295 quam
606 5228 664 5279 in
696 5227 817 5296 ejus
846 5227 959 5281 ﬁde
1000 5228 1270 5297 produco.
1306 5249 1330 5274 ‹‹
1363 5226 1477 5280 Sub
1533 5227 1640 5279 isto
1698 5242 1962 5281 reveren-

266 5315 510 5370 dissimo
548 5315 607 5367 in
665 5315 884 5369 Christo
917 5322 1078 5386 patre
1131 5332 1194 5368 ac
1255 5315 1492 5367 Domino
1526 5316 1588 5368 D.
1644 5315 1961 5379 Lamberto,

269 5420 431 5457 anno
492 5404 650 5457 Dom.
726 5420 1015 5469 ncccuxx,
1080 5404 1279 5457 Indict.
1342 5420 1423 5468 Ill,
1475 5404 1565 5457 die
1620 5420 1714 5456 VIII
1756 5404 1965 5457 mensis

269 5492 434 5556 Julii,
520 5507 634 5561 qua
698 5493 903 5546 festum
974 5493 1165 5563 agitur
1242 5500 1569 5545 sanctorum
1652 5500 1964 5562 martyrum

275 5578 507 5647 Ix'yliaui
568 5594 632 5630 ac
712 5580 991 5633 sociorum
1083 5584 1223 5649 ejus,
1329 5580 1620 5651 regimiuis
1686 5582 1769 5633 sui
1834 5598 1961 5633 sex.-

2089 3108 2390 3162 Henricum
2425 3110 2832 3178 Imperatorem
2890 3111 3244 3166 tumulavit:
3304 3114 3625 3184 Egilbertus
3676 3134 3781 3171 n0-

2085 3214 2192 3250 nus
2253 3197 2736 3262 Babenbergensis
2825 3198 3126 3268 episcopus
3182 3202 3541 3255 canonizavit
3592 3204 3781 3274 ipsum

2082 3286 2135 3339 S.
2165 3285 2469 3339 Henricum
2523 3288 2747 3354 (nempe
2789 3303 2892 3356 per
2945 3288 3265 3357 Eugenium
3323 3291 3397 3343 III
3447 3292 3683 3360 Papam)
3726 3301 3782 3347 et

2086 3374 2442 3427 Eberhardus
2492 3374 2611 3427 Dux
2664 3374 2934 3439 Bavarize,
3001 3376 3257 3429 decimus
3312 3377 3612 3448 episcopus
3678 3383 3776 3435 Ba-

2082 3462 2253 3516 benb.
2324 3461 2613 3514 transtulit
2678 3463 2981 3531 praefatum
3039 3471 3256 3533 patrem
3300 3472 3357 3519 et
3408 3466 3775 3524 fundatorem

2080 3549 2329 3603 ecclesiae
2362 3551 2416 3603 S.
2478 3549 2782 3603 Henricum
2815 3551 3139 3623 sanctisque
3186 3553 3323 3607 locis
3382 3557 3774 3612 venerandum

2080 3638 2510 3692 commendavit
2568 3655 2718 3691 anno
2798 3642 2959 3693 Dom.
3024 3658 3259 3707 MCXLVII,
3312 3644 3401 3696 die
3466 3660 3561 3698 xm
3616 3647 3770 3707 Julii,

2082 3727 2461 3798 praesentibus
2519 3727 2731 3781 ibidem
2797 3730 3215 3783 venerabilibus
3289 3730 3646 3801 principibus
3713 3756 3773 3787 ac

2079 3815 2328 3869 dominis
2363 3816 2423 3867 1).
2463 3815 2786 3869 Eberhardo
2820 3817 3220 3888 Salzburgensi
3257 3818 3684 3890 archiepiscopo
3719 3827 3774 3873 et

2082 3906 2429 3958 Hartmanno
2483 3902 2757 3957 Brixiensi
2840 3905 3133 3974 episcopo,
3195 3922 3324 3959 cum
3380 3907 3576 3960 multis
3647 3908 3774 3962 aliis

2080 3990 2358 4059 religiosis
2399 3990 2663 4044 ﬁdelibus
2682 4009 2744 4045 ac
2778 3993 2890 4044 Deo
2914 3992 3154 4046 devotis.

2150 4082 2218 4133 ‘28
2251 4083 2533 4148 Apertura
2580 4079 2917 4149 sarcophagi
2977 4080 3325 4151 requirenda
3382 4085 3470 4134 est
3543 4082 3602 4134 in
3661 4100 3764 4151 po-

2078 4168 2305 4222 steriori
2334 4168 2516 4239 capite
2549 4168 2654 4221 sub
2683 4174 2842 4237 tergo
2876 4169 3146 4240 imaginis
3177 4170 3355 4222 beatae
3390 4169 3581 4223 Maria:
3640 4171 3769 4223 Vir—

2005 4307 2048 4360 D
2081 4257 2250 4327 ginis,
2283 4258 2378 4311 ubi
2410 4258 2621 4326 scripta
2644 4263 2776 4311 sunt
2809 4259 2927 4311 hinc
2960 4259 3130 4311 verba
3164 4276 3175 4310 :
3210 4262 3402 4312 AL’REA
3436 4274 3607 4312 PORTA
3639 4276 3768 4313 cum

2084 4348 2315 4400 LOCA'I'IO
2368 4362 2743 4407 RELIQUIARUM
2786 4364 2836 4399 ΙΝ
2887 4364 3041 4400 FESIO
3202 4348 3430 4400 HlﬁNRlLl
3460 4364 3529 4401 AD
3578 4364 3769 4401 SARCO‘

2077 4450 2291 4487 PHAGUM
2327 4450 2489 4488 suum.
2535 4434 2725 4503 Pergit
2780 4434 2985 4489 deinde
3029 4435 3269 4504 scriptor
3319 4434 3572 4506 Catalogi
3630 4452 3769 4489 enu-

2074 4538 2296 4574 merare
2334 4521 2591 4592 insignes
2628 4522 2850 4593 aliquot
2897 4522 3339 4592 Bambergenses
3379 4523 3673 4593 reliquias,
3705 4540 3771 4577 eo

2076 4610 2276 4663 ordine
2305 4626 2417 4679 quo
2472 4610 2686 4666 ibidem
2744 4610 2799 4663 in
2854 4612 3072 4679 templo
3121 4609 3435 4663 cathedrali
3483 4611 3770 4680 disposita:

2076 4702 2227 4753 sunt.
2272 4720 2297 4747 ‹‹
2350 4700 2551 4769 Caput,
2584 4699 2773 4769 inquit
2804 4700 2857 4753 8.
2918 4699 3145 4755 Henrici
3193 4699 3252 4752 in
3303 4699 3493 4753 medio
3550 4700 3771 4753 locatur

2075 4792 2207 4840 ante
2231 4789 2667 4856 sarcophagum,
2728 4788 2796 4841 ad
2825 4790 3003 4842 altare
3036 4793 3244 4842 sanctae
3300 4788 3513 4841 Crucis.
3582 4804 3769 4842 versus

2075 4875 2363 4929 Orientem
2397 4892 2408 4929 :
2443 4893 2474 4928 a
2507 4875 2715 4929 dextris
2770 4877 3030 4929 exeundo
3063 4893 3093 4929 e
3128 4877 3297 4929 choro
3356 4876 3409 4929 S.
3472 4876 3641 4939 Petri,
3676 4892 3765 4927 ca-

2076 4968 2182 5032 put
2208 4970 2414 5016 sanctze
2446 4964 2832 5033 Cunegundis,
2858 4970 2915 5017 et
2955 4965 3145 5033 imago
3176 4964 3357 5018 beatae
3395 4964 3582 5017 Mariae.
3638 4963 3766 5018 Vir-

2075 5051 2244 5121 ginis.
2280 5056 2325 5105 A
2355 5052 2600 5105 sinistris
2633 5052 2687 5106 S.
2720 5054 3049 5122 Margaretm
3080 5058 3136 5106 et
3175 5056 3347 5120 caput
3397 5052 3451 5105 8.
3506 5051 3719 5105 ΚιΙὶδηί
3751 5070 3763 5106 :

2075 5140 2339 5194 adextris
2366 5142 2624 5194 exeundo
2656 5158 2683 5193 a
2717 5141 2889 5195 choro
2918 5141 2971 5196 S.
3022 5140 3193 5206 Petri,
3253 5144 3426 5208 caput
3479 5139 3533 5194 8.
3588 5140 3767 5194 Theo-

2075 5227 2201 5282 dori
2250 5234 2305 5281 et
2342 5229 2522 5281 sancti
2576 5230 2867 5299 Dionysii;
2910 5234 2965 5281 et
3016 5244 3211 5281 versus
3253 5227 3545 5281 Orientem
3596 5232 3768 5297 caput

2075 5324 2428 5384 argenteum.
2494 5321 2538 5370 A
2593 5318 2836 5369 sinistris
2875 5332 2997 5385 cap.
3059 5322 3385 5370 sanctorum
3435 5317 3652 5369 Cosme:
3714 5323 3767 5369 et

2080 5404 2363 5467 Damiani,
2421 5410 2477 5458 et
2515 5413 2686 5475 caput
2728 5411 3111 5474 argenteum;
3170 5421 3365 5458 versus
3413 5405 3651 5458 oliorum
3709 5406 3761 5459 S.

2079 5493 2249 5559 Petri,
2303 5499 2475 5563 caput
2527 5494 2581 5547 S.
2630 5493 2871 5557 Ottonis,
2923 5499 2977 5545 et
3024 5498 3194 5565 caput
3250 5494 3305 5547 S.
3361 5494 3443 5546 Pii
3493 5508 3655 5563 papa:
3706 5499 3763 5547 et

2081 5585 2362 5651 martyris.
2402 5604 2419 5628 ι
2459 5583 2727 5651 Sequitur
2756 5583 2808 5635 in
2858 5582 3048 5635 charta
3083 5582 3459 5635 Gamansiana
3516 5579 3761 5634 miracu-
