4058 6216
239 299 304 348 23
1545 295 1599 346 8.
1644 289 1928 346 HENRICI
1968 286 2444 343 IMPERATORIS
3680 286 3742 338 2i

238 419 360 471 lum
411 416 481 471 de
515 415 873 470 restitutione
904 416 964 470 iu
993 416 1282 485 integrum
1333 415 1604 485 imaginis
1664 412 1928 468 Crucitixi
1961 417 2004 468 Α
2043 411 2281 476 tionem,
2306 414 2701 466 consecratum
2737 411 2867 476 funt,
2900 409 3280 480 praesentibus
3312 411 3501 464 adhuc
3554 415 3740 467 omni-

239 505 501 568 eburnei,
529 506 629 576 qui
659 521 688 558 e
721 505 1053 576 longinquis
1081 504 1245 558 terris
1293 522 1323 558 a
1359 505 1415 558 8.
1469 503 1710 558 Henrico
1762 503 1930 555 Bamo

241 596 478 666 bergam
509 599 914 666 comportatus,
970 599 1027 648 et
1055 594 1315 648 fulminis
1345 592 1461 646 ictu
1505 592 1564 645 in
1621 591 1801 645 frusta
1825 591 1928 644 mi-

241 683 546 737 nutissima
575 684 807 737 collisus
857 687 913 736 et
965 682 1244 735 contritus
1295 680 1467 734 fuisse
1495 677 1706 732 dicitur
1753 676 1846 730 die
1900 692 1928 729 x

243 772 370 826 Maii
440 774 568 826 1515
646 775 886 839 (annum
961 773 1094 824 1516
1167 773 1323 822 notat
1379 765 1735 820 continuatio
1801 767 1930 819 Hof-

242 860 442 914 manni
482 860 633 930 apud
684 859 954 929 Ludwig.)
1017 859 1333 923 Utcumque
1385 855 1440 909 id
1467 855 1674 909 factum
1736 853 1929 918 fuerit,

241 948 312 1002 ad
360 963 482 1002 rem
518 952 772 1001 nostram
824 945 1059 1018 propius
1119 947 1374 1014 spectant
1394 959 1522 1014 quea
1544 943 1612 998 de
1665 943 1769 996 hac
1799 959 1932 1013 pro-

243 1034 366 1105 prie
399 1035 547 1090 dicta
575 1050 862 1089 sacrarum
895 1031 1270 1104 reliquiarum
1303 1032 1672 1085 translatione
1695 1031 1932 1102 subjun-

241 1124 326 1194 git
355 1123 522 1177 citata
554 1123 750 1176 charta
774 1123 833 1175 in
859 1121 1013 1174 hunc
1042 1120 1300 1174 modum.

311 1214 407 1266 29.
449 1231 477 1262 α
503 1214 668 1265 Anno
704 1209 929 1265 Domini
970 1225 1164 1273 unxui,
1194 1208 1394 1262 Indict.
1433 1212 1480 1270 t,
1527 1208 1619 1262 die
1677 1212 1731 1263 tl
1791 1208 1935 1279 Sep—

240 1299 498 1363 tembris,
576 1298 913 1369 sarcophagi
966 1297 1187 1368 antiqui
1227 1301 1553 1350 sanctorum
1612 1294 1837 1350 Henrici
1879 1299 1938 1347 et

241 1387 609 1457 Cunegundis
638 1387 1007 1440 fundatorum
1062 1384 1245 1455 aperti
1275 1384 1493 1439 suntin
1558 1399 1794 1456 corpore
1845 1398 1936 1436 ec-

242 1475 450 1542 clesiae,
482 1480 635 1529 retro
667 1476 844 1529 altare
879 1475 933 1529 S.
968 1474 1360 1544 Cunegundis,
1394 1490 1496 1544 per
1527 1471 1934 1528 reverendissi-

244 1578 404 1616 mum
453 1569 712 1616 nostrum
766 1562 1069 1617 dominum
1125 1563 1610 1633 prtenominatum
1649 1563 1718 1617 de
1770 1563 1935 1632 Lym-

244 1651 411 1720 burg,
476 1653 712 1720 propter
751 1667 960 1704 novam
1016 1651 1369 1721 sepulturam
1426 1651 1683 1721 praefatis
1728 1648 1939 1704 sanctis

243 1739 503 1809 patronis
535 1755 600 1792 ex
634 1754 916 1793 marmore
959 1740 1242 1809 sculptam
1278 1755 1290 1793 :
1323 1740 1384 1793 in
1414 1756 1528 1810 quo
1585 1739 1937 1809 sarcophago

244 1827 482 1896 antiquo
531 1831 760 1897 reperta
814 1827 924 1881 fuit
971 1833 1190 1881 vetusta
1235 1845 1401 1899 capsa
1457 1830 1626 1882 unica
1684 1828 1742 1882 in
1826 1843 1941 1898 qua

243 1921 407 1969 erant
457 1915 719 1985 pulveres
769 1915 837 1969 de
867 1932 1103 1986 corpore
1133 1917 1186 1971 8.
1251 1917 1498 1984 Henrici,
1531 1934 1664 1988 pars
1727 1934 1842 1971 una
1872 1918 1940 1971 de

247 2003 478 2072 scapula
508 2019 607 2057 seu
657 2005 882 2073 spatula
943 2005 1222 2074 ejusdem,
1281 2021 1412 2059 cum
1467 2005 1811 2076 quibusdam
1869 2005 1938 2060 de

246 2092 400 2145 corio
458 2097 515 2146 et
571 2091 772 2158 serico,
829 2093 891 2147 in
936 2092 1144 2164 quibus
1188 2094 1511 2148 involutum
1568 2094 1676 2149 fuit
1736 2111 1942 2166 corpus

246 2180 299 2234 8.
355 2179 600 2234 Henrici.
668 2182 730 2234 Iu
780 2182 1132 2252 sarcophago
1180 2182 1234 2237 8.
1283 2183 1652 2253 Cunegundis
1712 2183 1943 2238 inventa

248 2273 333 2321 est
365 2269 611 2338 capsella
639 2284 800 2324 aenea
829 2269 886 2323 in
915 2286 1027 2340 qua
1057 2270 1290 2324 inclusas
1330 2271 1564 2324 fuerunt
1584 2271 1843 2342 reliquias
1873 2271 1942 2325 de

247 2371 488 2426 corpore
517 2357 573 2412 S.
609 2358 997 2430 Cunegundis,
1029 2359 1158 2412 duas
1207 2363 1378 2413 costa:
1425 2375 1556 2414 cum
1597 2359 1940 2430 quibusdam

250 2445 375 2500 aliis
406 2445 663 2517 reliquiis
692 2447 979 2517 ejusdem.
1032 2448 1094 2500 In
1141 2453 1388 2520 utroque
1445 2448 1796 2519 sarcophago
1827 2449 1944 2502 col-

250 2533 378 2588 lecti
437 2539 573 2588 sunt
628 2536 893 2606 pulveres
951 2535 1020 2591 de
1076 2536 1344 2591 cordibus
1402 2536 1736 2603 amborum;
1814 2552 1941 2607 qua:

251 2621 512 2694 reliquiae
541 2639 673 2678 cum
712 2624 933 2679 honore
983 2631 1039 2678 et
1096 2625 1416 2680 reverentia
1468 2625 1527 2679 in
1585 2625 1767 2696 capsis
1827 2625 1944 2678 suis

253 2711 321 2765 ad
352 2727 622 2781 magnam
657 2711 974 2767 sacristiam
997 2719 1133 2768 sunt
1159 2714 1473 2784 deportata:
1501 2730 1603 2785 per
1632 2714 1936 2785 praefatum

254 2799 316 2852 D.
347 2800 652 2869 Georgium
675 2801 1033 2872 episcopum,
1059 2803 1121 2854 D.
1147 2802 1458 2872 Casperum
1517 2803 1944 2872 suifraganeum

255 2888 530 2957 ejusdem,
582 2893 639 2943 et
668 2890 733 2944 D.
793 2891 1072 2944 Joannem
1130 2891 1397 2945 abbatem
1438 2891 1680 2945 caanobii
1735 2891 1788 2946 S.
1838 2891 1939 2944 Mi-

2039 498 2148 552 bus
2179 500 2298 568 jam
2351 514 2523 568 supra
2575 496 2902 552 nominatis.
2971 498 3194 552 Atrium
3243 505 3376 553 ante
3433 499 3729 554 ecclesiam

2045 587 2598 656 Babenbergensem,
2654 605 2683 639 a
2736 592 2903 656 porta
2959 587 3092 640 Adae
3157 593 3214 642 et
3261 590 3387 642 Eva:
3442 606 3622 660 usque
3662 589 3734 643 ad

2044 680 2268 746 portam
2295 675 2518 746 gratiae,
2552 677 2755 728 eodem
2802 675 3090 746 annojam
3123 692 3313 747 supra,
3347 677 3576 747 lapideo
3630 695 3730 748 pa-

2043 766 2294 818 vimento
2347 767 2608 825 stratum,
2667 780 2732 816 ac
2783 779 2948 817 muro
2988 765 3258 835 pectorali
3291 765 3504 819 cavatis
3535 766 3742 836 lapidi-

2042 853 2150 908 bus
2196 852 2438 908 artiticio
2471 851 2783 922 magistrali
2827 868 2931 922 per
2958 869 3165 922 gyrum
3196 870 3257 907 ac
3287 854 3534 908 formam
3586 871 3742 908 coro-

2044 960 2134 998 nae
2161 941 2578 997 circumdatum
2637 941 2766 1007 fuit,
2825 957 2894 994 ne
2946 943 3296 996 etfuderetur
3352 942 3429 996 ibi
3501 945 3735 1013 sanguis

2045 1030 2315 1085 innoxius
2367 1029 2594 1084 labente
2677 1031 2944 1100 aliquo.»
3005 1032 3283 1083 [lactentis
3341 1031 3556 1095 charta,
3632 1049 3737 1101 pro

2045 1118 2314 1172 coronide
2347 1117 2662 1188 adjungens
2691 1134 2820 1189 quin
2850 1118 3024 1172 habes
3061 1119 3211 1189 apud
3243 1120 3547 1174 Hot‘manni
3607 1137 3741 1174 cou-

2046 1207 2411 1273 tinuatorem,
2447 1207 2554 1260 col.
2587 1208 2709 1260 242.
2739 1205 2862 1260 Alia
2890 1205 3142 1278 religiosi
3195 1207 3383 1261 cultus
3427 1223 3736 1278 argumen-

2046 1300 2104 1349 ta
2133 1311 2574 1366 prosequamur.

2050 1403 2195 1471 διν.
2234 1403 2502 1470 Reliquiae
2554 1402 2986 1469 Bambergenses,
3021 1418 3179 1456 sacra
3222 1401 3455 1470 cimeli'a,
3516 1419 3739 1458 mauso-

2120 1474 2257 1527 leum
2288 1475 2693 1540 Henricianum,
2740 1473 2938 1541 Ofﬁcia
2989 1475 3370 1537 ecclesiastica,
3433 1478 3484 1528 et
3515 1478 3745 1545 antiqua

2120 1546 2310 1599 Missa.

2119 1651 2206 1704 21.
2230 1651 2306 1704 De
2321 1648 2576 1721 reliquiis
2593 1653 2650 1703 et
2669 1648 2840 1703 sacris
2864 1647 3380 1718 Bambergensibus
3399 1665 3577 1704 monu
3588 1666 3675 1705 me
3685 1667 3744 1705 n-

2048 1737 2120 1792 tis
2157 1755 2222 1792 ac
2251 1738 2515 1806 cimeliis,
2547 1754 2698 1806 cum,
2730 1743 2938 1808 praeter
2967 1753 3035 1790 ea
3073 1753 3204 1808 quae
3233 1753 3301 1791 ex
3326 1737 3646 1792 Hofmanuo
3681 1743 3742 1792 et

2049 1827 2270 1882 schedis
2301 1825 2695 1881 Gamansianis
2743 1826 2866 1895 jam
2897 1826 3156 1895 proxime
3199 1825 3331 1879 data
3385 1831 3537 1893 sunt,
3602 1828 3743 1882 nihil

2050 1915 2120 1971 ad
2177 1931 2414 1970 manum
2474 1920 2642 1982 esset,
2691 1915 2764 1970 ad
2810 1915 3030 1969 fontem
3084 1913 3275 1985 ipsum
3335 1916 3747 1971 recurrendum

2051 2000 2269 2069 censui,
2301 2001 2453 2055 unde
2493 2001 2702 2054 certius
2746 2006 2805 2054 et
2835 2000 3090 2054 securius
3137 2017 3310 2072 quam
3367 2018 3434 2055 ex
3479 2001 3550 2055 iis
3607 2019 3740 2074 quas

2054 2088 2374 2159 Ludwigius
2430 2091 2779 2160 vulgaverat,
2853 2088 3078 2143 edoceri
3132 2105 3378 2159 possem.
3441 2090 3554 2144 Nec
3610 2106 3746 2144 sane

2053 2183 2325 2248 concepta
2351 2195 2450 2249 spe
2480 2178 2784 2232 frustratus
2831 2194 2978 2242 sum,
3040 2193 3173 2232 nam
3205 2194 3313 2248 ope
3368 2183 3424 2232 et
3477 2179 3747 2249 praesidio

2057 2267 2118 2321 Β.
2151 2267 2210 2320 Ρ.
2244 2267 2459 2320 Nicolai
2494 2268 2680 2333 Pottu,
2742 2265 2980 2337 Collegii
3044 2267 3224 2320 nostri
3279 2266 3404 2321 istic
3464 2268 3742 2335 Hectoris,

2055 2355 2236 2409 multa
2281 2355 2505 2410 erudite
2576 2372 2908 2426 suggessere
2989 2356 3219 2420 nobilis,
3291 2355 3635 2410 clarissimus
3681 2373 3746 2410 ac

2055 2443 2511 2498 consultissimus
2562 2444 2832 2499 dominus
2893 2445 3141 2499 Joannes
3194 2444 3523 2499 Franciscus
3570 2446 3744 2500 Xave.

2057 2531 2176 2586 rius
2201 2533 2558 2604 Eppenauer,
2609 2533 3052 2588 eminentissimi
3106 2533 3374 2588 Electoris
3427 2533 3748 2604 Moguntini

2057 2625 2114 2674 et
2184 2622 2448 2692 Episcopi
2504 2622 2939 2692 Bambergensis
2997 2622 3367 2689 archivarius,
3403 2625 3462 2675 ut
3509 2627 3748 2686 vocant;

2057 2725 2122 2763 ac
2167 2711 2338 2766 Adm.
2408 2713 2471 2766 Η.
2505 2713 2566 2764 Ρ.
2602 2712 2762 2764 Dom.
2805 2712 2936 2766 Otto
2987 2713 3363 2782 Schugentes,
3425 2712 3658 2767 Ordinis
3717 2714 3753 2766 S

2063 2798 2349 2853 Benedicti
2379 2799 2449 2854 ad
2474 2800 2720 2853 Montem
2751 2800 2805 2854 8.
2839 2800 3145 2865 Michaelis,
3180 2800 3420 2871 antiqua
3446 2817 3549 2854 sua
3581 2801 3752 2856 bene-

2057 2887 2324 2950 volentia,
2381 2887 2718 2958 collatisque
2747 2888 2818 2942 ad
2847 2890 2985 2942 Acta
3031 2888 3086 2942 S.
3135 2888 3361 2942 Ottonis
3418 2888 3755 2944 illustranda

252 2976 462 3030 chaelis
493 2976 697 3031 Montis
741 2978 1176 3032 monachorum.
1216 2980 1420 3048 Expost
1466 2977 1756 3047 praedictis
1811 2977 1942 3031 reli-
1983 2976 2023 3030 C
2055 2975 2315 3044 pluribus
2375 2976 2512 3030 olim
2563 2977 2861 3045 suppetiis,
2918 2981 3090 3030 notus
3134 2981 3192 3029 et
3234 2977 3470 3043 amicus,
3503 2993 3753 3048 quorum

253 3081 381 3134 qua:
429 3065 487 3118 in
519 3070 768 3135 quatuor
816 3082 991 3119 novas
1034 3083 1228 3136 capsas
1285 3072 1416 3120 sunt
1469 3067 1684 3132 divisae,
1746 3066 1837 3120 die
1895 3081 1943 3119 ιχ

258 3152 469 3206 mensis
547 3153 921 3222 Septembris,
1019 3154 1110 3208 die
1189 3155 1451 3208 videlicet
1552 3153 1946 3208 translationis

258 3242 315 3294 8,
349 3242 738 3312 Cunegundis,
769 3258 885 3296 non
908 3242 1030 3296 sine
1061 3242 1434 3313 dispositione
1467 3243 1677 3304 divina,
1721 3244 1790 3296 ad
1837 3259 1946 3296 no-

258 3343 392 3383 vum
423 3336 558 3384 sunt
581 3330 997 3400 sarcophagum
1054 3332 1367 3400 deportatus
1397 3338 1568 3402 atque
1621 3337 1949 3386 reverenter

259 3417 540 3487 impositas
600 3425 655 3472 et
703 3419 936 3472 inclusas
970 3435 1071 3488 per
1128 3420 1190 3473 D.
1251 3420 1556 3489 Georgium
1615 3420 1947 3490 episcopum

259 3507 407 3560 etD.
448 3507 759 3576 Casparum
806 3508 1250 3578 suﬁ'raganeum,
1300 3507 1679 3578 praesentibus
1736 3508 1948 3562 ibidem

259 3594 323 3648 D.
391 3595 608 3649 Joanne
666 3595 870 3649 abbate
928 3596 996 3650 de
1055 3598 1261 3660 Bantz;
1328 3597 1390 3650 ι).
1452 3597 1692 3666 Georgio
1740 3597 1947 3664 Stiber,

259 3683 474 3737 decano
518 3684 652 3737 eccl.
714 3685 896 3751 Cath.,
941 3686 1004 3739 Ι).
1060 3685 1362 3739 Willielmo
1407 3685 1672 3754 Schengk
1729 3686 1948 3739 Barone

259 3771 329 3824 de
388 3771 678 3842 Limburg,
733 3779 960 3839 cantor;
1029 3775 1088 3828 Ι).
1155 3774 1446 3827 Leonardo
1498 3774 1566 3827 de
1638 3773 1949 3843 Eglofstein

258 3855 509 3924 doctore,
549 3856 919 3923 Scholastico;
955 3859 1014 3910 Ι).
1067 3857 1399 3913 Sebastiano
1455 3858 1526 3912 de
1587 3859 1947 3929 Kungsperg,

257 3943 574 4010 cellerario,
607 3950 662 3999 et
716 3945 844 4000 aliis
876 3947 1164 4000 canonicis
1191 3946 1601 4017 capitularibus
1629 3947 1795 4000 dicta:
1855 3947 1950 4000 Ba-

257 4031 670 4104 benbergensis
755 4034 1024 4099 ecclesiae,
1111 4039 1329 4087 astante
1385 4033 1538 4086 clero
1591 4039 1646 4084 et
1715 4034 1947 4102 populo,

257 4126 536 4192 quantum
554 4122 788 4176 basilica
817 4123 1157 4176 cathedralis
1182 4138 1386 4188 capere
1417 4126 1664 4190 poterat.
1707 4143 1734 4170 »

329 4212 415 4264 30.
441 4215 622 4281 Atque
654 4211 775 4265 haec
802 4211 1120 4282 penultima
1150 4214 1235 4264 est
1292 4225 1581 4263 sacrarum
1632 4211 1687 4265 8.
1724 4208 1964 4264 Henrici'

258 4283 631 4369 reliquiarum
665 4299 916 4352 solennis
936 4297 1260 4363 translatio;
1295 4313 1445 4350 nunc
1499 4305 1704 4351 castora
1764 4298 1948 4367 subji-

257 4387 344 4441 cio
390 4402 520 4456 qua:
559 4387 618 4441 in
679 4387 878 4441 eadem
944 4385 1324 4441 Gamansiana
1353 4387 1549 4440 charta
1579 4386 1948 4456 colliguntur.

262 4485 288 4524 α
343 4475 633 4546 Scriptura
681 4475 804 4529 haec
855 4476 914 4528 in
965 4490 1346 4546 pergamenea
1375 4475 1646 4528 schedula
1700 4475 1951 4544 reposita

255 4567 341 4615 "est
389 4563 457 4616 ad
500 4562 831 4634 plumbeam
883 4564 1202 4635 capsulam.
1273 4564 1336 4617 In
1422 4563 1529 4616 isto
1597 4563 1950 4633 sarcophago

250 4650 500 4721 lapideo,
531 4667 659 4704 cum
687 4668 787 4706 sua
835 4657 1051 4705 tectura
1088 4651 1311 4721 lapidea
1345 4651 1482 4705 olim
1515 4668 1688 4721 supra
1738 4657 1949 4705 terram

254 4740 496 4808 "elevato,
549 4740 658 4794 fuit
689 4741 1047 4795 reconditum
1088 4739 1380 4811 quondam
1409 4756 1617 4811 corpus
1648 4740 1703 4794 8.
1763 4740 1948 4794 Cime-

257 4827 466 4897 gundis
513 4826 751 4898 virginis
783 4834 838 4881 et
894 4817 1456 4898 lmperatricis,'ante
1515 4829 1948 4881 translationem

257 4918 396 4986 ejus.
427 4917 604 4982 Nunc,
638 4923 877 4988 propter
918 4922 1264 4971 structuram
1299 4920 1356 4970 et
1405 4915 1756 4970 erectionem
1815 4917 1948 4970 novi

257 5005 613 5074 sarcophagi,
649 5011 712 5058 ut
743 5005 912 5058 hodie
937 5006 1213 5068 cernitur,
1265 5005 1371 5058 fuit
1419 5004 1510 5057 hic
1563 5004 1948 5073 sarcophagus

253 5092 359 5146 sub
391 5097 539 5146 terra
569 5093 892 5146 reconditus
921 5094 974 5148 S.
1012 5093 1234 5146 Henrici
1274 5093 1611 5146 confessoris
1664 5097 1718 5143 et
1766 5093 1946 5161 Impe-

257 5181 481 5245 ratoris,
542 5196 604 5233 ac
663 5182 832 5252 hujus
879 5183 1130 5234 ecclesiae.
1183 5181 1519 5234 fundatoris.
1556 5200 1581 5229 ν
1647 5181 1738 5233 Est
1793 5181 1944 5250 quod

255 5270 326 5323 ad
355 5269 706 5322 clarietatem
741 5270 830 5323 hic
859 5271 1174 5325 desideres.
1244 5289 1270 5318 «
1303 5271 1474 5322 Porro
1513 5270 1691 5322 altare
1720 5271 1776 5321 S.
1834 5269 1942 5323 Cu-

252 5357 536 5427 negundis
568 5358 716 5428 quod
748 5359 956 5412 nudius
986 5359 1323 5413 demolitum
1355 5363 1410 5410 et
1441 5357 1795 5410 confractum
1828 5366 1934 5424 est,

251 5446 586 5500 innovatum
644 5452 701 5500 et
755 5453 1009 5501 erectum
1063 5447 1190 5514 fuit,
1254 5453 1307 5501 et
1369 5447 1562 5516 peri).
1625 5447 1941 5516 Casparum

253 5533 698 5605 sut’fraganeum,
731 5534 822 5586 die
871 5535 1072 5587 eodem
1104 5541 1234 5603 post
1281 5535 1652 5606 reliquiarum
1702 5535 1939 5604 imposi-

2062 3063 2415 3117 subsidiariis
2472 3064 2736 3117 manibus
2794 3065 3042 3133 adjutus,
3099 3065 3379 3118 nonnulla
3411 3065 3502 3119 hic
3551 3072 3752 3134 parato

2052 3151 2172 3220 jam
2207 3153 2621 3207 commentario
2671 3154 2922 3207 inserere
2951 3153 3130 3218 licuit,
3155 3169 3286 3223 quas
3326 3155 3465 3208 alias
3518 3156 3755 3210 omnino

2059 3241 2455 3310 prastereunda
2485 3241 2739 3296 fuissent.
2773 3244 3070 3295 Accessere
3120 3257 3153 3293 a
3194 3242 3480 3296 muniﬁcis
3512 3244 3745 3298 sanctis-

2060 3330 2188 3383 simi
2219 3330 2448 3400 patroni
2491 3346 2555 3383 ac
2601 3330 2919 3384 fundatoris
2966 3329 3267 3384 clientibus
3307 3332 3630 3386 necessaria
3688 3349 3753 3387 ea

2059 3418 2296 3484 auxilia,
2333 3418 2542 3489 quibus
2572 3418 2697 3472 istic
2729 3418 3036 3485 delineata,
3077 3419 3170 3472 hic
3197 3435 3331 3474 vero
3361 3421 3422 3474 in
3472 3437 3549 3474 aes
3577 3420 3753 3475 incisa

2060 3507 2175 3562 sint
2203 3507 2378 3571 varia,
2411 3523 2538 3578 qua:
2576 3507 2820 3576 proinde
2872 3507 3131 3562 omnium
3185 3508 3364 3562 oculis
3421 3513 3476 3562 et
3524 3509 3634 3580 piae
3664 3527 3754 3563 cu-

2061 3595 2304 3649 riositati
2333 3596 2538 3666 exponi
2563 3602 2822 3666 potuere.

2131 3687 2217 3738 3'2.
2251 3684 2321 3737 Ut
2350 3683 2550 3737 ordine
2607 3683 2836 3753 singula
2875 3683 3230 3753 digerantur,
3287 3684 3356 3738 ab
3415 3685 3485 3739 iis
3542 3685 3754 3757 incipio

2060 3788 2191 3842 quas
2238 3787 2426 3825 sacras
2484 3772 2756 3843 reliquias
2804 3773 3041 3843 propius
3079 3778 3356 3843 spectant,
3390 3790 3601 3844 easque
3631 3775 3754 3846 pri-

2061 3876 2224 3914 mum
2257 3865 2448 3932 partes
2499 3873 2628 3931 quae
2684 3866 2781 3914 aut
2837 3861 2897 3915 in
2951 3861 3075 3932 ipsa
3125 3862 3440 3917 cathedrali
3498 3864 3748 3927 ecclesia,

2062 3953 2161 4000 aut
2191 3947 2251 4000 in
2283 3947 2410 4000 aliis
2433 3947 2948 4016 Bambergensibus
2995 3948 3225 4017 templis
3256 3950 3518 4020 religiose
3575 3967 3753 4004 asser-

2065 4040 2285 4088 vantur.
2346 4035 2469 4088 Jam
2522 4034 2776 4104 proxime
2832 4035 3176 4101 notavimus,
3255 4036 3315 4090 in
3370 4037 3557 4106 prima
3612 4037 3754 4091 sacri

2063 4121 2318 4192 corporis
2339 4122 2677 4190 elevatione,
2710 4128 2776 4177 et
2807 4123 3174 4189 exaltatioue,
3207 4126 3527 4195 sejunctum
3558 4143 3591 4179 a
3618 4127 3753 4179 reli-

2064 4225 2178 4279 quo
2201 4225 2440 4278 corpore
2493 4209 2889 4265 honorandum
2931 4213 3221 4278 verticem,
3284 4215 3512 4283 piorum
3575 4216 3754 4268 culto-

2065 4314 2190 4353 rum
2224 4299 2577 4353 venerationi
2609 4301 3035 4371 exponendum,
3066 4307 3130 4355 ut
3185 4303 3533 4372 praecedenti
3589 4321 3750 4374 para-

2060 4387 2280 4456 grapho
2327 4387 2498 4441 etiam
2559 4387 2874 4443 indicatum
2929 4395 3032 4442 est.
3098 4389 3188 4444 Sic
3235 4390 3425 4460 ipsum
3484 4392 3756 4446 describit

2060 4473 2206 4530 Clar.
2253 4476 2614 4547 Eppenauer,
2651 4482 2714 4530 ut
2743 4477 3054 4531 secundum
3086 4478 3382 4532 decentem
3427 4481 3752 4550 proportio-

2062 4550 2191 4617 nem
2217 4564 2404 4634 capiat
2437 4581 2704 4618 coronam
2737 4565 3094 4636 imperialem
3125 4572 3454 4636 argenteam
3513 4569 3754 4624 deaura-

2061 4657 2196 4719 tam,
2231 4669 2482 4723 gravem,
2507 4653 2752 4724 gemmis
2779 4654 3155 4708 orientalibus
3191 4656 3383 4709 multis
3415 4658 3754 4728 magnisque

2060 4746 2412 4806 exornatam,
2446 4742 2747 4812 aureisque
2788 4742 2918 4796 hinc
2965 4744 3098 4798 inde
3139 4744 3383 4798 cimeliis
3438 4745 3750 4800 circumda-

2059 4835 2197 4894 tam,
2230 4831 2392 4899 cujus
2419 4830 2571 4885 linea
2603 4831 2954 4886 diametralis
2985 4834 3058 4887 sit
3078 4838 3201 4886 octo
3248 4834 3521 4903 pollicum
3583 4833 3755 4889 unius

2058 4918 2237 4988 pedis,
2271 4920 2516 4973 altitudo
2534 4922 2951 4991 propemodum
2987 4939 3104 4987 sex,
3136 4922 3286 4975 unde
3317 4923 3484 4978 facile
3514 4923 3749 4994 colliga-

2056 5012 2150 5060 tur
2181 5007 2516 5077 magnitudo
2573 5009 2795 5079 capitis,
2849 5011 3003 5078 quod
3064 5027 3130 5064 eo
3192 5011 3363 5066 modo
3411 5019 3754 5067 coronatum

2055 5098 2299 5151 detineri
2349 5098 2448 5162 ait,
2483 5099 2542 5152 in
2611 5115 2783 5169 pomo
2841 5099 3130 5170 imperiali
3185 5099 3402 5156 dextrae.
3482 5101 3754 5172 imaginis

2055 5192 2339 5255 argentea:
2387 5186 2700 5242 humanam
2750 5193 3026 5243 staturam
3095 5189 3369 5242 umbilico
3428 5195 3594 5243 tenus
3653 5191 3752 5244 ad-

2055 5274 2335 5342 asquantis
2371 5289 2384 5328 :
2427 5275 2609 5339 Quam
2664 5277 2958 5342 Romanae,
3008 5276 3155 5330 infra
3212 5277 3572 5345 exhibendae,
3640 5294 3754 5331 non

2055 5363 2299 5416 multum
2320 5363 2641 5418 absimilem
2658 5365 2940 5434 concipio,
2975 5365 3084 5418 nisi
3112 5365 3268 5435 quod
3301 5365 3358 5418 in
3393 5365 3492 5419 illa
3523 5365 3755 5419 brachia

2053 5451 2465 5519 exprimantur.
2501 5454 2573 5506 Ex
2621 5453 2902 5507 delineata
2931 5469 3142 5506 corona
3171 5454 3240 5507 de
3281 5454 3419 5524 ejus.
3454 5455 3638 5522 pretio
3698 5460 3754 5507 et

2054 5538 2340 5604 elegantia
2404 5544 2636 5596 statues.
2721 5540 3049 5610 ridebisque
3119 5557 3248 5595 cum
3321 5541 3748 5609 Bambergensi,
