2029 3108
91 187 117 214 25
725 187 727 189 ’
919 181 937 208 Α

1833 188 1865 213 2U

90 248 159 276 binas
173 246 236 274 illas
250 252 282 272 ex
296 244 323 271 S.
350 241 497 270 Michaelis
511 250 529 269 a
553 239 708 276 Ludwigio
727 240 768 268 sic
790 239 940 273 exhibitas,
996 239 1115 267 subesse
1144 238 1219 266 mihi
1247 241 1370 269 testatus
1406 244 1450 270 est
1473 242 1674 279 Schugentins.
1696 244 1761 272 Sola
1779 245 1866 280 hujus

90 294 115 318 ut
140 290 255 318 alteram
280 289 310 316 in
338 287 531 320 solemnibus,
555 286 682 313 alteram
708 285 739 313 in
766 285 942 321 qnotidianis
996 287 1106 313 nostra:
1126 284 1289 313 delineatio
1311 287 1346 315 ad
1369 295 1413 315 me
1426 287 1512 315 missa
1540 291 1593 321 est,
1614 296 1702 324 quam
1719 289 1789 317 satis
1805 290 1866 317 feli-

90 336 211 363 usitatam
246 332 491 364 comminiscetur,
524 332 606 367 cujus
633 330 684 357 rei
723 338 777 358 nec
809 330 941 357 umbram
996 329 1071 356 citer
1082 336 1218 356 excusam
1241 335 1430 366 repressum,

494 670 517 701 ε
1050 680 1052 682 μ
1469 647 1492 679 ι’

340 713 374 772 i
932 706 950 753 ὁ

345 805 377 821 Ν
533 802 540 809 1
977 821 981 823 -
1462 774 1561 826 ῖὲῑῆξψ

560 935 562 937 ,
613 919 617 937 .
651 898 794 988 μή
835 924 858 959 ὁ]
966 930 985 947 4,
1013 914 1049 960 χ
1094 891 1181 975 ,θ
1217 920 1249 942 ρ,
1294 871 1512 989 Γ

466 1029 489 1055 ’ἒ
554 1028 562 1053 ’Δ
663 1032 666 1036 ’
994 1025 1016 1053 <ι
1058 1036 1063 1047 ι
1098 1031 1102 1033 ”
1163 1049 1166 1051 .
1295 1029 1307 1049 ἦ
1363 1024 1445 1061 ,μμῖῇ
1486 1043 1489 1047 .

412 1135 439 1184 ’⁸
728 1156 801 1220 ’ί
892 1125 1051 1315 ﬂl.

428 1210 665 1341 ε
800 1214 1004 1333 ,

553 1327 588 1342 im
754 1322 780 1356 θ
832 1334 1140 1380 ἓξὲξ
1087 1378 1090 1379 ν
1117 1330 1171 1376 4;
1207 1324 1213 1362 Ὺ
1246 1320 1372 1361 1?”

117 1616 162 1642 33.
186 1612 338 1648 Reliquias
357 1611 428 1638 alias
447 1610 493 1638 his
515 1611 606 1639 ferme
632 1612 725 1640 verbis
747 1613 880 1644 describit
891 1617 943 1652 Ep-
960 1619 980 1646 Β
1000 1625 1067 1644 crux
1087 1616 1284 1649 celeberrima,
1300 1622 1387 1651 quam
1402 1614 1506 1641 vidisse
1521 1622 1551 1641 se
1575 1616 1695 1641 testatur
1710 1615 1851 1641 Hensche-

83 1666 235 1694 penauer:
261 1655 426 1684 Mandibnla
439 1663 505 1682 cum
516 1655 659 1690 dentibus,
681 1657 789 1686 inclusa
807 1659 895 1688 thecae
910 1669 943 1688 ex

82 1703 371 1736 deanratoargento,
392 1701 527 1727 decorata
549 1702 592 1727 est
614 1704 678 1728 octo
697 1702 830 1737 pretiosis
846 1704 944 1740 lapidi-

81 1748 155 1781 bus;
182 1756 279 1775 nonns
299 1747 330 1775 in
350 1747 457 1774 vertice
483 1749 527 1773 est
553 1746 715 1781 sapphyrus
742 1748 942 1783 magnitudine

81 1793 241 1828 adaquans
256 1792 331 1819 duos
357 1791 486 1827 pollices.
513 1791 616 1818 Guttur
635 1790 768 1818 similiter
790 1792 829 1819 ita
848 1793 943 1821 inclu-

81 1845 144 1864 sum
161 1836 266 1864 asserit
280 1836 415 1872 crystallo
435 1835 590 1871 diaphana,
607 1835 655 1862 sed
672 1834 779 1870 absque
799 1836 943 1872 lapidibus

83 1881 228 1917 pretiosis.
246 1881 295 1908 Est
304 1881 334 1907 in
354 1879 530 1907 monasterio
547 1880 573 1907 S.
597 1879 747 1912 Michaelis,
762 1879 792 1906 in
816 1882 941 1916 quodam

83 1925 255 1961 reliquiario
266 1925 373 1960 ligneo,
400 1932 487 1959 parva
514 1923 612 1958 aliqua
636 1923 777 1958 particula
803 1932 883 1952 ossea
906 1926 942 1953 de

82 1971 108 1997 S.
153 1969 269 1998 Henrici
302 1976 431 2004 corpore.
464 1968 497 1995 In
530 1967 704 2003 monasterio
739 1969 941 2005 Bambergensi

83 2014 222 2040 S.Annm
239 2014 295 2041 RR.
331 2013 383 2040 PP.
418 2013 561 2040 Minorum
594 2012 710 2039 Ordinis
742 2012 768 2040 S.
802 2014 940 2041 Francisci

87 2057 243 2092 Seraphici,
261 2057 292 2084 in
311 2057 454 2084 ambobus
479 2056 618 2084 lateribus
641 2057 819 2084 tabernaculi
834 2060 940 2086 summi

85 2101 196 2134 altaris,
225 2104 409 2128 asservantnr
429 2101 486 2128 duo
525 2101 650 2128 maxima
678 2109 711 2127 ac
736 2101 849 2137 integra
877 2112 941 2130 ossa

81 2145 210 2173 duorum
229 2146 336 2181 pedum
357 2145 385 2173 S.
400 2145 524 2179 Henrici,
550 2153 675 2180 quorum
695 2144 808 2180 singula
825 2146 854 2174 in
879 2148 940 2175 lon-

79 2191 216 2225 gitudine
249 2191 404 2224 adtequant
426 2198 516 2217 unum
538 2190 641 2225 pedem
668 2191 696 2216 et
718 2190 815 2217 decem
849 2192 938 2219 ferme

79 2236 221 2270 pollices;
238 2235 421 2261 manifestum
450 2234 598 2267 indicium,
628 2233 734 2269 inquit,
765 2242 887 2271 magnae,
909 2237 940 2262 ut

77 2288 171 2314 supra
188 2279 307 2311 dictum,
324 2281 450 2312 staturae,
467 2279 507 2305 ita
520 2281 552 2305 ut
566 2287 599 2306 ea
617 2278 748 2314 proxime
768 2279 882 2306 accedat
903 2279 938 2306 ad
955 2291 974 2318 ρ

78 2324 172 2357 pedes
188 2323 307 2350 omnino
321 2326 439 2358 septem.
456 2324 521 2351 Haec
538 2323 717 2357 Eppenauer,
735 2330 768 2349 ex
779 2330 835 2357 quo
851 2323 939 2350 disce-

79 2376 109 2394 re
127 2375 193 2394 non
208 2367 288 2394 licuit
306 2375 363 2402 quo
385 2369 514 2402 tempore
540 2374 602 2393 ossa
622 2366 671 2393 illa
699 2366 767 2393 bina
786 2374 801 2393 e
828 2367 938 2394 tumulo

77 2415 215 2438 extracta
225 2411 303 2443 sint;
327 2411 402 2438 infra
418 2410 529 2446 patebit
555 2410 622 2437 inde
648 2412 777 2445 acceptas
804 2418 865 2437 esse
881 2411 937 2438 Ro-

77 2463 187 2482 manas
205 2454 350 2490 reliquias,
366 2456 400 2481 de
424 2454 530 2490 quibus
546 2454 626 2482 brevi
652 2462 779 2490 agemus.
797 2455 872 2482 Nihil
891 2455 938 2483 hic

74 2500 112 2527 de
132 2511 144 2524 ‹
161 2499 283 2527 brachio
300 2502 327 2526 et
342 2499 453 2526 duabus
472 2498 559 2525 costis
573 2507 639 2526 cum
655 2498 750 2533 parvis
774 2499 838 2526 aliis
863 2499 934 2526 ossi-

74 2544 145 2577 bus,
163 2552 233 2579 quas
250 2543 318 2571 foris
332 2543 540 2571 honorabiliter
555 2543 734 2570 recondenda
750 2554 760 2566 ι
779 2543 938 2579 desumpsit

74 2589 255 2616 umber-tus
278 2588 428 2623 episcopus
456 2596 532 2615 anno
560 2589 647 2622 1380;
664 2590 707 2615 est
730 2587 794 2615 inde
816 2588 936 2615 fortasse

74 2633 292 2668 reliquimistm
318 2632 518 2668 processerint,
540 2631 575 2659 de
593 2631 698 2667 quibus
722 2639 842 2667 agemus
857 2640 937 2667 para-

72 2678 197 2712 grapho
208 2676 349 2712 sequenti.

110 2722 159 2749 34.
193 2722 292 2756 Neque
317 2728 384 2747 vero
412 2720 614 2755 praetereunda
640 2723 706 2747 sunt
728 2728 806 2747 sacra
828 2720 883 2747 alia
897 2720 937 2748 ci-

73 2766 168 2793 melia
184 2764 359 2792 sanctissimi
392 2764 647 2800 Bambergensium
676 2764 801 2800 patroni,
830 2764 937 2792 ibidem

74 2809 303 2845 religiosissime
314 2809 463 2836 custodita.
485 2808 632 2844 Prtecipna
657 2808 714 2835 duo
741 2811 817 2841 sunt,
832 2817 937 2844 nempe

999 1661 1064 1688 nius
1083 1662 1119 1688 ad
1138 1662 1204 1688 Acta
1221 1661 1248 1688 S.
1270 1658 1471 1694 Cunegundis,
1493 1666 1616 1694 qumque
1632 1658 1661 1685 in
1681 1658 1775 1686 Monte
1791 1666 1852 1685 mo-

999 1705 1157 1732 nachorum
1173 1713 1221 1732 seu
1254 1704 1288 1731 ad
1309 1703 1336 1730 S.
1363 1702 1505 1731 Michaelis
1533 1702 1681 1729 recondita
1698 1704 1741 1728 est
1756 1711 1764 1734 ,-
1780 1701 1851 1729 item

997 1752 1138 1782 mantum,
1160 1751 1191 1775 ut
1204 1748 1245 1775 ibi
1258 1748 1416 1782 appellant,
1433 1755 1481 1773 seu
1509 1746 1641 1781 pallium,
1659 1745 1785 1773 mirabili
1801 1754 1849 1773 ar-

996 1792 1085 1820 tiﬁcio
1113 1793 1303 1825 elaboratum,
1331 1791 1361 1818 in
1383 1791 1506 1818 sacrario
1525 1790 1652 1818 ecclesiae
1680 1789 1850 1817 cathedralis

998 1837 1177 1872 depositum:
1192 1845 1256 1872 quae
1271 1836 1301 1863 in
1326 1835 1484 1871 appendice
1514 1838 1579 1871 post
1602 1835 1681 1868 Acta,
1709 1834 1848 1869 singulari

997 1882 1193 1917 explicatione,
1214 1889 1271 1916 qua
1291 1880 1396 1915 poterit
1425 1880 1584 1914 diligentia,
1616 1879 1849 1907 illustrabuutur.

997 1927 1085 1953 Porro
1096 1925 1265 1953 Henriciana
1280 1925 1335 1951 alia
1348 1927 1472 1959 quatuor
1487 1926 1583 1951 manta
1593 1932 1644 1950 seu
1659 1923 1748 1958 pallia
1758 1924 1849 1951 serica

996 1969 1109 1996 caarulei
1129 1969 1242 2002 coloris,
1274 1976 1399 2004 quorum
1429 1976 1521 1995 unum
1548 1976 1601 2003 per
1626 1970 1719 1995 totum
1744 1976 1850 2003 magna

995 2021 1078 2041 cruce
1088 2016 1258 2040 exornatum
1272 2016 1325 2045 est,
1350 2013 1437 2040 refert
1453 2013 1623 2047 Eppenauer
1640 2022 1647 2045 ;
1674 2014 1762 2046 atque
1775 2013 1844 2039 item

996 2067 1010 2083 α
1036 2066 1134 2085 ensem
1163 2058 1190 2085 S.
1221 2057 1334 2086 Henrici
1357 2057 1517 2093 proprium,
1548 2057 1748 2090 bissecantem,
1787 2056 1848 2083 sine

995 2102 1097 2137 vagina
1126 2105 1233 2135 tamen,
1253 2103 1288 2130 ad
1318 2102 1433 2129 initium
1465 2102 1562 2129 saeculi
1588 2100 1719 2136 proxime
1748 2101 1848 2136 elapsi,

996 2147 1109 2174 noviter
1132 2150 1296 2174 consecrato
1325 2146 1444 2174 domino
1474 2146 1610 2182 episcopo
1642 2144 1846 2180 Bambergensi

994 2192 1097 2219 Joanni
1123 2191 1276 2219 Godefrido
1303 2191 1337 2218 ab
1356 2191 1520 2218 Aschausen
1548 2192 1710 2225 Augustine
1729 2190 1846 2217 domino

995 2235 1128 2271 episcopo
1156 2238 1319 2271 Augustano
1356 2235 1513 2262 liberaliter
1546 2236 1654 2267 datum,
1693 2233 1847 2261 habentem

996 2280 1179 2307 manubrium
1203 2280 1398 2315 ellypsiforme
1423 2288 1455 2306 ex
1480 2279 1603 2314 crispato
1628 2279 1706 2314 ligno
1726 2278 1845 2309 bnxino,

993 2325 1111 2358 longum
1127 2324 1218 2351 tribus
1239 2325 1297 2352 fere
1323 2324 1451 2360 pedibus.
1479 2325 1569 2351 latum
1597 2323 1812 2359 sesquipollice.
1833 2334 1843 2346 υ

993 2369 1108 2396 Habeet
1138 2368 1248 2404 reliqua
1282 2369 1409 2404 ejusdem
1439 2369 1512 2396 Clar.
1544 2367 1705 2396 Archivarii
1733 2367 1845 2394 verbis:

1028 2415 1097 2441 35.«
1127 2414 1183 2447 Est,
1212 2413 1317 2450 inquit.
1353 2413 1447 2449 cuspis
1470 2413 1563 2441 ferrea
1585 2413 1737 2445 bissecans,
1767 2414 1845 2438 tam-

992 2466 1078 2493 quam
1093 2458 1238 2493 pertinens
1262 2460 1405 2493 superstes
1440 2458 1483 2485 sui
1510 2457 1548 2492 (S.
1573 2456 1697 2490 Henrici)
1713 2454 1845 2482 militaris

991 2502 1097 2533 vexilli,
1114 2502 1200 2537 longe.
1214 2502 1327 2530 duobus
1342 2503 1463 2538 pedibus
1477 2510 1543 2529 cum
1557 2501 1688 2533 dimidio,
1715 2500 1770 2527 lata
1785 2500 1845 2535 pol-

991 2545 1093 2572 licibus
1108 2546 1229 2574 duobus.
1247 2547 1348 2582 Cuspis
1362 2547 1430 2574 item
1446 2546 1546 2574 similis
1571 2544 1715 2572 vexillaris
1734 2544 1841 2575 minor,

991 2590 1076 2624 longa
1093 2598 1151 2618 uno
1180 2591 1262 2626 pede,
1293 2592 1407 2626 lataque
1433 2592 1507 2618 ullra
1538 2589 1682 2624 pollicem,
1716 2597 1780 2624 quae
1809 2595 1842 2615 ex

991 2634 1148 2662 traditione
1163 2643 1179 2662 a
1193 2636 1220 2662 S.
1238 2636 1370 2670 Georgio,
1397 2635 1452 2669 ipsi
1467 2635 1493 2661 S.
1520 2633 1651 2666 Henrico,
1681 2633 1716 2660 ad
1739 2633 1841 2660 devin-

993 2679 1096 2706 cendos
1147 2688 1283 2715 paganos,
1322 2679 1492 2707 miraculose
1529 2678 1676 2705 obvenisse
1726 2678 1840 2705 dicitur.

994 2723 1089 2751 Exstat
1103 2723 1228 2760 denique
1244 2724 1319 2751 ensis
1334 2724 1450 2759 quidam
1466 2723 1559 2750 brevis
1583 2731 1648 2750 cum
1664 2723 1766 2758 vagina
1782 2722 1841 2754 vili,

993 2767 1165 2803 cinguloque
1180 2776 1316 2804 appenso,
1333 2775 1390 2795 una
1403 2767 1495 2794 solum
1525 2768 1595 2801 acie,
1623 2767 1774 2795 manubrio
1789 2774 1839 2793 an-

993 2812 1086 2847 gulari
1112 2813 1250 2844 eburneo,
1276 2812 1478 2839 circumcincto
1503 2821 1591 2848 parvo
1615 2813 1723 2839 annulo
1742 2820 1840 2846 argen-
