4028 6206
360 322 424 371 ‘27
1667 329 1719 381 8.
1769 326 2054 380 HENRICI
2096 328 2164 382 1M
2179 327 2564 381 PERATOBIS
3810 328 3876 381 ‘28

363 449 455 497 teo
497 459 689 498 ensem
723 460 939 511 versus,
975 444 1065 497 cui
1114 445 1292 499 nitido
1342 447 1581 518 graphio
1612 447 1890 517 insculpta
1922 453 2055 503 sunt
2084 449 2130 502 Α
2171 447 2404 514 Reinch,
2459 465 2510 502 ix
2551 445 2902 518 Septembris
2956 448 3114 512 1658,
3160 443 3406 498 invitatis
3459 443 3528 498 ad
3587 444 3875 516 insignem

365 538 610 602 quatuor
664 533 828 602 signa
876 534 1382 603 Evangelistarum.
1453 536 1546 590 Pie
1603 536 1854 590 creditur
1902 554 2058 591 nunc

363 637 560 675 ensem
587 621 1036 676 instrumentum
1073 640 1194 677 esse
1227 624 1481 694 martyrii
1512 627 1564 679 S.
1615 625 2056 695 Adriani,.quod

362 711 602 781 longum
633 711 689 764 in
721 717 901 765 totum
947 728 1058 765 uno
1099 713 1241 782 pede
1289 730 1415 766 cum
1473 720 1690 782 septem
1731 715 2053 784 pollicibus,

365 798 546 852 latum
575 805 764 852 autem
797 801 998 868 pollice
1023 817 1134 852 uno
1159 806 1214 854 et
1243 806 1443 871 quarta
1481 808 1657 871 parte.
1693 823 1718 852 »
1779 805 2058 856 Hactenus

362 887 583 953 relatio,
617 889 676 942 in
709 905 823 958 qna
869 889 924 942 id
975 895 1322 958 postremum
1372 895 1601 944 notatur
1633 908 1645 944 :
1690 892 1964 945 asservari
1995 909 2060 945 ea

364 976 561 1029 omnia
600 977 657 1029 in
692 977 850 1030 tholo
875 978 1120 1046 quodam
1170 979 1422 1032 ecclesiae
1480 980 1836 1044 cathedralis,
1868 1002 1893 1028 »
1930 997 2058 1050 quas

361 1065 724 1118 venerationi
754 1066 994 1134 publica:
1036 1066 1284 1135 plurima
1314 1085 1377 1120 ex
1419 1075 1580 1137 parte
1614 1070 1814 1122 diebus
1846 1070 2060 1123 festivis

365 1154 435 1206 ad
463 1153 640 1208 altare
663 1155 714 1208 8.
750 1155 1166 1225 Chunigundze,
1204 1157 1426 1208 tumulo
1465 1158 1814 1225 proximum,
1849 1159 2060 1229 exponi

364 1243 576 1296 solent.
617 1262 642 1294 ››
678 1243 821 1297 Sunt
865 1249 922 1296 et
969 1243 1096 1296 libri
1131 1243 1294 1304 sacri,
1347 1251 1407 1296 ut
1440 1246 1703 1300 Missales.
1731 1248 2056 1312 Graduales,

363 1335 422 1382 et
454 1329 510 1382 id
557 1346 739 1398 genus
787 1330 906 1395 alii,
948 1330 1356 1399 pretiosissime
1378 1334 1650 1402 cooperti,
1707 1335 2058 1406 picturisque

359 1417 480 1470 suis
511 1418 717 1484 ornati,
791 1419 943 1488 quia
1003 1419 1359 1473 sanctissimo
1413 1427 1674 1490 patrono,
1745 1424 2061 1480 ecclesisea

359 1523 422 1560 se
466 1507 740 1570 fundatae,
782 1507 964 1587 relicti
1009 1507 1295 1574 dicuntur,
1359 1525 1489 1563 cum
1529 1511 1650 1580 ipsa
1697 1513 1872 1566 Cruce
1899 1519 2056 1582 post-

363 1594 600 1647 modum
627 1594 950 1649 exhibendi.
1007 1597 1213 1666 Atjam
1262 1599 1519 1652 tumulus
1563 1600 1704 1670 ipse,
1738 1607 1933 1672 utpote
1965 1615 2059 1672 pa-

363 1682 754 1736 tentissimnm
803 1684 1104 1755 utriusque
1135 1686 1476 1740 sanctissimi
1532 1690 1790 1759 conjugis
1845 1691 2054 1744 cultus-

366 1779 795 1840 argumentum,
837 1774 1006 1842 paulo
1062 1775 1332 1829 attentius
1377 1776 1764 1847 inspiciendus
1816 1785 1917 1847 est,
1972 1782 2058 1851 ip-

363 1857 597 1928 siusque
637 1859 853 1912 laudati
913 1861 1033 1930 jam
1099 1861 1267 1916 toties
1324 1863 1468 1919 Clar.
1533 1865 1648 1918 Viri
1708 1867 1925 1921 calamo
1957 1869 2060 1922 de-

362 1945 712 2002 scribendus.

436 2038 522 2089 36.
576 2036 903 2107 Repetenda
958 2038 1050 2093 hic
1103 2042 1313 2110 paucis,
1367 2043 1564 2097 saltem
1608 2044 1669 2098 in
1719 2045 2059 2099 memoriam

362 2125 701 2192 revocanda,
774 2142 902 2196 quae
964 2131 1326 2199 paragrapho
1356 2133 1701 2201 praecedenti
1735 2150 1798 2188 ex
1848 2135 2060 2189 chartis

369 2213 760 2267 Gamansianis
788 2215 972 2270 fusius
1021 2217 1169 2272 dicta
1218 2225 1354 2274 sunt
1420 2220 1489 2274 de
1536 2222 1723 2292 primo
1753 2242 1779 2273 ‹‹
1811 2240 2058 2277 marmo-

360 2315 466 2354 reo
505 2301 910 2374 qualicumque
950 2313 1328 2362 monumento
1360 2328 1386 2360 »
1430 2325 1535 2378 per
1580 2310 1969 2364 Eberhardum
2009 2313 2056 2365 Il

361 2389 698 2460 episcopum
753 2393 960 2446 Sancto
1018 2398 1312 2465 tamquam
1370 2397 1637 2466 populari
1675 2404 1900 2466 erecto;
1936 2406 2058 2453 tum

359 2492 492 2530 vero
527 2477 598 2532 de
633 2502 652 2526 ι
685 2495 833 2532 nova
855 2481 1150 2550 sepultura
1189 2505 1208 2531 ι
1246 2500 1396 2537 anno
1446 2488 1580 2539 1513
1613 2505 1640 2536 α
1683 2502 1745 2540 ex
1774 2503 2058 2541 marmore

361 2565 599 2636 sculpta,
635 2585 662 2614 ι
693 2567 762 2620 ad
796 2583 924 2637 quas
958 2585 1072 2622 non
1121 2570 1256 2624 satis
1305 2572 1669 2627 adverterunt
1707 2575 1826 2645 qui,
1861 2593 1926 2630 ex
1959 2594 2058 2630 ne-

364 2652 481 2706 scio
526 2670 640 2723 qua
671 2655 994 2725 traditione,
1043 2675 1378 2728 persuasum
1418 2661 1668 2716 habuere
1701 2663 1850 2717 idem
1886 2664 2058 2719 hodie

363 2749 800 2797 monumentum
839 2746 1240 2801 Henricianum
1289 2753 1510 2804 exstare
1549 2753 1700 2822 quod
1733 2753 1869 2806 olim
1917 2755 2057 2808 San-

361 2835 451 2882 cto
503 2833 746 2884 erexisse
795 2833 1000 2887 dicitur
1040 2836 1399 2890 Elierhardus
1454 2840 1522 2901 II,
1568 2841 1836 2912 quodque
1893 2848 2060 2896 antea

364 2916 425 2970 in
473 2919 662 2972 medio
722 2921 879 2975 navis
930 2924 1182 2977 ecclesia:
1239 2927 1503 2980 cancellis
1569 2929 1767 2982 ferreis
1813 2930 2056 2983 circnm-

362 3011 591 3076 septum
644 3007 770 3072 fuit,
814 3010 1046 3064 tandem
1105 3012 1163 3065 in
1211 3013 1382 3066 choro
1444 3016 1496 3070 S.
1550 3017 1776 3086 Georgii
1838 3018 2059 3089 aliquot
2090 3011 2131 3066 (ἶ

363 3095 635 3164 gradibus
695 3097 1023 3154 exaltatum.
1099 3103 1228 3155 Hinc
1299 3111 1649 3173 praepostere
1708 3106 2062 3164 circumferri

361 3184 498 3238 satis
541 3185 994 3255 observaveram,
1051 3189 1260 3244 certius
1319 3209 1450 3246 vero
1500 3210 1589 3246 me
1635 3196 1826 3249 docuit
1849 3198 2059 3254 Ilauda-

360 3276 453 3324 tus
503 3272 566 3326 Β.
627 3275 684 3326 Ρ.
739 3274 963 3341 Rector,
1024 3294 1091 3330 ex
1147 3278 1516 3350 inscriptione
1587 3283 1940 3349 Germanica,
2001 3287 2060 3340 in

368 3359 600 3414 archivo
631 3369 858 3430 reperta
890 3369 945 3417 et
1005 3365 1083 3419 sic
1115 3366 1290 3421 latine
1329 3385 1488 3422 versa
1523 3387 1534 3423 :
1572 3389 1598 3421 «
1643 3372 1943 3426 Sciendum
1977 3380 2061 3428 est

369 3449 524 3518 quod
577 3465 933 3505 marmoreus
975 3456 1250 3521 tumulus,
1315 3458 1414 3527 qui
1465 3458 1524 3512 in
1573 3460 1807 3514 ecclesia
1868 3464 2057 3516 cathe-

367 3534 514 3589 drali
542 3551 713 3606 supra
740 3540 1062 3608 sepulcrum
1119 3541 1173 3595 S.
1235 3543 1460 3597 Henrici
1507 3550 1562 3598 et
1585 3546 1638 3600 S.
1692 3548 2060 3617 Cnnegundis

362 3623 586 3692 visitur,
617 3631 974 3682 constructus
1021 3633 1076 3682 et
1119 3630 1352 3684 clathris
1405 3633 1602 3687 ferreis
1661 3636 1913 3690 munitus
1944 3637 2060 3692 fue-

363 3710 440 3765 rit
470 3727 622 3765 anno
675 3729 917 3783 noxvni,
966 3716 1062 3786 qui
1121 3733 1406 3772 annorum
1467 3737 1741 3776 numerus
1805 3724 1952 3779 infra
1999 3725 2059 3779 in

361 3799 506 3868 pede
562 3800 772 3854 tumuli
823 3819 1123 3873 expressus
1171 3810 1343 3860 est.»
1414 3810 1547 3862 Eam
1619 3815 1810 3866 notam
1886 3815 2058 3869 modo

362 3887 556 3942 abesse
613 3890 693 3944 nil
753 3891 963 3946 mirum
1019 3899 1120 3960 est,
1172 3911 1301 3950 cum
1356 3898 1478 3952 basi
1537 3915 1701 3955 novae
1755 3902 2060 3973 impositus

362 3977 437 4030 sit
502 3979 761 4034 tumulus
817 3980 990 4035 hodie
1048 3988 1417 4040 restauratus.
1463 3987 1814 4059 Scripturam
1868 3999 2060 4046 autem

363 4066 758 4120 Germanicam
800 4084 903 4138 pro
970 4086 1118 4122 anno
1188 4075 1321 4126 1513
1365 4089 1664 4143 perperam
1717 4081 2058 4148 expressisse

363 4167 578 4204 annum
639 4155 773 4205 1518
827 4153 1032 4222 probat
1089 4154 1208 4223 jam
1263 4156 1432 4210 citata
1486 4160 1773 4214 Gamansii
1841 4165 2055 4230 charta,

2167 536 2555 590 celebritatem
2617 535 3000 605 sntfraganco,
3080 533 3498 603 Herbipolensi,
3577 534 3878 589 abbatibus

2168 634 2418 696 quatuor
2476 624 3010 693 Bambergensibus,
3071 639 3136 675 ac
3195 621 3461 691 parochis
3509 623 3878 693 circumqua-

2169 730 2278 784 que
2300 714 2369 766 ad
2403 719 2646 784 quatuor
2709 711 2975 765 milliaria
3016 710 3269 775 dissitis;
3319 710 3531 780 quibus
3572 714 3880 778 presenti-

2168 803 2275 856 bus
2315 818 2498 854 sacras
2529 801 2802 871 reliquias
2827 799 3103 870 imposuit
3137 815 3201 852 ac
3259 798 3508 860 inclusit,
3544 799 3636 853 die
3674 800 3876 854 festivo

2169 907 2273 961 per
2322 896 2498 944 totam
2534 889 2824 943 dimcesim
2866 888 3099 956 indicto,
3157 903 3330 957 quem
3364 887 3547 941 dictus
3591 889 3877 959 suifraga-

2169 996 2311 1033 neus
2361 979 2455 1050 pia
2507 995 2623 1032 non
2677 978 2868 1031 minus
2909 994 3082 1048 quam
3125 977 3372 1045 eleganti
3421 976 3490 1030 ad
3523 977 3876 1031 confertissi-

2168 1085 2327 1122 mum
2365 1068 2642 1138 populum
2707 1067 2956 1119 dictione
3000 1065 3341 1136 panegyrica
3388 1065 3448 1118 in
3509 1065 3739 1120 laudem
3773 1068 3870 1121 SS.

2171 1156 2397 1210 Henrici
2427 1162 2484 1209 et
2539 1155 2896 1225 Cunigundze
2953 1154 3168 1207 directa
3209 1153 3532 1218 honoravit,
3588 1153 3694 1206 sub
3743 1154 3873 1207 the-

2170 1251 2320 1298 mate
2361 1261 2372 1297 :
2412 1267 2437 1291 ‹‹
2502 1245 2675 1298 David
2737 1249 2792 1296 et
2860 1242 3047 1295 omnis
3104 1243 3307 1294 domus
3370 1241 3541 1294 Israel
3589 1241 3876 1296 ducebant

2171 1348 2358 1386 arcam
2384 1331 2708 1385 testamenti
2740 1330 2969 1384 Domini
3001 1330 3059 1383 in
3110 1329 3294 1399 jubilo
3333 1335 3391 1384 et
3440 1329 3707 1399 clangore
3737 1329 3874 1384 buc-

2169 1421 2332 1487 cinm,
2387 1422 2433 1474 II
2477 1421 2612 1490 Reg.
2648 1437 2698 1472 v1
2763 1436 2910 1472 vers.
2967 1421 3049 1472 15.
3091 1441 3111 1466 ι
3175 1419 3363 1472 Exstat
3417 1417 3487 1472 de
3539 1418 3645 1472 hac
3693 1423 3876 1472 trans-

2170 1510 2342 1564 missa
2402 1510 2472 1564 ad
2545 1525 2636 1562 me
2691 1524 2760 1562 ex
2835 1507 3065 1561 archivo
3120 1507 3528 1577 Bambergensi
3576 1506 3875 1576 inscriptio

2168 1599 2370 1653 litteris
2443 1597 2775 1667 majusculis
2849 1611 3153 1666 expressa,
3242 1611 3416 1666 quam
3491 1595 3585 1650 hic
3670 1595 3874 1650 reddo.

2175 1708 2200 1736 «
2232 1691 2396 1741 Anno
2427 1688 2488 1741 Ι).
2524 1701 2777 1754 nocxux,
2805 1688 2838 1738 2
2879 1683 3251 1754 Septembris,
3296 1684 3462 1754 jussu
3507 1683 3879 1738 Reverendis-

2173 1776 2300 1829 simi
2343 1781 2398 1830 et
2451 1774 2825 1830 Illustrissimi
2871 1773 3146 1844 principis
3205 1789 3268 1826 ac
3330 1773 3392 1826 D.
3430 1773 3500 1826 Ι).
3551 1772 3878 1828 Melchioris

2171 1865 2410 1932 Ottonis,
2489 1865 2580 1919 SS.
2661 1863 2886 1918 Henrici
2959 1867 3014 1915 et
3090 1861 3459 1932 Cunegundis
3544 1861 3878 1932 sepulcrum

2169 1969 2613 2007 marmoreume
2665 1952 2851 2004 media
2917 1950 3050 2004 navi
3110 1949 3362 2004 ecclesias
3413 1949 3483 2003 ad
3532 1950 3771 2003 chorum
3811 1951 3874 2003 D.

2169 2043 2414 2113 Georgii,
2459 2041 2613 2095 velut
2668 2041 2858 2094 locum
2915 2038 3097 2108 magis
3135 2037 3528 2110 conspicuum,
3562 2037 3672 2092 fuit
3693 2043 3880 2092 trans-

2167 2132 2390 2186 latum:
2453 2147 2625 2184 sacra:
2695 2145 2829 2182 vero
2900 2128 3185 2198 reliquiae,
3252 2131 3501 2198 quatuor
3548 2126 3756 2196 ligneis
3799 2144 3881 2181 ar-

2167 2221 2309 2275 culis
2341 2221 2600 2284 occlusa},
2633 2218 2694 2271 in
2745 2216 3001 2270 sacristia
3052 2216 3334 2286 tantisper
3377 2221 3634 2284 servatas,
3693 2216 3882 2270 donec

2168 2308 2698 2363 Reverendissimus
2738 2311 2794 2359 et
2844 2304 3267 2358 illustrissimus
3307 2303 3574 2374 princeps
3611 2320 3676 2357 ac
3706 2305 3772 2358 D.
3813 2305 3876 2359 D.

2167 2397 2464 2466 Philippus
2496 2394 2826 2448 Valentinus
2876 2394 3123 2460 easdem,
3158 2392 3291 2446 huic
3323 2393 3538 2447 tumbae
3561 2392 3880 2447 honorifice

2164 2483 2428 2547 insertas,
2488 2499 2624 2536 cura
2668 2486 3021 2552 sumptuque
3079 2481 3408 2552 magnifico,
3469 2480 3879 2535 assistentibus

2171 2573 2230 2626 D.
2293 2573 2353 2624 D.
2429 2569 2722 2625 Francisco
2807 2571 3066 2625 Conrado
3127 2585 3161 2623 a
3217 2570 3452 2625 Stadion
3539 2571 3877 2642 praeposito,

2168 2659 2410 2730 Georgio
2456 2659 2694 2713 Henrico
2737 2676 2769 2711 a
2821 2659 3122 2728 Kunsberg
3179 2659 3416 2724 decano,
3469 2661 3689 2714 Joanne
3740 2659 3878 2714 Phi-

2169 2748 2324 2818 lippo
2352 2749 2422 2801 ab
2467 2747 2845 2817 Egglosfstein
2884 2748 3193 2801 decanatus
3232 2748 3580 2817 coadjutore,
3629 2748 3877 2802 Martino

2166 2855 2199 2890 a
2245 2837 2618 2891 Seckendorff
2660 2836 2903 2901 seniore,
2952 2852 3056 2890 nec
3113 2852 3230 2890 non
3261 2836 3631 2906 Suffraganeo
3681 2836 3881 2890 Herbi-

2167 2927 2406 2996 polensi,
2437 2927 2693 2996 quinque
2716 2925 3016 2979 abbatibus
3042 2940 3106 2978 ac
3157 2926 3377 2978 caeteris
3433 2925 3874 2994 capitularibus,

2168 3017 2318 3069 clero
2388 3015 2712 3085 populoque
2757 3013 3058 3082 universis,
3119 3029 3346 3066 summa
3389 3029 3520 3067 cum
3566 3012 3876 3083 religione,

2169 3103 2427 3158 instituta
2485 3102 2553 3155 ad
2594 3103 2700 3156 hoc
2740 3118 2842 3173 per
2886 3102 3090 3156 urbem
3112 3101 3475 3171 processione
3515 3102 3742 3156 solenni
3772 3119 3878 3154 cu-

2171 3192 2379 3245 raverit
2444 3191 2760 3255 transferri,
2830 3195 2888 3244 et
2955 3193 3124 3244 hocce
3216 3196 3490 3243 renovato
3583 3205 3878 3244 marmore

2169 3279 2400 3334 recondi
2428 3297 2686 3346 nucum,
2722 3279 2814 3333 die
2845 3277 3202 3349 Septembris
3232 3295 3404 3332 nona.
3442 3297 3469 3328 ι)

2241 3372 2328 3423 38.
2360 3368 2457 3422 Hic
2513 3368 2582 3422 de
2677 3367 2880 3421 ultima
2978 3367 3078 3420 illa
3177 3381 3471 3420 sacrarum
3537 3365 3881 3420 exuviarum

2169 3457 2540 3511 translatione
2579 3456 2914 3527 praemissis,
2964 3455 3256 3509 tumulum
3287 3454 3478 3525 ipsum
3518 3454 3599 3508 sic
3627 3454 3882 3509 divisum

2168 3545 2407 3600 exhibeo
2448 3550 2508 3598 ut
2561 3549 2750 3615 partes
2807 3544 3049 3614 singulae
3110 3543 3289 3598 oculis
3338 3547 3592 3614 pateant,
3637 3542 3884 3610 adjectis

2168 3633 2627 3688 dimensionibus
2656 3633 2726 3686 ab
2758 3634 3132 3702 Eppenauero
3161 3647 3386 3686 mecum
3417 3630 3882 3700 communicatis,

2169 3738 2310 3792 quas
2341 3722 2465 3791 ejus
2495 3719 2702 3786 verbis,
2751 3719 3245 3792 quemadmodum
3301 3724 3358 3774 et
3409 3726 3617 3774 caetera
3649 3735 3716 3774 eo
3748 3737 3885 3790 spe-

2166 3811 2398 3878 ctantia,
2434 3810 2713 3864 describo.
2763 3827 2791 3860 α
2846 3809 3072 3880 Longus
3123 3814 3228 3874 est,
3263 3807 3472 3879 inquit,
3523 3813 3747 3878 septem
3779 3825 3882 3879 pe-

2167 3898 2335 3954 dibus
2393 3915 2458 3953 ac
2499 3898 2767 3952 undecim
2814 3897 3118 3969 pollicibus
3168 3897 3358 3965 (unius
3408 3896 3571 3967 pedis
3609 3897 3882 3951 Noriber-

2168 3988 2360 4056 gensis
2390 3989 2448 4040 in
2479 3987 2782 4040 duodecim
2839 3985 3078 4057 pollices
3111 3985 3300 4044 divisi)
3358 3986 3506 4039 latus
3555 3986 3742 4040 tribus
3771 4002 3882 4057 pe-

2169 4074 2338 4129 dibus
2369 4080 2426 4128 et
2451 4077 2482 4126 2
2512 4073 2849 4144 pollicibus;
2883 4074 3030 4127 altus
3061 4089 3194 4127 vero
3219 4078 3471 4144 quatuor
3492 4073 3736 4144 pedibus
3765 4078 3879 4128 ειοὸ

2167 4162 2486 4232 pollicibus.
2521 4162 2789 4216 Continet
2829 4161 3077 4216 exterius
3119 4161 3384 4216 historias
3415 4162 3690 4233 quinque,
3729 4179 3883 4231 quas

361 4238 453 4291 cui
500 4237 770 4304 similem,
824 4241 1209 4295 recentissiuie
1285 4252 1589 4314 repertam,
1653 4249 1917 4304 submisit
1973 4270 2124 4343 se-D
2167 4266 2414 4319 superne
2468 4250 2756 4304 concludit
2833 4254 3239 4321 tegumentum
3308 4267 3438 4304 cum
3486 4250 3880 4306 delineatione

361 4323 532 4377 dulus
565 4326 973 4394 Collaborator,
1016 4330 1153 4384 dum
1205 4332 1324 4386 haec
1354 4337 1532 4401 prtelo
1580 4337 2048 4406 subjiciebantur.

363 4411 729 4468 Diversitates
761 4415 910 4469 inter
948 4424 1248 4491 utramque
1297 4423 1560 4478 schedam
1611 4426 1754 4480 tanti
1785 4443 1898 4480 non
1929 4434 2062 4483 sunt

360 4507 423 4552 nt
459 4503 645 4556 notari
691 4511 1022 4560 mereantur
1052 4524 1064 4574 ;
1097 4524 1201 4563 nec
1256 4527 1412 4579 vero,
1460 4514 1611 4583 typis
1650 4515 1772 4584 jam
1835 4533 2062 4588 compo-

361 4589 502 4655 sitis,
540 4593 724 4646 notari
750 4601 1002 4663 potuere.

431 4681 523 4732 37.
603 4682 1044 4737 Prmclarissimo
1112 4701 1258 4739 novo
1334 4687 1494 4756 operi
1578 4689 1922 4744 immortuus
1977 4698 2061 4746 est

295 4816 302 4823 .
365 4768 678 4822 munificus
706 4769 997 4826 hodierna:
1043 4773 1353 4842 sepultura:
1390 4783 1759 4843 restaurator,
1793 4780 2060 4834 Melchior

363 4858 492 4910 Otto
523 4857 843 4928 episcopus,
872 4877 901 4912 e
935 4860 1072 4913 vivis
1122 4867 1354 4931 ereptus
1384 4879 1536 4917 anno
1571 4868 1726 4932 1653,
1770 4869 1866 4921 sed
1900 4870 2058 4939 prius

363 4945 664 4998 destinatis
719 4948 787 4999 ad
846 4963 968 5000 rem
1028 4954 1202 5001 totam
1254 4952 1758 5006 Consummandam
1809 4971 2059 5010 necessa-

361 5032 462 5085 riis
503 5033 790 5096 subsidiis.
833 5051 961 5104 quas
1013 5037 1254 5106 proinde
1301 5038 1405 5090 soli
1455 5039 1562 5108 ipsi
1611 5041 1972 5110 adscribitur,
1999 5049 2060 5098 ut

359 5135 425 5173 ex
465 5120 935 5190 inscriptionibus
957 5139 1088 5177 mox
1147 5125 1461 5180 referendis
1503 5129 1857 5197 apertissime
1891 5130 2058 5185 datur

360 5206 623 5278 intelligi.
675 5209 1025 5263 Postremam
1073 5210 1252 5280 igitur
1314 5211 1468 5266 illam
1521 5232 1809 5270 sacrarum
1852 5217 2058 5270 utrius-

362 5309 472 5362 que
499 5294 839 5349 sanctissimi
888 5299 1168 5368 conjugis,
1209 5300 1269 5353 in
1313 5310 1570 5356 amotum
1602 5321 1632 5357 e
1665 5306 1852 5360 media
1909 5312 2052 5360 tem-

340 5380 440 5448 -pli
469 5381 598 5434 navi
640 5383 1080 5455 restitutumque
1118 5387 1176 5440 in
1220 5387 1393 5441 choro
1423 5390 1478 5444 S.
1533 5391 1761 5461 Georgii
1803 5409 2054 5448 marmo-

365 5484 527 5522 reum
551 5472 861 5534 tumulum,
894 5475 1267 5545 reliquiarum
1290 5478 1722 5534 translationem
1755 5497 1853 5535 seu
1876 5487 2056 5537 trans-

361 5558 708 5627 positionem
791 5563 1189 5618 solennissime
1278 5566 1509 5620 demum
1568 5573 1626 5621 et
1694 5569 2054 5625 festivissime

356 5645 580 5716 peregit
630 5649 753 5719 ejus
810 5667 1098 5706 successor
1150 5652 1450 5724 Philippus
1499 5654 1830 5710 Valentinus
1881 5659 2052 5713 Voita

2164 4351 2324 4390 num.
2361 4354 2399 4404 1,
2431 4353 2549 4407 prae
2581 4353 2638 4391 se
2663 4337 2881 4392 ferente
2911 4342 3135 4392 sanctos
3190 4337 3520 4392 Heinricum
3571 4343 3628 4392 et
3657 4339 3879 4393 Chuni-

2168 4425 2441 4497 gundam,
2497 4428 2666 4496 justas
2715 4432 2946 4481 staturae
2997 4427 3288 4493 humanae,
3361 4426 3668 4482 artiﬁciosa
3734 4444 3881 4482 sane

2167 4531 2344 4568 manu
2375 4515 2634 4569 statuarii
2689 4515 2789 4569 illo
2822 4517 3047 4570 saeculo.
3105 4535 3134 4566 ιι
3205 4515 3529 4580 Quaerimus
3564 4516 3663 4586 qui
3717 4523 3881 4571 certo

2169 4609 2379 4657 statuat
2410 4609 2602 4658 utrum
2663 4605 2869 4658 seculo
2921 4620 3018 4670 xu,
3063 4621 3137 4658 an
3194 4603 3386 4674 potius
3416 4621 3507 4658 xvr
3564 4605 3881 4659 elaboratas

2168 4695 2358 4746 sint.»
2414 4693 2733 4746 Amborum
2785 4692 3124 4746 Sanctorum
3185 4692 3430 4762 pedibus
3481 4692 3696 4747 ibidem
3739 4693 3883 4747 sub-

2168 4779 2527 4848 stratijacent
2582 4779 2694 4832 duo
2755 4780 2945 4834 leones
3000 4779 3289 4850 gentilitii,
3347 4795 3593 4850 quorum
3626 4780 3787 4850 prior
3817 4781 3880 4835 in

2168 4869 2399 4922 dextera
2457 4870 2510 4922 S.
2580 4867 2999 4938 Chunigundie,
3083 4877 3296 4937 praeter
3369 4869 3641 4922 rhombos
3700 4869 3882 4923 habet

2165 4957 2308 5009 duos
2339 4962 2641 5010 coronatos
2668 4973 2871 5026 parvos
2929 4957 3142 5023 leones,
3201 4955 3432 5009 sinister
3483 4973 3612 5010 vero
3662 4962 3881 5028 praeter

2166 5045 2454 5111 rhombos,
2503 5045 2771 5098 ducatum
2807 5044 3057 5099 Bavariaa
3112 5045 3485 5111 involventes,
3527 5045 3668 5099 duas
3725 5045 3878 5100 bici-

2165 5133 2312 5202 pites
2341 5133 2585 5204 aquilas,
2611 5150 2725 5187 non
2754 5138 3072 5200 coronatas,
3130 5150 3259 5203 qua:
3298 5133 3410 5187 duo
3441 5133 3692 5204 insignia
3728 5136 3880 5206 opti-

2165 5238 2256 5275 me
2285 5221 2386 5275 aari
2441 5221 2622 5275 incisa
2695 5221 2924 5276 exhibet
2981 5224 3034 5277 P.
3094 5222 3346 5276 Raderus
3394 5221 3453 5274 in
3503 5239 3602 5276 sua
3636 5224 3880 5278 Bavaria

2165 5316 2376 5376 sancta,
2399 5310 2690 5364 volumine
2725 5321 2774 5375 1,
2831 5309 2926 5364 fol.
2965 5311 3062 5364 103
3099 5326 3273 5363 verso.
3313 5333 3332 5357 ι
3373 5311 3608 5380 Utique;
3649 5317 3709 5365 at
3739 5329 3878 5382 quae

2165 5399 2296 5454 inde
2325 5415 2383 5452 se
2413 5399 2722 5454 confecisse
2765 5398 3130 5454 existimabat
3177 5399 3456 5463 Raderus,
3497 5400 3701 5455 melius
3731 5401 3878 5454 alibi

2164 5487 2482 5542 revocanda
2545 5489 2808 5554 censuit;
2848 5493 2908 5542 ut
2937 5504 3002 5542 ex
3058 5487 3334 5559 appositis
3392 5487 3516 5542 istic
3545 5489 3876 5559 insignibus

2163 5576 2307 5632 nihil
2339 5577 2601 5632 concludi
2627 5593 2794 5648 posse
2820 5576 2986 5631 fateri
3001 5577 3436 5647 compellamur.
