4058 6216
204 327 261 380 3t

267 451 354 504 39.

198 537 282 592 ibi
326 539 630 608 effigiatas,
688 538 899 592 desunt
950 553 1078 608 quae
1143 542 1355 590 exacta;
1416 534 1666 588 veritatis
1702 533 1896 587 limam

198 627 392 680 subire
447 627 756 696 refugiant.
823 628 1027 681 Earum
1083 625 1268 696 prima
1325 624 1429 678 sub
1469 639 1630 676 num.
1695 627 1778 684 Η,
1840 622 1898 676 in

201 715 344 770 facie
403 715 697 780 anteriori,
777 715 965 768 navim
1023 713 1276 766 ecclesia:
1333 711 1675 765 cathedralis
1722 711 1896 782 respi-

201 805 409 870 ciente,
445 804 622 857 refert
649 802 872 856 obitum
903 803 958 857 S.
1014 801 1261 864 Henrici,
1321 799 1574 854 relictam
1615 800 1900 869 virginem

203 890 586 961 indigitantis,
655 907 826 961 quam
902 895 958 943 et
1019 890 1192 958 paulo
1250 888 1566 958 elegantius
1623 890 1898 959 expressit

205 981 733 1050 Haderus,nosque
797 980 868 1032 ab
934 977 1377 1032 obtrectatorum
1437 978 1738 1031 calumniis
1797 995 1900 1032 suo

205 1070 328 1123 loco
391 1067 822 1121 vindicarimus.
878 1067 1004 1119 Non
1054 1065 1132 1119 ita
1191 1066 1378 1136 placet
1451 1082 1581 1136 qua:
1658 1065 1718 1120 in
1757 1065 1899 1120 facie

204 1156 429 1210 laterali
468 1156 748 1209 bilancem
819 1160 1211 1224 repraasentat,
1249 1154 1899 1225 praeponderantemque

199 1245 453 1310 calicem,
489 1244 558 1298 de
588 1259 702 1314 qua
747 1242 987 1296 historia
1017 1243 1255 1296 candide
1312 1242 1650 1313 pronuntiat
1711 1244 1899 1313 Eppe—

199 1349 402 1398 nauer,
441 1351 469 1384 α
510 1332 618 1386 aevi
659 1331 748 1385 sui
778 1331 1145 1402 simplicitate
1203 1331 1397 1402 potius
1445 1331 1694 1401 gaudere
1724 1348 1899 1403 quam

198 1420 412 1475 acribia
463 1420 806 1490 theologica,
867 1442 886 1468 υ
951 1419 1036 1473 uti
1081 1425 1138 1473 et
1193 1435 1298 1473 nos
1354 1419 1492 1474 alibi
1539 1419 1672 1474 satis
1729 1421 1900 1488 expli-

197 1509 443 1564 cuimus.
475 1509 761 1571 Proxima,
796 1508 854 1561 in
885 1508 1088 1562 eodem
1125 1508 1332 1562 tumuli
1363 1508 1556 1575 latere,
1609 1509 1743 1563 satis
1771 1509 1900 1562 rudi

202 1598 460 1653 minerva
515 1597 745 1650 exhibet
805 1596 1208 1651 liberationem
1252 1597 1651 1652 miraculosam
1702 1615 1732 1651 a
1781 1598 1900 1652 cal-

198 1687 347 1752 culo,
402 1701 512 1756 ope
540 1686 594 1740 S.
647 1686 937 1739 Benedicti
993 1685 1052 1740 in
1104 1691 1300 1740 monte
1356 1687 1580 1753 Casino,
1628 1687 1697 1742 de
1735 1688 1897 1756 cujus

199 1775 484 1845 adjunctis
534 1790 637 1828 suo
692 1774 819 1828 loco
849 1773 1023 1828 etiam
1076 1779 1265 1828 actum
1298 1778 1400 1829 est.
1444 1777 1505 1829 In
1559 1777 1738 1829 altero
1805 1782 1896 1830 tu-

200 1863 343 1917 muli
377 1865 576 1929 latere,
610 1863 714 1916 sub
748 1879 908 1916 num.
966 1880 1046 1927 ιιι,
1115 1879 1373 1917 vomeres
1443 1864 1658 1934 ignitos
1715 1864 1899 1918 illaesa

199 1953 379 2005 calcat
407 1952 461 2005 S.
491 1951 884 2021 Cunegundis,
915 1951 1079 2021 cujus
1106 1951 1278 2006 etiam
1308 1950 1391 2005 rei
1421 1952 1661 2006 vividior
1704 1952 1896 2022 imago

199 2043 278 2092 est
305 2039 460 2109 apud
503 2039 800 2093 laudatum
833 2039 1140 2093 Raderum.
1175 2039 1386 2094 Ultima
1437 2039 1669 2094 demum
1725 2041 1786 2094 in
1830 2057 1897 2094 eo

201 2132 460 2181 versatur
492 2132 556 2182 ut
613 2128 952 2182 memoriam
1007 2133 1246 2182 renovet
1295 2127 1657 2182 miraculosaa
1701 2129 1896 2182 distri-

196 2215 454 2270 butionis
507 2216 788 2270 mercedis
826 2217 1048 2270 diurnae
1087 2232 1191 2286 pro
1246 2218 1615 2272 mercenariis
1671 2218 1894 2273 incum~

198 2304 464 2360 bentibus
521 2306 750 2360 fabrica:
802 2306 860 2361 S.
920 2306 1212 2377 Stephani,
1267 2323 1297 2359 e
1358 2307 1612 2372 scutella,
1669 2307 1727 2360 in
1784 2323 1898 2378 qua

199 2393 502 2463 pecuniam
522 2395 584 2449 S.
622 2395 954 2465 lmperatrix
983 2411 1088 2464 pro
1117 2393 1401 2448 solutione
1441 2411 1724 2466 exponere
1757 2413 1895 2450 con-

198 2487 523 2550 sueverant,
555 2482 625 2538 de
665 2499 778 2554 qua
810 2482 1089 2537 videndus
1120 2481 1514 2537 Henschenius
1565 2483 1634 2538 ad
1669 2501 1726 2538 ιιι
1759 2485 1896 2538 Mar-

199 2569 288 2632 tii,
349 2569 764 2625 Commentarii
821 2569 908 2622 sui
957 2570 1070 2635 ξι,
1121 2585 1176 2622 ιι.
1217 2571 1304 2622 25.
1363 2569 1672 2642 Reliquum
1710 2572 1896 2626 verbis

201 2658 564 2728 Eppenaueri
593 2657 843 2712 absolvo.

269 2747 360 2803 40.
393 2768 422 2796 ‹‹
453 2746 604 2802 Finit
633 2745 812 2801 dictas
841 2745 1099 2817 quinque
1127 2745 1394 2801 historias
1419 2749 1630 2803 tumuli
1661 2748 1896 2821 inscrip-

198 2835 276 2889 tio
335 2837 398 2890 D.
436 2836 698 2906 Episcopi
775 2834 1212 2906 Bambergensis
1273 2835 1594 2891 Melchioris
1647 2837 1892 2906 Ottonis,

199 2923 260 2976 in
282 2924 425 2979 facie
456 2925 659 2978 ultima
688 2923 793 2978 sub
847 2938 1008 2977 num.
1067 2939 1126 2976 ιιι
1175 2923 1509 2978 orichalceis
1553 2926 1772 2980 inclusa
1809 2927 1894 2980 ci-

1507 325 1560 378 S.
1612 319 1907 378 HENRICI
1954 318 2426 377 IMI’EHATOHIS

452 450 643 519 Neque
712 447 865 502 inter
933 446 1198 502 historias
1301 447 1434 501 istas
1522 445 1898 516 anaglyphice
1939 445 1982 496 Α
2017 428 2404 500 Henschenius
2435 446 2496 500 in
2529 447 2844 500 Comment.
2908 445 3120 516 praevio
3168 446 3237 502 ad
3292 449 3430 502 Acta
3477 449 3530 504 S.
3599 450 3704 503 Cu-

200 3012 406 3078 meliis,
439 3013 525 3066 vel
559 3013 750 3083 potius
781 3011 1011 3078 tabulis,
1044 3027 1173 3081 qua:
1205 3027 1495 3068 summum
1527 3015 1706 3068 altare
1738 3015 1898 3068 chori
1931 3004 1970 3058 Ο

200 3104 254 3154 S.
280 3101 507 3172 Georgii
537 3103 802 3172 martyris
832 3103 1086 3174 respicit,
1118 3103 1206 3158 his
1235 3101 1421 3159 verbis
1454 3119 1466 3156 :

205 3227 264 3278 In
302 3225 438 3278 facie
464 3230 508 3280 A
746 3229 1006 3284 GLORIA
1048 3230 1203 3285 H£C
1243 3230 1362 3286 EST

625 3316 927 3373 OMNIBUS
973 3319 1255 3374 SANCTIS
1296 3319 1468 3373 EJUS.

205 3403 260 3454 ln
294 3402 434 3456 facie
463 3404 500 3455 B
906 3407 968 3460 D.
1013 3407 1076 3462 0.
1118 3407 1186 3462 M.

512 3536 519 3543 .
750 3495 1022 3550 HUMAMI
1062 3496 1360 3551 GENERIS

542 3580 989 3638 REDEMPTORI
1027 3585 1182 3639 JESU
1225 3583 1543 3649 CHRISTO,

751 3672 964 3726 HUJUS
1014 3673 1357 3728 ECCLESH'J

403 3755 536 3810 FUN
550 3757 782 3812 DATOR
795 3761 807 3812 Ι
821 3761 900 3826 Β.,
950 3761 1266 3816 TUTORIB.
1279 3802 1294 3826 ,
1341 3761 1702 3827 PATRONIS,

484 3845 666 3900 DIVIS
705 3848 1006 3903 HENHICO
1050 3849 1129 3903 ET
1171 3849 1622 3906 KUNEGUNDIE

373 3930 724 3988 CrESARElS
765 3935 846 3988 ET
885 3936 1242 3992 VIBGINEIS
1293 3938 1717 3993 CONJUGIBUS

394 4021 614 4086 ARAM,
657 4023 1080 4086 ΤΒΟΡΗίΕΗΜ.
1134 4025 1716 4080 MONUNUMENTUM

571 4110 910 4166 SACRAVIT
922 4153 935 4176 ,
992 4113 1076 4164 EH
1086 4113 1257 4176 ΕΧΙΤ,
1310 4112 1551 4166 POSUIT

901 4200 968 4252 Μ.
1013 4198 1077 4252 Ο.
1129 4200 1192 4254 E.

202 4337 459 4407 Suntque
491 4352 666 4391 merae
697 4338 876 4392 literas
909 4340 1240 4407 majusculae
1263 4356 1506 4411 quarum
1546 4347 1661 4396 tres
1681 4343 1899 4397 ultima:

201 4424 504 4495 designant
553 4425 914 4498 Melchiorem
971 4427 1237 4482 Ottonem
1293 4430 1653 4501 Episcopum.
1721 4453 1743 4481 ι
1802 4433 1899 4487 Su-

204 4519 394 4583 perest
445 4520 509 4567 ut
539 4513 609 4568 de
663 4512 875 4569 Ofﬁciis
911 4515 1303 4572 ecclesiasticis
1360 4519 1604 4589 paucula
1658 4521 1894 4593 subjun-

201 4618 422 4672 gamus.

271 4691 360 4745 41.
417 4690 598 4745 Variis
669 4691 869 4746 diebus
924 4693 1205 4764 variisque
1291 4695 1523 4761 Officiis,
1582 4713 1687 4766 pro
1747 4713 1896 4752 rece-

203 4783 301 4847 pto
343 4779 776 4850 particularium
830 4782 1194 4838 ecclesiarum
1253 4784 1384 4851 ritu,
1434 4786 1488 4840 S.
1544 4785 1768 4840 Henrici
1824 4786 1898 4840 fe-

201 4867 510 4924 stivitatem
566 4870 704 4924 olim
756 4871 1101 4925 celebratam
1155 4872 1326 4926 fuisse
1407 4890 1580 4945 supra
1625 4874 1898 4929 indicavi-

201 4970 357 5022 mus;
390 4973 578 5028 neque
633 4957 864 5029 singula
919 4975 1213 5014 recensere
1260 4962 1430 5016 modo
1469 4963 1700 5033 juverit,
1759 4964 1898 5018 dum

203 5040 262 5094 in
295 5043 874 5111 Romano‘tireviario
899 5064 1004 5118 pro
1065 5052 1188 5103 tota
1244 5050 1487 5104 Ecclesia
1533 5051 1707 5106 hodie
1750 5068 1898 5121 prae-

202 5130 478 5200 scriptum
510 5137 1039 5208 est,~.‘r~eiatumque
1092 5136 1280 5191 Sancti
1337 5154 1546 5194 nomen
1593 5139 1652 5193 in
1694 5141 1896 5211 Marty-

199 5218 492 5289 rologium
511 5236 603 5274 xiv
638 5223 792 5291 Julii,
825 5229 1008 5294 atque
1037 5216 1401 5283 vobodilatum
1432 5227 1770 5298 praedictum
1801 5229 1896 5284 Of-

202 5307 740 5380 ﬁcim.sequenti
793 5314 885 5368 die
929 5299 1262 5380 ένσιιὶθῖιιισξ
1308 5316 1617 5391 signatum,
1671 5319 1898 5372 tametsi

201 5402 406 5452 neutro
460 5393 574 5452 die'
602 5395 1028 5470 ipsum“:obiisse
1067 5395 1258 5474 supra
1281 5391 1720 5478 ostenderimus.
1760 5407 1899 5471 Quae

203 5486 409 5541 sanctis
442 5480 922 5567 conjugibusm‘d'
956 5495 1280 5562 exemplum
1330 5489 1440 5548 SSS
1474 5481 1896 5565 .‘Itpgistolorum

205 5577 352 5630 Petri
392 5582 449 5630 et
481 5579 659 5644 Pauli,
707 5573 1045 5632 communia;
1084 5587 1235 5647 sunt,
1271 5583 1398 5653 'jam
1444 5577 1580 5637 oliui
1630 5583 1898 5654 explicuit

1939 4285 1983 4339 D

3633 327 3698 379 3'2

2010 535 2316 604 negnndis,
2351 551 2505 590 num.
2535 539 2588 597 9,
2647 535 2927 589 nonnulla
2985 535 3114 589 istic
3142 535 3432 590 adducens
3463 553 3526 592 ex
3560 538 3706 592 Vita-

2015 625 2317 690 Bruxellis,
2347 639 2440 677 an.
2508 625 2642 679 1484
2671 640 2894 690 excusa,
2955 640 3084 694 qua!
3119 624 3209 677 hic
3243 632 3522 694 repetere,
3565 627 3703 696 quid

2011 714 2168 768 aliud
2201 718 2346 767 esset
2375 728 2548 782 quam
2609 718 2798 766 actum
2847 711 3056 782 agere?
3107 713 3260 767 Inter
3310 714 3548 768 schedas
3599 731 3703 769 no-

2010 808 2156 856 stras
2190 805 2412 857 exstant
2439 802 2566 856 Mss.
2621 800 2819 856 Officia
2869 800 3115 854 Passavii
3171 806 3228 855 et
3280 801 3419 855 alibi
3477 803 3703 857 recitari

2011 891 2216 956 solita;
2247 896 2335 945 ast
2365 907 2432 945 ea
2459 889 2812 944 auctoritatis
2842 905 2960 944 non
3013 905 3262 960 magnae,
3301 895 3499 961 utpote
3548 907 3703 946 erro-

2006 980 2167 1034 ribus
2197 980 2426 1046 infecta,
2467 979 2677 1050 quibus
2707 994 2809 1032 nec
2833 977 3069 1031 omnino
3097 993 3339 1031 vacuum
3367 984 3452 1031 est
3485 978 3706 1032 hodier-

2009 1085 2148 1123 num
2183 1070 2525 1134 Romanum,
2557 1083 2623 1121 ex
2670 1067 2726 1122 S.
2783 1066 3066 1121 Michaelis
3134 1066 3592 1136 Bambergensis,
3649 1069 3706 1123 ni

2007 1159 2192 1221 fallor,
2224 1162 2539 1229 acceptum,
2565 1175 2572 1179 ·
2598 1156 2658 1210 in
2691 1156 2844 1228 quod
2876 1155 2945 1208 ad
3003 1154 3438 1208 accommodum
3477 1171 3704 1210 sensum

2008 1247 2331 1303 reducenda
2379 1251 2514 1300 sunt
2551 1245 2672 1300 haec
2725 1248 3017 1315 postrema
3045 1243 3250 1314 prima:
3289 1243 3548 1298 lectionis
3585 1261 3702 1298 ver-

2009 1337 2078 1390 ba
2111 1352 2124 1390 :
2158 1357 2179 1384 ι
2219 1334 2587 1389 Benedictum
2640 1334 2780 1398 Vill,
2814 1351 2848 1387 a
2901 1348 3017 1404 quo
3048 1331 3279 1402 imperii
3309 1348 3584 1386 coronam
3615 1350 3703 1386 ac-

2008 1427 2255 1493 ceperat,
2288 1421 2595 1492 profugum
2627 1419 2866 1490 excepit,
2896 1434 3130 1489 suaque
3161 1418 3293 1472 Sedi
3326 1418 3572 1473 restituit
3606 1436 3618 1473 :
3675 1442 3700 1467 »

2008 1512 2092 1565 uti
2123 1517 2178 1566 et
2208 1511 2306 1564 illa
2332 1511 2391 1565 in
2421 1511 2549 1564 lect.
2582 1508 2618 1562 2
2649 1525 2662 1562 :
2697 1529 2724 1558 ε
2755 1507 3109 1563 Pannoniam
3169 1506 3353 1562 adhuc
3390 1508 3704 1574 infidelem,

2008 1600 2218 1655 tradita
2246 1599 2536 1670 Stephano
2587 1597 2706 1667 regi
2732 1613 2930 1651 sorore
2979 1595 3170 1650 suain
3204 1612 3460 1664 uxorem,
3524 1613 3704 1668 eoque

2012 1689 2323 1759 baptizata,
2357 1688 2423 1742 ad
2458 1687 2667 1742 Christi
2698 1687 2868 1740 tidem
2896 1685 3189 1756 perduxit.
3229 1708 3255 1733 ››

2081 1781 2168 1833 42.
2231 1775 2448 1832 Etenim
2501 1775 2586 1829 vel
2645 1775 2705 1828 in
2762 1775 3067 1846 hypothesi
3124 1773 3277 1844 quod
3337 1773 3704 1828 Benedictum

2009 1866 2129 1919 Vlll
2158 1865 2470 1935 profugum
2527 1862 2840 1934 susceperit
2886 1862 2948 1918 S.
3008 1863 3302 1924 Henricus,
3363 1862 3518 1933 quod
3566 1862 3705 1916 mihi

2009 1954 2256 2009 necdum
2295 1951 2622 2006 verosimile
2651 1957 2763 2018 est;
2816 1951 2878 2004 in
2938 1967 3027 2016 ea,
3088 1951 3346 2023 inquam,
3402 1953 3705 2022 hypothesi

2008 2043 2240 2115 proprie
2273 2041 2385 2096 dici
2439 2057 2554 2095 non
2600 2044 2788 2111 potest
2815 2039 3131 2110 suscepisse
3171 2040 3361 2110 ipsum
3395 2042 3705 2111 profugum

2011 2151 2040 2184 α
2071 2150 2102 2186 a
2124 2148 2240 2203 quo
2259 2146 2533 2185 coronam
2552 2133 2873 2200 acceperat;
2905 2149 2931 2181 ιο
2952 2129 3299 2200 supponitur
3317 2129 3471 2183 enim
3492 2130 3704 2200 fugisse

2009 2221 2345 2276 Benedictus
2403 2237 2495 2273 an.
2534 2222 2688 2283 tOl2,
2721 2219 2820 2273 ubi
2858 2219 3096 2273 Sanctus
3126 2235 3397 2272 coronam
3455 2219 3705 2289 primum

2008 2309 2228 2379 accepit
2255 2324 2350 2363 an.
2391 2307 2546 2361 1014.
2568 2307 2923 2375 Stephanum
2956 2322 3127 2376 porro
3177 2324 3210 2360 a
3256 2307 3312 2360 S.
3355 2307 3598 2361 Henrico
3630 2309 3700 2362 ad

2008 2397 2180 2451 tidem
2239 2395 2582 2466 perductum
2636 2395 2806 2464 paulo
2857 2395 3041 2448 latiori
3099 2395 3433 2464 acceptione
3495 2395 3702 2450 intelli-

2007 2486 2262 2556 gendum
2303 2489 2409 2549 est,
2465 2499 2594 2537 cum
2646 2483 2714 2552 is,
2746 2482 2914 2538 Geiza
2957 2487 3193 2554 parente
3239 2484 3358 2555 jam
3387 2485 3705 2539 Christiano

2008 2580 2194 2641 natus,
2238 2573 2428 2630 infans
2456 2571 2776 2642 baptizatus
2825 2571 2915 2626 sit.
2975 2573 3042 2626 Et
3099 2588 3234 2628 sane
3282 2575 3403 2643 jam
3451 2591 3551 2645 pro
3596 2576 3704 2629 tide

2009 2663 2328 2718 Christiana
2377 2677 2496 2716 non
2542 2661 2719 2714 semel
2764 2660 3169 2726 decertaverat,
3221 2663 3556 2733 priusquam
3606 2664 3703 2718 Gi-

2007 2754 2186 2806 selam
2232 2765 2468 2804 uxorem
2501 2748 2752 2802 duceret.
2786 2748 2870 2801 Ad
2909 2747 3068 2818 regni
3129 2749 3439 2820 Hungarici
3471 2767 3704 2804 conver-

2007 2841 2228 2895 sionem
2279 2855 2393 2893 non
2440 2852 2642 2908 parum
2668 2836 2950 2907 profuisse
3005 2841 3350 2892 contractam
3396 2838 3545 2893 inter
3575 2856 3703 2892 san-

2006 2934 2130 2984 ctos
2158 2928 2520 2992 affinitatem,
2553 2925 2613 2980 id
2662 2925 2896 2996 quidem
2943 2924 3184 2980 minime
3239 2926 3480 2981 dubium
3513 2932 3617 2993 est,
3649 2933 3705 2980 at

2009 3033 2110 3073 nos
2141 3017 2234 3072 hic
2261 3015 2540 3086 periodos,
2573 3018 2640 3068 ut
2661 3013 2872 3084 jacent,
2921 3013 3321 3084 expendimus.
3359 3016 3455 3068 Est
3504 3019 3561 3070 et
3609 3015 3702 3070 Of-

2009 3109 2201 3162 ficium
2240 3106 2290 3160 S.
2342 3103 2567 3159 Henrici
2623 3095 2924 3174 proprium
2984 3103 3042 3156 in
3094 3103 3378 3158 Breviaric
3443 3103 3697 3158 Bamber-

2009 3196 2188 3268 gensi,
2223 3193 2465 3265 Dilingae
2496 3207 2702 3246 excuso
2737 3207 2825 3246 an.
2869 3194 3031 3258 1575;
3090 3196 3176 3246 ast
3219 3191 3280 3245 in
3312 3209 3379 3246 eo
3409 3192 3549 3246 nihil
3577 3209 3694 3246 ma-

2009 3299 2263 3356 gnopere
2292 3281 2425 3336 novi
2475 3281 2742 3346 occurrit,
2798 3279 3264 3351 quandoquidem
3297 3279 3566 3335 lectiones
3595 3280 3699 3334 de-

2009 3379 2253 3444 sumptae
2288 3371 2402 3424 sint
2437 3385 2505 3423 ex
2530 3368 2817 3439 Anonymi
2877 3367 3158 3438 Legenda,
3215 3369 3549 3438 antiphonas
3595 3385 3698 3423 au-

2009 3471 2147 3529 tem,
2202 3457 2563 3530 responsoria
2613 3460 2667 3510 et
2697 3455 2754 3510 1d
2803 3472 2984 3526 genus
3032 3456 3163 3522 alia,
3222 3462 3321 3510 aut
3375 3458 3704 3511 communia

2009 3551 2190 3605 ferme
2244 3546 2380 3612 sint,
2443 3550 2541 3598 aut
2583 3544 2850 3598 eumdem
2928 3542 3143 3598 fontem
3203 3544 3340 3597 satis
3386 3545 3697 3599 redoleant.

2011 3635 2250 3693 Ponitur
2299 3635 2419 3688 hch
2459 3631 2642 3686 oratio
2690 3631 2958 3702 propria:
3008 3651 3034 3680 ει
3089 3633 3257 3696 Deus,
3317 3633 3416 3703 qui
3472 3634 3698 3687 beatum

2013 3725 2343 3792 Henricum,
2393 3727 2523 3792 post
2575 3727 2870 3774 terrenum
2937 3719 3247 3789 imperium
3335 3721 3699 3792 insignitum,

2013 3815 2277 3871 aatbereis
2319 3813 2546 3866 sedibus
2591 3809 2910 3872 collocasti;
2965 3809 3174 3874 tribue,
3233 3826 3590 3880 quaesumus,
3638 3816 3704 3864 ut

2014 3920 2186 3976 quem
2243 3902 2420 3973 signis
2505 3899 2848 3954 miraculum
2917 3900 3130 3952 clarere
3175 3898 3484 3963 cernimus,
3542 3914 3698 3952 eum-

2015 3995 2144 4049 dem
2178 3993 2608 4046 intercessorem
2638 3989 2696 4040 in
2747 3987 3025 4057 angustiis
3063 3986 3379 4040 sentiamus
3413 4003 3425 4041 :
3491 4007 3516 4037 η
3572 4003 3704 4057 qua:

2015 4087 2244 4151 accepta
2272 4084 2356 4132 est
2409 4094 2474 4130 ex
2523 4080 2741 4129 vetusto
2803 4075 3006 4128 Missali
3077 4075 3499 4147 Bambergensi,
3554 4077 3703 4130 unde

2013 4171 2237 4224 Missam
2269 4166 2559 4237 propriam
2591 4163 2658 4217 ad
2688 4179 2777 4217 me
2811 4162 2964 4218 misit
2994 4164 3258 4218 laudatus
3289 4165 3349 4218 Β.
3388 4166 3446 4218 Ρ.
3500 4166 3706 4218 Hector

2015 4257 2276 4312 Nicolaus
2307 4255 2493 4319 Pottu,
2527 4252 2618 4306 hic
2639 4268 2671 4304 a
2702 4267 2790 4304 me
2813 4251 3007 4322 paucis
3037 4250 3488 4305 describendam.

2079 4349 2167 4402 43.
2225 4346 2286 4398 Et
2333 4359 2399 4396 ea
2454 4342 2523 4395 de
2571 4340 2863 4394 communi
2917 4340 3077 4394 Conf.
3137 4356 3253 4394 non
3311 4342 3497 4406 Pont.,
3542 4342 3702 4410 cujus

2009 4435 2283 4491 lntroitus
2333 4433 2401 4486 Os
2447 4432 2609 4501 justi.
2667 4429 2934 4500 Sequitur
2983 4429 3105 4498 jam
3155 4429 3306 4482 dicta
3351 4429 3553 4494 oratio,
3613 4429 3700 4483 cui

2008 4525 2294 4579 indivulse
2353 4521 2653 4589 subjuncta
2707 4523 2790 4573 ert
2839 4517 3076 4589 pmpria
3125 4518 3194 4571 de
3224 4518 3277 4572 S.
3328 4518 3698 4588 Cunegunde.

2008 4613 2398 4684 Epist..lustus
2426 4625 2524 4664 cor
2556 4623 2720 4662 suum
2768 4607 2960 4662 tradit.
3004 4628 3023 4654 ι
3084 4607 3352 4662 Graduali
3401 4607 3701 4676 peculiaris

2007 4703 2102 4758 hic
2117 4717 2311 4755 versus
2329 4713 2613 4753 connexus
2636 4714 2648 4750 :
2674 4695 2717 4750 Ο
2743 4719 2764 4744 ι
2796 4695 2961 4767 [forte
2983 4695 3144 4767 hoc]!
3170 4695 3342 4748 totius
3362 4695 3698 4750 monarchim

2008 4794 2295 4860 sceptrum
2331 4803 2536 4856 regens
2592 4784 2859 4844 solidum,
2915 4787 3112 4836 nactus
3160 4798 3242 4848 es,
3281 4781 3560 4848 Heinrice,
3610 4781 3700 4835 die

2006 4878 2132 4932 cceli
2195 4877 2426 4930 culmen
2479 4873 2782 4944 fulgidum.
2838 4872 2914 4926 Te
2944 4886 3220 4940 rogamus
3276 4870 3336 4923 in
3381 4869 3497 4937 die,
3540 4867 3699 4922 strati

2007 4968 2154 5022 ﬂexo
2177 4965 2490 5037 poplite,ut
2519 4963 2587 5017 ad
2610 4976 2852 5032 regnum
2874 4957 3209 5014 hierarchias
3241 4958 3413 5012 ducas
3427 4975 3550 5024 nos,
3586 4959 3698 5013 Rex

2007 5057 2234 5125 inclyte.
2299 5074 2322 5102 ι
2374 5051 2588 5108 Deinde
2635 5050 2753 5104 haec
2801 5046 3141 5118 sequentia:
3183 5069 3201 5092 ιι
3240 5046 3456 5100 Laudet
3513 5047 3700 5100 omnis

2005 5141 2242 5212 spiritus
2318 5139 2626 5202 Christum,
2699 5137 2799 5208 qui
2840 5135 3114 5190 divinitus
3178 5135 3469 5188 coronavit
3518 5134 3699 5205 gloria

2007 5228 2326 5301 gloriosum
2384 5227 2788 5291 confessorem,
2838 5239 3013 5295 quem
3063 5227 3373 5292 patronum
3418 5229 3476 5278 et
3505 5228 3697 5278 aucto-

2005 5333 2131 5372 rem
2178 5318 2300 5372 hmc
2354 5317 2490 5370 colit
2544 5315 2800 5369 ecclesia.
2875 5314 3054 5367 Homo
3124 5317 3284 5366 vetus
3337 5312 3396 5366 in
3451 5311 3698 5383 peccatis

2007 5407 2254 5479 primam
2285 5405 2486 5460 stolam
2534 5402 2804 5459 novitatis
2832 5399 3046 5470 recepit
3075 5416 3205 5455 cum
3240 5402 3454 5455 annulo
3486 5422 3498 5455 :
3533 5399 3698 5465 Quis-

2007 5512 2119 5567 que
2147 5498 2339 5550 mente
2385 5493 2615 5565 puriore
2643 5490 2863 5563 plaudit
2904 5505 3098 5553 manu,
3133 5490 3324 5559 psallit
3365 5505 3484 5551 ore.
3525 5488 3696 5557 digne

2011 5584 2111 5638 Dei
2165 5584 2399 5638 famulo.
2477 5585 2605 5638 Post
2659 5597 2754 5634 sex
2808 5581 3021 5650 legens,
3069 5578 3292 5632 dubitat
3353 5578 3463 5652 [lex
3521 5592 3691 5646 quem
