4028 6206
268 266 332 317 33
1932 270 1985 322 Ai

3724 277 3792 328 34

269 399 501 438 sensum
536 388 732 438 teneat
761 384 953 438 oratio
993 390 1272 439 truncata.
1336 386 1535 441 Sextus
1586 404 1773 442 annus
1804 389 1977 442 volvi-
2010 394 2055 446 Α
2094 390 2237 443 verit
2274 412 2293 437 ε
2332 391 2408 444 De
2461 390 2696 444 brachio
2728 392 2907 445 sancti
2940 393 3247 448 Willibaldi
3278 396 3533 467 episcopi
3561 404 3614 453 et
3658 416 3793 453 con-

270 482 387 539 tur,
422 478 473 527 et
506 474 804 543 problema
852 473 1108 538 solvitur,
1157 491 1369 529 corona
1404 477 1707 546 duplicata.
1762 479 1977 547 Purga-

271 569 405 616 tura
434 561 695 615 criminis
726 565 940 627 notam,
983 563 1143 632 virgo
1191 562 1435 633 Virginis
1490 565 1741 619 vindicat
1796 568 1979 636 pudo-

276 664 419 701 rem.
456 650 667 716 Purgat
725 649 1094 715 adulterium,
1149 650 1465 719 ignitorum
1519 669 1810 707 vomerum
1864 671 1979 707 non

278 738 529 790 sentiens
590 738 859 791 calorem.
910 738 970 791 In
1014 738 1244 792 Cassino
1302 746 1495 793 monte
1553 758 1747 795 curam
1811 743 1982 795 Bene-

282 826 417 880 dicti
458 831 589 896 post
634 843 961 896 pressuram
1020 828 1250 895 longam
1299 830 1469 883 sentit
1523 831 1752 884 calculi:
1785 847 1978 900 quem,

281 914 416 967 dum
464 930 751 983 nusquam
808 917 879 967 sit
928 922 1256 970 contactum
1312 933 1539 987 corpus,
1604 924 1793 972 tamen
1849 919 1981 972 inde

280 1008 523 1056 tractum
583 1004 947 1057 admirantur
984 1004 1219 1074 singuli.
1274 1007 1523 1076 Angelus
1585 1006 1748 1059 fortis
1774 1007 1982 1060 militat

280 1092 339 1145 in
369 1092 587 1156 castris,
621 1093 803 1144 victor
858 1092 1127 1145 victorem
1156 1094 1338 1162 gloria
1368 1110 1665 1159 coronans,
1700 1096 1862 1148 hoste
1893 1096 1976 1148 fu-

287 1188 443 1249 gato.
476 1180 731 1234 Precibus
783 1180 1000 1234 crebris
1044 1181 1235 1249 instat,
1297 1183 1500 1236 alienis
1554 1183 1705 1236 curis
1748 1200 1979 1247 vacuus,

294 1272 406 1323 Deo
436 1286 631 1321 vacans
670 1271 900 1339 saepius,
959 1271 1096 1324 orbe
1145 1277 1367 1341 pacato.
1417 1272 1561 1325 Dum
1611 1272 1979 1341 migraret.cx

288 1360 390 1412 hac
419 1362 549 1424 vita,
578 1362 749 1413 tinem
798 1362 879 1414 rei
929 1361 1169 1414 eremita
1234 1362 1428 1416 didicit
1466 1378 1533 1414 ex
1563 1362 1859 1415 daemone:
1896 1363 1980 1415 Nil

283 1448 580 1502 inventum
639 1457 821 1502 morte
879 1451 1142 1519 dignum,
1208 1468 1394 1521 neque
1425 1452 1639 1505 faenum
1673 1467 1861 1520 neque
1912 1450 1979 1503 li-

278 1552 486 1605 gnum,
540 1539 616 1591 nil
649 1537 899 1591 hominis
930 1540 991 1592 in
1022 1540 1273 1593 homine.
1332 1541 1480 1593 Talis
1537 1540 1758 1594 Christo
1791 1540 1979 1592 deser-

278 1626 439 1690 vivit,
472 1625 601 1678 talis
641 1628 863 1679 Christo
894 1628 1087 1680 vivens
1116 1628 1252 1680 vivit
1300 1629 1358 1681 in
1413 1633 1625 1681 aeterna
1658 1627 1837 1697 patria
1868 1643 1979 1679 ser-

278 1730 383 1766 vus
406 1721 538 1767 tuus
569 1721 623 1767 et
662 1716 909 1782 amicus;
950 1722 1068 1784 tua,
1102 1717 1271 1779 Deus,
1298 1733 1401 1770 nos
1434 1716 1746 1781 lleiuricus,
1779 1732 1975 1768 conso-

275 1802 436 1856 letur
466 1804 677 1871 gratia.
722 1828 741 1851 ι

349 1894 444 1945 44.
488 1891 624 1955 Qum
674 1893 763 1946 hic
795 1894 861 1947 ad
896 1893 1222 1947 historicam
1257 1893 1553 1947 veritatem
1602 1893 1735 1946 satis
1788 1897 1981 1945 exacta

273 1997 396 2034 non
429 1988 584 2043 sunt,
638 1983 755 2035 suis
813 1982 948 2035 locis
1004 1981 1255 2035 discussa
1289 1981 1571 2036 invenies.
1613 1981 1979 2049 Evangelium

272 2070 562 2140 ponitur;
602 2096 622 2119 σ
684 2072 860 2125 Homo
918 2071 1151 2142 quidam
1208 2072 1438 2125 nobilis.
1502 2093 1523 2118 ι
1574 2070 1975 2124 Offertorium:

275 2179 303 2205 α
346 2158 612 2223 Posuisti,
648 2159 909 2212 Domine.
944 2179 970 2209 n
1005 2158 1258 2212 Secreta:
1293 2182 1311 2206 «
1364 2158 1673 2211 Prmsentia
1720 2173 1979 2221 munera,

274 2262 616 2315 quaesumus
665 2247 925 2313 Domine,
985 2248 1063 2300 ita
1112 2263 1311 2300 serena
1360 2248 1571 2315 pietate
1631 2246 1874 2308 intuere,
1919 2252 1983 2299 ut

275 2334 468 2386 sancti
520 2334 766 2403 Spiritus
828 2334 1246 2404 perfundantur
1317 2333 1737 2398 benedictione,
1813 2337 1868 2385 et
1921 2332 1978 2385 in

276 2422 499 2476 nostris
529 2424 791 2476 cordibus
818 2440 942 2476 eam
971 2423 1335 2477 dilectionem
1388 2422 1630 2475 validam
1675 2421 1982 2474 infundant.

276 2527 392 2579 per
423 2528 593 2580 quam
641 2510 695 2564 8.
728 2512 1041 2577 Heinricus,
1096 2511 1385 2564 confessor
1448 2515 1601 2575 tuus,
1652 2510 1844 2563 omnia
1865 2526 1983 2563 cor-

272 2598 444 2668 poris
475 2600 886 2668 impedimenta
943 2599 1218 2653 devicit.»
1278 2599 1619 2653 Communio
1666 2599 1864 2651 eadem
1898 2602 1982 2651 est

267 2703 413 2740 cum
470 2687 792 2753 Offertorio,
868 2710 893 2735 ‹‹
944 2686 1206 2750 Posuisti,
1284 2686 1543 2739 Domine.
1600 2710 1625 2731 ››
1688 2687 1982 2754 Completa

270 2792 380 2828 seu
416 2776 912 2829 Postcommunio:
944 2798 964 2824 ε
1003 2777 1167 2829 Plebs
1209 2781 1330 2842 tua,
1384 2775 1646 2840 Domine,
1690 2775 1744 2829 8.
1808 2774 1981 2828 Hein-

270 2864 385 2917 rici
425 2865 765 2918 confessoris
813 2866 895 2918 tui
950 2882 1009 2918 se
1055 2864 1469 2935 glorificatione
1504 2864 1847 2934 magnificet,
1903 2869 1978 2929 et,

2088 477 2336 543 fessoris,
2393 495 2456 531 ac
2496 479 2550 533 S.
2621 481 2963 551 Walpurgis,
3010 483 3131 552 ipso
3202 484 3293 537 die
3353 487 3794 541 consecrationis

2087 566 2265 636 ipsius
2300 568 2438 620 Viti:
2474 587 2501 619 ν
2551 569 2782 638 quando
2810 591 2836 615 ‹‹
2890 586 2919 623 e
2966 587 3239 624 converso
3299 574 3450 628 idem
3511 576 3575 629 Ι).
3636 576 3795 628 Vitus

2091 656 2160 709 de
2209 671 2492 708 consensu
2548 656 2913 710 dominorum
2966 659 3200 727 capituli
3262 660 3369 727 sui,
3428 662 3578 715 dono
3638 663 3795 716 dedit

2089 744 2276 797 eidem
2309 744 2553 799 Gabrieli
2598 745 2865 816 episcopo
2905 747 2973 800 de
3010 748 3270 818 reliquiis
3319 750 3371 803 8.
3432 751 3659 804 Henrici
3691 768 3788 821 pe-

2090 833 2250 898 tiam,
2285 857 2310 882 ››
2338 850 2436 887 seu
2462 840 2679 903 partem
2710 860 2727 881 α
2775 852 2946 888 unam
2976 854 2988 901 ;
3020 858 3036 879 ι
3076 844 3247 906 atque
3307 858 3331 887 ‹‹
3369 839 3505 891 item
3544 841 3611 891 de
3670 845 3793 908 gut-

2089 925 2215 974 ture
2270 922 2556 991 ejusdem:
2592 923 2727 975 item
2769 924 2837 976 de
2898 926 2951 977 8.
3011 926 3379 993 Cuncgunde,
3412 928 3794 995 praesentibus

2089 1008 2299 1062 ibidem
2368 1011 2791 1063 venerabilibus
2843 1012 3088 1081 egregiis
3146 1014 3395 1066 dominis
3449 1014 3651 1067 Carolo
3723 1016 3791 1068 de

2090 1096 2465 1150 Seckeudorﬂ'
2488 1097 2723 1163 decano,
2775 1098 3017 1168 Georgio
3051 1099 3119 1152 de
3152 1100 3548 1171 Schwinburg,
3591 1110 3645 1154 et
3678 1103 3794 1155 Fri-

2091 1185 2281 1238 derico
2326 1186 2395 1238 de
2429 1184 2686 1248 Quedwiz
2716 1187 3034 1239 senioribus
3085 1190 3495 1256 capitularibus
3526 1195 3584 1243 et
3618 1207 3789 1243 cano-

2088 1274 2250 1338 nicis,
2297 1275 2363 1327 ad
2415 1274 2535 1328 hinc
2592 1262 2984 1344 capitulariter
3014 1276 3320 1345 deputatis.
3348 1300 3374 1325 ››
3416 1279 3537 1331 Non
3583 1286 3668 1331 est
3698 1278 3789 1331 in-

2088 1362 2395 1416 verisimile
2424 1362 2545 1431 pias
2580 1362 2912 1430 hujusmodi
2940 1364 3421 1417 commutationes
3453 1366 3625 1418 factas
3671 1382 3791 1419 esse

2090 1466 2218 1502 cum
2248 1449 2373 1502 aliis
2403 1449 2755 1503 Germanicis
2786 1451 3055 1516 ecclesiis,
3092 1453 3243 1505 unde
3287 1454 3357 1506 ad
3401 1454 3552 1522 ipsas
3582 1470 3785 1523 perve-

2090 1539 2284 1592 nerint
2326 1539 2379 1591 S.
2430 1538 2655 1591 Henrici
2687 1539 2971 1608 reliquiae,
3021 1540 3244 1595 tametsi
3305 1541 3373 1595 de
3408 1542 3473 1593 iis
3504 1542 3646 1597 nihil
3679 1558 3788 1612 pu-

2089 1627 2247 1680 blicis
2274 1626 2482 1679 tabulis
2506 1626 2906 1696 consignatum
2938 1628 3308 1697 comperiam.

2159 1719 2245 1769 46.
2284 1715 2433 1768 Nihil
2481 1716 2715 1785 pronius
2772 1721 2919 1768 esset
2950 1732 3122 1785 quam
3178 1717 3246 1770 de
3280 1716 3790 1786 Herbipolensibus

2090 1804 2146 1857 id
2170 1804 2463 1874 suspicari,
2522 1804 2629 1856 uisi
2660 1804 2890 1857 aliunde
2946 1810 3230 1857 constaret
3276 1805 3329 1859 8.
3376 1805 3582 1859 Kiliani
3634 1822 3790 1859 sacra

2090 1892 2312 1962 lipsana
2343 1893 2670 1961 Bambergae
2726 1893 3027 1959 exstitisse,
3062 1894 3199 1964 quin
3232 1900 3287 1946 et
3317 1895 3584 1948 Sanctum
3614 1896 3787 1949 istum

2090 1980 2317 2050 patroni
2376 1981 2498 2033 loco
2531 1980 2791 2033 habitum
2851 1985 2980 2033 ante
3033 1982 3086 2036 S.
3140 1982 3367 2035 Heurici
3401 1988 3682 2052 tempora,
3732 1990 3789 2035 ut

2090 2069 2261 2122 fidem
2294 2068 2509 2121 faciunt
2542 2067 2875 2138 diplomata,
2910 2070 2967 2122 in
2999 2069 3203 2140 quibus
3252 2070 3304 2123 S.
3338 2070 3613 2132 Kilianus,
3636 2070 3792 2140 ipsa-

2091 2162 2210 2209 met
2232 2156 2285 2209 8.
2348 2156 2791 2220 Henriciaetate,
2841 2173 2971 2209 cum
3022 2158 3077 2211 8.
3112 2158 3355 2227 Georgio
3403 2159 3788 2227 conjungitur.

2092 2246 2370 2298 Caeterum
2412 2243 2692 2314 praedictis
2718 2245 3262 2298 commutationibus
3299 2248 3466 2315 longe
3502 2247 3790 2317 antiquio-

2090 2348 2212 2385 rem
2244 2348 2363 2384 esse
2385 2337 2610 2401 oportet
2661 2332 2924 2385 notabilis
2978 2334 3124 2386 haud
3158 2334 3328 2386 dubie
3374 2335 3519 2386 sacri
3542 2337 3793 2405 corporis

2090 2421 2268 2492 partis
2306 2421 2741 2474 translationem
2775 2421 2831 2474 in
2884 2421 3229 2491 Merseburg,
3285 2423 3355 2475 de
3413 2439 3525 2492 qua
3556 2428 3671 2476 tam
3704 2424 3789 2477 di-

2090 2516 2239 2562 serte
2268 2510 2385 2578 agit
2419 2514 2753 2579 Anonymus
2781 2509 2931 2578 apud
2955 2510 3302 2568 Gretserum,
3335 2525 3458 2579 cap.
3518 2510 3606 2577 41,
3641 2511 3793 2581 apud

2091 2614 2195 2652 nos
2221 2598 2371 2650 inter
2414 2597 2689 2651 miracula
2724 2612 2881 2650 num.
2920 2601 3006 2663 11,
3040 2614 3213 2666 quam
3243 2614 3358 2651 non
3407 2599 3502 2652 diu
3556 2604 3684 2669 post
3706 2616 3793 2653 ce-

2093 2687 2369 2740 lebratam
2415 2685 2600 2740 Sancti
2648 2686 3137 2739 cauonizationem
3182 2687 3450 2741 accidisse
3481 2689 3581 2757 qui
3634 2688 3788 2740 dixe-

2092 2776 2184 2839 rit,
2218 2774 2368 2828 haud
2433 2776 2675 2828 multum
2713 2791 2745 2827 a
2788 2791 2921 2829 vero
2946 2776 3311 2843 aberraverlt,
3343 2792 3472 2829 cum
3515 2792 3581 2829 eo
3614 2776 3792 2829 ferme

2091 2864 2290 2917 ordine
2320 2880 2353 2916 a
2405 2864 2553 2918 dicto
2610 2863 2887 2933 scriptore
2936 2865 3251 2917 referatur:
3288 2884 3314 2912 α
3367 2866 3645 2933 Tempore
3692 2864 3792 2917 illo

268 2954 484 3006 eodem
516 2970 742 3023 semper
789 2960 1077 3024 precante,
1117 2960 1170 3007 te
1228 2957 1518 3007 mereatur
1546 2954 1757 3006 habere
1797 2958 1983 3006 recto-
2018 2956 2057 3009 C
2096 2968 2210 3023 quo
2238 2952 2575 3006 venerabilis
2606 2953 2782 3005 abbas
2841 2953 3322 3023 Mersehurgensis
3376 2952 3625 3006 ecclesiae
3660 2952 3793 3005 Vol-

269 3057 431 3095 rem.
506 3043 616 3095 Per
648 3043 972 3096 Dominum.
1009 3066 1035 3092 ››
1078 3042 1201 3096 Alia
1232 3042 1301 3095 de
1330 3042 1532 3097 Sancto
1564 3042 1773 3095 oratio:
1806 3065 1827 3091 ι
1858 3042 1979 3096 Ad-

270 3136 367 3182 sto
430 3130 935 3200 supplicationibus
991 3131 1203 3185 nostris
1258 3131 1624 3201 omnipotens
1677 3131 1847 3193 Deus,
1901 3136 1975 3197 et,

271 3219 493 3288 quibus
528 3219 792 3273 fiduciam
817 3221 1111 3290 sperandae
1135 3220 1380 3291 pietatis.
1417 3242 1442 3268 ››
1473 3225 1583 3273 etc.
1615 3221 1685 3273 Ex
1720 3219 1975 3288 praedicti

275 3307 523 3361 Missalis
560 3308 718 3373 folio,
751 3309 818 3362 ad
847 3325 936 3362 me
967 3310 1199 3373 directo,
1235 3314 1410 3379 patet,
1471 3308 1789 3378 majoribus
1844 3308 1981 3360 Teu-

275 3395 489 3449 tonicis
545 3395 751 3449 litteris
782 3396 918 3450 satis
975 3398 1335 3467 elegantibus
1366 3413 1637 3451 excusum
1670 3413 1807 3455 esse,
1851 3412 1979 3448 cum

283 3485 457 3536 variis
487 3485 729 3537 rubricis
774 3492 904 3556 apte
935 3485 1301 3551 intermixtis,
1349 3488 1417 3540 ad
1449 3488 1611 3554 cujus
1635 3485 1879 3556 :calcem,
1915 3500 1981 3537 ex

277 3575 562 3645 temporis
612 3574 771 3627 istius
828 3590 1007 3639 more,
1063 3575 1396 3645 hujusmodi
1427 3575 1740 3645 epigraphe
1781 3575 1981 3642 adjun-

274 3664 476 3731 gitur:
539 3683 565 3712 α
602 3667 764 3716 Anno
822 3664 1236 3717 Incarnationis
1304 3664 1614 3717 Dominica'
1676 3678 1979 3725 uccccxmx,

280 3755 493 3821 quarto
524 3752 645 3804 Kal.
700 3750 876 3815 Junii,
931 3751 1078 3804 liber
1119 3750 1375 3815 Missalis,
1411 3751 1470 3803 in
1497 3751 1724 3804 laudem
1759 3757 1815 3803 et
1856 3753 1980 3818 glo-

282 3840 429 3893 riam
459 3844 668 3892 sanctae
702 3855 765 3892 ac
794 3839 1102 3893 individuas
1131 3840 1440 3904 Trinitatis,
1484 3840 1837 3893 intemeratae
1873 3841 1985 3890 Vir-

286 3928 550 3997 ginisque
581 3928 791 3995 Mariae,
834 3929 891 3981 iu
943 3928 1168 3981 civitate
1208 3928 1684 3997 Babenbergensi,
1720 3944 1821 3998 per
1866 3944 1983 3980 ma-

293 4017 524 4083 gistrum
580 4016 855 4069 Joannem
918 4016 1092 4086 Pfeyl,
1125 4018 1375 4086 prtefatae
1429 4017 1668 4070 civitatis
1713 4017 1981 4079 incolam,

299 4120 459 4173 quam
487 4106 932 4175 diligentissime
965 4106 1299 4176 impressus,
1331 4106 1459 4159 linit
1501 4105 1766 4160 feliciter.
1804 4126 1830 4155 ι)
1861 4106 1987 4157 Haec

293 4193 361 4245 de
388 4196 799 4261 monumentis,
852 4195 1088 4256 Ofﬁciis,
1161 4196 1452 4266 veterique
1486 4196 1650 4248 Missa
1715 4195 1984 4250 Bamber-

286 4284 558 4351 gensibus
588 4283 737 4336 dicta
784 4284 1105 4352 sufficient;
1138 4301 1289 4337 nunc
1335 4300 1522 4338 sacras
1552 4283 1844 4354 reliquias,
1877 4284 1989 4335 alio

286 4373 611 4438 translatas,
660 4373 1084 4443 investigemus.

288 4478 411 4545 ἐν.
466 4480 723 4547 Reliquiae
781 4481 891 4533 alio
922 4481 1221 4545 translatae,
1273 4482 1575 4548 praesertim
1631 4483 1871 4545 Romam,
1918 4478 1991 4532 ad

506 4560 759 4627 templum
785 4560 972 4613 domus
1013 4563 1272 4625 Professaa
1311 4560 1590 4613 Societatis
1618 4561 1774 4612 Jcsu.

363 4649 451 4699 45.
488 4648 562 4699 Ex
582 4649 699 4717 jam
728 4648 982 4701 deductis
1012 4650 1145 4701 satis
1177 4648 1541 4700 manifestum
1570 4652 1654 4700 est
1675 4646 1989 4716 prmcipuas

291 4750 483 4787 sacras
515 4736 743 4789 exuvias
809 4736 1105 4807 utriusque
1164 4735 1508 4789 sanctissimi
1549 4734 1809 4804 conjugis
1850 4735 1992 4787 [len-

290 4822 391 4874 rici
450 4827 507 4875 et
565 4822 929 4893 Cunegundis
972 4824 1031 4876 in
1072 4824 1198 4893 ipso
1231 4821 1633 4892 Bambergensi
1695 4822 1989 4875 mausoleo

287 4910 603 4964 hodiedum
674 4912 951 4965 asservari
1015 4928 1366 4983 quamquam
1433 4915 1623 4981 partes
1693 4911 1988 4964 nonnullae

289 5000 402 5052 alio
454 5001 521 5053 ad
596 5002 1023 5055 venerationem
1072 5004 1359 5055 translata;
1432 5000 1564 5064 sint,
1639 5014 1781 5068 quas
1845 4998 1987 5052 mihi

287 5096 628 5159 promptum
679 5106 791 5143 non
851 5089 922 5143 sit
981 5090 1273 5159 sigillatim
1332 5103 1688 5142 enumerare.
1724 5085 1991 5155 Suggerit

290 5176 486 5230 charta
535 5178 932 5243 Gamansiana,
992 5180 1254 5248 superius
1301 5177 1489 5241 citata,
1549 5192 1700 5229 anno
1762 5174 1987 5228 Domini

298 5268 452 5331 1501,
487 5266 963 5335 Indict.i(voluit
1019 5266 1206 5320 dicere
1259 5268 1333 5333 iv)
1394 5265 1485 5319 die
1536 5281 1666 5318 xvm
1718 5263 1854 5317 Julii
1911 5263 1987 5316 fa-

288 5360 439 5407 ctam
499 5354 650 5407 inter
703 5356 1021 5409 Gabrielem
1073 5357 1481 5425 Eystettensem
1551 5353 1883 5423 episcopum
1932 5355 1988 5405 et

292 5444 482 5497 Vitum
568 5443 1044 5513 Bambergensem
1100 5445 1252 5515 piam
1310 5458 1603 5497 sacrorum
1678 5440 1985 5512 pignorum

291 5532 822 5600 commutationum,
856 5535 933 5589 sic
992 5538 1053 5589 ut
1101 5534 1193 5588 ille
1247 5528 1759 5601 Bambergensibus
1807 5528 1983 5585 dona-

2090 3059 2315 3096 cmarus
2363 3042 2633 3111 reliquias
2696 3042 2755 3095 Β.
2815 3041 3040 3095 Henrici
3107 3041 3447 3095 confessoris
3504 3042 3793 3096 Saxonicze

2089 3137 2257 3185 terra;
2290 3130 2520 3184 invexit.
2548 3152 2573 3177 ››
2607 3131 2666 3183 In
2730 3130 3025 3183 Poloniam
3073 3146 3256 3200 usque
3290 3129 3581 3183 transiisse
3632 3130 3795 3183 intel-

2089 3220 2228 3290 liges
2259 3236 2323 3273 ex
2366 3218 2651 3272 miraculis
2678 3219 2845 3285 infra,
2883 3235 3041 3272 num.
3098 3222 3181 3273 18.
3233 3222 3319 3273 An
3350 3224 3407 3272 et
3440 3236 3553 3290 quo
3594 3226 3792 3289 pacto-

2089 3308 2368 3379 perierint
2414 3308 2531 3377 jam
2589 3307 2755 3361 dicta:
2803 3308 3064 3377 reliquiae
3094 3308 3605 3378 Merseburgenses,
3641 3308 3791 3361 haud

2092 3396 2359 3468 equidem
2389 3395 2531 3462 scio;
2586 3411 2805 3462 verum,
2841 3412 2908 3447 ex
2939 3397 3324 3449 instrumento
3356 3397 3510 3467 quod
3569 3397 3641 3450 ad
3702 3412 3791 3450 me

2092 3485 2255 3540 misit.
2278 3485 2539 3538 laudatus
2586 3500 2759 3553 supra
2790 3484 2937 3537 Clar.
2995 3486 3352 3555 Eppenauer,
3386 3484 3608 3555 liquido
3641 3490 3794 3556 pate-

2092 3575 2177 3628 bit
2217 3574 2489 3643 reliquias
2535 3573 2673 3626 alias
2733 3573 2936 3626 eodem
2986 3573 3294 3626 destinatas
3356 3573 3549 3639 fuisse,
3596 3573 3791 3643 procul

2093 3664 2265 3718 dubio
2302 3668 2362 3715 ut
2390 3662 2614 3715 amissis
2644 3662 2935 3731 prioribus
2965 3662 3468 3715 substituerentur.

2168 3753 2256 3805 47.
2310 3751 2536 3804 Litterae
2583 3755 2719 3803 sunt
2745 3750 2931 3804 Adolli
2984 3751 3464 3818 Merseburgensis
3512 3750 3787 3820 episc0pi,

2095 3839 2390 3894 Anhaldiae
2413 3837 2703 3907 principis,
2757 3838 2824 3890 ad
2854 3837 3162 3906 Georgium
3217 3854 3247 3890 a
3282 3838 3555 3908 Limburg
3582 3838 3794 3907 episco-

2094 3945 2231 3999 pum
2266 3927 2764 3995 Bambergensem,
2797 3925 2944 3978 datas
2977 3947 3003 3972 ‹‹
3026 3925 3116 3978 die
3147 3925 3368 3978 veneris
3411 3926 3555 3978 infra
3586 3926 3794 3978 festum

2094 4019 2147 4071 8.
2182 4015 2408 4071 Martini
2439 4034 2465 4064 ι)
2502 4030 2707 4084 nempe
2739 4031 2830 4066 xm
2884 4012 3232 4066 Novembris'
3259 4029 3410 4065 anno
3478 4016 3631 4081 1517,
3667 4030 3794 4082 qum

2094 4105 2270 4158 latine
2309 4120 2485 4157 versae
2539 4103 2617 4156 sic
2650 4106 2892 4155 sonant:
2931 4121 2958 4150 ς(
3021 4102 3222 4154 Nostra
3252 4101 3573 4154 amicabilia
3605 4102 3794 4155 officia

2100 4194 2341 4261 przevia;
2378 4190 2722 4243 Venerabilis
2754 4190 2811 4242 in
2845 4190 2958 4242 Deo
3009 4189 3197 4256 Pater,
3250 4186 3537 4257 imprimis
3587 4187 3793 4241 dilecte

2102 4281 2329 4334 domine
2365 4284 2421 4331 et
2472 4277 2671 4332 amice.
2727 4279 2867 4331 Cum
2901 4276 3128 4330 dilectio
3180 4282 3386 4343 vestra,
3443 4275 3509 4328 ad
3558 4281 3793 4345 rogato-

2100 4370 2245 4423 riam
2280 4374 2534 4422 nostram
2584 4366 2939 4438 petitionem,
2996 4365 3272 4433 quasdam
3296 4362 3349 4417 S.
3398 4363 3647 4417 Heinrici
3678 4364 3795 4416 lm-

2099 4458 2377 4529 peratoris
2462 4473 2647 4510 sacras
2730 4454 3002 4525 reliquias
3079 4454 3436 4516 concesserit,
3499 4453 3729 4505 easdem
3762 4469 3791 4504 a

2099 4547 2402 4602 dilectione
2424 4552 2610 4599 vestra
2638 4544 2966 4605 submissus,
3016 4558 3147 4596 cum
3186 4541 3572 4607 veneratione,
3629 4546 3791 4611 grato

2098 4635 2490 4703 benevoloque
2549 4632 2743 4685 animo
2802 4630 3145 4700 accepimus.
3182 4630 3249 4683 Et
3305 4644 3654 4699 quamquam
3688 4645 3791 4697 pro

2097 4730 2212 4778 tam
2267 4722 2589 4776 testimabili
2637 4721 2810 4785 dono,
2846 4719 2999 4789 quod
3048 4718 3358 4788 temporali
3417 4717 3562 4771 nulli
3609 4717 3795 4786 pretio

2098 4818 2573 4891 requiparandum
2630 4822 2733 4881 est,
2792 4816 2958 4870 nobis
3006 4820 3061 4869 et
3119 4814 3370 4869 ecclesiae
3424 4818 3630 4867 nostrm
3660 4828 3798 4864 con-

2097 4925 2274 4976 cesso,
2325 4905 2618 4962 dilectioni
2665 4910 2867 4959 vestrae
2917 4904 3220 4959 obstrictos
3251 4918 3353 4955 nos
3381 4915 3500 4953 esse
3530 4899 3795 4969 profitea-

2098 5011 2244 5058 mur,
2279 4996 2369 5047 cui
2400 4999 2595 5047 tamen
2653 4991 2993 5062 obligationi
3025 4990 3347 5044 satisfacere
3382 4986 3444 5039 in
3476 4989 3671 5039 nostra
3702 5003 3798 5056 po-

2096 5089 2295 5137 testate
2352 5083 2679 5136 nullatenus
2729 5086 2842 5148 est;
2879 5077 3257 5133 nihilominus
3312 5074 3369 5127 in
3417 5074 3669 5129 ecclesia)
3693 5092 3795 5129 no-

2097 5177 2227 5227 strae
2255 5172 2459 5225 sanctis
2491 5170 2746 5241 patronis
2775 5174 2830 5223 et
2876 5167 3165 5239 praacipue
3195 5164 3401 5218 dilecto
3438 5164 3493 5217 8.
3532 5163 3794 5217 Heinrico

2098 5263 2444 5332 lmperatore
2475 5260 2835 5322 confidimus,
2884 5272 2999 5320 eos,
3046 5257 3301 5324 optatam
3341 5253 3400 5306 in
3438 5252 3544 5306 hac
3572 5258 3795 5323 tempo-

2096 5350 2222 5415 rali,
2259 5354 2314 5404 et
2343 5350 2495 5420 apud
2525 5351 2702 5403 Deum
2729 5343 3013 5414 imprimis
3043 5343 3102 5396 in
3148 5343 3259 5396 vita
3306 5348 3521 5396 aeterna
3565 5341 3797 5396 felicita-

2096 5446 2210 5495 tem
2242 5438 2550 5501 exorando,
2603 5436 2853 5505 idipsum
2904 5432 3197 5486 dilectioni
3228 5436 3429 5485 vestrae
3460 5430 3793 5501 centuplum

2097 5533 2583 5600 compensaturos.
2625 5546 2643 5571 ι
2699 5521 2985 5587 Quamdiu
3016 5522 3320 5577 thesaurus
3350 5520 3472 5584 iste,
3507 5536 3538 5574 a
3572 5519 3796 5590 signata
