4028 6206
309 253 375 304 35

1603 249 1659 299 S.
1703 246 1987 300 HENlthI
2027 245 2501 301 lMPERATORIS

3746 253 3814 301 36

264 386 273 390 ’
307 373 467 428 fatali
520 370 859 427 Lutheranee
892 369 1188 440 apostasia:
1219 369 1453 439 epocha,
1487 369 1611 422 istic
1647 368 1706 422 in
1739 368 1918 438 pretio
1949 372 2004 419 et
2031 371 2074 421 Α
2119 368 2342 422 ritatem
2374 367 2653 439 reportari
2690 367 2999 439 potuerint,
3057 367 3433 423 nihilominus
3487 369 3686 424 sedulo
3718 370 3816 424 in-

310 462 501 517 debita
531 459 899 515 veneratione
964 457 1157 522 fuerit,
1212 457 1362 511 haud
1416 457 1493 512 ita
1531 462 1867 528 promptum
1918 460 2005 510 est

304 550 667 621 investigare.

376 641 465 694 48.
499 640 839 707 Persuasum
895 635 1080 690 habeo
1139 639 1197 689 et
1252 634 1391 688 alias
1446 634 1705 688 ecclesias
1734 633 2001 705 pretiosa-

308 744 439 783 rum
499 726 830 783 exuviarum
878 724 1186 796 participes
1233 723 1428 791 fuisse,
1458 722 1718 794 quamvis
1763 722 1834 777 ad
1881 738 2001 776 ma-

308 834 448 872 num
482 832 600 871 non
629 815 745 869 sint
801 814 1185 868 instrumenta
1240 812 1447 883 quibus
1497 811 1566 864 de
1612 811 1682 864 iis
1730 810 2002 865 certiores

306 906 636 961 reddamur.
687 904 751 957 In
802 902 985 973 ipsam
1044 899 1371 970 Hispaniam
1446 905 1777 969 penetrasse
1833 902 2002 951 testes

308 1000 445 1049 sunt
471 994 704 1063 collegae
735 989 916 1045 nostri
948 987 1141 1044 Pinius
1171 1003 1226 1041 et
1248 988 1527 1058 Cuperus,
1563 986 1773 1058 quibus
1801 984 2003 1040 biblio-

305 1084 530 1138 thecam
600 1081 654 1137 S.
740 1077 1030 1135 Laurentii
1111 1076 1554 1131 Escorialensem
1628 1074 2003 1129 lustrantihus

309 1176 542 1244 apertus
572 1174 657 1224 est
700 1168 941 1239 insignis
998 1167 1300 1221 thesaurus
1347 1164 1721 1236 reliquiarum
1780 1180 1845 1218 eo
1874 1180 2003 1218 con-

306 1265 596 1332 gestarum
630 1276 663 1313 a
691 1258 957 1328 Philippo
991 1257 1035 1311 Il
1067 1272 1224 1326 rege,
1259 1253 1809 1325 magnificentissimi
1841 1252 2003 1306 istius

307 1348 523 1421 palatii,
578 1346 819 1402 ccenobii
880 1350 936 1400 et
990 1344 1193 1414 templi
1232 1343 1546 1407 conditore,
1606 1358 1671 1396 ea
1708 1341 2003 1395 occasione

305 1449 479 1504 quam
539 1431 898 1487 notissimam
945 1428 1223 1483 existimo.
1281 1427 1346 1480 In
1378 1441 1444 1479 eo
1482 1425 1727 1479 sacrario
1779 1441 2004 1496 repere-

302 1527 441 1578 runt
498 1526 691 1575 ternas
738 1533 1024 1572 sacrarum
1058 1517 1113 1571 S.
1170 1515 1394 1571 Henrici
1442 1514 1773 1569 exuviarum
1825 1514 2004 1585 parti-

306 1614 481 1677 culas,
509 1608 763 1663 minores
819 1608 959 1661 duas
989 1605 1114 1658 aliis
1156 1605 1509 1674 conjunctas,
1557 1607 1780 1675 partem
1831 1619 2002 1673 porro

310 1700 588 1771 majorem
636 1697 761 1767 ejus
803 1695 987 1767 pellis,
1014 1694 1081 1748 ad
1114 1693 1321 1764 digitos
1354 1697 1602 1764 quatuor
1630 1693 1690 1745 in
1738 1693 2000 1763 longum,

312 1789 455 1843 duos
484 1787 546 1841 in
596 1787 822 1857 largum
870 1789 1201 1850 extensam;
1255 1798 1383 1854 quae
1429 1781 1581 1835 unde
1640 1798 1706 1835 eo
1746 1797 2000 1835 accesse-

311 1876 447 1945 rint,
481 1875 541 1929 in
572 1875 695 1946 ipso
728 1871 1149 1944 Lipsanologio,
1177 1887 1274 1924 seu
1310 1870 1684 1942 reliquiarum
1720 1870 2000 1940 catalogo,

310 1964 584 2020 traditum
619 1979 735 2017 non
782 1966 883 2016 est.
920 1960 1139 2015 Monuit
1168 1976 1259 2014 me
1295 1959 1469 2013 etiam
1518 1959 1778 2013 laudatus
1822 1958 2004 2030 Eppe-

312 2071 513 2120 nauer,
570 2052 674 2106 sub
737 2050 1016 2121 regimine
1064 2048 1540 2104 Reverendissimi
1592 2052 1648 2101 et
1696 2047 2005 2105 Celsissimi

308 2142 585 2215 principis
637 2140 788 2195 Petri
824 2138 1075 2209 Philippi
1119 2154 1152 2191 a
1198 2137 1490 2191 Dernbach
1541 2137 1791 2208 episcOpi
1839 2138 2002 2190 Bam-

310 2231 623 2302 bergensis,
657 2229 804 2283 intra
830 2243 1045 2281 annum
1093 2229 1226 2280 t672
1259 2229 1315 2279 et
1348 2228 1502 2291 t683,
1558 2226 1626 2279 ad
1670 2225 2002 2296 petitionem

314 2320 509 2391 magni
540 2319 698 2373 ducis
743 2317 1004 2384 Etruriae,
1038 2315 1311 2387 quasdam
1360 2314 1413 2367 S.
1458 2314 1683 2367 Henrici
1733 2314 2006 2384 reliquias

313 2407 657 2463 Florentiam
704 2404 1011 2459 destinatas
1063 2419 1200 2469 esse,
1233 2407 1320 2456 ast
1376 2402 1474 2455 ubi
1504 2418 1585 2455 ea:
1634 2401 1806 2455 modo
1836 2417 2004 2471 expo-

312 2496 432 2551 sitae
454 2495 588 2561 sint,
643 2496 743 2547 aut
769 2508 883 2562 quo
938 2491 996 2544 in
1029 2490 1249 2543 honore
1280 2488 1619 2555 habeantur,
1647 2493 2003 2558 compertum

309 2600 425 2639 non
454 2582 658 2637 habeo.

380 2673 469 2726 46.
502 2668 842 2739 Longiorem
890 2682 963 2721 ne
997 2665 1121 2720 aliis
1149 2680 1608 2738 quaquaversum
1659 2660 2006 2718 transmissis

310 2759 484 2815 sacris
536 2756 874 2831 pignoribus
908 2754 1367 2825 disquisitionem
1405 2753 1498 2807 hic
1528 2768 1646 2806 non
1678 2751 2004 2819 instituam;

309 2854 368 2904 at
395 2847 680 2921 praeteriri
709 2862 827 2901 non
873 2849 1064 2915 potest
1113 2842 1410 2898 Societatis
1436 2847 1648 2896 nostrae
1678 2841 1739 2894 in
1768 2839 2005 2894 sanctis-

2044 1660 2083 1714 B

2113 457 2319 528 quisivi
2348 472 2485 510 num
2518 456 2665 511 forte
2722 456 2938 528 aliquid
2996 455 3153 510 illius
3212 456 3400 511 Sancti
3446 457 3507 511 in
3562 457 3688 512 aliis
3717 474 3818 512 ec-

2110 545 2294 600 clesiis
2325 545 2672 615 reperiretur
2705 562 2718 614 ;
2757 562 2821 599 ac
2873 544 3230 616 deprehendi
3278 546 3507 600 tandem
3540 545 3633 600 hic
3663 546 3817 617 apud

2115 636 2307 688 Patres
2378 635 2777 689 Franciscanos
2824 633 3213 705 fragmentum
3275 634 3345 688 de
3408 651 3533 689 osse
3578 634 3819 689 femoris

2110 722 2369 795 praedicti
2400 723 2578 777 sancti
2598 723 2826 778 Patroni
2856 723 2993 793 mei,
3055 724 3126 778 ab
3156 724 3374 794 aliquot
3397 723 3652 778 centenis
3704 739 3819 778 an-

2112 811 2199 865 nis
2228 827 2451 864 summa
2494 826 2622 864 cum
2650 811 3014 865 veneratione
3036 811 3097 864 in
3128 828 3329 865 eorum
3362 811 3599 865 ecclesia
3624 826 3818 864 asser-

2113 906 2322 964 vatum,
2359 900 2520 971 cujus
2548 905 2769 970 partem
2822 900 3031 954 bonam
3065 900 3204 954 mihi
3238 900 3452 971 petenti
3502 899 3816 965 donarunt,

2111 1005 2283 1061 quam
2316 989 2466 1043 Patri
2498 988 2834 1042 Provinciali
2880 988 3319 1059 Capucinorum,
3381 988 3503 1043 aliis
3534 989 3603 1043 de
3628 988 3818 1043 causis

2112 1096 2178 1132 eo
2213 1077 2467 1143 abeunti,
2535 1076 2839 1131 Serenitati
2888 1081 3089 1130 vestras
3145 1077 3506 1131 offerendum
3571 1077 3813 1132 tradidi:

2111 1173 2283 1238 atque
2314 1167 2494 1221 amice
2534 1183 2673 1237 rogo
2733 1166 3109 1220 Serenitatem
3156 1167 3436 1231 Vestram,
3496 1182 3623 1220 eam
3678 1166 3815 1220 boni

2112 1260 2174 1309 ut
2202 1256 2478 1321 consulat,
2530 1270 2736 1326 meque
2784 1259 2842 1308 et
2881 1255 3078 1308 ambas
3107 1270 3265 1308 meas
3312 1255 3575 1309 ecclesias
3621 1255 3813 1309 cathe-

2112 1344 2299 1398 drales
2325 1343 2523 1415 quavis
2565 1344 2858 1397 occasione
2912 1343 3339 1398 commendatas
3368 1344 3579 1398 habere
3613 1342 3816 1414 digne-

2111 1437 2224 1487 tur.
2263 1433 2614 1502 Bambergaa,
2651 1449 2708 1485 Ill
2770 1431 3105 1486 Novembris
3160 1446 3385 1487 unum.
3418 1433 3629 1487 Vestra:
3660 1431 3820 1487 Sere-

2111 1520 2306 1575 nitatis
2337 1519 2792 1573 officiosissimus
2849 1523 2906 1574 et
2940 1520 3514 1591 obsequentissimus,
3554 1520 3817 1574 Francis-

2112 1626 2212 1663 cus
2241 1608 2541 1680 episcopus
2582 1607 3017 1678 Bambergensis
3046 1613 3103 1662 et
3131 1608 3573 1679 Herbipolensis.
3617 1628 3644 1660 ν

2186 1701 2276 1752 51.
2319 1699 2427 1751 Has
2458 1696 2610 1766 ipsas
2667 1696 2937 1767 reliquias
2980 1713 3044 1751 ex
3098 1697 3251 1752 dono
3308 1696 3665 1752 Serenissimi
3698 1698 3821 1752 Ele-

2115 1785 2471 1849 ctoris,misit
2503 1786 2702 1840 eodem
2720 1801 2870 1839 anno
2905 1787 3059 1852 1641,
3080 1786 3172 1839 die
3203 1804 3234 1839 v
3267 1785 3610 1846 Decembris,
3648 1786 3723 1840 R.
3752 1786 3816 1839 P.

2112 1878 2320 1932 Rector
2348 1875 2576 1945 collegii
2622 1874 2805 1928 nostri
2860 1874 3269 1929 Monachiensis
3311 1873 3589 1945 Georgius
3644 1873 3821 1944 Spad-

2114 1978 2203 2015 ser
2232 1962 2473 2016 Romam
2506 1962 2573 2017 ad
2594 1962 2932 2031 praedictum
2987 1962 3050 2017 R.
3110 1964 3169 2017 Ρ.
3227 1963 3561 2017 Gualterum
3610 1961 3821 2017 Mund-

2114 2051 2290 2119 brott,
2338 2058 2404 2106 ut
2474 2068 2537 2105 ex
2581 2050 2882 2121 ipsiusmet
2935 2050 3191 2122 epistolas
3256 2056 3379 2104 tum
3438 2051 3583 2104 datae
3629 2050 3824 2104 verbis

2114 2142 2319 2194 clarius
2348 2140 2707 2210 intelligitur.
2734 2140 2825 2194 Sic
2845 2138 3062 2194 scribit.
3102 2158 3130 2190 α
3185 2140 3510 2194 Reverende
3563 2139 3625 2193 in
3651 2139 3821 2194 Chri-

2114 2234 2199 2283 sto
2256 2232 2455 2284 Pater:
2520 2231 2655 2283 Utor
2697 2228 2991 2283 occasione
3049 2233 3230 2299 postm
3284 2228 3633 2296 Electoralis,
3711 2243 3824 2298 per

2114 2332 2288 2386 quam
2346 2315 2513 2369 mitto
2563 2316 2627 2370 R.
2711 2315 2772 2367 V.
2832 2314 3177 2385 particulam
3250 2314 3319 2369 de
3383 2330 3510 2368 osse
3584 2314 3824 2368 femoris

2116 2407 2171 2460 S.
2208 2405 2434 2460 Henrici
2458 2404 2840 2473 Imperatoris.
2870 2404 3032 2458 Addo
3091 2404 3307 2458 litteras
3352 2402 3730 2458 Illustrissimi
3763 2408 3828 2457 et

2116 2494 2589 2549 Reverendissimi
2645 2492 2908 2564 Episcopi
2968 2492 3391 2563 Rerbipolensis
3446 2493 3517 2548 ad
3570 2492 3828 2547 Serenis-

2117 2584 2325 2637 simum
2361 2584 2670 2637 Electorem
2703 2586 2986 2651 nostrum,
3018 2582 3227 2653 quibus
3267 2582 3527 2637 redditur
3566 2581 3831 2637 testimo-

2116 2673 2274 2728 nium
2307 2672 2463 2727 omni
2491 2671 2821 2743 exceptione
2876 2671 3083 2741 majus,
3141 2671 3211 2726 de
3269 2671 3473 2727 iisdem
3527 2671 3820 2743 reliquiis.

2116 2761 2520 2816 Serenissimus
2551 2761 2770 2815 Elector
2820 2759 3070 2830 gratiose
3118 2760 3329 2813 salutat
3357 2761 3495 2814 Rev.
3557 2761 3620 2814 V.
3649 2760 3828 2830 eique

2115 2849 2417 2921 praedictas
2459 2847 2752 2919 reliquias,
2810 2847 2963 2902 haud
3015 2846 3223 2917 exigua
3298 2846 3677 2901 sollicitudine
3757 2863 3827 2901 ac

308 2940 521 2993 simum
560 2939 969 3007 Imperatorem
1022 2932 1472 3004 propensissima
1538 2930 1850 2998 veneratio,
1893 2942 2078 3000 quac
2116 2936 2309 2990 labore
2364 2936 2737 3008 conquisitas,
2789 2952 2895 3007 per
2956 2952 3049 2990 me
3113 2936 3470 3003 transmittit,
3535 2935 3826 3007 jubetque

308 3026 545 3098 impulsi
576 3028 771 3080 Patres
825 3022 1173 3077 Assistentim
1222 3020 1593 3086 Germanicae,
1626 3018 2005 3090 quemadmo-

310 3116 448 3172 dum
480 3116 678 3169 Patres
725 3110 871 3166 Galli
923 3125 1082 3164 sacra
1134 3109 1196 3165 S.
1262 3108 1529 3163 Ludovici
1586 3107 1737 3176 regis
1784 3106 2007 3176 lipsana

307 3205 774 3275 impetraverant,
837 3204 969 3270 post
1016 3198 1136 3251 vias
1187 3197 1369 3251 varias
1431 3198 1684 3267 primum
1739 3199 2005 3263 tentatas,

314 3293 542 3347 tandem
590 3287 953 3345 Serenissimi
994 3285 1265 3341 Electoris
1322 3286 1571 3340 Bavarise
1613 3283 2004 3350 Maximiliani,

308 3382 520 3439 summi
553 3381 807 3454 ejusdem
838 3378 1134 3435 Societatis
1175 3378 1416 3432 fautoris
1446 3382 1502 3431 et
1534 3375 1782 3447 patroni,
1816 3375 2006 3431 studio

308 3479 365 3529 et
415 3470 778 3535 auctoritate,
828 3473 1092 3523 votorum
1143 3471 1430 3538 compotes
1481 3465 1613 3520 facti
1665 3471 1813 3519 sunt.
1864 3465 2003 3519 Rem

310 3577 540 3616 omnem
571 3557 922 3631 promovisse
945 3561 1000 3610 et
1038 3556 1106 3611 ad
1157 3556 1379 3609 felicem
1410 3554 1624 3608 exitum
1676 3552 2007 3624 perduxisse

306 3650 624 3705 videturR.
688 3649 747 3702 P.
802 3647 1100 3701 Gualterus
1151 3643 1499 3711 Mundhrott,
1550 3658 1655 3712 per
1678 3642 1736 3695 id
1780 3649 2008 3711 tempus

308 3738 505 3792 Romae
549 3750 654 3807 pro
686 3732 991 3789 Germania
1018 3731 1170 3802 apud
1202 3731 1368 3785 Adm.
1420 3730 1483 3785 R.
1538 3730 1599 3783 Ρ.
1656 3729 1723 3783 Ν.
1765 3727 2005 3783 Matium

307 3825 667 3880 Vitellescum
690 3820 1017 3877 Assistentis
1037 3836 1275 3874 munere
1309 3819 1575 3889 fungens,
1611 3817 1733 3888 qui,
1764 3820 1828 3871 ut
1855 3816 2003 3887 apud

309 3911 752 3970 Serenissimum
798 3910 1111 3964 Electorem
1170 3907 1354 3979 gratia
1411 3911 1467 3961 et
1514 3905 1705 3960 favore
1760 3905 2001 3973 valebat,

308 4003 388 4065 sic
449 4018 580 4057 eum
628 3999 932 4065 induxerit,
990 4002 1070 4064 ut,
1137 3995 1489 4067 interpositis
1537 3994 1739 4049 officiis
1804 3994 1937 4059 suis,
1972 4010 2007 4047 a

307 4090 803 4147 Reverendissimo
837 4092 895 4141 et
923 4086 1243 4140 Celsissimo
1272 4084 1566 4139 Francisco
1600 4082 2006 4153 Bambergensi

306 4185 364 4235 et
393 4178 786 4250 Herbipolensi
828 4176 1093 4246 episcopo
1126 4174 1181 4227 S.
1240 4172 1468 4227 Henrici
1513 4172 1783 4242 reliquias
1813 4176 2005 4241 postu-

307 4268 532 4334 laverit,
590 4266 935 4334 easdemque
958 4263 1191 4317 demum
1245 4265 1440 4332 optato
1488 4276 1750 4315 successu
1807 4275 2006 4313 conse-

311 4361 477 4412 cutus
502 4355 595 4410 sit.
648 4351 1007 4409 Serenissimi
1043 4341 1104 4404 et
1144 4365 1440 4421 nunquam
1489 4349 1621 4403 satis
1678 4347 1844 4403 nobis
1884 4348 2008 4403 lau-

311 4445 486 4502 dandi
545 4441 916 4499 Maximiliani
982 4440 1254 4495 Electoris
1312 4440 1528 4493 litteras
1588 4437 1840 4492 nancisci
1890 4453 2007 4491 non

309 4533 498 4607 potui,
528 4549 725 4587 verum
761 4547 827 4585 ex
859 4530 1041 4601 ipsius
1073 4528 1353 4584 Francisci
1407 4528 1662 4600 episcopi
1704 4543 2005 4597 responso-

311 4623 436 4690 riis,
465 4620 718 4677 concessi
747 4618 1149 4690 pretiosissimi
1193 4617 1450 4672 thesauri
1494 4615 1754 4682 testibus,
1806 4630 2005 4685 porre-

311 4717 540 4767 ctarum
568 4726 805 4783 precum
848 4708 1164 4763 substantia
1197 4707 1361 4761 facile
1411 4705 1737 4775 colligitur:
1770 4703 2003 4771 habent,

313 4818 377 4857 ex
409 4800 745 4857 Germanico
772 4797 967 4851 Latine
998 4811 1206 4849 versae:

383 4907 472 4959 50.
535 4925 558 4953 ι
614 4900 986 4957 Serenissime
1032 4900 1324 4970 Princeps.
1386 4896 1629 4970 Nupcris
1679 4893 2010 4951 Serenitatis

313 4999 536 5056 vestrae,
565 4991 774 5063 quibus
804 4989 914 5043 sibi
960 4987 1177 5058 aliquid
1226 4987 1293 5042 dc
1342 4986 1600 5058 reliquiis
1646 4986 1700 5041 S.
1761 4982 2007 5049 Henrici,

315 5083 567 5137 ecclesia:
597 5096 739 5134 mem
781 5076 1217 5147 Bambergensis
1267 5074 1500 5147 patroni
1557 5079 1613 5129 ct
1666 5071 2008 5134 fundatoris,

314 5169 730 5225 communicari
782 5166 1071 5237 cupiebat,
1131 5164 1512 5219 obedivissem
1557 5163 1920 5233 quantocius,
1964 5160 2011 5213 si

315 5258 570 5331 praefata
600 5272 743 5311 mea:
773 5253 1112 5311 cathedralis
1161 5252 1423 5323 reliquias
1471 5251 1541 5306 ad
1594 5266 1827 5304 manum
1871 5248 2011 5303 fuis-

318 5351 464 5403 sent.
493 5345 632 5410 Quas
657 5360 809 5410 eum,
842 5350 971 5398 ante
988 5342 1234 5415 primam
1260 5341 1507 5396 hostium
1534 5339 1935 5409 irruptionem,
1954 5341 2016 5390 ut

316 5440 700 5499 servarentur,
753 5432 1067 5487 necessario
1097 5432 1372 5485 V'illacum
1421 5429 1480 5483 in
1512 5427 1801 5483 Carinthia
1836 5431 2017 5480 trans-

317 5523 453 5579 ferri
481 5522 801 5588 debuerint,
827 5537 1012 5591 neque
1058 5521 1333 5575 hactenus
1381 5518 1452 5572 ob
1482 5517 1799 5588 inquietam
1854 5529 2014 5568 secu-

2030 4231 2075 4284 D

2117 3025 2251 3079 Rev.
2285 3025 2347 3078 V.
2388 3025 2542 3078 hunc
2598 3040 2765 3079 suum
2822 3029 3089 3079 conatum
3148 3025 3284 3079 boni
3322 3025 3824 3095 consulere;spe-

2117 3129 2273 3167 rasse
2303 3128 2362 3167 se
2396 3113 2630 3184 quidem
2652 3112 2867 3184 aliquid
2904 3113 3090 3184 majus
3119 3113 3189 3167 ab
3238 3113 3538 3185 Episcopo,
3571 3113 3823 3168 maxime

2117 3207 2243 3275 post
2273 3201 2626 3272 amplissima
2656 3206 2712 3255 et
2758 3201 3073 3257 identidem
3123 3202 3365 3273 repetita
3393 3202 3694 3274 promissa,
3718 3201 3824 3257 sed

2117 3292 2207 3347 his
2234 3307 2340 3362 pro
2372 3291 2478 3345 hoc
2501 3296 2760 3361 tempore
2811 3290 3021 3345 debere
3077 3306 3137 3346 se
3186 3297 3521 3345 contentum
3581 3308 3731 3358 esse,
3764 3296 3824 3345 et

2117 3381 2368 3435 vicissim
2400 3396 2602 3452 rogare
2649 3386 2715 3435 ut
2745 3385 2802 3435 et
2855 3381 2988 3435 Rev.
3022 3381 3085 3435 V.
3119 3380 3456 3435 tenuitatem
3484 3380 3657 3451 hujus
3688 3396 3822 3436 mu-

2117 3470 2340 3525 nusculi
2372 3486 2488 3523 non
2510 3474 2864 3540 aspernetur.
2904 3492 2923 3516 ι

2189 3562 2277 3614 5‘2.
2362 3558 2590 3613 Minime
2663 3574 2794 3612 vero
2826 3563 3160 3629 aspernatus
3222 3562 3305 3611 est
3333 3557 3824 3628 pretiosissimum

2119 3648 2334 3702 donum
2396 3649 2456 3702 P.
2492 3646 2931 3713 Mundbrottius,
2982 3662 3179 3700 verum
3208 3646 3362 3716 ipsas
3390 3646 3517 3700 illas
3547 3647 3827 3717 reliquias

2117 3753 2269 3791 anno
2305 3734 2651 3804 insequenti,
2682 3750 2872 3789 mense
2914 3734 3256 3804 Septembri,
3287 3734 3656 3806 prmsentavit
3690 3736 3824 3790 Illu-

2117 3825 2395 3880 strissimo
2414 3825 2476 3879 D.
2508 3825 2669 3878 Joan.
2724 3824 2883 3895 Bapt.
2931 3824 3000 3878 de
3035 3823 3266 3877 Alteriis
3298 3824 3568 3894 episcopo
3617 3823 3823 3880 Came-

2117 3912 2357 3981 rinensi,
2450 3910 2899 3967 Eminentissimi
2991 3909 3309 3966 Cardinalis
3385 3911 3546 3965 Urbis
3613 3911 3818 3966 Vicarii

2115 4003 2264 4057 vices
2309 4000 2531 4073 gerenti
2571 4000 2692 4071 (qui
2732 4004 2928 4071 postea
2984 4016 3245 4053 summus
3275 3999 3537 4054 Pontifex
3560 3999 3669 4054 fuit
3698 3999 3821 4055 Cle-

2115 4108 2278 4146 mens
2308 4088 2819 4161 X)approbandas,
2879 4088 3031 4159 quod
3076 4087 3193 4156 ille,
3254 4088 3519 4144 omnibus
3546 4088 3656 4144 rite
3677 4105 3820 4145 exa-

2115 4179 2368 4245 minatis,
2426 4179 2673 4248 benigne
2713 4177 2997 4249 prmstitit,
3031 4177 3121 4232 die
3173 4194 3245 4232 vn
3297 4178 3509 4232 mensis
3533 4178 3815 4249 praedicti,

2114 4273 2311 4322 tenore
2364 4266 2725 4337 sequentium
2783 4267 3142 4321 litterarum:
3188 4285 3219 4319 α
3253 4266 3535 4321 Universis
3586 4284 3651 4322 ac
3697 4268 3817 4322 sin-

2113 4357 2262 4428 gulis
2292 4361 2602 4427 preesentes
2654 4355 2871 4409 litteras
2910 4354 3252 4425 inspectoris
3290 4354 3462 4409 fidem
3488 4354 3733 4410 facimus
3761 4361 3820 4411 et

2117 4451 2452 4501 attestamur
2508 4444 2753 4515 qualiter
2790 4443 2961 4497 hodie
3020 4459 3210 4497 coram
3275 4443 3437 4498 nobis
3488 4445 3657 4499 allata
3682 4445 3813 4513 fuit,

2114 4536 2184 4590 ab
2215 4536 2372 4590 adm.
2411 4535 2473 4589 R.
2518 4535 2577 4588 P.
2634 4533 2902 4587 Gualtero
2955 4532 3284 4586 Mundbrott
3332 4531 3627 4587 Societatis
3680 4534 3810 4588 Jesu

2114 4641 2219 4695 pro
2254 4622 2556 4679 Germania
2594 4621 2924 4684 Assistente,
2977 4621 3242 4692 quadam
3277 4638 3407 4692 pars
3463 4620 3533 4676 de
3574 4637 3701 4677 osse
3730 4622 3816 4676 fe-

2116 4713 2290 4768 moris
2317 4712 2371 4767 S.
2406 4710 2634 4766 llenrici
2683 4709 3066 4780 Imperatoris,
3121 4726 3224 4779 pro
3277 4711 3439 4779 cujus
3484 4710 3723 4766 veritate
3765 4714 3825 4766 et

2115 4801 2407 4855 validitate
2456 4798 2704 4854 ostendit
2767 4798 2933 4852 nobis
2989 4797 3335 4853 sufﬁcientes
3379 4799 3821 4855 attestationes:

2118 4905 2363 4960 cumque
2419 4905 2524 4943 nos
2563 4887 2749 4959 ipsam
2806 4902 3022 4940 sacram
3079 4886 3385 4957 reliquiam
3419 4892 3482 4941 ut
3509 4904 3702 4943 veram
3736 4904 3829 4943 su-

2118 4977 2360 5050 pradicti
2388 4976 2576 5032 Sancti
2605 4973 3191 5045 comprobaverimns,
3249 4973 3432 5029 eidem
3464 4975 3620 5030 adm.
3660 4976 3727 5032 R.
3762 4978 3824 5032 P.

2122 5068 2391 5123 Gualtero
2443 5080 2570 5119 eam
2626 5063 2753 5117 aliis
2783 5062 3059 5128 donandi,
3122 5078 3186 5116 ac
3216 5063 3276 5116 in
3335 5063 3629 5118 ecclesiam
3657 5066 3831 5120 colloo

2121 5155 2307 5221 candi,
2335 5158 2399 5208 ut
2428 5170 2461 5207 a
2490 5153 2600 5224 piis
2631 5152 2896 5207 fidelibus
2925 5152 3185 5206 venerari
3213 5151 3413 5221 possit,
3455 5152 3745 5208 licentiam
3776 5159 3833 5210 et

2122 5243 2448 5299 facultatem
2482 5239 2541 5294 in
2576 5239 2815 5295 Domino
2845 5238 3211 5293 concedimus
3258 5244 3314 5292 et
3343 5238 3730 5310 impertimur.
3767 5242 3831 5296 In

2124 5347 2371 5405 quorum
2427 5329 2622 5397 fidem,
2659 5334 2764 5383 etc.
2828 5330 3032 5383 Datum
3069 5328 3287 5393 Romae,
3337 5326 3443 5380 hac
3483 5326 3576 5381 die
3623 5344 3696 5381 vn
3729 5327 3829 5384 Se-

2124 5421 2401 5492 ptembris
2442 5435 2673 5473 uncxul.
2707 5419 2760 5473 J.
2815 5418 2875 5472 Β.
2943 5417 3244 5488 episcopus
3296 5415 3713 5471 Camerinensis
3765 5418 3826 5472 V.

2126 5526 2349 5581 gerens.
