4028 6206
405 227 475 278 39
1718 225 1775 277 S.
1822 223 2113 280 IIENBICI
2161 221 2632 278 IMPERATOBIS
3861 233 3918 283 Im

476 351 562 402 53.
597 347 846 402 Obtenta
902 360 969 400 ea
1015 345 1302 412 facultate,
1349 345 1501 399 haud
1553 345 1652 399 diu
1705 352 1986 398 cessatum
2023 347 2176 398 estA
2215 345 2458 399 caanobii
2519 347 3003 419 Windbergensis,
3057 351 3154 404 sed
3197 367 3311 404 non
3359 352 3502 406 adeo
3561 355 3821 424 plenam,
3865 365 3918 412 ut

404 439 545 508 quin
567 437 822 506 praefata).
850 435 904 490 S.
940 435 1167 488 Henrici
1209 435 1464 505 reliquiae
1511 435 1569 487 in
1601 435 1803 487 domus
1835 436 2103 488 Professae

406 525 936 593 Romanmtemplo,
987 525 1118 578 Jesu
1156 524 1439 578 Servatori
1485 539 1664 588 sacro,
1714 523 1904 576 debita
1933 540 2100 577 vene-

404 615 630 669 ratione
672 620 729 668 et
774 615 931 666 cultu
971 613 1411 666 honorarentur.
1464 611 1666 666 Curata
1699 628 1827 664 mox
1863 617 1968 676 est,
2005 619 2103 666 aut.

404 710 572 758 antea
611 704 846 756 fortasse
889 703 1002 765 jam
1045 706 1362 770 praeparata
1414 699 1654 768 insignis
1710 700 2100 769 lipsanotheca

405 798 696 862 argentea,
756 791 983 860 qualem
1035 789 1125 842 hic
1172 789 1515 858 descriptam
1553 789 1758 855 cernis,
1800 789 2098 842 altitudine

402 882 575 954 pedes
603 880 826 934 circiter
841 894 959 943 sex,
981 877 1280 931 latitudine
1308 882 1554 947 quatuor
1597 877 1775 930 ferme
1797 877 2071 948 adtequan

403 978 542 1034 tem,
593 969 806 1023 atfabre
865 967 1070 1020 factam
1119 983 1151 1018 a
1211 965 1558 1034 peritissimo
1602 965 1755 1018 illius
1821 967 2099 1036 temporis

405 1058 638 1122 artifice,
689 1055 780 1108 cui
809 1071 883 1107 an
923 1065 1118 1124 parem
1165 1053 1334 1106 modo
1387 1052 1565 1122 Roma
1612 1053 1836 1118 habeat,
1892 1055 2096 1108 merito

404 1145 645 1214 ambigit
696 1144 758 1197 R.
799 1145 858 1196 P.
921 1141 1247 1196 Franciscus
1299 1141 1524 1194 Wenzel
1573 1141 1924 1196 Assistentia:
1952 1143 2094 1196 Ger-

399 1233 636 1289 manicae
695 1231 865 1286 hodie
914 1230 1286 1294 Substitutus,
1338 1229 1499 1299 cujus
1542 1245 1692 1282 curae
1741 1235 1798 1283 et
1842 1230 2092 1284 benevo-

397 1323 589 1377 lentia:
622 1326 880 1390 acceptas
928 1321 1112 1372 refero
1157 1318 1459 1388 plerasque
1487 1334 1683 1370 omnes
1711 1318 1977 1372 deductas
2001 1318 2092 1372 hic

394 1410 648 1476 notitias,
681 1425 809 1461 cum
843 1409 965 1478 ipsa
1005 1405 1406 1470 delineatione,
1441 1421 1503 1458 ex
1540 1423 1653 1476 qua
1682 1406 1880 1460 eadem
1910 1407 1969 1461 in
2015 1423 2091 1460 res

396 1498 570 1551 incisa
617 1497 938 1559 exhibetur,
1000 1495 1066 1548 ad
1129 1494 1310 1548 sancti
1378 1495 1744 1563 Imperatoris
1822 1496 2084 1566 gloriam,

395 1587 872 1657 probandumque
903 1584 1197 1637 Societatis
1244 1600 1380 1652 erga
1434 1599 1564 1636 eum
1595 1585 1811 1638 cultum
1843 1591 1900 1638 et
1930 1601 2085 1638 reve-

396 1675 656 1729 rentiam.
708 1675 785 1728 Ne
844 1689 975 1725 vero
1031 1671 1317 1724 existimes
1378 1672 1587 1725 minori
1640 1672 1852 1742 pietate
1913 1689 2084 1744 quam

392 1764 577 1833 pretio
623 1763 674 1817 S.
713 1761 936 1816 Henrici
990 1760 1326 1814 memoriam
1361 1759 1487 1813 istic
1517 1762 1706 1826 recoli,
1750 1763 1893 1815 solet
1921 1768 2088 1832 quot-

393 1852 560 1906 annis
609 1850 1023 1921 lipsanotheca,
1067 1854 1394 1902 recurrente
1443 1850 1832 1903 anniversaria
1891 1851 2086 1905 Sancti

388 1941 710 2005 festivitate,
734 1939 791 1992 in
843 1937 1145 2007 magnifica
1192 1937 1247 1990 S.
1307 1939 1363 1990 P.
1401 1939 1463 1990 N.
1503 1937 1726 2007 Ignatii,
1761 1938 2088 1993 ardentibus

387 2029 516 2098 plus
547 2029 710 2082 solito
740 2027 939 2094 cereis,
969 2043 1067 2078 ara
1105 2025 1332 2096 exponi,
1379 2025 1736 2096 gravioribus
1762 2026 2087 2097 quibusque

390 2117 598 2170 domus
620 2122 832 2170 nostra:
879 2113 1140 2168 Patribus
1190 2130 1312 2166 rem
1366 2129 1585 2166 sacram
1619 2129 1686 2166 eo
1737 2113 1828 2166 die
1856 2114 1924 2168 ad
1957 2130 2082 2168 eam

387 2205 743 2259 facientibus.
805 2202 945 2256 Aliis
1006 2217 1178 2271 porro
1236 2217 1339 2271 per
1395 2217 1612 2255 annum
1663 2201 2082 2270 festivitatibus,

384 2295 446 2348 in
474 2310 571 2347 ara
599 2292 856 2363 principe
897 2306 1025 2344 cum
1088 2289 1461 2344 Ludoviciana
1492 2291 1826 2354 collocatur,
1858 2297 2083 2344 restan—

387 2386 510 2436 rata
538 2379 964 2452 quodammodo
1008 2381 1068 2431 in
1133 2379 1279 2431 Urbe
1333 2378 1534 2432 mundi
1565 2379 1748 2449 capite
1783 2379 2082 2450 utriusque

382 2469 724 2526 sanctissimi
786 2467 1062 2538 Principis
1130 2466 1451 2520 veneranda
1509 2467 1924 2520 recordatione.
1988 2469 2082 2522 His

387 2561 454 2614 de
471 2561 624 2613 culta
659 2558 934 2612 hactenus
985 2555 1210 2608 abunde
1269 2555 1568 2624 expeditis,
1612 2556 1676 2609 ad
1709 2556 1891 2609 Sancti
1925 2562 2082 2625 gesta

386 2663 700 2718 eorumque
732 2645 1034 2715 scriptores
1065 2643 1306 2713 gradum
1335 2643 1586 2697 facimus.

562 2757 588 2821 §
622 2755 711 2808 VI.
747 2754 1046 2820 Scriptores
1075 2752 1230 2813 Vitae,
1267 2750 1470 2873 pliique
1499 2749 1564 2803 de
1594 2750 1650 2804 S.
1681 2751 1909 2804 Henrico

1126 2837 1262 2873 aacn
1282 2836 1362 2873 .es.

1126 2836 1362 2886 agentes.

2214 435 2293 487 ait
2322 436 2667 501 Grestserus,
2698 442 2868 507 atque
2889 438 3030 507 lipse
3063 440 3431 508 postmodum
3479 442 3717 497 alteram
3752 459 3916 514 repe-

2213 521 2288 575 rit
2343 522 2401 575 in
2465 525 2811 577 monasterio
2870 525 3286 592 Rebdorﬂ'ensi,
3348 543 3521 598 quam
3587 533 3712 584 1611
3773 535 3915 586 inter

2211 610 2443 663 Sanctos
2510 612 2957 682 Bambergenses
3009 614 3210 680 edidit,
3268 617 3535 670 collatum
3587 635 3718 673 cum
3781 637 3907 691 apo-

2211 701 2432 769 grapho
2490 699 2918 770 Bambergensi,
2975 718 3041 755 ex
3108 719 3220 773 quo
3281 705 3558 758 nonnulla
3632 707 3801 760 auxit
3860 715 3912 761 et

2208 789 2551 854 emendavit,
2586 795 2648 842 nt
2692 791 2953 860 pluribus
3014 791 3258 861 explicat
3290 791 3349 846 in
3403 794 3522 846 suis
3559 795 3678 863 jam
3722 796 3906 848 citatis

2211 877 2616 942 uotationibus,
2647 894 2679 930 a
2713 895 2842 947 pag.
2875 882 2964 932 '79.
3000 879 3210 932 Eadem
3247 879 3491 933 Gretseri
3532 881 3794 950 Legenda
3817 900 3905 936 ex-

2207 970 2318 1018 stat
2343 965 2400 1018 in
2424 966 2730 1035 posthuma
2778 966 2927 1020 Surii
2972 967 3241 1033 editione,
3303 969 3529 1024 omissis
3556 976 3749 1024 tamen
3793 971 3906 1024 fre-

2206 1055 2512 1124 quentibus
2541 1056 2653 1109 illis
2681 1056 2934 1125 capitum
2990 1055 3192 1123 titulis,
3251 1073 3397 1128 quos
3425 1062 3482 1111 et
3511 1057 3581 1112 ad
3641 1075 3903 1113 normam

2204 1148 2456 1197 nostram
2517 1143 2944 1198 contrahendos
3008 1145 3356 1199 censuimus.
3440 1146 3704 1215 Ejusdem
3767 1150 3904 1202 Reb-

2205 1231 2476 1286 dorftiani
2496 1231 2706 1285 codicis
2736 1232 3030 1302 exemplar
3058 1233 3208 1285 nacti
3253 1239 3387 1286 sunt
3431 1235 3669 1304 Majores
3703 1237 3900 1298 nostri,

2204 1336 2269 1372 ex
2303 1336 2416 1390 quo
2457 1326 2514 1373 et
2542 1335 2609 1372 ex
2643 1319 2809 1374 Surio
2854 1322 3175 1388 Legendam
3230 1321 3510 1390 integram
3562 1323 3709 1376 infra
3741 1325 3904 1377 dabi-

2203 1425 2350 1473 mus,
2385 1409 2615 1462 lacunas
2644 1425 2740 1461 seu
2792 1408 2980 1462 hiatus
3038 1425 3104 1462 ex
3163 1410 3409 1462 Gretseri
3471 1412 3720 1466 editione
3772 1430 3901 1483 sup-

2199 1497 2443 1568 plendo;
2481 1497 2550 1550 iis
2608 1497 2760 1549 hunc
2801 1498 3288 1551 Commentarium
3361 1500 3449 1553 vel
3505 1502 3562 1554 in
3623 1505 3903 1572 appendi-

2200 1602 2321 1639 cem
2355 1586 2574 1654 rejectis
2601 1601 2728 1655 quaa
2777 1585 2845 1638 ad
2897 1585 3144 1638 historiae
3203 1586 3364 1640 filum
3425 1587 3616 1642 minus
3646 1597 3902 1660 spectare

2201 1674 2566 1739 videbuntur,
2596 1678 2657 1726 ut
2702 1677 2835 1726 sunt
2881 1673 3065 1744 capita
3098 1677 3182 1741 t6,
3247 1679 3332 1743 t7,
3367 1680 3430 1730 18
3485 1681 3540 1730 et
3576 1681 3659 1742 19,
3690 1680 3900 1750 quibus

2198 1779 2317 1816 non
2355 1759 2408 1816 S.
2472 1761 2700 1826 Henrici
2753 1767 2934 1832 gesta,
2985 1763 3083 1816 sed
3142 1765 3393 1817 ecclesiae
3464 1767 3901 1838 Bambergensis

2199 1851 2497 1922 privilegia
2515 1855 2945 1904 enumerantur.
2969 1851 3171 1904 Totum
3195 1853 3438 1906 Gretseri
3464 1854 3899 1926 Bambergensis

2197 1939 2383 1992 forma
2440 1938 2739 2002 recensuit,
2792 1942 2848 1992 et
2900 1939 3179 1993 volumini
3236 1956 3338 1994 suo
3383 1942 3451 1996 de
3516 1943 3899 2014 Scriptoribus

2197 2028 2535 2092 Germaniae,
2568 2043 2682 2098 quo
2709 2027 3068 2098 potissimum
3112 2029 3479 2085 continentur
3509 2049 3637 2102 qua:
3669 2035 3740 2087 ad
3777 2036 3898 2106 epi-

2196 2120 2488 2186 scopatum
2520 2115 2995 2185 Bambergensem
3025 2118 3336 2186 pertinent,
3370 2135 3483 2173 non
3541 2121 3617 2174 ita
3646 2123 3895 2191 pridem,

2194 2221 2402 2274 nempe
2432 2220 2584 2258 anno
2621 2207 2776 2270 1718,
2824 2206 3055 2276 vulgato
3095 2206 3339 2262 inseruit
3399 2209 3644 2264 Joannes
3694 2213 3899 2265 Petrus

2195 2293 2478 2362 Ludewig,
2540 2295 2864 2347 natationes
2915 2294 3168 2364 singulas
3225 2297 3506 2366 capitibus
3559 2300 3679 2352 suis
3725 2301 3900 2371 subji-

2193 2381 2385 2434 ciens:
2436 2381 2598 2451 cujus
2651 2397 2824 2451 opera
2882 2383 2967 2436 uti
3015 2384 3198 2438 visum
3257 2401 3373 2440 non
3435 2391 3538 2451 est,
3585 2388 3741 2442 fonte
3776 2392 3898 2460 ipso

2195 2469 2356 2523 nobis
2385 2475 2604 2540 aperto,
2637 2487 2702 2523 ex
2733 2487 2846 2540 quo
2880 2472 3081 2540 purius
3137 2475 3332 2526 omnia
3365 2475 3583 2529 hauriri
3634 2485 3893 2546 potuere.

2265 2561 2351 2612 56.
2385 2561 2567 2628 Atque
2598 2558 2720 2612 hinc
2746 2559 2802 2613 S.
2877 2560 3104 2614 Henrici
3157 2561 3441 2632 Legenda,
3485 2569 3549 2617 ut
3594 2570 3658 2618 ut
3693 2567 3896 2637 impero

2193 2647 2358 2712 fecta,
2415 2647 2806 2717 vulgatissima
2861 2647 3029 2702 hodie
3089 2654 3147 2704 et
3197 2651 3493 2706 notissima
3545 2657 3646 2719 est,
3695 2671 3726 2706 a
3779 2672 3894 2726 qua

2191 2734 2434 2805 proinde
2465 2733 2846 2788 recedendum
2880 2751 2996 2789 non
3027 2735 3134 2790 fuit
3170 2756 3184 2802 ;
3213 2737 3472 2808 quamvis
3502 2744 3557 2792 et
3587 2740 3759 2794 aliam
3800 2759 3889 2796 re-

2189 2822 2438 2892 pererim
2462 2838 2495 2875 a
2534 2821 2707 2874 sciolo
2737 2822 2932 2892 aliquo
2959 2839 3074 2877 non
3104 2824 3264 2878 valde
3323 2826 3560 2896 antiquo
3607 2828 3891 2900 scriptore

450 2915 536 2966 54.
580 2911 634 2966 S.
690 2909 914 2965 Henrici
964 2909 1286 2978 Legendam
1343 2925 1408 2961 ex
1455 2908 1646 2962 saeculi
1712 2909 1820 2972 sui,
1871 2925 2076 2978 nempe
2107 2914 2148 2968 C
2186 2925 2314 2962 cum
2342 2910 2467 2962 Vita
2501 2909 2552 2963 S.
2596 2909 2968 2978 Cunegundis
3026 2912 3406 2980 conjunclam,
3469 2914 3538 2967 de
3585 2931 3696 2986 qua
3733 2919 3886 2972 Hen-

379 3002 466 3054 veI
497 3017 614 3064 xui,
650 3015 809 3054 more.
824 2997 1535 3068 s,cripsitAnonymus,qui
1565 2997 1876 3050 monachus
1904 2997 2076 3050 fuisse

378 3089 643 3155 videtur;
675 3088 826 3141 idem
859 3087 975 3150 ille,
1009 3086 1235 3156 opinor,
1274 3103 1303 3139 a
1333 3103 1445 3155 quo
1477 3085 1837 3156 postmodum
1867 3087 1921 3140 S.
1965 3086 2074 3138 Gu-

376 3177 658 3248 negundis
688 3181 847 3246 gesta
908 3174 1197 3228 memorim
1253 3174 1650 3227 commendata
1702 3180 1853 3238 sunt,
1914 3174 1980 3228 ad
2017 3191 2075 3228 ιιι

376 3266 558 3320 Martii
617 3265 686 3318 ab
770 3262 1124 3318 Henschenio
1202 3262 1513 3315 illustrata:
1576 3277 1750 3324 more,
1815 3262 2073 3333 inquam,

373 3354 618 3409 istorum
691 3358 1042 3422 temporum,
1103 3367 1236 3404 nam
1283 3350 1658 3421 particulares
1707 3351 2074 3421 potissimum

373 3443 630 3510 virtutes,
693 3440 1143 3496 muniﬁcentiam
1201 3440 1261 3492 in
1326 3439 1683 3492 exstruendis
1756 3445 2074 3496 restauran-

375 3532 578 3602 disque
613 3529 886 3590 ecclesiis,
935 3529 1229 3592 miracula,
1273 3532 1330 3580 et
1379 3526 1433 3580 id
1466 3543 1644 3597 genus
1697 3528 1805 3580 alia
1837 3545 2072 3599 percen—

371 3619 504 3685 suit,
541 3619 698 3672 nullo
719 3623 940 3670 servato
970 3631 1162 3669 rerum
1191 3619 1290 3668 aut
1315 3619 1644 3684 temporum
1683 3615 1882 3669 ordine
1919 3632 1932 3682 ;
1963 3617 2074 3670 alia

373 3707 544 3761 etiam
578 3706 914 3771 admiscens,
951 3721 1078 3776 quae
1117 3704 1185 3757 ad
1227 3703 1413 3756 Sancti
1450 3703 1621 3756 vitam
1658 3703 1883 3758 nonnisi
1909 3706 2071 3759 valde

371 3800 588 3850 remote
643 3795 987 3849 referuntur.
1032 3793 1242 3846 Vixisse
1298 3792 1487 3862 ipsum
1550 3793 1759 3846 saeculo
1793 3809 1892 3857 xu,
1943 3799 2074 3863 post

369 3885 709 3940 celebratam
761 3883 814 3938 S.
877 3881 1101 3936 Henrici
1151 3881 1663 3944 canonizationem,
1724 3887 1894 3952 atque
1927 3884 2069 3937 adeo

370 3990 512 4045 opus
560 3973 748 4044 ipsum
812 3971 1138 4026 Adelboldo
1212 3970 1605 4038 Ultrajectensi
1653 3970 1941 4039 episcopo,
2000 3987 2067 4024 ex

368 4063 651 4118 monacho
686 4077 784 4115 seu
833 4059 1040 4113 clerico
1103 4057 1402 4111 Laubiensi
1443 4058 1689 4126 primum
1744 4058 2068 4112 consiliario

365 4157 422 4204 et
476 4148 835 4213 cancellario,
901 4147 1106 4201 deinde
1167 4145 1235 4198 ad
1291 4144 1681 4214 episcopatum
1742 4150 1951 4208 evecto,
2013 4152 2070 4200 et.

365 4238 618 4293 triennio
671 4240 804 4306 post
851 4234 1120 4288 Sanctum
1181 4232 1470 4291 defuncto,
1533 4232 1779 4287 adscribi
1827 4233 2062 4288 omnino

365 4343 481 4381 non
515 4342 700 4397 posse,
732 4324 901 4394 plane
933 4321 1139 4375 evincit
1196 4322 1490 4374 Gretserus
1551 4320 1608 4374 in
1649 4321 2061 4389 notationibus,

364 4433 493 4488 pag.
528 4419 616 4482 80,
657 4418 858 4484 utpote
916 4427 1044 4466 cum
1107 4413 1272 4482 plura
1319 4417 1733 4466 commemoret
1789 4429 1916 4483 quae
1945 4418 2062 4467 toto

363 4506 571 4560 saeculo
603 4505 657 4560 S.
712 4501 936 4558 Henrici
989 4500 1146 4555 obitu
1205 4500 1522 4570 posteriora
1572 4505 1721 4554 sunt.
1763 4503 1837 4555 De
1890 4501 2058 4555 mira-

361 4593 502 4646 culis
533 4592 789 4663 loquitur
818 4595 882 4644 ut
911 4589 980 4644 de
1033 4605 1092 4642 re
1125 4588 1300 4642 veteri
1329 4603 1501 4658 quam
1544 4604 1576 4641 a
1636 4587 1949 4657 majoribus
1978 4605 2066 4641 ac-

361 4681 596 4751 ceperit,
650 4680 803 4752 quod
853 4678 1166 4733 Adelboldo
1212 4677 1493 4749 quadrare
1543 4692 1912 4747 nequaquam
1964 4693 2060 4745 po-

361 4777 488 4825 test.
523 4769 682 4824 Adde
705 4768 856 4840 quod
899 4767 1108 4822 scribat
1137 4767 1206 4821 de
1237 4767 1406 4821 rebus
1437 4782 1565 4836 qua!
1617 4765 1713 4820 diu
1747 4770 1874 4835 post
1905 4781 2062 4818 mor-

358 4866 474 4914 tem
509 4859 564 4912 S.
599 4856 923 4922 Adelboldi,
981 4860 1046 4910 ut
1073 4855 1143 4909 de
1183 4855 1494 4925 diplomate
1529 4853 1752 4908 Henrici
1780 4854 1851 4907 III
1882 4853 2055 4924 regis,

359 4948 430 5001 de
463 4945 636 5001 Bullis
681 4943 990 5000 Clementis
1022 4944 1068 4997 II
1099 4948 1155 4998 et
1203 4949 1256 4997 et
1288 4943 1489 4997 Leonis
1546 4943 1632 5009 IX,
1665 4942 1736 4997 de
1765 4946 1972 5013 quarto
2005 4946 2060 4996 et

359 5041 515 5089 sexto
546 5034 814 5105 episcopo
866 5031 1271 5102 Bambergensi
1304 5048 1318 5097 ;
1353 5035 1414 5085 ut
1451 5031 1691 5086 dubium
1725 5031 1961 5085 minime
1989 5030 2059 5084 sit

357 5123 500 5194 quin
551 5128 672 5177 toto
731 5121 936 5176 saeculo
1024 5119 1270 5192 amplius
1343 5119 1812 5190 compilationem
1889 5119 2056 5173 istam

357 5211 712 5284 praecesserit
739 5209 1108 5264 Adelboldus.

428 5303 514 5354 55.
550 5299 888 5354 Prmdictam
942 5298 1123 5351 Vitam
1180 5296 1402 5367 primus
1434 5297 1493 5349 in
1540 5297 1724 5350 lucem
1751 5297 1948 5351 eduxit
1972 5297 2058 5352 vir

355 5389 542 5443 clarus
569 5395 624 5442 et
671 5404 822 5458 saepe
880 5384 1044 5439 nobis
1097 5385 1412 5440 laudandus
1471 5382 1746 5438 Henricus
1775 5383 2054 5451 Cauisius,

356 5488 513 5533 tomo
552 5478 613 5530 Vl
640 5476 906 5548 Antiqua!
944 5477 1117 5542 Lect.,
1153 5493 1181 5528 a
1247 5491 1375 5546 pag.
1435 5476 1559 5541 383,
1607 5488 1670 5528 ex
1730 5472 1926 5528 codice
1955 5473 2053 5528 Ms.

2187 2997 2449 3055 schenius
2505 3012 2736 3066 quoque
2785 2997 2954 3052 citato
3003 3001 3266 3070 superius
3314 3002 3434 3055 loco
3494 3004 3777 3072 meminit,
3812 3008 3882 3060 ad

2186 3101 2430 3157 quarum
2461 3085 2673 3138 calcem
2708 3084 2930 3156 adjecta
2958 3093 3042 3140 est
3093 3104 3335 3158 sequens
3365 3090 3709 3162 epigraphe:
3737 3116 3757 3141 σ
3792 3096 3876 3148 Ad

2187 3173 2411 3227 laudem
2441 3177 2496 3225 et
2554 3172 2798 3242 gloriam
2858 3174 3270 3245 omnipotentis
3323 3179 3441 3244 Dei,
3470 3180 3730 3248 gloriosa!
3762 3181 3881 3235 Vir-

2185 3261 2336 3331 ginis
2367 3261 2554 3315 Maria:
2577 3265 2635 3315 et
2684 3262 2941 3316 omnium
2985 3264 3345 3334 Sanctorum,
3404 3266 3616 3322 finiunt
3645 3269 3883 3325 feliciter

2187 3350 2463 3420 Legendaa
2495 3354 2823 3403 sanctorum
2886 3353 3109 3405 Henrici
3171 3355 3536 3424 Imperatoris
3596 3362 3654 3412 et
3687 3359 3883 3412 Kune-

2184 3437 2392 3507 gnndis
2423 3437 2806 3505 Imperatricis
2837 3438 3126 3508 virginum
3172 3446 3229 3494 et
3275 3441 3613 3512 conjugum,
3661 3459 3884 3498 summa

2183 3542 2312 3580 cum
2349 3525 2647 3595 diligentia
2676 3525 2971 3596 impressm
3027 3528 3084 3580 in
3136 3529 3351 3583 famosa
3407 3530 3632 3585 civitate
3664 3533 3883 3586 Bruxel-

2185 3614 2326 3668 lensi
2365 3629 2467 3683 per
2500 3613 2720 3665 Fratres
2774 3615 3096 3668 communis
3125 3617 3253 3670 vita:
3295 3616 3352 3670 in
3387 3617 3701 3686 Nazareth;
3732 3637 3882 3674 anno

2187 3701 2415 3756 Domini
2442 3700 2938 3758 MCCCCLXXXIV.
2979 3726 3000 3751 ιι
3059 3705 3253 3758 Totam
3313 3705 3424 3777 legi
3465 3711 3521 3760 et
3557 3709 3738 3762 evolvi
3767 3725 3879 3764 non

2181 3790 2380 3855 semel,
2421 3788 2550 3842 rudi
2590 3788 2757 3857 stylo,
2796 3791 3030 3844 confuse
3070 3798 3128 3846 et
3167 3792 3510 3848 inconcinne
3569 3811 3672 3865 per
3697 3798 3878 3867 capita

2181 3881 2616 3949 quatuordecim
2675 3877 2976 3949 digestam,
3029 3881 3192 3950 cujus
3258 3882 3388 3952 quis
3452 3891 3645 3937 auctor
3704 3883 3876 3939 fuerit

2181 3985 2244 4022 ex
2270 3971 2444 4023 nullis
2494 3971 2722 4025 indiciis
2765 3970 2956 4040 colligi
3002 3969 3211 4035 potuit.
3241 3971 3326 4024 Ab
3366 3973 3718 4026 Henschenio
3771 3989 3870 4026 no-

2177 4059 2361 4110 tatum
2414 4058 2626 4124 inveni,
2688 4059 3058 4121 Nonnosium,
3128 4058 3573 4130 Mompergeusis
3633 4062 3876 4116 coenobii

2179 4145 2495 4211 custodem,
2529 4147 2920 4200 Germanicam
2957 4148 3205 4216 aliquam
3267 4149 3585 4218 Legendam
3647 4167 3876 4220 compo-

2179 4232 2378 4299 suisse,
2413 4251 2540 4304 quze
2571 4237 2768 4289 eadem
2804 4234 2926 4306 ipsa
2957 4235 3077 4288 haec
3107 4235 3180 4288 sit
3236 4235 3429 4290 Latine
3458 4253 3638 4295 versa.
3674 4239 3874 4292 Verum

2177 4321 2222 4374 si
2255 4327 2405 4375 recte
2449 4324 2803 4378 Hot‘mannus
2835 4329 2892 4377 et
2943 4323 3043 4376 alii
3092 4331 3380 4391 censeant,
3415 4341 3531 4379 non
3563 4325 3734 4396 hujus
3781 4329 3878 4382 sed

2176 4410 2410 4463 alterius
2441 4412 2791 4466 Germanica:
2822 4410 3098 4482 Legendus
3141 4411 3384 4482 scriptor
3437 4412 3547 4466 fuit
3571 4413 3880 4483 prredictus

2180 4500 2522 4566 Nonnosius,
2578 4502 2740 4572 cujus
2786 4501 3108 4570 fragmenta
3156 4500 3372 4572 aliqua,
3429 4501 3501 4555 ad
3561 4517 3650 4556 me
3682 4503 3877 4567 missa,

2175 4587 2383 4658 reliqui
2431 4589 2621 4660 operis
2698 4589 2851 4642 sitim
2918 4588 3082 4642 facile
3139 4590 3551 4644 exstinxerunt.
3611 4592 3876 4646 Ceterum

2176 4676 2497 4747 Legendam
2561 4678 2724 4731 istam
2787 4677 3234 4746 Bruxellensem,
3291 4693 3357 4731 ex
3407 4679 3876 4732 Germanicover-

2173 4780 2292 4818 sam
2321 4781 2462 4832 esse,
2499 4765 2659 4822 nullo
2685 4781 2917 4837 prorsus
2969 4770 3328 4836 argumento,
3373 4766 3490 4820 imo
3534 4782 3639 4821 nec
3660 4767 3875 4822 indicio

2175 4854 2356 4908 evinci
2387 4859 2568 4923 potest

2244 4946 2329 4996 57.
2367 4943 2442 4996 De
2466 4944 2589 5014 ejus
2625 4942 2812 5013 pretio
2861 4941 2941 4996 sic
2971 4947 3224 4998 statuas:
3255 4959 3380 4998 eam
3411 4960 3550 5010 esse,
3591 4949 3656 4998 ut
3685 4944 3878 4999 dicere

2171 5047 2478 5102 casperam,
2508 5033 2862 5087 inconditam
2911 5032 3310 5086 collectionem
3371 5031 3706 5086 recentioris
3735 5033 3878 5086 scri-

2174 5121 2372 5191 ptoris,
2446 5127 2643 5192 utpote
2721 5122 2821 5193 qui
2875 5121 3238 5175 Vincentium
3298 5122 3751 5175 Bellovacenscm
3819 5123 3878 5176 in

2171 5211 2411 5281 Speculo
2470 5211 2749 5264 historiali
2805 5211 3077 5281 appellat,
3140 5216 3437 5281 tamquam
3470 5216 3718 5264 veterem
3771 5211 3881 5264 ali-

2176 5313 2343 5366 quem
2396 5301 2690 5366 gestorum
2739 5296 2792 5350 S.
2851 5297 3074 5351 Henrici
3125 5300 3352 5360 testem,
3413 5312 3585 5366 quem
3614 5296 3882 5350 floruisse

2173 5390 2228 5438 et
2260 5384 2554 5456 scripsisse
2609 5383 2876 5438 novimus
2906 5385 3096 5439 medio
3128 5385 3339 5438 saeculo
3368 5400 3486 5449 xm,
3517 5389 3581 5438 ut
3629 5385 3881 5454 proinde

2169 5473 2436 5529 saeculum
2461 5473 2896 5529 verosimillime
2940 5472 3124 5544 sapiat
3167 5489 3282 5545 quo
3339 5473 3489 5544 typis
3529 5488 3732 5527 excusa
3761 5481 3878 5543 est,
