4028 6206
167 256 203 304 il
1775 245 1811 297 Α

3550 254 3619 307 42

162 390 340 443 nempe
390 389 472 424 xv.
510 367 857 437 Scriptorem
916 366 1128 438 oppido
1180 367 1478 421 verbosum
1513 383 1655 433 esse,
1722 369 1806 421 vel
1839 371 1880 421 Α
1924 367 2281 423 intercidisse
2332 369 2486 423 haud
2543 370 2706 425 facile
2759 372 2905 427 mihi
2948 375 3288 444 persuadeo.
3360 377 3523 439 Quod
3572 378 3619 429 si

155 463 267 516 inde
288 458 579 527 intelligas.
611 456 763 526 quod
806 457 865 508 in
924 455 1178 525 prologis
1207 455 1551 509 consuendis
1578 456 1815 525 paginas

153 548 546 620 quatuordecim
605 544 863 614 impleat,
911 544 1087 597 dubia
1134 554 1191 596 et
1220 544 1360 598 falsa
1422 545 1623 597 multa
1662 546 1814 599 veris

152 639 457 693 admiscens.
492 636 556 688 Et
586 634 644 686 in
677 633 802 702 ipso
829 632 1064 703 quidem
1097 633 1237 685 Vitae
1264 632 1549 703 principio
1580 632 1810 699 labitur,

152 731 269 780 dum
308 726 357 778 S.
391 722 690 776 llenricum
722 721 1131 773 concorditera
1154 720 1514 790 principibus
1570 720 1811 775 electum

153 814 332 868 asserit
384 827 527 864 anno
588 811 745 870 l003,
803 825 1071 877 regnasse
1123 814 1314 864 autem
1371 808 1536 862 annis
1608 809 1810 878 viginti

152 903 347 956 duobus
377 905 428 952 et
460 899 717 969 quinque
767 896 1077 961 mensibus,
1109 912 1239 967 quae
1296 901 1353 949 et
1384 900 1644 949 sexcenta
1702 896 1811 949 hu-

151 989 395 1060 jnsmodi,
428 993 523 1039 aut
564 987 705 1039 falsa
734 990 833 1038 aut
863 1001 1163 1056 perperam
1189 984 1487 1048 adornata,
1545 983 1811 1037 citatione

154 1083 305 1143 digna
332 1093 443 1131 non
460 1076 673 1140 censui,
711 1075 919 1127 nedum
955 1073 1334 1127 restitutione.
1369 1074 1511 1125 Tuto
1544 1071 1809 1136 dixerim,

154 1172 202 1221 in
228 1173 341 1219 tota
360 1181 421 1218 ea
450 1164 732 1233 farragine
781 1166 839 1215 et
868 1162 1185 1231 subjunctis
1234 1161 1419 1216 Officii
1474 1160 1813 1214 lectionibus

152 1256 279 1311 nihil
312 1252 553 1324 reperiri,
583 1251 735 1322 quod
760 1266 876 1304 non
908 1251 1082 1321 paulo
1114 1250 1318 1304 melius
1346 1250 1404 1303 in
1435 1251 1670 1320 vulgata
1711 1249 1810 1303 Le-

152 1345 313 1409 genda
340 1342 661 1411 explicetur,
688 1340 745 1392 in
780 1355 894 1409 qua
924 1338 1296 1392 eruderandaa
1329 1343 1413 1392 tot
1444 1338 1811 1391 difticultates

150 1437 443 1495 occurrunt,
478 1434 542 1481 ut
605 1444 765 1481 novre
809 1427 1040 1481 aliunde
1090 1428 1444 1481 accersenda
1502 1443 1621 1480 non
1676 1426 1807 1480 sint.

154 1520 486 1575 Difﬁcultates
534 1517 792 1585 intelligo
841 1516 899 1569 in
960 1532 1027 1569 eo
1082 1517 1369 1587 prtecipue
1414 1516 1806 1577 consistentes,

149 1609 297 1680 quod,
324 1623 449 1659 cum
485 1604 818 1673 hujusmodi
853 1605 1131 1673 Legenda).
1162 1604 1355 1657 debita
1388 1606 1510 1657 luce
1541 1603 1808 1657 historica

148 1700 363 1753 careant.
424 1694 485 1747 in
519 1709 585 1745 eo
644 1692 810 1744 nobis
862 1690 1109 1744 maxime
1161 1691 1537 1745 laborandum
1600 1691 1692 1756 sit,
1744 1695 1808 1745 ut

152 1783 347 1847 singula
391 1779 677 1834 distinctis
727 1779 843 1831 suis
892 1780 1249 1849 temporibus
1307 1780 1696 1843 innectantnr,
1751 1781 1810 1834 in

149 1872 346 1940 quibus,
381 1870 540 1940 quod
582 1869 708 1921 fieri
740 1868 968 1937 poterit,
1002 1869 1257 1921 ordinate
1288 1868 1720 1939 componendis,
1755 1873 1812 1920 et

149 1963 193 2011 in
218 1959 423 2028 reliqua
453 1958 586 2010 vita:
614 1956 760 2009 serie
810 1955 1105 2025 dirigenda
1136 1957 1324 2009 omnis
1344 1961 1580 2010 conatus
1619 1961 1812 2009 noster

154 2047 481 2118 potissimum
513 2044 834 2099 desudabit.

205 2140 278 2189 :38.
311 2137 384 2189 Eo
405 2152 519 2188 nos
544 2150 717 2187 onere
750 2134 1045 2186 liberasset
1074 2132 1376 2187 Adelboldi
1396 2133 1627 2202 egregia
1651 2134 1810 2186 lucu-

150 2226 318 2291 liratio,
362 2223 475 2277 nisi
538 2224 847 2276 maximam
879 2224 1001 2291 ejus
1034 2227 1255 2292 partem
1304 2222 1472 2275 nobis
1518 2221 1811 2276 invidisset

151 2322 437 2383 temporum
516 2312 810 2382 iniquitas,
870 2328 981 2382 qua
1031 2312 1178 2363 male
1236 2310 1474 2379 periisse
1529 2311 1814 2363 censenda

148 2409 229 2465 est,
262 2419 380 2455 cum
437 2400 631 2454 solum
691 2401 1075 2469 fragmentum
1132 2399 1201 2452 ad
1252 2415 1354 2451 nos
1412 2398 1735 2468 pervenerit
1781 2414 1813 2449 a

151 2494 376 2543 Grelsero
421 2491 606 2543 etiam
650 2489 800 2541 inter
836 2488 1012 2541 dictos
1070 2487 1307 2540 Sanctos
1368 2486 1815 2555 Bambergenses

148 2581 428 2648 vulgatum,
491 2577 647 2648 quod
677 2576 830 2630 unde
884 2575 1189 2646 acceperit,
1246 2580 1441 2629 monet
1497 2591 1624 2646 pag.
1686 2577 1810 2641 428,

148 2668 222 2719 ubi
248 2669 309 2721 de
348 2672 583 2721 auctore
613 2666 731 2719 haec
762 2682 827 2719 ex
858 2664 1171 2719 Trithetnio
1202 2664 1501 2733 descripsit
1533 2681 1545 2717 :
1585 2686 1606 2712 ι
1643 2664 1815 2719 Adel-

148 2755 317 2808 boldus
354 2755 667 2824 episcopus
694 2752 1091 2821 Trajectensis,
1125 2767 1189 2804 ex
1248 2751 1527 2805 monacho
1586 2750 1815 2805 Ordinis

147 2844 235 2895 divi
262 2842 433 2912 patris
483 2840 773 2895 Benedicti
827 2847 955 2905 etc.,
1010 2840 1177 2893 virin
1236 2839 1446 2894 divinis
1505 2838 1813 2909 Scripturis

1925 457 2215 521 acciderit,
2243 458 2633 527 irreparabilis
2692 466 2777 513 est
2837 461 3151 529 insignium
3210 466 3478 518 Actorum
3530 466 3618 533 ja-

1925 549 2103 611 ctura,
2138 562 2319 616 eaque
2352 548 2538 616 majus
2559 548 2727 601 nobis
2756 549 2844 601 sui
2884 550 3220 622 relinquunt
3245 552 3619 615 desiderium,

1924 634 2077 701 quod
2108 648 2176 685 ex
2203 634 2325 686 solo
2376 634 2700 704 fragmento
2726 638 2876 691 clare
2931 640 3333 709 perspicietur,
3383 658 3618 696 accura-

1925 718 2203 774 tissimam
2238 737 2359 775 esse
2397 729 2660 793 oportere
2690 725 2865 778 totius
2923 727 3059 779 Viue
3114 728 3474 782 Henriciante
3532 746 3617 781 se-

1926 807 2089 874 riem,
2154 808 2203 861 si
2260 810 2463 864 eodem
2512 811 2734 881 ordine,
2791 814 3063 867 methodo
3119 820 3175 867 et
3218 816 3516 885 diligentia
3548 818 3615 870 ad

1922 896 2137 951 exitum
2170 914 2348 968 usque
2392 900 2667 968 perducta
2696 907 2803 969 est,
2831 902 2903 955 ab
2965 903 3189 957 oculato
3243 920 3433 957 rerum
3495 922 3617 959 om-

1923 984 2085 1038 nium
2115 990 2407 1054 gestarum
2443 992 2607 1049 teste,
2638 1004 2823 1057 eoque
2846 989 3221 1058 integerrimo
3243 992 3517 1058 antistite,
3548 994 3617 1046 de

1922 1072 2083 1139 cujus
2129 1073 2434 1141 regimine,
2489 1074 2744 1128 aediliciis
2817 1078 3138 1143 exstructis,
3210 1079 3515 1133 virtutibus
3562 1088 3620 1135 et

1922 1159 2146 1230 scriptis
2171 1161 2399 1214 videndi
2426 1163 2670 1215 Joannes
2699 1180 2731 1216 a
2771 1164 2941 1230 Beka,
2974 1182 3107 1235 pag.
3156 1170 3245 1233 37,
3275 1173 3331 1221 et
3385 1170 3614 1222 Wilhel-

1922 1264 2050 1302 mus
2079 1249 2333 1319 Heda,p.
2374 1252 2501 1315 l07;
2541 1252 2735 1320 potius
2784 1269 2957 1322 quam
3013 1256 3256 1319 Vossius,
3320 1257 3419 1326 qui
3467 1262 3615 1313 Ano-

1922 1337 2081 1407 nymi
2109 1354 2275 1408 Opus,
2307 1355 2337 1391 a
2371 1339 2594 1392 Canisio
2626 1340 2867 1405 editum,
2899 1358 3031 1395 cum
3060 1344 3451 1398 Adelbodiano
3480 1362 3618 1415 per-

1921 1442 2119 1496 peram
2164 1426 2435 1481 confudit.
2473 1429 2721 1495 Frustra,
2770 1434 2831 1481 ut
2879 1432 3051 1483 semel
3105 1432 3309 1495 dicam,
3358 1451 3390 1487 a
3448 1435 3617 1503 Majo-

1922 1514 2080 1567 ribus
2100 1516 2333 1580 nostris,
2374 1517 2581 1569 frustra
2613 1534 2644 1569 τι
2690 1518 2853 1571 nobis
2899 1519 3138 1588 qumsita
3204 1526 3291 1573 est
3344 1522 3619 1575 hactenus

1922 1602 2402 1657 desideratissima
2431 1605 2686 1671 historia,
2720 1622 2893 1677 quam
2927 1607 2973 1659 si
3003 1607 3131 1677 quis
3162 1608 3428 1662 alicunde
3466 1610 3616 1663 refo-

1921 1690 2055 1744 dere
2084 1693 2288 1759 valeat,
2323 1699 2379 1745 et
2407 1709 2509 1746 nos
2535 1698 2591 1747 et
2636 1694 2997 1765 liagiophilos
3030 1696 3329 1750 universos
3377 1698 3617 1753 immor-

1920 1779 2111 1831 taliter
2134 1779 2240 1831 sibi
2269 1778 2604 1849 obstringet.

1992 1870 2078 1920 60.
2113 1867 2273 1930 Quod
2303 1868 2502 1921 habuit
2536 1869 2921 1938 fragmentum
2946 1874 3262 1939 Gretserus,
3297 1875 3517 1943 primus
3559 1876 3615 1927 in

1919 1956 2105 2009 lucem
2150 1957 2449 2026 protraxit,
2510 1974 2574 2010 ex
2650 1975 2764 2029 quo
2819 1959 3008 2030 ipsum
3064 1962 3448 2031 Scriptoribus
3499 1964 3615 2016 suis

1924 2044 2445 2097 Brunswicensibus
2485 2047 2774 2100 accensuit
2798 2048 3129 2114 Leibnitius,
3158 2056 3319 2103 tonio
3356 2051 3394 2113 Ι,
3422 2067 3451 2103 a
3482 2067 3613 2120 pag.

1920 2133 2046 2197 430,
2080 2132 2137 2184 in
2179 2132 2608 2186 lntroductione
2659 2136 3033 2193 submonens.
3092 2158 3119 2187 α
3153 2154 3278 2207 quae
3311 2138 3616 2193 Adelboldo

1922 2220 2151 2285 desunt,
2197 2219 2404 2272 bonum
2436 2227 2659 2288 partem
2692 2238 2761 2275 ex
2814 2220 3067 2277 Ditmaro
3117 2226 3370 2294 suppleri
3428 2242 3613 2295 posse,

1922 2313 1997 2373 et,
2059 2307 2154 2360 ubi
2188 2307 2237 2358 is
2298 2307 2445 2371 linit,
2506 2324 2571 2361 ex
2633 2309 2803 2362 variis
2860 2310 3168 2375 historicis,
3217 2314 3323 2367 etsi
3383 2314 3619 2367 minoris

1922 2396 2212 2466 ponderis,
2290 2396 2650 2465 spicilegium
2727 2398 3142 2453 instituendum
3224 2418 3365 2465 esse,
3436 2418 3617 2455 messe

1922 2485 2149 2538 amissa.
2186 2504 2213 2535 ι)
2249 2486 2417 2538 Recte
2449 2484 2506 2538 id
2550 2486 2783 2556 quidem
2818 2487 2886 2540 ab
2917 2489 3304 2542 eruditissimo
3330 2490 3451 2543 viro
3481 2506 3617 2560 sug—

1923 2573 2163 2643 geritur,
2193 2576 2251 2624 at
2304 2588 2419 2625 non
2468 2588 2630 2642 aeque
2662 2589 2909 2642 pronum
2944 2576 3027 2628 vel
3055 2592 3123 2629 ex
3184 2578 3436 2631 Ditmaro
3492 2578 3616 2649 ipso

1923 2666 2221 2713 centonem
2276 2660 2581 2727 adornare,
2630 2677 2801 2730 quem
2860 2663 2928 2715 ad
2962 2668 3183 2717 exactos
3229 2666 3618 2733 chronologiae

1922 2749 2168 2801 calculos
2218 2763 2463 2812 revoces,
2492 2754 2552 2800 ut
2589 2756 2713 2817 pote
2745 2749 2803 2800 in
2861 2749 3071 2819 quibus
3126 2756 3182 2804 et
3228 2754 3617 2823 manuscripta

1925 2842 1981 2888 et
2006 2836 2159 2889 edita
2201 2836 2325 2905 ejus
2355 2836 2547 2905 operis
2608 2838 2956 2906 exemplaria
3022 2854 3438 2911 nonnunquam
3495 2859 3615 2895 ma-

146 2932 395 2985 studiosus
425 2936 494 2983 et
549 2929 829 2992 eruditus,
863 2928 1122 2999 atquein
1180 2926 1553 2981 saecularibus
1611 2926 1816 2979 litteris
1856 2924 2128 2979 Cnifeste
2173 2925 2461 2977 aberrant.
2531 2926 2599 2978 Ex
2665 2926 2836 2977 variis
2904 2930 3094 2981 autem
3150 2928 3276 2982 aliis
3332 2929 3618 2983 historicis

146 3020 337 3089 egregie
396 3019 632 3083 doctus,
678 3016 910 3086 ingenio
957 3015 1204 3080 subtilis,
1265 3014 1498 3084 eloquio
1569 3014 1814 3068 disertus

146 3110 234 3161 vita
255 3118 305 3161 et
332 3105 773 3160 conversatione
801 3104 1149 3174 prmcipuus,
1199 3109 1256 3157 et
1297 3104 1370 3156 ob
1427 3120 1521 3156 eas
1573 3103 1813 3156 virtutes

145 3198 187 3247 in
213 3196 357 3249 curia
388 3195 450 3249 S.
493 3193 716 3248 Henrici
747 3192 1113 3262 Imperatoris
1152 3207 1363 3261 magno
1402 3190 1461 3244 in
1495 3191 1678 3261 pretio
1713 3190 1810 3243 ba-

144 3286 289 3351 bitus;
320 3283 553 3354 scripsit
583 3282 859 3335 nonnulla
888 3280 1039 3334 haud
1066 3279 1521 3333 comtemnendaa
1552 3278 1813 3333 lectionis

143 3374 409 3442 opuscula,
448 3371 664 3441 quibus
693 3385 905 3423 nomen
966 3384 1131 3421 suum
1189 3367 1433 3439 posteris
1477 3366 1809 3421 notilicavit.

146 3462 175 3513 E
200 3462 395 3531 quibus
415 3464 606 3514 exstat
637 3459 759 3511 Vita
806 3463 862 3511 et
893 3462 1050 3525 gesta
1083 3456 1338 3526 ejusdem
1391 3456 1568 3509 sancti
1626 3456 1810 3525 lmpe-

140 3554 317 3603 ratoris
339 3547 595 3613 Henrici,
632 3547 776 3600 liber
821 3562 996 3601 unus.
1060 3546 1138 3599 De
1195 3544 1459 3598 laudibus
1511 3545 1565 3597 S.
1623 3543 1814 3596 Crucis

143 3640 219 3692 Ιιι).
245 3654 279 3691 ι.
330 3639 405 3691 De
442 3635 709 3690 laudibus
757 3650 985 3706 quoque
1037 3634 1093 3687 S.
1128 3633 1315 3688 Marias
1377 3632 1471 3687 lib.
1531 3649 1568 3685 ι.
1617 3632 1812 3685 Varios

138 3734 286 3780 etiam
313 3740 613 3780 sermones
645 3723 715 3777 de
746 3723 914 3777 laude
944 3723 1280 3776 Sanctorum
1326 3721 1523 3787 edidit,
1585 3725 1643 3774 et
1700 3721 1812 3774 alia

139 3822 236 3867 tam
262 3820 440 3868 metro
475 3828 647 3884 quam
669 3828 859 3881 prosa,
890 3826 1018 3881 quae
1053 3810 1125 3864 ad
1153 3808 1419 3863 notitiam
1452 3824 1639 3862 meam
1701 3824 1813 3862 non

138 3910 409 3957 venerunt.
445 3902 685 3957 Moritur
713 3901 816 3954 sub
844 3899 1104 3954 Conrado
1133 3900 1285 3969 lmp.
1354 3899 1423 3961 ll,
1485 3914 1636 3951 anno
1694 3899 1809 3951 Do-

141 3994 266 4043 mini
293 3992 522 4046 IXXVII
572 3990 774 4044 ludict.
822 4005 879 4053 x,
912 3988 1271 4058 episcOpatus
1329 3987 1417 4039 sui
1471 4001 1623 4039 anno
1680 4002 1810 4049 χιιι,

141 4094 171 4127 v
218 4079 481 4133 Kalendas
545 4078 892 4131 Decembris.
926 4096 953 4126 ››
1016 4077 1140 4130 Haec
1197 4074 1567 4140 Trithemius,
1625 4074 1815 4144 inquit

145 4167 434 4231 GreLserus,
497 4167 715 4221 addens
784 4165 940 4237 quod
994 4166 1110 4217 sive
1164 4164 1287 4217 haec
1345 4163 1465 4216 Vita
1513 4162 1587 4216 sit
1639 4178 1812 4233 quam

134 4254 467 4310 Adelboldus
515 4254 759 4326 scripsit,
818 4254 933 4306 sive
986 4269 1128 4317 non,
1158 4251 1478 4321 optandum
1525 4251 1693 4321 plane
1750 4256 1814 4304 ut

138 4343 319 4396 mutila
343 4360 462 4397 non
495 4348 660 4410 esset,
702 4341 856 4412 quod
890 4345 945 4394 et
977 4356 1081 4393 nos
1112 4339 1332 4409 pridem
1370 4337 1711 4408 optavimus,
1759 4340 1815 4390 et

134 4431 621 4486 vehementissime
653 4436 851 4500 optare
876 4428 1190 4499 pergimus.

192 4523 271 4571 59.
306 4520 607 4575 Adelboldi
640 4519 997 4589 episcopatus
1027 4516 1194 4571 initia
1234 4513 1444 4568 clarius
1500 4512 1670 4566 nobis
1713 4527 1813 4565 ex-

133 4623 377 4674 pressere
400 4609 651 4661 Annales
680 4606 1133 4660 H‘ildesemenses
1162 4602 1311 4674 apud
1345 4600 1691 4655 Leibnitium
1743 4599 1813 4652 de

130 4697 494 4766 scriptoribus
526 4693 1065 4757 Brunswicensibus,
1097 4698 1254 4745 tomo
1290 4692 1332 4755 ῐ,
1365 4706 1497 4760 pag.
1534 4692 1657 4753 722,
1718 4687 1815 4741 ubi

130 4782 187 4836 ad
213 4800 433 4838 annum
465 4785 555 4838 ΗΧ
582 4782 661 4836 sic
698 4782 911 4836 habent
947 4797 960 4834 :
996 4803 1022 4828 ‹‹
1076 4779 1383 4833 Ansfeldus
1437 4776 1815 4846 Trajectensis

130 4874 369 4926 ecclesias
400 4874 638 4926 antistes
692 4870 855 4935 obiit,
888 4869 1051 4937 cujus
1104 4869 1225 4920 loco
1278 4865 1632 4920 Adelboldus
1686 4880 1814 4918 suc-

129 4962 312 5027 cessit;
354 4985 375 5008 »
406 4977 471 5014 ex
503 4976 620 5031 quo
640 4960 804 5012 initio
836 4958 1007 5028 plane
1054 4955 1399 5025 intelligitur
1442 4954 1595 5024 quod
1646 4954 1818 5008 tradit

130 5048 484 5115 Trithemius,
551 5064 683 5101 eum
752 5046 1111 5117 episcopatus
1170 5059 1319 5096 anno
1396 5057 1529 5094 xvm
1587 5056 1617 5093 e
1677 5040 1817 5094 vivis

131 5142 403 5205 ereptum,
431 5152 559 5189 cum
583 5134 755 5189 vitam
795 5132 1145 5204 protraxerit
1201 5132 1272 5186 ad
1305 5147 1337 5181 v
1398 5128 1519 5183 Kal.
1575 5129 1816 5182 Decem-

132 5226 233 5277 bris
286 5224 544 5278 MXXVll.
628 5224 803 5277 Porro
879 5238 951 5275 ex
1003 5219 1223 5275 laudati
1272 5216 1574 5273 Tritbemii
1628 5216 1816 5270 verbis

131 5311 266 5365 haud
311 5313 555 5365 obscure
603 5310 795 5380 colligi
836 5309 1081 5371 videtur,
1145 5305 1423 5361 exstitisse
1492 5304 1615 5376 ejus
1662 5309 1816 5358 tem-

134 5417 275 5468 pore,
300 5401 479 5471 eique
506 5403 707 5453 notum
737 5397 912 5452 fuisse
942 5394 1241 5451 Adelboldi
1270 5410 1435 5465 opus,
1462 5394 1625 5463 cujus
1671 5410 1817 5463 apo-

134 5491 337 5559 xrapha
362 5489 560 5543 omnia
587 5490 833 5543 duorum
864 5487 1142 5541 duntaxat
1178 5484 1520 5540 saeculorum
1574 5482 1812 5538 decursu

432 5596 703 5661 ΡΑΤειοι..
757 5594 929 5660 CXL.

1924 3012 2283 3083 spicilegium
2333 3012 2631 3065 instituere
2685 3013 2870 3081 magis
2946 3015 3118 3068 etiam
3184 3016 3427 3071 arduum
3486 3018 3615 3084 erit,

1922 3117 2054 3155 cum
2076 3101 2130 3155 S.
2170 3100 2395 3155 Henrici
2425 3118 2513 3154 res
2542 3107 2726 3171 gestas
2750 3103 2837 3155 vix
2886 3102 2995 3173 ipsi
3038 3103 3307 3159 delibent.
3365 3110 3615 3160 contenti

1922 3189 2376 3257 generalioribus
2422 3189 2704 3252 terminis,
2758 3194 2816 3244 et
2864 3192 3090 3245 confusa
3146 3194 3488 3265 plerumque
3536 3212 3619 3249 re-

1923 3293 2051 3329 rum
2093 3282 2149 3329 et
2178 3283 2503 3347 temporum
2559 3278 2844 3348 congerie,
2906 3281 3059 3334 unde
3100 3297 3215 3334 non
3272 3282 3436 3336 facile
3490 3286 3619 3353 quis

1922 3365 2164 3419 feliciter
2187 3365 2502 3419 emerserit.
2544 3366 2840 3419 Consultat
2890 3367 3067 3421 lector
3117 3369 3373 3423 eruditus
3431 3373 3617 3440 proxi-

1924 3468 2149 3506 morum
2209 3454 2550 3507 saeculorum
2602 3454 2907 3524 scriptores
2966 3457 3233 3511 Ottonem
3292 3458 3613 3529 Frisingen-

1922 3558 2064 3605 sem,
2125 3542 2521 3596 Hermannum
2570 3548 2948 3608 contractum,
3014 3546 3379 3601 Lambertum
3428 3549 3617 3603 Schaf-

1921 3630 2366 3699 naburgensem,
2420 3630 2701 3685 Abbatem
2774 3633 3243 3702 Urspergensem,
3300 3636 3615 3691 Marianum

1922 3716 2151 3771 Scotum
2176 3723 2233 3771 et
2262 3718 2491 3788 quosvis
2522 3719 2686 3785 alios,
2719 3720 2888 3773 fallor
2919 3721 2978 3773 ni
3009 3720 3064 3775 id
3113 3722 3439 3792 experiatur
3463 3728 3617 3794 quod

1922 3807 2086 3859 nobis
2118 3808 2327 3872 evenit,
2355 3823 2565 3876 nempe
2597 3807 2892 3862 distractas
2934 3809 3060 3861 illas
3110 3810 3344 3863 lacinias
3395 3812 3616 3867 difﬁcil-

1922 3895 2059 3948 lime
2114 3895 2181 3949 ad
2253 3900 2464 3950 rectam
2509 3896 2564 3949 S.
2628 3895 2854 3950 Henrici
2913 3896 3209 3950 historiam
3270 3899 3613 3969 exigendas;

1923 3982 2133 4052 quibus
2194 3982 2338 4036 nihil
2392 3982 2632 4036 subsidii
2686 3984 2926 4037 afferent
2976 3983 3305 4038 Vincentius
3344 3992 3445 4040 aut
3481 3988 3613 4054 alii;

1923 4086 2109 4141 neque
2150 4072 2309 4125 Vitus
2372 4072 2468 4125 ille
2525 4072 2891 4141 Arnpekhius
2917 4072 2977 4125 in
3010 4073 3289 4127 Chronico
3328 4075 3615 4145 Bajoario-

1923 4173 2075 4223 rum,
2113 4174 2286 4228 quem
2344 4158 2656 4212 novissimo
2704 4160 3122 4213 Anecdotorum
3178 4178 3416 4216 suorum
3466 4164 3614 4218 The-

1923 4261 2091 4299 sauro
2148 4246 2391 4300 inseruit
2441 4246 2529 4300 vir
2573 4248 2994 4302 eruditissimus
3051 4250 3366 4305 Bernardus
3396 4253 3614 4312 Pezins.

1922 4338 2068 4389 tom.
2100 4334 2193 4399 ΙΙΙ,
2228 4339 2373 4404 part.
2424 4338 2476 4398 3,
2518 4352 2551 4388 a
2581 4337 2823 4403 col.lii7,
2869 4337 3009 4390 dum
3045 4338 3104 4390 in
3137 4338 3262 4407 ipso
3312 4340 3613 4410 principio,

1925 4438 2047 4492 cap.
2088 4425 2175 4481 12,
2218 4422 2292 4475 ad
2320 4438 2411 4475 an.
2451 4423 2608 4489 1014,
2640 4428 2868 4477 revocat
2896 4440 3026 4494 qua!
3064 4429 3184 4478 toto
3214 4425 3379 4480 citius
3419 4427 3618 4482 decen-

1928 4510 2021 4562 nio
2056 4510 2360 4581 contigisse
2393 4526 2621 4564 necesse
2645 4516 2749 4577 est,
2782 4516 2846 4565 ut
2871 4517 3075 4566 caetera
3122 4518 3338 4568 taceam
3396 4516 3457 4569 in
3488 4515 3615 4587 qui-

1925 4597 2029 4651 bus
2049 4596 2346 4651 verbosins
2366 4597 2513 4651 ludit
2537 4614 2712 4668 quam
2744 4599 2951 4653 verius.

1997 4690 2083 4741 6t.
2146 4688 2517 4759 Quocumque
2546 4693 2602 4741 te
2658 4689 2916 4755 verteris,
2970 4689 3131 4761 paria
3182 4698 3240 4746 et
3289 4693 3617 4748 obscuriora

1926 4774 2206 4841 offendes,
2237 4792 2364 4846 qua":
2392 4776 2690 4831 Adelboldi
2720 4777 3073 4833 desiderium
3112 4780 3295 4850 magis
3320 4781 3617 4852 magisque

1925 4864 2261 4918 accendunt.
2298 4866 2490 4935 Neque
2512 4880 2645 4918 vero
2686 4864 2937 4945 instituti
2984 4868 3166 4921 nostri
3207 4874 3291 4921 est
3337 4869 3614 4937 ejusmodi

1926 4952 2190 5006 historias
2250 4958 2573 5020 contexere,
2657 4954 2757 5025 qui
2803 4961 3200 5020 monumenta,
3260 4955 3340 5008 uti
3388 4956 3456 5009 ad
3514 4972 3617 5009 nos

1928 5046 2336 5112 pervenerunt,
2396 5046 2658 5096 excutere
2690 5042 2841 5096 soliti
2898 5059 3115 5107 sumus,
3172 5058 3352 5112 eaque
3395 5044 3618 5115 integra

1926 5129 2186 5195 reddere,
2211 5128 2544 5183 debitaluce
2571 5129 2872 5184 illustrata.
2906 5132 3066 5183 Hunc
3095 5128 3304 5198 legitur
3324 5129 3383 5183 in
3440 5131 3614 5187 finem

1928 5216 2067 5269 satis
2125 5216 2296 5270 nobis
2350 5216 2443 5271 hic
2472 5216 2582 5271 erit
2626 5234 2692 5271 ex
2748 5216 2979 5271 laudato
3011 5214 3283 5281 Ditmaro,
3340 5218 3616 5273 Chronico

1926 5304 2224 5369 Saxonico,
2297 5309 2353 5358 et
2411 5304 2842 5368 Hildesemensi,
2911 5303 3154 5373 aliisque
3223 5305 3616 5376 scriptoribus,

1927 5398 2259 5464 temporum
2322 5394 2524 5447 seriem
2573 5392 2644 5446 ad
2696 5392 3133 5462 chronologicos
3200 5394 3465 5462 calculos,
3516 5411 3619 5465 pro

1930 5496 2090 5535 more
2114 5484 2312 5535 nostro
2340 5481 2423 5535 ita
2451 5480 2743 5543 reducere,
2776 5484 2842 5533 ut
2864 5478 3073 5550 quibus
3125 5481 3195 5536 ad
3254 5483 3617 5538 scribendum

3228 5596 3262 5651 2
