4028 6206
405 289 472 345 43
1709 285 1764 339 8.
1811 283 2091 338 llENRICl
2137 281 2610 340 lliPEllATOltlS
3840 288 3898 340 ii

409 418 594 472 otium
625 421 683 470 et
709 414 879 470 ardor
925 413 1284 476 accesserint,
1319 411 1386 465 ad
1445 427 1565 464 rem
1626 411 1890 464 historice
1941 413 2174 464 exse-A
2218 409 2460 478 gloriam
2511 408 2833 476 contulerit,
2883 407 3150 478 proprius
3207 406 3504 477 explorare
3560 423 3672 460 non
3731 408 3901 472 licuit,

414 507 702 578 quendam
752 510 991 558 conatus
1055 507 1252 556 noster
1319 501 1643 572 prwluceat.
1705 499 1764 554 Id
1822 498 2110 569 praecipue

417 593 769 649 difﬁcultatis
826 593 884 645 in
946 591 1240 647 Clironicis
1293 590 1403 644 illis
1445 588 1793 643 Germanicis
1841 586 2108 653 occurrit,

418 683 570 753 quod
603 698 716 735 uno
746 682 976 750 smpius,
1001 681 1118 734 imo
1145 685 1202 732 et
1257 677 1519 748 pluribus
1547 677 1712 729 annis
1744 675 1814 729 ab
1867 676 2108 728 invicem

420 772 741 832 deﬂectant,
776 770 926 823 utin
963 767 1303 833 Adelboldo,
1333 767 1605 831 Ditmaro,
1659 763 2109 834 Chronographo

419 860 660 924 Saxone,
732 856 1049 911 Annalibus
1119 853 1642 908 Hildesemensibus
1713 858 1768 904 et
1821 852 1948 905 aliis
2003 850 2112 903 evi-

421 947 623 1000 denter
665 951 837 1016 patet.
909 945 982 997 lle
1043 959 1108 996 ea
1141 959 1201 996 re
1227 942 1548 1012 periculum
1596 941 1783 994 facere
1823 940 1993 1010 plane
2017 939 2112 992 ob-

421 1037 576 1088 vium
605 1043 710 1100 est,
747 1034 791 1085 si
827 1032 1228 1095 Adelbolduin,
1257 1030 1774 1099 Chronographum
1835 1028 2112 1081 Saxonem

420 1127 478 1177 et
503 1123 682 1176 dictos
720 1122 969 1174 Annales
998 1135 1128 1172 cum
1160 1119 1416 1173 Ditmaro
1447 1117 1753 1171 contuleris
1786 1131 1800 1182 ;
1833 1115 1916 1168 illi
1957 1116 2111 1168 enim

419 1211 668 1280 primam
709 1209 763 1263 8.
809 1207 1035 1262 Henrici
1068 1209 1126 1260 in
1165 1207 1385 1260 Italiam
1421 1205 1842 1275 expeditionem
1889 1204 2113 1257 disertis

419 1297 683 1352 terminis
703 1312 856 1350 anno
891 1297 1025 1350 1004
1056 1297 1377 1363 innectunt,
1409 1310 1582 1364 quam
1646 1294 1954 1358 Ditmarus,
1991 1308 2111 1346 non

417 1385 610 1443 minus
665 1384 948 1454 expressis
1000 1382 1187 1436 verbis
1244 1397 1396 1435 anno
1445 1380 1708 1450 sequenti
1763 1382 1916 1444 l005,
1980 1396 2107 1432 cum

417 1473 708 1543 plerisque
759 1472 882 1524 aliis
936 1470 1326 1540 scriptoribus,
1393 1485 1537 1539 quos
1593 1468 1854 1522 moderni
1900 1468 2113 1537 passim

420 1576 551 1614 cum
580 1559 826 1614 Baronio
880 1565 1220 1629 sequuntur,
1277 1559 1594 1628 consignat,
1636 1555 1697 1610 in
1752 1573 1867 1627 qua
1918 1562 2113 1609 tamen

421 1655 582 1719 parte
616 1648 932 1702 Ditmarum
981 1647 1216 1701 omnino
1270 1647 1646 1700 deserendum
1691 1645 2103 1710 existimamus,

421 1736 910 1808 quemadmodum
939 1735 1089 1789 infra
1117 1737 1292 1806 paulo
1321 1735 1502 1790 fusius
1533 1739 1589 1788 et
1617 1733 1826 1787 clarius
1865 1733 2111 1787 demon-

423 1825 718 1879 strabitur.

390 1916 400 1984 ξ
490 1915 576 1966 6'2.
607 1913 674 1966 Ut
703 1917 896 1966 autem
939 1911 1226 1981 intelligas
1255 1927 1427 1981 quam
1481 1909 1853 1980 imperfectus
1911 1909 2112 1964 hodie-

421 2001 556 2054 dum
590 2005 819 2054 maneat
855 2001 1159 2065 Uitmarus,
1191 1999 1362 2052 etiam
1397 2004 1565 2068 prout
1591 2015 1623 2050 a
1658 1997 1937 2052 Leibnitio
1997 2014 2109 2051 non

421 2088 501 2142 ita
531 2089 755 2158 pridem
794 2089 981 2142 editus
1036 2094 1140 2153 est,
1192 2094 1249 2141 et
1297 2087 1531 2142 Ditmari
1564 2086 1809 2140 restituti
1865 2087 2114 2157 appella-

421 2175 577 2229 tione
643 2176 712 2229 ad
763 2175 1126 2245 splendorem
1195 2175 1456 2239 donatus,
1513 2191 1577 2228 ex
1631 2175 1701 2228 iis
1757 2180 1917 2245 patet
1983 2191 2113 2245 qua:

422 2270 618 2318 noster
670 2263 988 2334 Janningus
1045 2263 1242 2333 paucis
1294 2263 1568 2316 indicavit
1648 2268 1806 2316 tomo
1847 2264 1910 2316 VI
1959 2263 2115 2316 Junii

421 2367 552 2421 pag.
585 2355 673 2416 38,
706 2353 912 2422 quibus
955 2352 1108 2405 haud
1166 2367 1346 2421 pauca
1393 2351 1507 2404 alia
1548 2351 1758 2404 similia
1819 2351 2115 2404 observata

419 2445 809 2509 annotataque
846 2439 1103 2509 reliquit;
1138 2455 1265 2509 quas
1295 2438 1491 2492 omnia
1511 2437 1738 2492 tametsi
1780 2438 1849 2492 ab
1895 2439 2113 2492 editore

426 2527 704 2582 Leibnitio
726 2526 1032 2580 emendata
1063 2526 1320 2590 fuissent,
1356 2542 1542 2597 neque
1573 2527 1652 2580 sic
1682 2532 1878 2580 tamen
1935 2526 2115 2580 facilis

422 2621 648 2685 pateret
699 2616 888 2668 aditus
937 2621 997 2668 ut
1061 2630 1127 2668 ex
1167 2614 1418 2668 Ditmaro
1474 2614 1910 2669 continuaretur
1963 2620 2116 2669 recta

423 2702 478 2756 8.
514 2702 738 2756 Henrici
800 2703 1054 2768 historia,
1090 2702 1150 2755 ni
1183 2702 1200 2754 i
1232 2702 1363 2773 quis
1413 2702 1573 2773 prius
1611 2703 1671 2756 in
1724 2719 1792 2756 eo
1855 2703 2112 2758 sedulam

423 2806 655 2861 operam
685 2796 880 2860 ponat,
925 2791 993 2843 ad
1045 2790 1368 2844 Chronicon
1427 2791 1576 2846 istud
1640 2791 1700 2844 in
1749 2791 1936 2863 capita
1989 2809 2111 2859 sua,

421 2879 812 2946 paragraphos
835 2883 891 2930 et
919 2893 1192 2930 numeros
1239 2877 1632 2944 dividendum,
1693 2894 1936 2950 eamque
1989 2895 2117 2949 ope-

2220 497 2445 552 defectu
2473 497 2654 568 ipsius
2693 496 2902 567 operis,
2935 495 3090 566 quod
3124 495 3364 549 sollicite
3411 497 3685 550 custodiri
3739 497 3907 551 intel-

2218 586 2336 656 ligo
2366 602 2380 639 :
2414 592 2491 651 at,
2524 603 2652 639 cum
2685 585 2887 638 vixerit
2916 583 3124 638 saeculo
3152 599 3265 650 xw,
3287 590 3567 645 mortuus,
3601 591 3667 637 ut
3692 586 3762 638 ad
3820 602 3906 640 me

2219 675 2492 745 scriptum
2519 681 2603 728 est
2630 690 2826 728 mense
2871 672 3179 727 Februario
3213 672 3348 725 anni
3399 675 3554 738 1529,
3606 673 3771 726 facile
3801 675 3908 728 col-

2221 764 2420 834 ligitur
2475 780 2650 835 quam
2707 764 2768 816 in
2816 779 2920 816 sua
2955 762 3024 816 de
3071 761 3283 815 sanctis
3337 761 3576 814 Henrico
3620 766 3678 813 et
3734 762 3909 816 Gune-

2221 853 2414 924 gunde
2455 852 2790 906 Germanica
2832 850 3094 914 historia,
3146 865 3320 913 anno,
3403 855 3468 902 ut
3540 849 3722 912 aiunt,
3781 855 3900 904 1511

2221 941 2586 1007 edita,tidem
2613 939 2929 1011 promereri
2950 938 3148 1009 possit,
3184 939 3244 991 in
3276 937 3344 990 iis
3403 938 3722 1008 praesertim
3787 955 3908 1008 quae

2219 1035 2518 1101 Anonymo
2545 1026 3216 1096 nostro'superaddenda
3237 1025 3539 1096 putaverit.
3599 1027 3754 1082 Alios
3803 1045 3908 1081 non

2221 1119 2481 1173 novimus
2505 1117 2605 1189 qui
2623 1118 2694 1172 de
2737 1117 2792 1170 S.
2831 1116 3054 1170 Henrici
3107 1115 3222 1168 vita
3249 1121 3300 1168 et
3334 1114 3508 1181 gestis
3546 1131 3610 1168 ex
3660 1115 3910 1184 professo

2221 1207 2620 1272 tractaverint;
2665 1221 2852 1276 neque
2906 1205 3194 1258 variorum
3220 1203 3544 1273 fragmenta
3575 1209 3677 1257 aut
3725 1203 3909 1272 elogia

2223 1311 2535 1365 congerere
2585 1293 2763 1362 lubet,
2821 1309 2892 1346 ne
2938 1290 3286 1362 importunis
3334 1290 3671 1344 eorumdem
3720 1306 3907 1344 rerum

2221 1383 2659 1454 repetitionibus
2689 1381 2924 1436 tendinm
2957 1379 3155 1434 lectori
3197 1379 3387 1450 potius
3415 1395 3590 1450 quam
3649 1380 3905 1450 volupta-

2223 1478 2340 1527 tem
2371 1472 2697 1538 efferamus,
2731 1470 2800 1524 ad
2831 1471 3002 1541 paulo
3034 1468 3260 1522 utiliora
3291 1468 3644 1522 festinantes.

2225 1559 2251 1630 §
2308 1562 2420 1614 νυ.
2489 1562 2616 1614 Vita
2671 1561 2725 1613 S.
2788 1557 3016 1612 Henrici
3061 1559 3302 1624 Dilingae
3352 1557 3577 1622 vulgata
3621 1571 3909 1609 uncxnvm.

2294 1651 2380 1702 64.
2415 1649 2552 1713 Quae
2582 1647 2674 1701 hic
2691 1648 2978 1717 disputata
3001 1651 3134 1700 sunt
3151 1647 3424 1699 hactenus
3454 1649 3512 1696 et
3527 1659 3700 1714 porro
3725 1644 3915 1714 dispu-

2223 1745 2420 1792 tantur
2444 1744 2564 1791 toto
2597 1737 2705 1790 hoc
2725 1736 2794 1790 de
2824 1735 2997 1805 gestis
3023 1734 3077 1788 S.
3126 1733 3350 1787 Henrici
3408 1732 3639 1802 praevio,
3687 1731 3773 1785 uti
3834 1749 3918 1785 vo-

2224 1841 2438 1892 camus,
2462 1822 3035 1893 commentario,jam
3059 1821 3278 1876 dudum
3301 1822 3479 1892 praalo
3508 1828 3702 1891 parata
3730 1827 3914 1886 erant,

2225 1913 2455 1984 quando
2487 1914 2546 1966 in
2571 1913 2832 1966 notitiam
2866 1911 3020 1966 venit
3043 1911 3164 1964 Vita
3191 1926 3479 1980 anonyma
3510 1909 3686 1962 sancti
3735 1910 3917 1978 Impe-

2223 2001 2448 2063 ratoris,
2500 2000 2740 2070 Dilingaa
2797 1999 2990 2070 aliquo
3037 1997 3332 2053 Societatis
3363 2001 3572 2050 nostra!
3626 1997 3916 2050 sacerdote

2223 2088 2374 2159 typis
2421 2087 2590 2154 edita,
2639 2104 2731 2141 an.
2785 2088 2941 2152 1648,
2994 2086 3192 2140 formis
3246 2085 3604 2140 academicis.
3659 2085 3802 2139 Eam
3856 2090 3918 2138 ut

2224 2174 2560 2246 tempestive
2587 2174 2964 2238 nanciscerer,
3006 2172 3232 2227 nullum
3277 2188 3397 2227 non
3426 2170 3678 2242 lapidem
3736 2171 3910 2235 movi,

2223 2263 2448 2334 scriptis
2478 2262 2540 2316 in
2569 2261 2931 2316 Germaniam
2961 2261 3034 2315 ad
3087 2261 3299 2315 amicos
3348 2259 3572 2325 litteris,
3622 2258 3839 2330 quibus
3864 2259 3913 2314 id

2225 2351 2490 2405 effectum
2511 2356 2698 2412 estut,
2731 2350 2953 2404 favente
2983 2366 3210 2420 semper
3237 2350 3302 2403 lt.
3337 2351 3396 2404 P.
3440 2348 3670 2402 Nicolao
3722 2349 3911 2411 Pottu,

2225 2439 2452 2510 collegii
2475 2439 2655 2493 nostri
2689 2437 3122 2507 Bambergensis
3153 2439 3416 2506 Rectore,
3461 2451 3614 2506 saepe
3667 2435 3820 2489 mihi
3865 2442 3916 2489 et

2224 2529 2432 2583 merito
2464 2528 2536 2582 ob
2568 2533 2831 2581 navatam
2870 2528 3125 2581 sedulam
3150 2533 3206 2580 et
3261 2531 3616 2580 constantem
3677 2540 3916 2594 operam

2225 2617 2535 2682 laudando,
2588 2616 2882 2686 exemplar
2939 2615 3307 2682 obtinuerim,
3358 2615 3428 2669 de
3476 2613 3641 2683 cujus
3686 2618 3919 2667 auctore

2225 2721 2407 2776 pauca
2436 2707 2690 2775 primum
2735 2703 3055 2773 subjiciam,
3079 2709 3202 2757 tum
3233 2703 3302 2756 de
3349 2702 3472 2772 ejus
3509 2701 3780 2755 instituto
3832 2707 3918 2755 to-

2224 2795 2452 2864 tiusque
2491 2792 2749 2863 opusculi
2779 2791 2996 2862 pretio;
3027 2792 3262 2845 demum
3292 2807 3355 2845 ea
3391 2806 3723 2861 percurram
3794 2807 3920 2861 que

2225 2883 2294 2937 ad
2318 2881 2657 2936 illustranda
2683 2881 2871 2936 Sancti
2895 2885 3056 2951 gesta
3084 2880 3218 2934 hinc
3246 2879 3376 2934 inde
3400 2879 3704 2934 observatu
3740 2879 3922 2949 digna

421 2964 626 3018 rosiori
655 2964 952 3034 diligentia
974 2965 1159 3017 lucem
1207 2965 1640 3032 ati'undeudam,
1693 2981 1808 3036 quo
1863 2965 2114 3036 singulo-
2145 2969 2186 3024 C
2225 2971 2646 3036 existimavere,
2679 2970 2757 3022 ibi
2785 2969 3100 3040 praesertim
3137 2967 3232 3022 ubi
3262 2967 3464 3022 eadem
3495 2973 3732 3021 tractata
3787 2974 3918 3021 sunt

422 3069 544 3108 rem
580 3069 843 3107 amorum
892 3053 1110 3123 periodi
1141 3054 1294 3106 inter
1322 3069 1380 3106 se
1427 3060 1577 3107 recte
1627 3059 1684 3108 et
1731 3055 1989 3125 apposite
2020 3055 2106 3109 di-

419 3143 816 3212 stinguantur;
848 3143 1041 3212 sicque
1069 3157 1102 3193 a
1163 3141 1357 3195 multis
1403 3141 1852 3210 confusionibus,
1886 3147 1943 3197 et
1982 3143 2113 3196 hinc

421 3231 555 3284 inde
576 3231 868 3284 erroribus
889 3247 1054 3300 opus,
1069 3237 1272 3284 cetera
1289 3230 2113 3296 asstismatissimum,studiose

422 3319 759 3372 vindicetur.
792 3319 848 3372 1d
885 3318 1025 3371 mihi
1049 3318 1284 3388 quidem
1317 3324 1444 3388 post
1473 3319 1711 3389 longum
1743 3319 1935 3389 operis
1975 3336 2112 3374 exa-

425 3422 555 3460 men
579 3406 659 3461 ita
687 3408 1070 3461 necessarium
1113 3407 1294 3459 visum
1345 3411 1450 3470 est,
1508 3412 1587 3473 ut,
1634 3406 1746 3460 nisi
1793 3407 2114 3462 innumeris

421 3495 545 3550 aliis
577 3495 945 3558 distraliersr,
1008 3496 1080 3549 ab
1137 3512 1203 3548 ea
1253 3494 1544 3565 provincia
1596 3496 1958 3567 suscipienda
2005 3497 2112 3550 mi-

421 3583 578 3638 nime
610 3583 998 3638 abhorrerem.
1035 3583 1293 3650 Conlido,
1362 3583 1490 3637 aliis
1531 3584 1660 3654 plus
1720 3584 1821 3638 otii
1876 3585 1999 3640 fore
2054 3591 2116 3641 ut

421 3671 835 3742 rempublicam
888 3671 1218 3724 litterariam
1268 3676 1386 3724 tam
1417 3670 1590 3741 digno
1637 3687 1875 3726 munere
1949 3689 2112 3726 exor-

421 3768 579 3823 nent,
614 3759 917 3829 vocarique
971 3759 1111 3812 adeo
1160 3760 1294 3827 jure
1351 3758 1532 3828 possit
1581 3761 1878 3830 egregium
1929 3760 2110 3814 Chro-

421 3849 593 3903 nicon
641 3869 668 3897 ς
692 3848 980 3901 Ditmarus
1026 3846 1322 3900 restitutus
1357 3851 1410 3900 et
1451 3845 1788 3900 illustratus.
1808 3866 1836 3898 ››
1859 3847 1966 3901 Sed
1995 3849 2114 3903 haec

419 3936 602 3990 obiter
627 3935 779 3990 dicta
834 3939 1034 3999 sunto;
1085 3940 1395 4004 supersunt
1445 3935 1809 3990 difﬁcultates
1853 3935 1914 3990 in
1961 3940 2112 3991 Ano-

420 4041 592 4094 nymo
649 4023 1050 4093 explanandas,
1137 4040 1383 4094 quarum
1416 4025 1720 4078 nonnullas
1767 4026 1888 4094 jam
1933 4041 2108 4096 supra

419 4112 605 4182 attigi,
637 4128 846 4182 nempe
879 4111 1028 4164 circa
1074 4111 1262 4166 Sancti
1285 4127 1486 4182 genus,
1511 4127 1744 4178 nomen,
1799 4129 2109 4182 agnomen,

419 4205 666 4265 aetatem,
717 4217 932 4254 annum
976 4205 1033 4254 et
1086 4200 1238 4254 diem
1287 4200 1516 4255 obitus:
1575 4215 1786 4270 paucas
1833 4201 1926 4255 hic
1967 4202 2106 4256 alias

420 4288 743 4357 expediam,
783 4289 1034 4359 reliquas
1085 4288 1152 4342 ad
1213 4293 1519 4361 sequentes
1575 4287 1965 4359 paragraphos
2022 4305 2108 4343 re-

418 4377 716 4429 missurus.

489 4467 576 4518 63.
608 4465 731 4518 Jam
755 4463 1041 4518 insinuavi
1074 4480 1188 4518 non
1211 4464 1409 4530 semel,
1438 4465 1617 4520 multa
1649 4465 1706 4517 in
1736 4479 1804 4517 eo
1821 4465 2108 4535 Anonymi

418 4551 684 4606 monachi
716 4567 888 4623 opere
913 4552 1176 4622 reperiri,
1218 4569 1344 4622 qua:
1377 4553 1583 4607 rectius
1630 4553 1894 4606 historice
1960 4555 2112 4608 ordi-

419 4647 576 4708 nata,
599 4647 657 4696 et
681 4641 912 4696 seclusis
937 4640 1194 4710 parergis
1230 4641 1546 4694 accuratius
1569 4640 1787 4711 digesta
1815 4657 2104 4712 cuperem,

418 4729 500 4783 Ne
529 4728 774 4800 singula,
803 4745 931 4799 quas
959 4728 1199 4797 sparsim
1231 4727 1365 4780 satis
1395 4728 1641 4781 indicata
1661 4735 1794 4782 sunt
1834 4735 1890 4782 et
1933 4745 2107 4798 porro

417 4817 840 4882 iudicabuntur,
873 4817 964 4870 hic
990 4816 1193 4870 ordine
1221 4831 1554 4886 prosequar,
1585 4831 1700 4870 non
1747 4817 1932 4887 placet
1960 4818 2110 4871 clan-

416 4905 717 4961 dicationis
742 4920 911 4958 causa
941 4909 1056 4958 tam
1089 4904 1257 4973 longe
1310 4905 1509 4974 petita,
1541 4903 1610 4958 de
1670 4920 1785 4975 qua
1841 4906 2108 4975 superius

415 4993 834 5064 disputavimus
864 5009 876 5045 :
911 5006 1099 5062 neque
1129 4992 1266 5044 satis
1295 4992 1644 5046 verosimilia
1673 4998 1807 5047 sunt
1846 5009 1976 5064 quae
2036 4994 2106 5047 de

418 5084 636 5136 visione
658 5081 992 5136 daemonum
1047 5085 1104 5134 et
1132 5079 1322 5134 calicis
1351 5096 1488 5134 ansa
1540 5087 1956 5147 memorantur,
2012 5083 2106 5152 pio

413 5172 594 5225 ferme
624 5169 871 5234 somnio,
913 5184 1086 5240 quam
1119 5169 1355 5222 sinceras
1386 5168 1612 5223 veritati
1668 5169 2101 5240 propinquiora,

410 5265 477 5314 ut
498 5259 943 5328 Bamhergenses
986 5258 1096 5329 ipsi
1125 5257 1296 5312 hodie
1329 5273 1446 5311 non
1494 5257 1912 5324 difﬁtebuntur,
1943 5258 2104 5328 quid-

411 5344 549 5416 quid
601 5345 661 5398 in
709 5345 937 5399 laudato
988 5345 1479 5399 sanctissimorum
1526 5346 1842 5415 conjugum
1897 5361 2101 5400 monu-

407 5438 603 5488 menta
658 5449 926 5505 expressa
1001 5434 1388 5490 retulerimus.
1445 5434 1523 5488 De
1590 5433 1881 5488 Nonnosio
1965 5435 2103 5488 item

406 5522 590 5578 obiter
637 5523 852 5578 dictum
902 5528 1034 5578 est:
1085 5523 1225 5595 quid
1282 5524 1403 5596 ipse
1441 5523 1731 5594 singulare
1781 5525 1851 5578 ad
1909 5522 2098 5578 Sancti

2223 3075 2353 3130 quae
2380 3059 2451 3113 ab
2479 3059 2790 3112 Adelboldo
2833 3055 2920 3110 vel
2949 3061 3248 3126 Anonymo
3299 3063 3517 3123 nostro,
3573 3071 3720 3126 quos
3785 3056 3914 3110 illu-

2224 3147 2487 3200 strandos
2508 3145 2883 3215 suscepimus,
2929 3150 3472 3198 commemorantur.
3508 3145 3576 3198 Ut
3607 3145 3734 3198 ideo
3792 3162 3918 3215 ope-

2222 3235 2302 3288 ris
2324 3234 2427 3288 sub
2457 3234 2647 3304 ipsum
2680 3232 3027 3304 principium
3083 3237 3296 3302 pateat,
3346 3248 3418 3286 en
3464 3233 3588 3302 ejus
3631 3233 3871 3287 titulum
3902 3251 3914 3286 :

2227 3345 2249 3372 ι
2301 3323 2356 3378 8.
2410 3323 2687 3377 Henricus
2763 3323 3076 3392 Imperator
3115 3323 3430 3390 Augustus,
3479 3321 3730 3374 Bavarize
3809 3322 3915 3376 dux

2221 3428 2371 3477 xxxx,
2395 3411 2714 3480 religionis,
2741 3409 3083 3480 prudentiae,
3109 3409 3483 3476 fortitudinis,
3533 3410 3914 3474 castimonim,

2221 3500 2542 3554 clementiae
2559 3498 2801 3570 aliisque
2832 3498 3074 3553 heroicis
3115 3499 3393 3568 exemplis
3440 3499 3770 3568 praeclarus,
3825 3501 3919 3554 ad-

2221 3585 2518 3640 mirationi
2549 3591 2606 3640 et
2660 3585 2966 3640 imitationi
2998 3601 3196 3640 recens
3225 3585 3552 3656 propositus
3582 3601 3614 3638 a
3659 3587 3918 3656 quodam

2222 3673 2516 3730 Soeictatis
2544 3675 2675 3728 Jesu
2717 3673 3027 3739 sacerdote,
3059 3673 3322 3744 Dilingae,
3389 3672 3588 3727 formis
3641 3675 3922 3728 academi-

2223 3762 2323 3828 cis,
2355 3778 2506 3816 anno
2537 3776 2838 3817 nncnvm.
2870 3781 2898 3814 ιο

2297 3854 2389 3905 65.
2449 3855 2772 3921 Anoymum
2817 3849 3150 3921 scriptorem
3195 3851 3488 3921 appellant
3535 3850 3922 3921 Bambergen-

2224 3955 2314 3993 ses
2369 3941 2426 3992 et
2482 3939 2580 3994 alii
2636 3939 2866 4010 passim,
2922 3955 3133 4008 nempe
3183 3939 3334 4009 quod
3372 3955 3583 3994 nomen
3625 3939 3686 3992 in
3728 3939 3920 3993 fronte

2225 4043 2555 4098 expressum
2581 4045 2699 4082 non
2747 4028 2848 4094 sit;
2885 4043 3017 4082 nam
3049 4027 3229 4098 digito
3279 4043 3412 4081 eum
3463 4032 3917 4082 commonstrare

2223 4120 2341 4170 tam
2363 4116 2526 4169 facile
2553 4121 2640 4170 est
2666 4121 2750 4181 ut,
2777 4116 2866 4168 vix
2895 4115 3054 4169 lectis
3085 4114 3310 4169 duabus
3331 4115 3578 4186 paginis,
3639 4131 3770 4170 mox
3824 4116 3918 4170 de-

2227 4203 2627 4274 prehenderim
2678 4203 3131 4258 lucubrationem
3180 4219 3300 4257 esse
3353 4205 3533 4258 nostri
3591 4204 3918 4259 Melchioris

2222 4291 2498 4359 lnchofer,
2537 4291 2757 4360 origine
2803 4292 3154 4358 Viennensis,
3213 4291 3271 4346 in
3328 4293 3667 4347 Societatem
3715 4293 3917 4347 Romae

2219 4379 2453 4433 admissi
2484 4397 2576 4433 an.
2623 4383 2779 4448 1607,
2808 4396 2842 4432 a
2873 4401 2899 4431 α
2935 4380 3239 4450 multiplici
3261 4380 3519 4434 doctrina
3551 4403 3571 4429 ι
3598 4381 3662 4434 in
3696 4382 3917 4436 Biblio-

2219 4463 2378 4522 theca
2415 4468 2758 4538 scriptorum
2787 4469 3198 4535 commendati;
3241 4469 3370 4536 viri,
3415 4475 3481 4523 ut
3527 4469 3758 4524 aliunde
3808 4487 3916 4524 no-

2218 4561 2344 4611 tum
2374 4561 2478 4623 est,
2501 4558 2672 4626 paulo
2697 4556 2931 4610 acrioris
2956 4556 3194 4626 ingenii,
3223 4557 3389 4612 multi
3426 4557 3634 4612 laboris
3663 4573 3728 4610 ac
3778 4559 3919 4612 scri-

2217 4643 2451 4713 ptionis,
2476 4647 2536 4697 at
2562 4644 2716 4713 styli,
2749 4659 2813 4697 ex
2848 4644 3027 4696 nimia
3079 4644 3422 4709 concisione,
3456 4649 3514 4698 et
3565 4643 3920 4698 acuininatis

2217 4730 2552 4800 saepiuscule
2575 4730 2826 4800 periodis
2845 4729 3088 4784 nimium
3110 4730 3375 4796 involuti,
3413 4731 3673 4801 adeoque
3705 4729 3918 4785 obscu-

2215 4817 2401 4885 rioris,
2439 4823 2501 4872 ut
2531 4819 2732 4872 saltem
2766 4818 2824 4872 in
2857 4834 2949 4884 eo,
2981 4835 3096 4889 quo
3128 4818 3196 4872 de
3217 4819 3464 4889 agimus,
3489 4834 3664 4889 opere
3721 4820 3921 4890 prima

2216 4907 2404 4961 fronte
2433 4906 2569 4960 satis
2590 4906 2956 4977 perspicuum
3003 4910 3107 4960 est.
3163 4907 3249 4961 Ab
3314 4907 3438 4978 ipso
3489 4913 3678 4962 autem
3724 4909 3917 4964 Vitam

2215 4994 2549 5067 praadictam
2604 4995 2980 5065 compositam
3027 4995 3219 5056 fuisse,
3282 4996 3520 5050 omnino
3597 4996 3781 5066 liquet
3848 5013 3916 5050 ex

2213 5085 2611 5155 frequentibus
2622 5084 2835 5138 suimet
2853 5083 3237 5148 citationibus,
3262 5084 3578 5154 praesertim
3595 5084 3915 5139 Annalium

2214 5172 2724 5227 ecclesiasticorum
2767 5172 3093 5242 Hungarim,
3124 5189 3155 5226 a
3193 5172 3360 5226 nobis
3388 5172 3525 5227 alibi
3575 5172 3915 5235 citatorum,

2213 5275 2459 5330 quorum
2495 5261 2764 5313 volumen
2813 5260 3066 5330 primum
3099 5266 3156 5314 et
3207 5260 3440 5314 unicum
3463 5259 3642 5314 edidit
3703 5261 3914 5314 Romm

2216 5348 2373 5415 1644,
2403 5363 2518 5417 quo
2573 5346 2778 5401 eodem
2837 5363 3010 5412 anno,
3067 5349 3134 5402 ad
3184 5349 3520 5402 relationem
3589 5347 3756 5403 amici
3818 5349 3913 5400 sui

2215 5435 2416 5490 Leonis
2461 5435 2668 5496 Allatii,
2725 5435 3049 5490 facultatem
3087 5436 3339 5491 obtinuit
3387 5436 3458 5490 ab
3499 5437 3662 5491 Adm.
3717 5436 3781 5490 Β.
3844 5438 3908 5490 Ρ.

2214 5523 2528 5596 llyacintho
2577 5524 2838 5590 Serrono,
2896 5524 3052 5579 sociii
3113 5524 3593 5580 Reverendissimi
3651 5523 3914 5594 Magistri
