4028 6206
170 302 208 350 tt;
1748 298 1778 350 Α

3528 301 3594 355 46

161 443 241 479 sac.
273 426 319 478 P.
353 428 411 477 Α.
446 422 495 476 S.
523 421 741 475 Henrici
778 422 956 475 Vitam
996 419 1233 487 edendi;
1267 420 1419 492 quod
1461 437 1561 475 cur
1593 421 1790 476 Romae
1820 429 1865 475 A
1896 421 2019 489 jam
2077 420 2210 474 satis
2261 420 2538 488 diximus;
2597 418 2942 491 adjiciuntur
2980 425 3036 474 et
3093 422 3218 475 aliae
3276 422 3591 483 facultates,

158 517 323 569 factum
352 529 455 565 non
485 511 669 577 fuerit,
700 511 955 564 divinare
986 527 1101 564 non
1135 510 1325 564 lubet:
1361 511 1620 580 pluribus
1652 528 1784 565 vero

156 617 365 672 quaerere
392 601 455 653 ad
485 616 601 653 rem
629 615 801 670 quam
828 616 946 669 prae
987 597 1249 651 manibus
1268 598 1565 666 habemus,
1594 615 1784 669 operae

156 689 353 758 pretium
385 704 490 740 non
524 704 661 753 esse,
693 688 853 740 facile
886 687 1069 757 quivis
1102 685 1390 756 intelligit.

206 780 274 829 66.
330 777 505 845 Neque
554 774 611 827 id
641 776 937 844 explorare
982 775 1163 839 licuit,
1217 776 1512 829 miseritne
1550 775 1672 845 ipse
1722 775 1783 828 in

152 864 454 919 Germaniam
479 879 579 915 ms.
611 863 1055 932 autographum,
1091 879 1395 933 suppresso
1412 880 1514 916 suo
1530 864 1781 925 nomine,

151 952 480 1005 excudendum
534 968 604 1003 an
650 951 884 1004 aliunde
913 950 1162 1004 editores
1216 952 1559 1021 acceperint,
1601 952 1785 1005 nulla-

150 1057 251 1110 que,
278 1056 363 1093 seu
393 1056 513 1092 casu
543 1056 639 1092 seu
688 1039 903 1105 studio,
954 1040 1099 1092 facta
1131 1039 1422 1110 scriptoris
1468 1039 1780 1105 mentione,

149 1128 405 1182 dedicarint
434 1131 548 1197 ipse
577 1129 813 1180 nomine
830 1127 1056 1197 collegii
1080 1128 1368 1198 Dilingani
1393 1128 1781 1183 lllustrissimo

148 1234 194 1269 ac
228 1216 664 1269 reverendissimo
696 1216 983 1270 Melchiori
1016 1216 1229 1283 Ottoni,
1264 1216 1579 1286 imperialis
1610 1218 1782 1270 eccle-

148 1307 226 1357 siae
250 1304 651 1374 Bambergensis
678 1305 945 1375 episcopo
974 1304 1028 1359 S.
1062 1305 1133 1360 Β.
1166 1306 1207 1358 Ι.
1243 1305 1510 1376 principi,
1535 1306 1627 1359 cui
1650 1322 1779 1359 vere

147 1392 326 1445 libellus
356 1392 692 1446 inscribitur.
758 1394 1077 1463 Utcumque
1124 1393 1182 1447 id
1231 1393 1518 1460 acciderit,
1577 1394 1778 1448 eodem

144 1484 217 1534 illo
254 1498 382 1534 anno
442 1482 594 1547 1648,
649 1482 950 1536 Mediolani
987 1482 1171 1535 vivere
1203 1488 1404 1535 auctor
1461 1482 1633 1536 desiit
1687 1483 1779 1537 die

144 1587 269 1623 mm
296 1571 647 1639 Septembris.
674 1572 732 1625 Id
768 1571 965 1634 miror,
1000 1572 1149 1624 inter
1169 1576 1255 1623 tot
1286 1571 1394 1624 alia
1425 1572 1548 1639 ejus
1581 1588 1773 1640 opera,

143 1675 236 1727 quae
266 1660 339 1711 vel
368 1659 465 1711 sub
494 1659 699 1712 alienis
758 1660 1091 1713 nominibus
1129 1660 1416 1729 prodiere,
1448 1660 1556 1725 vel,
1608 1660 1678 1712 ab
1710 1675 1776 1713 eo

144 1748 275 1815 praelo
301 1752 485 1817 parata
514 1747 807 1811 dicuntur,
838 1748 943 1801 hoc
978 1748 1046 1801 de
1080 1748 1133 1801 S.
1172 1747 1419 1801 Henrico
1472 1748 1532 1800 in
1568 1748 1777 1801 Biblio-

141 1836 259 1887 theca
294 1841 474 1888 nostra
502 1836 955 1905 praetermissum
997 1851 1115 1888 esse
1149 1852 1161 1889 :
1207 1852 1279 1888 an
1324 1836 1475 1906 quod
1507 1836 1560 1888 id
1611 1836 1775 1905 igno-

142 1924 335 1976 raverint
356 1925 683 1989 Allegambe
735 1929 791 1977 et
819 1924 1149 1978 Sothuellus
1177 1940 1251 1977 an
1303 1923 1458 1993 quod
1489 1925 1776 1994 Oppellam

138 2011 242 2063 tanti
290 2028 396 2065 non
460 2012 725 2076 fecerint,
803 2012 927 2064 aliis
996 2012 1435 2083 disquirendum
1487 2014 1772 2082 relinquo.

140 2099 359 2168 Equidem
387 2100 441 2152 in
500 2106 625 2153 toto
676 2118 742 2153 eo
785 2101 1063 2170 opusculo
1095 2101 1238 2153 nihil
1274 2100 1460 2170 reperi
1518 2118 1774 2171 prorsus,

136 2187 248 2255 quod
274 2204 352 2241 me
380 2204 410 2241 a
457 2191 581 2258 jam
614 2190 894 2259 expensis,
945 2189 1200 2251 dicussis,
1233 2195 1287 2242 et
1315 2206 1427 2260 qua
1457 2190 1646 2259 potuit
1678 2205 1775 2242 ve-

136 2275 501 2329 risimilitudine
531 2276 787 2329 definitis
844 2277 1131 2329 tantillum
1162 2277 1426 2330 recedere
1464 2278 1777 2347 compelle-

134 2370 207 2416 ret.
236 2365 521 2419 Dissentire
558 2368 619 2420 iu
670 2366 959 2436 aliquibus
1012 2367 1164 2421 haud
1208 2367 1477 2433 diftiteor,
1539 2375 1625 2421 ast
1654 2369 1776 2438 ejus

130 2454 306 2506 assertis
336 2454 471 2508 nihil
503 2455 880 2509 tribuendum
915 2456 1133 2521 censui,
1189 2455 1294 2508 nisi
1328 2471 1629 2526 quousque
1673 2472 1774 2509 au-

130 2542 368 2611 tiquorum
412 2532 759 2614 scriptorum
793 2544 1131 2597 auctoritate
1158 2546 1440 2598 nituntur.
1490 2545 1632 2598 Cum
1660 2544 1770 2614 igi-

129 2634 197 2681 tur
218 2648 273 2683 ex
296 2632 358 2683 iis
410 2633 545 2685 solis
592 2635 783 2685 nostra
833 2631 1385 2702 deprompserimus,
1442 2647 1557 2685 non
1608 2632 1771 2685 video

129 2718 233 2785 quid
269 2719 379 2788 ejus
435 2720 653 2789 placita
712 2720 779 2773 ad
840 2719 1186 2774 dirimendas
1240 2720 1376 2773 hinc
1439 2725 1772 2773 controver-

129 2807 209 2857 sias
246 2823 581 2879 magnopere
631 2809 976 2863 conducant.
1029 2809 1108 2861 Ex
1154 2808 1415 2878 opusculi
1454 2808 1631 2862 totius
1684 2807 1771 2861 in-

132 2895 301 2959 stituto,
336 2897 468 2967 quid
521 2898 857 2951 Inchoferus
888 2897 1150 2966 voluerit,
1204 2913 1453 2967 pronum
1500 2896 1609 2951 erit
1640 2914 1769 2968 per-

133 2983 316 3050 spicere.

182 3074 248 3123 67.
268 3072 320 3125 Id
351 3088 465 3143 prae
487 3073 675 3126 oculis
706 3072 972 3127 habuisse
1012 3073 1258 3139 videtur,
1292 3089 1409 3127 non
1447 3077 1509 3127 ut
1536 3073 1771 3128 histori-

134 3174 227 3212 cum
251 3165 300 3214 et
333 3162 804 3232 chronologicum
855 3162 983 3216 vitae
1014 3167 1067 3216 et
1098 3168 1393 3232 gestorum
1443 3168 1773 3217 contextum

134 3254 445 3318 proponeret,
471 3249 578 3304 sed
602 3266 819 3304 meram
842 3250 1184 3321 Legendam,
1218 3250 1536 3321 cujusmodi
1567 3252 1775 3305 multas

134 3338 376 3401 postremis
401 3339 564 3393 hisce
593 3339 815 3393 seculis
843 3339 1145 3393 adornatas
1176 3338 1455 3405 videmus,
1491 3356 1632 3410 quas
1658 3334 1775 3393 nun

136 3426 389 3496 incongrue
418 3427 637 3483 dixeris
667 3428 738 3481 ad
770 3428 1129 3481 sanctitatem
1160 3427 1539 3481 Christianam
1595 3444 1774 3498 parae-

137 3528 271 3581 neses,
304 3516 507 3586 quibus
545 3532 757 3585 nempe
785 3516 1077 3586 virginum
1119 3517 1380 3586 exempla
1431 3516 1774 3586 virginibus,

135 3602 512 3671 conjugatorum
551 3603 875 3674 conjugatis
920 3604 1222 3657 viduarum
1251 3603 1456 3670 viduis,
1490 3609 1661 3674 atque
1700 3604 1778 3658 ita

135 3688 438 3757 singulorum
460 3691 739 3746 ordinum
762 3691 1092 3745 hominibus
1121 3692 1383 3761 apposita
1409 3692 1778 3745 incitamenta

135 3778 445 3847 exhibentur;
496 3781 585 3845 id,
626 3781 885 3851 inquam,
918 3797 1036 3851 pra:
1084 3780 1261 3834 oculis
1316 3780 1581 3834 habuisse
1623 3782 1776 3835 vide-

138 3872 214 3930 tur,
236 3871 289 3919 ut
314 3868 678 3939 principibus
709 3868 1012 3922 Catholicis
1042 3868 1102 3921 in
1136 3873 1252 3922 tam
1296 3868 1503 3921 illustri
1548 3870 1777 3939 speculo

136 3954 417 4009 eximiarum
457 3959 745 4011 virtutum
779 3962 1048 4026 urgentes
1079 3957 1341 4010 stimulos
1366 3956 1643 4010 floridiori
1674 3973 1779 4027 pe-

135 4041 285 4096 nicillo
314 4045 671 4116 depingeret.
703 4045 760 4098 id
806 4045 958 4115 quod
989 4045 1121 4097 satis
1152 4045 1360 4098 diserte
1390 4045 1446 4098 in
1507 4046 1628 4116 ipso
1679 4063 1779 4100 suo

134 4130 263 4184 titulo
290 4134 735 4203 exprimit,dum
786 4134 839 4188 S.
876 4134 1204 4198 Henricum,
1264 4138 1328 4187 ut
1379 4153 1405 4186 ι
1469 4135 1777 4205 religionis,

134 4220 420 4291 prudentiae,
502 4222 882 4287 fortitudinis,
959 4222 1329 4286 castimoniae,

133 4306 325 4378 aliisque
356 4312 599 4365 heroicis
657 4310 931 4380 exemplis
986 4310 1349 4379 praeclarum,
1416 4310 1779 4364 admirationi

134 4399 174 4444 et
197 4395 477 4452 imitationi
508 4400 805 4469 proponit.
840 4419 861 4446 ι
901 4399 1194 4452 Decmtero
1224 4402 1587 4469 Anonymum
1619 4397 1679 4452 in
1714 4416 1779 4453 eo

132 4481 268 4552 longe
290 4488 572 4556 superavit
608 4486 895 4559 luchofer,
954 4487 1104 4556 quod
1136 4487 1324 4541 Sancti
1376 4491 1532 4556 gesta
1588 4486 1647 4540 in
1678 4487 1781 4541 ali-

135 4584 268 4637 quem
320 4576 516 4629 saltem
566 4575 828 4629 ordinem
910 4573 1229 4642 digesserit,
1296 4590 1424 4644 quae
1481 4573 1549 4626 ab
1605 4574 1781 4626 altero

134 4659 267 4725 plane
294 4665 523 4718 confusa
566 4668 720 4717 sunt.
781 4665 1062 4716 Prmterea
1124 4678 1253 4714 vero
1315 4662 1383 4715 ad
1442 4661 1781 4715 exactiorem

135 4746 287 4801 crisim
312 4750 665 4819 expenderit,
697 4766 826 4820 quae
880 4750 974 4803 ille
1013 4764 1427 4819 nonnunquam
1460 4748 1629 4801 nimis
1657 4764 1783 4801 cre-

136 4832 271 4889 dulus
298 4855 329 4891 a
355 4838 729 4909 popularibus
776 4836 1182 4891 traditionibus
1213 4852 1327 4889 non
1371 4836 1507 4889 satis
1538 4842 1669 4905 apte
1699 4836 1784 4889 di-

136 4926 320 4991 screvit,
350 4927 839 4997 quemadmodum
885 4943 917 4979 a
946 4925 1110 4978 nobis
1144 4941 1259 4978 non
1288 4924 1345 4977 in
1375 4940 1490 4977 uno
1520 4924 1644 4977 loco
1682 4924 1785 4977 ob-

138 5020 380 5069 servatum
433 5016 712 5071 invenies.
774 5015 833 5069 Id
871 5015 943 5068 ab
996 5012 1256 5067 Inchofer
1285 5012 1569 5077 desidero,
1611 5013 1783 5082 quod,

139 5097 239 5152 licet
287 5103 586 5173 scriptores
640 5104 948 5157 nonnullos
1007 5102 1168 5154 citari
1222 5101 1424 5154 solitus
1470 5100 1560 5165 sit,
1611 5101 1790 5153 multa

139 5189 293 5242 tamen
322 5196 533 5245 asserat
565 5207 712 5262 quae,
746 5207 818 5243 an
840 5190 976 5242 satis
1005 5194 1158 5243 certa
1210 5188 1323 5241 ﬁde
1356 5187 1634 5253 nitantur,
1672 5203 1789 5240 non

141 5271 385 5331 immerito
414 5279 658 5333 dubites.
711 5279 783 5331 Ex
818 5277 1009 5347 operis
1039 5276 1213 5329 totius
1253 5275 1311 5328 in
1345 5275 1529 5345 capita
1563 5291 1666 5328 sua
1705 5274 1791 5327 di-

142 5359 335 5432 Visione,
368 5367 689 5437 nostrisque
745 5366 814 5419 ad
847 5382 933 5432 ca,
987 5365 1083 5418 ubi
1113 5380 1258 5434 opus
1318 5364 1444 5429 erit,
1471 5362 1793 5417 annotatio-

143 5448 294 5517 nibus,
323 5454 619 5509 clariorem
650 5455 772 5525 ejus
796 5454 982 5509 ideam
1010 5453 1137 5506 faxo
1168 5452 1472 5522 concipias.

198 5540 268 5593 68.
300 5542 368 5597 De
395 5543 582 5609 titulo,
605 5542 961 5598 dedicatione
987 5546 1043 5595 et
1088 5540 1499 5612 approbatione
1542 5539 1796 5594 Romana

1896 526 2103 581 nempe
2134 511 2299 565 Adm.
2337 511 2399 564 Β.
2436 511 2495 565 P.
2525 510 2587 564 N.
2627 511 2785 564 Mutii
2818 510 3121 564 Vitellescii
3154 511 3451 581 Praepositi
3482 512 3588 565 Ge-

1895 600 2126 665 neralis,
2156 600 2287 653 data
2326 600 2523 653 Romae
2544 615 2616 653 xu
2648 598 2995 669 Septembris
3028 615 3100 652 an
3149 600 3301 666 1644,
3350 606 3473 653 tum
3522 600 3587 654 It.

1895 688 1952 741 P.
1981 688 2269 741 Laurentii
2322 688 2567 758 Keppler
2621 688 2927 757 superioris
2987 688 3305 741 Germaniae
3356 688 3590 742 Provin-

1892 775 2070 841 cialis,
2121 777 2252 830 data
2299 776 2555 829 Monachi
2590 792 2718 829 xvui
2757 776 3045 829 Februarii
3082 777 3235 830 1648.
3294 777 3372 830 En
3421 778 3591 831 modo

1891 864 2142 933 capitum
2176 864 2457 919 ordinem.
2509 864 2701 918 Primo
2737 864 2928 935 itaque
2964 865 3270 934 exponitur
3300 886 3325 913 α
3364 866 3398 915 S
3440 867 3589 920 Hen-

1892 952 1995 1006 rici
2022 953 2229 1022 patria,
2245 958 2402 1006 ortus
2423 958 2478 1007 et
2499 952 2823 1007 educatio.»
2848 954 2979 1006 Haec
3000 953 3066 1006 ad
3084 969 3184 1007 nos
3208 970 3325 1007 non
3339 958 3583 1023 spectat;

1892 1038 1961 1093 de
1993 1040 2119 1093 aliis
2143 1040 2357 1094 dictum
2400 1041 2676 1095 estsatis.
2728 1042 3027 1112 Singulare
3089 1048 3249 1096 notat
3304 1043 3582 1107 Inchofer,

1889 1128 2045 1199 quod
2098 1133 2267 1182 natus
2325 1130 2397 1183 sit
2450 1129 2689 1184 Sanctus
2744 1147 2838 1184 an.
2894 1147 3132 1195 cuLxxu,
3179 1131 3270 1184 die
3327 1148 3375 1184 v1
3431 1131 3585 1195 Maii,

1894 1236 1920 1261 ι(
1952 1214 2094 1270 feria
2124 1216 2392 1270 secunda.
2429 1234 2454 1269 ι
2482 1216 2627 1270 Satis
2659 1217 3011 1281 minutatim,
3068 1223 3123 1271 et
3168 1219 3302 1271 satis
3361 1224 3586 1275 exacte:

1888 1303 2104 1356 etenim
2139 1320 2289 1357 anno
2319 1307 2444 1371 972,
2476 1309 2739 1358 currente
2765 1306 2956 1359 littera
2987 1305 3400 1371 DominicaliF,
3429 1313 3586 1360 sexta

1889 1388 2009 1443 dies
2041 1391 2169 1445 Maii
2201 1390 2401 1446 incidit
2429 1393 2490 1447 in
2533 1414 2554 1441 ι
2612 1393 2813 1447 feriam
2854 1394 3180 1448 secundam.
3216 1418 3241 1442 ››
3279 1395 3485 1448 Verum
3515 1395 3585 1449 de

1889 1479 2170 1548 scrupulis
2195 1480 2316 1534 istis
2340 1482 2499 1535 nobis
2522 1482 2867 1551 litigandum
2898 1497 3015 1535 non
3046 1486 3170 1535 est:
3218 1496 3284 1535 eo
3326 1482 3411 1534 vel
3468 1481 3582 1535 alio

1886 1567 1978 1621 die
2017 1573 2181 1622 natus
2200 1569 2393 1634 fuerit,
2423 1570 2494 1624 ad
2526 1570 2812 1624 intentum
2842 1575 3106 1624 nostrum
3138 1584 3345 1640 parum
3390 1569 3582 1633 refert,

1888 1657 1986 1726 qui
2030 1660 2331 1727 Anonymo
2363 1659 2701 1713 illustrando
2731 1660 2979 1713 maxime
3018 1658 3357 1717 insistimus,
3388 1656 3447 1710 in
3470 1672 3584 1726 quo

1890 1749 2059 1814 atque
2089 1745 2150 1799 in
2180 1747 2492 1801 Adelboldo
2523 1748 2786 1818 Legenda
2832 1747 3167 1801 Henriciana
3215 1762 3328 1800 non
3371 1762 3404 1799 a
3452 1745 3583 1799 vitae

1888 1835 1984 1886 sed
2015 1850 2047 1886 a
2078 1834 2240 1903 regni
2290 1835 2618 1905 primordiis
2674 1835 2849 1889 sumit
2878 1835 3204 1899 exordium;
3268 1833 3422 1887 unde
3481 1848 3585 1886 nec

1888 1921 1955 1975 ad
1998 1937 2099 1974 nos
2120 1923 2412 1991 pertinent
2438 1924 2735 1993 sequentia
2756 1924 2961 1994 capita,
2992 1939 3238 1993 quorum
3263 1922 3458 1975 titulos
3492 1922 3583 1974 hic

1886 2026 2170 2080 exponere
2202 2010 2337 2064 satis
2365 2011 2557 2065 fuerit.
2620 2036 2646 2060 ‹‹
2705 2014 2839 2081 Cap.
2890 2028 2945 2065 ιι.
3001 2011 3295 2074 Henricus,
3330 2026 3364 2062 a
3420 2015 3583 2079 patre

1886 2098 2155 2168 regimini
2187 2100 2469 2166 admotus,
2505 2101 2649 2154 mira
2680 2100 2985 2171 prudentia
3016 2106 3072 2153 et
3100 2100 3309 2169 pietate
3340 2114 3459 2152 rem
3493 2099 3583 2151 ad-

1885 2187 2191 2243 ministrat.
2248 2189 2379 2259 Cap.
2416 2205 2491 2241 Ill.
2542 2190 2833 2254 Henricus,
2891 2204 2959 2241 ex
2986 2187 3138 2259 [voto
3169 2192 3474 2257 parentum
3524 2204 3581 2240 se

1884 2276 2150 2346 conjngio
2186 2276 2527 2346 astringens,
2588 2277 2974 2347 virginitatem
3006 2280 3210 2329 servat.
3264 2298 3285 2323 ι
3345 2277 3424 2329 De
3475 2275 3581 2328 hac

1885 2380 1987 2418 suo
2037 2366 2158 2417 loco
2216 2365 2463 2419 abunde.
2536 2387 2560 2411 κ
2609 2366 2743 2436 Cap.
2786 2381 2857 2419 iv.
2916 2364 3109 2418 Sancti
3169 2362 3495 2433 \Volfgangi
3526 2368 3584 2417 et

1884 2453 2090 2507 deinde
2122 2453 2345 2507 Henrici
2377 2454 2619 2507 senioris
2646 2453 2857 2517 obitus,
2877 2453 3242 2524 juniorisquc
3274 2451 3574 2517 successio,

1884 2547 1941 2596 et
1971 2541 2125 2612 pacis
2146 2542 2423 2598 studium.
2457 2563 2483 2593 ››

1955 2632 2042 2681 69.
2079 2629 2289 2699 Capitis
2320 2630 2506 2700 quinti
2534 2634 2726 2699 partes
2756 2630 2920 2683 binas
2969 2629 3122 2696 facit,
3151 2629 3385 2683 alteram
3425 2630 3579 2700 quod

1889 2718 2212 2770 «Henricus
2239 2735 2271 2771 a
2294 2718 2347 2772 S.
2383 2718 2686 2772 Benedicto
2734 2719 3114 2788 reprehensus
3154 2718 3243 2781 sit,
3283 2737 3310 2767 ν
3364 2718 3433 2771 de
3467 2734 3581 2788 qua

1883 2820 1943 2858 re
1975 2809 2308 2874 Anonymus
2336 2822 2620 2876 nusquam
2667 2806 2960 2871 meminit;
2996 2821 3184 2877 neque
3241 2806 3331 2859 hic
3388 2812 3581 2860 noster

1884 2899 2173 2947 auctorem
2234 2894 2389 2958 citat,
2475 2895 2625 2948 unde
2708 2894 3010 2965 acceperit,
3074 2893 3237 2964 quasi
3302 2900 3441 2948 nota
3504 2895 3579 2948 sit

1807 2978 1847 3033 C
1886 2982 2123 3037 historia
2153 2982 2210 3035 in
2260 2982 2462 3036 Leonis
2511 2982 2784 3036 Ostiensis
2825 2981 3131 3050 Chronico,
3187 2981 3284 3035 lib.
3335 2997 3393 3045 ιι,
3450 2996 3576 3051 cap.

1884 3073 1970 3125 45.
2054 3072 2114 3123 In
2174 3071 2352 3124 altera
2433 3070 2693 3124 dissentit
2770 3070 3031 3123 Inchofer
3106 3069 3176 3123 ab
3258 3073 3578 3138 Anonymo,

1885 3158 1982 3230 qui
2013 3158 2236 3212 celebre
2267 3159 2446 3212 sancti
2476 3158 2801 3229 Wolfgangi
2830 3157 3163 3211 vaticinium
3199 3180 3225 3205 ‹‹
3286 3174 3416 3212 rosr
3483 3176 3579 3212 sax

1885 3248 1938 3302 S.
1976 3246 2217 3301 Henrico
2253 3269 2271 3292 n
2302 3247 2420 3317 jam
2456 3248 2577 3316 regi
2608 3242 2937 3300 intimatum
2968 3245 3183 3312 scribit,
3230 3251 3401 3317 atque
3431 3247 3575 3300 adeo

1888 3336 2097 3390 diserte
2129 3336 2375 3407 applicat
2430 3336 2701 3389 Romana:
2752 3336 3165 3405 Imperatorem
3196 3334 3575 3399 coronationi,

1888 3430 1951 3479 ut
1975 3424 2215 3495 proinde
2247 3440 2367 3477 rem
2398 3424 2668 3477 accidisse
2702 3428 2966 3493 oporteat
2995 3440 3145 3477 anno
3184 3423 3410 3478 circiter
3444 3426 3575 3477 l007

1887 3514 1973 3567 vel
2008 3514 2162 3573 1003,
2198 3512 2281 3566 uti
2310 3512 2480 3565 etiam
2514 3528 2616 3565 suo
2649 3511 2769 3564 loco
2823 3510 3089 3576 diximus,
3144 3511 3297 3565 haud
3343 3511 3578 3564 obscure

1886 3602 2200 3655 indicantes
2230 3616 2348 3653 non
2382 3601 2624 3654 multum
2674 3599 2897 3670 placere
2957 3600 3251 3653 oraculum
3291 3600 3579 3669 Anonymi

1889 3690 2056 3744 modo
2078 3689 2422 3758 expositum.
2441 3688 2853 3757 Censetigitur,
2871 3688 3110 3757 etlonge
3124 3688 3355 3753 rectius,
3381 3689 3580 3741 Incho-

1888 3778 1990 3844 fer,
2027 3799 2053 3825 «
2080 3777 2136 3831 S.
2168 3776 2410 3829 Henrico
2445 3776 2505 3829 in
2559 3776 2777 3829 Italiam
2808 3776 2957 3828 ituro
2984 3792 3112 3829 cum
3146 3776 3372 3835 Ottone,
3430 3793 3581 3829 anno

1889 3882 2077 3919 cuxcvr
2100 3880 2344 3935 regnum
2391 3863 2731 3916 mirabiliter
2787 3880 2818 3916 a
2862 3863 2915 3917 S.
2982 3863 3320 3932 Wolt‘gango
3374 3864 3577 3933 praedi-

1889 3959 2066 4008 ctum.
2106 3973 2126 3997 »
2162 3950 2473 4005 Audiamus
2502 3951 2626 4019 ejus
2658 3950 2827 4003 verba
2866 3966 3000 4019 pag.
3027 3953 3094 4002 ‘22
3138 3967 3150 4003 ι
3185 3971 3210 4000 (ι
3245 3950 3351 4013 Qui
3384 3951 3459 4016 id,
3493 3950 3581 4003 in-

1892 4042 2037 4113 quit,
2069 4044 2199 4111 post
2226 4039 2499 4109 adeptum
2535 4054 2775 4109 regnum
2834 4039 2902 4092 ad
2937 4038 3246 4108 imperium
3302 4038 3580 4105 referunt,

1892 4147 2005 4185 non
2032 4128 2416 4193 considerant,
2460 4127 2600 4181 nihil
2641 4144 2785 4197 opus
2843 4126 3017 4180 fuisse
3050 4127 3399 4196 conjectare;
3449 4127 3585 4197 quid

1434 4224 1774 4284 clementiae,
1814 4260 1855 4312 Β
1894 4221 2047 4274 enim
2078 4224 2285 4290 praeter
2314 4234 2470 4288 spem
2514 4217 2729 4287 magni,
2769 4222 3040 4270 coronato
3066 4218 3185 4286 jam
3218 4216 3358 4287 Regi
3387 4221 3444 4271 et
3472 4218 3586 4270 Cae-

1894 4306 2028 4368 sari,
2060 4312 2175 4359 tam
2200 4306 2453 4359 involute
2484 4304 2817 4374 imperitum
2848 4304 3234 4375 protendere?
3276 4306 3403 4373 Ipse
3433 4304 3585 4357 diem

1889 4394 2229 4463 sumpsisset
2257 4393 2357 4464 qui
2385 4392 2755 4462 inauguraret
2786 4409 2798 4446 :
2827 4393 2924 4447 sed
2975 4392 3130 4446 enim
3164 4392 3319 4445 nulla
3347 4392 3586 4462 propin-

1892 4499 2007 4552 qua
2035 4498 2154 4552 spe,
2187 4497 2321 4551 rege
2351 4482 2554 4535 Ottone
2571 4482 2752 4535 adhuc
2786 4482 2918 4547 vita,
2952 4486 3116 4534 aetate
3142 4485 3198 4533 et
3222 4480 3450 4534 fortuna
3484 4480 3588 4532 ﬂo-

1893 4576 2074 4635 rente,
2109 4576 2167 4625 et
2202 4572 2301 4641 qui
2334 4570 2668 4640 propediem
2702 4571 2760 4623 in
2794 4569 2932 4623 urbe
2971 4571 3288 4640 Imperator
3317 4569 3591 4624 dicendus

1894 4663 2034 4723 erat,
2065 4674 2307 4728 regnum
2340 4658 2577 4711 Henrico
2603 4657 2938 4727 prmdicere,
2969 4658 3077 4710 nisi
3141 4658 3265 4727 ejus
3296 4664 3459 4724 nutu,
3488 4658 3587 4727 qui

1894 4755 2153 4818 tempora
2199 4747 2259 4801 in
2308 4746 2571 4801 manibus
2600 4746 2888 4800 describit.
2929 4747 3302 4816 Wolfgangus
3333 4763 3449 4800 non
3489 4762 3590 4816 po-

1896 4838 2024 4891 tuit.
2064 4859 2084 4883 »

1967 4930 2053 4979 70.
2087 4928 2221 4987 Quae
2272 4924 2454 4994 capite
2503 4940 2557 4977 γι
2589 4928 2869 4977 memorat
2928 4923 2995 4977 de
3046 4924 3364 4976 E!ectorum
3416 4921 3594 4974 deter-

1896 5012 2128 5066 minatis
2158 5012 2443 5082 sulfragiis
2472 5029 2505 5065 a
2527 5012 2794 5083 Gregorio
2825 5013 2929 5067 PP.
2957 5013 2999 5063 ν
3028 5016 3084 5064 et
3112 5014 3317 5064 Ottone
3338 5010 3412 5063 Ill
3443 5013 3596 5062 certa

1898 5104 2021 5172 lege
2057 5100 2519 5170 circumscriptis,
2553 5100 2753 5154 saltem
2808 5100 2867 5153 in
2924 5100 2979 5153 S.
3033 5096 3257 5151 Henrici
3318 5096 3595 5150 electione

1902 5188 2191 5251 adhibitis,
2250 5188 2497 5240 fatemur
2551 5203 2652 5240 nos
2710 5204 2815 5257 pro
2861 5203 2929 5239 eo
2992 5191 3251 5254 tempore
3297 5184 3597 5238 admittere

1905 5294 2017 5331 non
2046 5292 2229 5346 posse,
2260 5280 2323 5329 ut
2352 5280 2549 5329 contra
2582 5276 2966 5329 Hofmannum
3021 5272 3278 5343 aliosque
3335 5274 3472 5327 satis
3501 5290 3597 5327 ex-

1902 5365 2229 5437 plicuimus,
2259 5364 2626 5418 ostendentes
2645 5364 2914 5417 Sanctum
2954 5361 3324 5416 haereditario
3373 5376 3598 5417 succes-

1904 5450 2083 5506 sionis
2104 5451 2237 5520 jure
2272 5450 2504 5521 imperii
2560 5451 2788 5503 culmen
2818 5453 3213 5504 consecutum.
3250 5449 3325 5503 De
3361 5454 3603 5520 septem-

1903 5537 2158 5593 virorum
2191 5523 2507 5592 electorum
2527 5535 2746 5607 origine
2768 5540 3018 5591 mentem
3051 5550 3211 5590 suam
3235 5540 3603 5606 nostramque
