4058 6216
430 303 497 358 47
1725 301 1780 354 S.
1826 297 2113 354 IlENlthl
2156 298 2630 354 IMI’EIIATORIS

3882 298 3969 349 48

434 422 697 496 exposuit.
724 422 1113 478 Hensclienius
1158 420 1220 476 in
1251 418 1672 477 Commentario
1733 418 1804 473 ad
1844 419 1899 473 8.
1960 418 2126 473 Heri-
2160 421 2204 473 Α
2246 420 2483 492 ejusque
2544 420 2693 491 (cap.
2734 419 2824 490 25)
2884 418 3179 490 prazdictio
3229 419 3300 474 de
3350 418 3508 474 obitu
3567 418 3624 475 S.
3687 419 3970 483 Heurici,

433 513 684 578 bertum,
715 528 804 567 xvi
839 511 1042 577 Martii,
1085 528 1243 566 num.
1279 515 1329 565 7.
1373 511 1570 580 Capita
1590 524 1663 562 vu
1691 513 1747 561 et
1784 524 1879 561 vui
1912 508 1981 561 ad
2030 523 2136 561 nos

434 599 607 653 etiam
635 615 752 652 non
783 603 1067 668 spectant;
1112 596 1342 668 quibus,
1377 602 1440 649 ut
1461 596 1667 648 iterum
1691 593 1967 658 dicamus,
2028 592 2133 647 soli

432 687 777 742 Adelboldus
819 692 873 740 et
899 691 1230 755 Auonynius
1259 682 1581 738 illustraudi
1612 687 1777 750 sunt;
1818 682 1888 736 ab
1913 681 2012 736 illo
2040 697 2131 735 au-

433 780 552 829 tem
584 781 844 829 accurate
872 773 1276 828 describuntur
1306 787 1687 841 qumcumque
1717 770 1890 825 habet
1934 769 2133 824 Incho-

431 862 519 916 fer
564 879 728 933 capp.
788 866 840 927 9,
877 865 961 927 11,
1022 862 1086 913 12
1142 864 1201 911 et
1274 861 1360 925 l3,
1408 864 1472 911 ut
1528 857 1599 910 iis
1657 858 1749 911 hic
1796 872 2136 911 enumeran-

431 951 519 1005 dis
544 950 1036 1020 supersedeamus.
1072 949 1162 1001 Est
1202 952 1259 999 et
1290 962 1423 1017 pars
1453 963 1577 1018 cap.
1612 947 1676 1000 14
1708 961 1778 1001 ex
1818 945 2134 1000 Adelboldo

430 1039 753 1110 desumpta,
784 1039 876 1090 cui
906 1036 1169 1105 adjungit
1234 1057 1254 1082 ι
1320 1035 1686 1088 ecclesiarum
1736 1035 1795 1088 in
1831 1035 2135 1089 Germania

431 1126 919 1193 reformationem,
954 1145 982 1173 ››
1024 1125 1165 1177 item
1203 1146 1224 1172 ι
1262 1123 1591 1177 Polonicum
1648 1129 1703 1177 et
1775 1122 2135 1178 Flandricum

430 1217 672 1281 bellum,
706 1238 726 1262 ι
765 1230 893 1286 quas
947 1230 1053 1268 nos
1082 1212 1440 1283 temporibus
1480 1215 1597 1266 suis
1649 1228 1717 1266 ex
1768 1212 2024 1267 Ditmaro
2081 1218 2137 1265 et

431 1304 561 1358 aliis
602 1304 895 1358 innectere
924 1300 1117 1356 conati
1142 1316 1360 1354 sumus.
1412 1302 1549 1370 Cap.
1589 1303 1651 1354 15
1685 1300 2033 1355 monasteria
2080 1304 2139 1354 et

429 1392 645 1461 templa
683 1391 919 1444 fundata
948 1392 1034 1442 vel
1067 1395 1291 1456 ornata,
1332 1404 1397 1442 ac
1427 1390 1905 1459 Bambergeusem
1937 1388 2138 1442 civita-

429 1485 546 1533 tem
576 1479 637 1532 in
669 1478 1060 1549 episcopatum
1093 1482 1343 1531 evectam
1400 1478 1799 1549 prosequitur;
1849 1483 1906 1531 et
1932 1477 2002 1530 de
2032 1477 2138 1531 hac

432 1567 665 1637 quidem
699 1567 983 1619 erectionc
1012 1566 1148 1618 satis
1178 1566 1439 1635 apposite
1471 1565 1723 1636 disputat
1752 1582 1764 1619 :
1809 1581 1996 1636 neque
2035 1580 2134 1618 ne-

430 1655 684 1724 gaverim
720 1654 1174 1724 partlieuouibus
1204 1654 1623 1723 Neoburgensi,
1647 1659 1704 1707 et
1733 1651 2136 1723 Nunburgensi

431 1745 582 1813 apud
607 1743 997 1812 Salisburgum
1052 1741 1233 1795 multa
1271 1741 1537 1796 aSam-to
1590 1742 1811 1805 collata,
1867 1739 2131 1812 quamvis

431 1831 524 1886 hic
571 1848 602 1884 a
649 1838 974 1901 temporum
1052 1829 1197 1883 serie
1232 1828 1475 1899 scriptor
1531 1829 1815 1882 exorbitet
1872 1845 1887 1883 :
1931 1844 2129 1881 verum

432 1920 768 1991 quod,pag.
802 1921 894 1985 Οὔ,
924 1918 1268 1971 auccdotum
1321 1917 1661 1971 miraculum
1725 1916 1901 1970 tradit
1948 1916 2019 1971 de
2072 1915 2127 1971 S.

433 2007 779 2063 Erendrudis
806 2007 998 2060 cinere
1028 2008 1245 2059 annulo
1270 2007 1537 2059 concluso
1559 2011 1614 2059 et
1640 2006 1785 2059 collo
1830 2021 2128 2075 suspenso,

430 2101 494 2149 ut
524 2101 586 2148 ut
615 2092 942 2163 negandum
979 2108 1095 2146 non
1151 2108 1434 2157 censeam,
1496 2090 1693 2145 mirari
1757 2097 1911 2145 certe
1968 2092 2135 2145 liceat

431 2183 577 2237 nihil
603 2183 735 2236 huic
768 2181 850 2235 rei
879 2182 1052 2235 aftine
1082 2196 1379 2234 occurrere
1411 2180 1470 2234 in
1509 2179 1648 2250 ipsis
1680 2179 1901 2233 Sanctm
1955 2178 2132 2247 Actis,

432 2279 591 2325 tomo
620 2271 662 2322 γ
684 2268 838 2324 Junii
867 2268 1185 2335 illustratis,
1218 2283 1250 2321 a
1286 2284 1416 2339 pag.
1452 2269 1584 2335 580;
1637 2272 1787 2320 certe
1819 2267 1990 2321 tidem
2063 2266 2131 2321 li-

430 2360 630 2414 berare
678 2356 875 2411 debuit
919 2357 1183 2411 Inchol‘er
1258 2356 1536 2428 praestita,
1593 2363 1823 2410 αδδιδι-ιω
1865 2356 1946 2409 rei
2035 2373 2129 2410 va-

429 2446 708 2501 dimonio.

488 2540 590 2592 .8l.
622 2537 744 2590 Non
815 2534 1001 2605 magis
1060 2534 1128 2588 ad
1166 2538 1496 2605 temporum
1550 2531 1827 2587 rationem
1860 2532 2128 2598 attendit,

432 2625 568 2679 dum
631 2623 803 2695 capiti
862 2626 926 2677 16
974 2623 1129 2677 hunc
1157 2622 1390 2676 titulum
1426 2619 1713 2692 praeﬁxit:
1766 2642 1795 2670 ί(
1861 2621 2136 2675 Henricus

432 2712 832 2782 Cunigundem
864 2711 1121 2780 reginam
1150 2710 1419 2765 adulterii
1449 2710 1812 2779 insimulans,
1862 2709 2133 2763 innocen-

430 2801 526 2855 tia!
559 2801 835 2855 miraculo
861 2799 1185 2869 corrigitur.
1208 2819 1235 2851 ››
1256 2800 1367 2853 Res
1396 2798 1519 2869 ipsa
1540 2798 1611 2852 ab
1631 2796 1996 2851 inimicorum
2026 2797 2134 2851 ob-

430 2889 644 2960 loquiis
664 2888 799 2942 satis
814 2887 1095 2941 vindicata
1122 2892 1233 2953 est;
1256 2892 1315 2939 at
1339 2903 1454 2957 quo
1480 2886 1846 2956 potissimum
1876 2890 2133 2956 tempore

2242 508 2469 580 aliaque
2494 510 2565 563 ad
2588 510 2742 580 ipsos
2763 508 3100 579 spectantia.
3133 507 3332 580 quaaiu
3361 507 3419 563 S.
3449 508 3769 564 Meinwerci
3794 510 3971 564 Actis

2240 596 2421 651 fusius
2476 601 3022 658 commemorantur,
3080 612 3196 650 non
3230 596 3367 650 item
3430 597 3761 650 vaticinium
3800 597 3968 666 ipse,

2240 685 2395 756 quod
2427 686 2626 739 retulit
2664 686 2953 755 Bupertus
3016 685 3325 739 Tuitiensis
3358 684 3418 739 in
3473 685 3760 739 IIeriberti
3801 684 3971 749 Vita,

2240 789 2364 843 cap.
2403 776 2454 839 8,
2488 789 2647 828 num.
2680 776 2767 840 3t,
2802 774 2868 827 ad
2892 790 2980 827 xiv
3021 772 3222 840 Martii,
3255 789 3388 843 pag.
3430 775 3559 838 488,
3589 773 3677 826 his
3708 773 3917 827 κει-ωε
3952 787 3966 824 :

2244 882 2270 912 εί
2306 862 2537 917 Noveris
2567 860 2723 916 enim
2753 860 2912 932 quia,
2945 867 3077 932 post
3106 861 3330 915 obitum
3364 876 3581 925 meum,
3622 861 3802 915 trium
3837 876 3966 913 non

2240 955 2477 1021 peraget
2506 966 2785 1004 annorum
2826 950 3175 1003 curriculum
3208 966 3222 1003 :
3261 972 3282 997 ι
3318 955 3489 1020 atque
3520 949 3660 1003 vixit
3687 949 3743 1003 S.
3802 951 3968 1004 Heu-

2242 1038 2392 1092 ricus
2425 1054 2604 1109 usque
2634 1037 2702 1092 ad
2733 1053 2828 1092 xui
2857 1037 2994 1092 Julii
3019 1038 3156 1091 anni
3204 1038 3362 1105 102i»,
3395 1037 3539 1091 obiit
3581 1037 3636 1091 S.
3671 1038 3965 1092 Ileribcr-

2241 1130 2334 1180 tus
2362 1142 2450 1180 xv:
2476 1126 2657 1181 Martii
2686 1128 2817 1180 1021
2860 1125 3111 1181 :nodum
3139 1124 3281 1180 vidit
3315 1125 3610 1191 Inchot‘cr;
3659 1141 3838 1195 quem
3898 1131 3970 1179 ut

2242 1215 2440 1281 solvat,
2481 1215 2709 1285 cogitur
2758 1213 2815 1269 S.
2872 1212 3156 1269 Heriberti
3186 1212 3429 1279 obitum,
3466 1219 3667 1266 contra
3706 1212 3968 1267 histori—

2243 1319 2368 1358 cam
2392 1303 2686 1358 veritatem
2709 1303 2981 1357 reducere
3009 1302 3080 1356 ad
3114 1317 3334 1356 annum
3370 1303 3535 1367 1022;
3567 1301 3628 1355 in
3668 1317 3784 1372 qua
3815 1318 3964 1356 eum

2244 1391 2416 1463 plane
2441 1391 2562 1445 falli
2590 1390 2923 1445 credimus:
2971 1396 3167 1444 utrum
3215 1405 3351 1444 vero
3411 1389 3743 1444 vaticinium
3797 1397 3966 1444 recte

2243 1479 2372 1535 istic
2397 1495 2726 1549 expressum
2756 1478 2849 1544 sit,
2880 1494 2996 1532 non
3023 1483 3110 1532 est
3134 1482 3394 1532 nostrum
3426 1476 3726 1543 dirimere;
3789 1478 3965 1532 abest

2244 1574 2397 1622 certe
2449 1568 2520 1621 ab
2584 1568 2739 1622 Actis
2806 1582 2937 1637 qua
3007 1566 3097 1620 hic
3152 1566 3526 1619 illustramus.
3592 1568 3772 1635 Capp.
3865 1569 3965 1628 20,

2247 1658 2342 1723 27,
2384 1658 2453 1711 28
2491 1660 2548 1709 et
2585 1658 2671 1719 29,
2724 1657 2942 1709 multus
2993 1660 3079 1708 est
3153 1654 3212 1707 in
3273 1654 3793 1707 commemorandis
3854 1655 3966 1706 ad-

2242 1744 2461 1815 junctis
2504 1743 2691 1798 ultimi
2739 1743 2875 1798 belli
2935 1742 3136 1808 Italici,
3189 1758 3319 1814 quas
3380 1758 3496 1796 non
3536 1742 3720 1813 magis
3744 1742 3817 1797 ad
3852 1758 3970 1796 nos

2237 1832 2549 1904 pertinent,
2607 1838 2707 1886 aut
2781 1837 2933 1885 certe
2980 1831 3042 1884 in
3091 1832 3238 1884 serie
3297 1837 3492 1885 nostra
3536 1831 3968 1900 chronologica

2242 1920 2469 1975 abunde
2499 1921 2677 1974 relata
2703 1924 2867 1986 sunt;
2910 1919 2998 1972 uti
3047 1924 3103 1972 et
3159 1934 3494 1989 congressus
3530 1934 3662 1973 cum
3693 1918 3969 1973 Βοιωτία

2243 2025 2377 2080 rege
2427 2008 2701 2077 Francius,
2766 2023 2938 2078 quem
2991 2006 3261 2061 describit
3307 2022 3432 2078 cap.
3495 2008 3581 2061 30.
3633 2007 3710 2061 De
3766 2008 3962 2076 gestis

2242 2114 2376 2152 vero
2406 2096 2558 2168 (cap.
2613 2100 2700 2162 3t)
2732 2096 2880 2149 inter
2911 2096 3005 2150 SS.
3067 2095 3374 2151 Henricum
3427 2100 3484 2149 et
3520 2095 3956 2162 Meinwercum,

2242 2186 2484 2241 videnda
2504 2186 2563 2239 in
2596 2184 2767 2254 hujus
2787 2183 2940 2239 Actis
2973 2184 3261 2254 assignata
3287 2183 3427 2238 alibi
3448 2184 3653 2254 capita.

2312 2276 2401 2328 73.
2435 2273 2814 2342 Subjur.gitur
2872 2271 3165 2342 piissimus
3194 2272 3374 2326 sancti
3406 2272 3781 2343 Imperatoris
3810 2273 3953 2327 obi-

2244 2367 2357 2430 tus,
2389 2378 2512 2432 cap.
2548 2364 2615 2415 32
2642 2380 2657 2428 ;
2686 2367 2743 2415 at
2773 2362 2917 2414 mire
2945 2376 3031 2414 res
3089 2365 3148 2413 et
3179 2360 3351 2414 verba
3389 2366 3620 2431 torquet
3649 2361 3952 2427 Inchofer,

2244 2450 2393 2505 utin
2448 2449 2791 2504 definiendis
2827 2448 3063 2503 diversis
3093 2450 3225 2503 vitae
3272 2448 3629 2503 Henriciana:
3684 2449 3958 2520 periodis

2242 2537 2488 2592 calculos
2518 2536 2799 2590 subducat
2829 2536 3101 2589 aberrans
3136 2534 3197 2589 in
3224 2534 3535 2606 plerisque.
3576 2535 3789 2589 Demus
3820 2538 3958 2605 ejus

2242 2626 2415 2679 verba
2448 2641 2461 2679 :
2499 2644 2525 2675 α
2565 2624 2712 2678 Vixit
2764 2630 2896 2678 ante
2932 2639 3175 2694 regnum
3229 2622 3397 2677 annis
3428 2622 3696 2693 triginta;
3758 2640 3957 2695 regno

2245 2712 2547 2768 duodecim
2579 2717 2636 2766 et
2665 2728 2889 2766 menses
2938 2711 3229 2783 quinque;
3276 2711 3524 2781 imperio
3557 2712 3776 2776 decem,
3806 2712 3955 2765 toti-

2242 2801 2492 2872 demque
2521 2800 2644 2854 dies
2680 2816 2852 2870 super
2881 2815 3108 2854 menses
3140 2804 3414 2870 quatuor;
3450 2799 3567 2853 Deo
3620 2803 3677 2852 et
3700 2798 3816 2853 sibi
3852 2816 3958 2853 an-

2243 2905 2367 2956 nos,
2401 2889 2448 2943 si
2478 2894 2592 2942 tres
2620 2904 2749 2943 cum
2798 2888 2996 2941 diebus
3033 2886 3238 2957 viginti
3294 2902 3525 2941 menses
3572 2886 3787 2951 demas,
3830 2892 3956 2941 tres

430 2977 758 3047 contigerit,
790 2977 973 3031 fateor
1000 2991 1090 3030 me
1121 2975 1364 3028 necdum
1396 2980 1551 3028 certo
1606 2972 2001 3042 deprehendre
2031 2989 2131 3043 po-
2152 2974 2205 3029 ~C
2241 2994 2414 3048 supra
2442 2976 2891 3048 quinquaginta:
2948 2980 3207 3029 mortuus
3240 2991 3391 3029 anno
3414 2973 3704 3029 undecimi
3743 2978 3951 3030 seculi

430 3064 634 3122 tuisse.
674 3066 740 3119 In
787 3064 1046 3135 ejusdem
1077 3065 1189 3116 tide
1240 3062 1509 3133 relinquo
1554 3060 1836 3132 quidquid
1882 3077 2009 3131 cap.
2061 3064 2123 3115 27

433 3153 503 3208 de
530 3154 823 3209 Gunthero
858 3152 1097 3223 ejusque
1142 3168 1273 3205 cum
1304 3151 1360 3206 S.
1395 3151 1635 3205 Henrico
1675 3150 1853 3219 gestis
1873 3150 2122 3220 collegit.

429 3242 603 3297 Multa
653 3247 1073 3296 connectuntur
1145 3256 1268 3311 cap.
1325 3243 1416 3306 28,
1474 3255 1603 3310 quae,
1663 3254 1695 3291 a
1743 3237 1907 3291 nobis
1952 3238 2125 3308 paulo

429 3331 749 3386 ordinatius
803 3329 1069 3385 distincta
1102 3336 1255 3383 sunt.
1291 3328 1473 3383 Minus
1518 3328 1690 3381 etiam
1737 3328 1926 3397 placet
1954 3334 2126 3398 caput

434 3422 517 3487 l9,
550 3420 649 3474 ubi
685 3418 1047 3473 Benedictum
1080 3418 1198 3471 VIII
1235 3417 1293 3470 iu
1343 3416 1705 3469 Germaniam
1764 3414 2013 3481 deducit,
2065 3421 2127 3468 ut

430 3506 736 3562 IIeuricum
765 3507 1036 3560 adversus
1066 3505 1365 3558 seditiosos
1396 3503 1617 3569 invitet,
1652 3507 1708 3555 et
1738 3503 1927 3555 nescio
1968 3504 2122 3573 quod

428 3602 690 3649 exortum
716 3594 965 3649 schisma
998 3598 1328 3663 componat,
1377 3591 1446 3644 de
1482 3591 1691 3662 quibus
1720 3590 1857 3661 quid
1920 3591 2123 3645 sentia-

429 3700 557 3739 mus
597 3683 837 3752 babet§
892 3685 979 3750 12,
1028 3697 1189 3735 num.
1249 3684 1367 3735 128.
1433 3679 1629 3750 Capite
1663 3681 1730 3732 20
1789 3679 1982 3749 agitur
2049 3680 2121 3734 de

426 3777 693 3846 prensato
725 3772 1071 3826 monachatu
1108 3770 1359 3824 Cluniaci
1390 3775 1445 3822 et
1475 3768 1735 3835 Virduui,
1791 3784 1917 3839 qua:
1948 3773 2011 3822 ut
2050 3768 2121 3823 ab

426 3861 655 3918 Henrici
675 3862 974 3916 sanctitate
1003 3860 1189 3914 aliena
1217 3875 1330 3912 non
1362 3859 1497 3925 sint,
1531 3857 1696 3911 nobis
1727 3857 2021 3911 suiticiunt
2051 3873 2117 3912 ea

423 3968 556 4024 quas
595 3951 664 4005 ab
690 3950 951 4005 Alberico
984 3952 1216 4003 narrata
1246 3948 1567 4002 retulimus.
1619 3945 1754 4016 Cap.
1816 3948 1905 4013 21,
1957 3943 2122 4016 [inter

416 4040 538 4095 alia
564 4044 815 4094 mentem
866 4052 1029 4091 suam
1056 4034 1240 4106 aperit
1285 4033 1545 4088 Incbofer
1570 4032 1717 4086 circa
1755 4050 1784 4082 α
1823 4031 2115 4103 prodigio-

423 4144 544 4183 sam
574 4127 867 4182 victoriam
897 4125 952 4178 8.
987 4124 1214 4179 Henrici
1245 4121 1516 4192 auspiciis
1564 4138 1598 4173 a
1639 4119 1980 4191 quibusdam
2031 4125 2116 4175 at—

424 4218 717 4284 tributam,
738 4234 766 4267 »
812 4215 965 4269 unde
995 4227 1110 4266 non
1141 4226 1346 4281 parum
1400 4208 1673 4263 elucidari
1704 4212 1943 4279 possunt
1986 4224 2116 4280 quas

425 4322 528 4361 nos
580 4320 685 4358 suo
733 4303 855 4356 loco
888 4299 1334 4370 conjectavimus
1363 4297 1660 4353 occasione
1690 4297 1925 4352 famosae
1954 4295 2119 4351 istius

424 4409 635 4466 pugna
683 4391 756 4446 ab
811 4394 1113 4459 Anonymo
1147 4392 1611 4441 commemoratae
1668 4401 1793 4456 cap.
1852 4386 2115 4457 squam,

423 4482 675 4537 studiose
732 4496 765 4532 a
803 4477 1060 4532 Ditmaro
1090 4474 1464 4544 praeteritam,
1497 4474 1740 4528 necdum
1775 4473 1945 4528 nobis
1992 4489 2117 4527 sua-

422 4570 545 4624 deri
571 4567 843 4638 patimur.
878 4566 953 4619 Ex
979 4581 1103 4635 cap.
1145 4565 1215 4619 22
1252 4563 1509 4618 notanda
1550 4561 1839 4634 praecipue
1884 4563 2116 4632 Poppo-

422 4658 510 4712 nis
540 4656 760 4711 abbatis
788 4653 1140 4709 Stabuleusis
1192 4651 1461 4719 monitio,
1492 4667 1607 4722 qua
1654 4650 1707 4704 S.
1743 4649 2051 4705 IIenricum
2082 4666 2115 4703 a

422 4744 741 4818 spectandis
773 4741 1125 4797 histrionicis
1158 4747 1214 4796 et
1263 4739 1597 4812 gladiatoris
1622 4738 1771 4794 ludis
1824 4738 2113 4805 averterit,

420 4836 558 4889 dum
592 4833 663 4888 iis
690 4831 968 4901 Neomagi
988 4830 1266 4885 curiosius
1296 4828 1617 4901 spectandis
1672 4827 2011 4882 attenderet.
2047 4826 2115 4880 Et

419 4926 528 4979 hoc
547 4929 605 4978 et
629 4921 688 4977 id
718 4936 899 4991 genus
927 4921 1075 4975 facta
1104 4919 1215 4974 alia
1244 4918 1587 4990 scriptorum
1608 4914 1944 4971 auctoritate
1982 4930 2111 4968 cor-

417 5011 675 5069 roborari
707 5008 1097 5065 merebantur.

489 5107 577 5157 72.
618 5098 909 5172 Sequitur,
936 5113 1059 5167 cap.
1092 5112 1245 5161 χχιιι,
1278 5094 1553 5149 adventus
1582 5090 1870 5147 Benedicti
1901 5090 2019 5145 VIII
2050 5090 2107 5144 in

419 5189 802 5254 Germaniam,
835 5186 937 5256 qui
975 5189 1135 5240 tanto
1190 5182 1397 5253 majori
1455 5183 1797 5252 scriptorum
1850 5183 2108 5233 veterum

417 5279 532 5333 tide
555 5278 777 5343 nititur,
808 5278 1025 5347 quanto
1067 5271 1328 5327 debiliori
1394 5268 1657 5324 subsistit
1696 5268 1913 5322 incerta
1963 5267 2113 5338 ejus-

416 5371 549 5422 dem
578 5366 745 5436 Papie
771 5365 930 5436 prior
958 5364 1017 5417 in
1048 5362 1357 5433 imperium
1385 5357 1797 5431 peregrinatio,
1825 5356 2010 5413 dicam
2035 5373 2110 5412 an

418 5458 557 5526 fuga
578 5453 816 5525 supplex
848 5452 919 5506 ad
966 5452 1022 5506 S.
1076 5448 1299 5505 Henrici
1346 5447 1645 5503 auxilium.
1704 5445 1841 5517 Cap.
1894 5447 1965 5502 24
2015 5462 2107 5500 ex-

414 5546 662 5622 plicatur
713 5540 1102 5598 reconciliatio
1133 5554 1264 5595 cum
1310 5537 1368 5594 S.
1420 5534 1717 5592 Heriberto
1761 5534 2107 5602 Coloniensi,

2238 3065 2512 3137 vigesimo
2557 3070 2782 3136 quarto,
2822 3063 2967 3118 feria
2997 3065 3266 3118 secunda.
3302 3080 3332 3116 ι)
3363 3063 3558 3118 Primo
3613 3068 3674 3117 et
3730 3064 3953 3119 ultimo

2234 3154 2452 3208 calculo
2510 3152 2711 3207 lubens
2766 3153 3051 3207 assentior
3094 3168 3108 3207 :
3159 3160 3349 3207 cetera
3398 3168 3527 3206 vere
3557 3156 3615 3206 et
3657 3151 3813 3207 clare
3846 3170 3949 3207 ex-

2234 3244 2547 3314 pressisset,
2581 3240 2843 3302 dicendo,
2868 3261 2897 3292 σι
2924 3241 3128 3295 vixisse
3155 3260 3183 3292 ιι
3206 3246 3466 3296 sanctum
3492 3262 3520 3290 ‹‹
3551 3256 3733 3310 regno
3769 3260 3797 3293 ι
3831 3259 3871 3295 a
3894 3259 3946 3296 vn

2230 3330 2387 3386 Junii
2412 3332 2546 3384 1002
2576 3345 2756 3401 usque
2785 3329 2855 3383 ad
2887 3344 2977 3383 xiv
3009 3328 3302 3383 Februarii
3343 3328 3498 3394 1014,
3529 3344 3644 3399 quo
3663 3328 3949 3383 interval-

2231 3418 2288 3472 Io
2319 3420 2536 3472 ﬂuxere
2564 3418 2704 3472 anni
2731 3433 2844 3471 non
2870 3418 3000 3487 plus
3029 3415 3319 3485 undecim,
3351 3431 3576 3469 menses
3614 3421 3742 3469 octo
3771 3422 3829 3470 et
3854 3423 3947 3470 to-

2230 3505 2407 3560 tidem
2430 3505 2566 3559 dies.
2603 3525 2630 3553 «
2657 3505 2905 3576 Imperio
2938 3526 2965 3552 »
2989 3520 3089 3558 seu
3119 3502 3486 3575 Imperatoris
3504 3504 3674 3558 titulo
3703 3504 3949 3573 gavisus

2231 3600 2375 3647 esta
2413 3609 2504 3648 xiv
2536 3592 2831 3648 Februarii
2892 3593 3027 3647 1014
3070 3608 3253 3663 usque
3311 3592 3379 3646 ad
3437 3607 3534 3645 xm
3586 3591 3721 3646 Julii
3758 3593 3947 3657 102-5;

2232 3682 2386 3736 unde
2415 3685 2732 3750 exsurgunt
2748 3680 2883 3734 anni
2900 3680 3137 3734 omnino
3158 3680 3375 3747 decem,
3400 3695 3625 3734 menses
3645 3678 3943 3750 quinque.

2231 3770 2422 3824 minus
2450 3769 2619 3824 unico
2649 3768 2743 3823 die
2776 3784 2789 3822 :
2824 3768 2893 3822 ad
2925 3774 3041 3822 tres
3086 3771 3279 3821 autem
3310 3783 3481 3839 supra
3509 3767 3946 3839 quinquaginta

2231 3859 2363 3913 vitae
2394 3874 2599 3923 annos,
2628 3873 2732 3912 cur
2779 3858 2986 3915 solum.
3039 3876 3067 3907 α
3125 3872 3351 3910 menses
3402 3864 3514 3911 tres
3556 3871 3685 3909 cum
3725 3856 3945 3911 diebus

2230 3946 2439 4018 viginti
2468 3968 2496 3996 »
2530 3945 2695 4000 nobis
2720 3945 2873 4001 demi
2903 3944 3040 3998 velit
3080 3944 3369 4012 Inchofer,
3436 3959 3672 4015 prorsus
3702 3959 3822 3998 non
3848 3961 3945 3999 ca-

2228 4032 2347 4101 pio;
2403 4031 2735 4087 meminerit
2786 4032 3093 4087 nativitatis
3140 4033 3417 4104 epocham
3478 4048 3512 4086 a
3552 4048 3609 4086 se
3660 4033 3942 4103 superius

2227 4120 2400 4175 ﬁxam
2442 4136 2565 4174 esse
2593 4137 2743 4174 anno
2802 4122 2905 4175 972
2955 4142 2977 4169 ι
3002 4120 3094 4175 die
3132 4138 3185 4175 v1
3232 4121 3362 4176 Maii
3410 4120 3551 4176 feria
3590 4120 3874 4190 secunda,
3910 4144 3936 4171 ο

2230 4208 2362 4263 inde
2415 4208 2627 4279 digitos
2671 4208 3025 4263 consulendo
3106 4210 3597 4280 uumeraudoque,
3671 4208 3939 4265 inveniet

2231 4295 2713 4367 completissimos
2742 4297 2872 4351 vitm
2918 4313 3099 4351 annos
3128 4298 3271 4353 duos
3300 4314 3474 4369 supra
3503 4297 3941 4369 quinquaginta

2228 4387 2709 4455 excurrentesque
2740 4400 2964 4439 menses
2995 4384 3141 4439 duos
3170 4401 3301 4440 cum
3345 4386 3547 4441 diebus
3583 4391 3835 4455 septem,
3867 4393 3940 4439 ut

2227 4471 2405 4526 ferme
2441 4487 2665 4526 menses
2695 4472 2891 4528 decem
2933 4473 3202 4530 demendi
3248 4474 3382 4530 sint.
3418 4473 3524 4529 Sed
3555 4473 3625 4529 de
3670 4473 3761 4527 his
3790 4475 3938 4529 satis

2226 4559 2439 4615 dictum
2472 4561 2734 4631 superius
2761 4560 2789 4631 ς
2818 4565 2873 4617 2.

2296 4650 2382 4703 74.
2430 4649 2752 4719 Supersunt
2822 4649 3012 4721 capita
3063 4651 3345 4723 quinque,
3417 4666 3624 4724 nempe
3676 4653 3768 4718 33,
3827 4652 3937 4707 ubi

2223 4736 2336 4791 nisi
2381 4738 2755 4793 vehementer
2822 4739 3010 4798 fallor,
3092 4738 3302 4793 fabulis
3354 4744 3613 4794 accenset
3659 4739 3941 4796 Inchofer

2228 4846 2250 4873 σι
2285 4841 2584 4881 occursum
2604 4826 2961 4882 daemonium
2980 4827 3050 4882 ad
3082 4828 3405 4899 exsequias,
3426 4849 3454 4878 »
3488 4828 3603 4882 sive
3630 4827 3701 4883 ad
3734 4835 3932 4884 extre-

2225 4929 2374 4968 mam
2397 4914 2549 4984 apud
2570 4913 2760 4969 Sancti
2780 4914 3076 4969 morientis
3097 4917 3329 4981 luctam,
3361 4936 3387 4963 ‹‹
3418 4921 3476 4969 et
3500 4916 3931 4972 accusationem

2221 5000 2372 5071 apud
2392 5001 2644 5055 tribunal
2672 5002 2802 5069 Dei;
2844 5022 2865 5050 ι
2909 5001 3120 5073 quibus
3142 5002 3288 5057 adde
3317 5002 3931 5074 praeponderatiouem

2217 5088 2408 5144 calicis
2437 5088 2492 5144 S.
2529 5089 2839 5154 Laurentii,
2869 5095 2927 5143 et
2955 5088 3186 5158 similia,
3213 5106 3343 5162 quae
3375 5091 3436 5145 in
3466 5091 3592 5145 loco
3637 5090 3931 5159 diximus,

2218 5178 2317 5248 pio
2339 5179 2477 5233 boni
2500 5193 2566 5232 ac
2586 5179 2864 5250 simplicis
2885 5178 3141 5233 eremitze
3183 5180 3405 5234 somnio
3467 5196 3642 5252 quam
3691 5181 3929 5237 veritati

2217 5265 2505 5322 historica:
2530 5268 2715 5338 magis
2760 5267 2976 5333 afﬁuia,
3022 5283 3128 5322 nec
3165 5269 3282 5323 ulla
3328 5268 3624 5324 vetustiori
3667 5271 3927 5325 auctori-

2217 5359 2335 5409 tate
2373 5355 2633 5423 sutfulta;
2684 5370 2928 5427 quaeque
2975 5354 3240 5426 fortasse,
3300 5357 3526 5427 poetica
3574 5355 3847 5412 libertate
3888 5375 3929 5413 a

2216 5443 2532 5515 pictoribus
2580 5442 2695 5497 sive
2750 5442 3135 5515 sculptoribus
3209 5444 3521 5516 symbolice
3572 5445 3928 5502 adumbrata

2216 5532 2475 5606 qualium
2496 5531 2665 5587 nimis
2696 5548 2869 5605 quam
2897 5530 3063 5587 obvia
3093 5539 3249 5602 sunt,
3280 5547 3471 5588 veram
3508 5532 3780 5603 subinde,
3810 5550 3926 5608 pro
