4028 6206
142 360 183 409 ill

134 473 417 528 saeculorum
444 468 677 523 istorum
707 471 897 538 captu,
942 465 1236 522 induerint
1265 467 1518 522 historiae
1555 467 1754 522 faciem
1785 470 1829 521 A

132 568 451 631 dignamquae
479 558 536 611 in
570 556 693 619 ipso
724 563 1053 610 sanctorum
1084 556 1374 611 Henriciet
1397 556 1763 625 Cuneguudis

132 649 386 704 mausolaeo
459 650 980 715 repraesentaretur.
1061 648 1202 698 (ian.
1297 647 1384 706 34,
1454 644 1764 698 recitantur

132 764 149 785 .ι
172 738 364 809 publica
410 759 435 782 ιι
472 735 746 787 nonnulla
776 752 801 783 α
835 734 1060 804 pietatis
1104 738 1162 786 et
1193 732 1488 802 religionis
1549 749 1762 787 monu-

131 832 280 880 menta
301 824 491 894 posita,
524 823 748 892 aliaque
780 823 875 892 pia
921 838 1096 891 opera
1129 822 1197 875 ab
1230 820 1469 876 Henrico
1502 826 1657 889 gesta
1685 837 1697 883 ;
1734 840 1760 869 ι)

128 932 226 986 quae
255 913 447 967 omnia.
482 911 565 965 uti
596 931 623 961 α
647 916 702 964 et
729 911 973 964 illustria
1007 911 1278 963 miracula
1312 915 1435 979 post
1463 912 1703 962 mortem
1739 934 1755 955 η

128 1024 150 1057 d
174 1006 385 1057 Sanctw
416 1005 650 1069 patrata.
690 1022 711 1047 ι
742 1000 999 1069 ejusdem
1030 1001 1195 1052 factae
1233 1022 1251 1045 α
1290 998 1697 1069 apparitiones,
1735 1018 1760 1047 υ

127 1088 514 1147 canonizationis
544 1088 799 1159 diploma
854 1088 923 1141 ab
957 1088 1207 1153 Eugenio
1263 1090 1366 1140 PP.
1418 1088 1508 1140 lll.
1545 1103 1763 1139 conces-

127 1196 243 1246 suui,
281 1184 581 1247 caeteraqne
654 1175 837 1229 tribus
896 1175 1109 1228 ultimis
1171 1176 1453 1245 capitibus
1504 1176 1760 1235 collecta,

128 1268 259 1338 paulo
284 1264 494 1319 uberius
525 1281 559 1317 a
610 1264 777 1317 nobis
835 1263 1081 1334 propriis
1133 1268 1247 1315 suis
1303 1263 1439 1316 locis
1490 1264 1666 1316 relata
1709 1267 1764 1315 et

125 1355 350 1421 explicata
377 1357 521 1405 sunt.
556 1355 743 1422 Atque
795 1353 911 1405 haec
969 1354 1037 1427 de
1071 1352 1352 1405 Inchcferi
1413 1368 1583 1420 opere
1614 1351 1763 1405 dicta

128 1442 369 1505 sulﬁciaut,
402 1459 502 1494 nos
538 1457 805 1494 exorsum
861 1442 1285 1510 deductumque
1329 1440 1547 1510 pridem
1587 1442 1759 1495 Com-

128 1530 336 1584 mentarii
367 1528 535 1582 nostri
556 1529 716 1582 tilum
750 1530 1121 1600 sequentibus
1150 1530 1522 1599 paragrapbis
1561 1528 1761 1582 ordine

126 1618 476 1685 exhibebimus,
493 1619 597 1671 ubi
615 1635 681 1672 ea
702 1618 1153 1688 praemiserimus
1176 1635 1305 1689 quae
1325 1620 1394 1671 ad
1408 1618 1761 1687 praecipuam

1719 346 1916 402 ACTA.

3501 350 3566 401 50

1874 468 2237 523 Henriciauas
2276 466 2539 522 deﬁnitae
2592 466 2743 535 velit,
2777 484 2919 540 quas
2976 468 3057 523 illi
3115 467 3199 523 vix
3231 468 3451 539 primis,
3507 473 3568 522 ut

1874 564 1957 611 est
1988 557 2045 611 in
2080 557 2399 628 proverbio,
2456 556 2629 611 labris
2673 557 3068 627 degustarnnt.
3104 562 3174 613 At
3200 558 3353 613 enim
3386 559 3454 611 de
3502 574 3567 609 ea

1875 663 1933 699 re
1965 650 2111 700 tacet
2137 646 2623 716 Chrouograpbus
2654 646 2821 712 Saxo,
2878 650 3065 700 tacent
3094 649 3340 700 Annales
3373 646 3567 700 Hilde—

1874 750 2176 788 semenses.
2214 734 2455 805 Utique:
2500 734 2594 787 sed
2652 734 2995 804 scriptorum
3026 735 3268 788 istorum
3301 736 3569 788 aliorum.

1873 839 1984 892 que
2016 822 2208 877 saeculi
2262 840 2332 876 xu
2384 822 2612 875 silentio
2672 824 2988 893 opponitur
3036 823 3280 893 positiva
3330 826 3566 876 assertio

1872 912 2127 981 ejusdem
2159 911 2353 965 :aeculi
2383 912 2695 982 scriptoris,
2731 928 2936 981 nempe
2973 912 3212 967 Gott‘ridi
3256 912 3569 966 Viterbien-

1872 999 1963 1066 sis,
2000 1000 2147 1069 apud
2182 999 2511 1063 Pistorium,
2562 1003 2720 1054 torno
2768 1001 2838 1067 II,
2871 1002 2983 1055 col.
3028 1002 3152 1067 «18's,
3185 1001 3345 1071 cujus
3376 1016 3568 1054 versus

1873 1088 1943 1141 ad
1973 1089 2182 1141 calcem
2217 1093 2491 1141 tractatus
2521 1088 2691 1156 hujus
2712 1088 2984 1142 invenies.
3021 1090 3343 1159 Opponitur
3376 1090 3568 1159 positi—

1874 1176 2102 1230 vissima
2133 1176 2390 1244 ejusdem
2450 1176 2727 1245 temporis
2784 1177 3087 1231 declaratio
3137 1177 3453 1243 Pontiticia,
3509 1178 3567 1231 in

1871 1265 2050 1318 relata
2075 1280 2258 1335 nuper
2296 1264 2739 1318 canonizationis
2796 1265 2950 1318 bulla
2991 1266 3271 1334 expressis
3311 1265 3569 1318 terminis

1874 1358 2090 1419 testata,
2124 1373 2151 1403 ‹‹
2183 1352 2243 1406 in
2274 1357 2395 1405 toro
2445 1351 2615 1405 etiam
2672 1352 2932 1419 legitimo
2977 1353 3225 1422 positum
3280 1356 3335 1406 S.
3370 1355 3566 1408 Henri-

1872 1459 2000 1496 cum
2037 1441 2422 1512 integritatem
2480 1440 2834 1494 castimoniae
2890 1457 3074 1511 usque
3111 1442 3176 1495 ad
3238 1442 3409 1494 linem
3444 1443 3568 1494 vita:

1871 1546 2269 1584 conservasse:
2306 1554 2332 1579 ››
2394 1529 2547 1600 quod
2574 1534 2723 1584 certe
2757 1529 2993 1583 minime
3033 1530 3373 1583 declarasset
3422 1531 3569 1584 Pon-

1872 1619 2031 1683 tifex,
2060 1619 2167 1672 nisi
2221 1618 2275 1672 id
2309 1636 2340 1671 a
2395 1619 2907 1688 Bambergensibus
2952 1618 3207 1687 legitime
3267 1618 3567 1689 probatum

126 1708 267 1763 Sancti
317 1708 622 1760 laureolam
700 1707 1102 1763 vindicandam
1182 1706 1357 1777 paulo
1441 1707 1761 1760 accuratius
1797 1745 1836 1798 Β
1876 1707 2198 1778 accepisset.
2261 1706 2411 1761 Nihil
2462 1706 2639 1777 igitur
2670 1707 2866 1760 obesse
2921 1712 3109 1777 potest
3146 1707 3570 1777 clu'onographi

126 1795 379 1850 examinari
407 1802 460 1849 et
486 1796 790 1849 nervosius
829 1795 1160 1849 conﬁrmari
1199 1799 1512 1849 merentur.

128 1904 272 1973 ngll.
300 1903 348 1957 S.
383 1902 612 1957 Henrici
641 1917 761 1956 cum
788 1907 980 1956 sancta
1024 1903 1235 1968 uirgine
1261 1899 1601 1968 Cunegunde,
1651 1913 1765 1952 ser-

536 1978 673 2027 rata
692 1977 749 2027 in
777 1974 1023 2039 coniugio
1043 1974 1387 2026 castimonia.

176 2067 245 2115 75.
278 2065 628 2131 Quamquam
654 2061 916 2129 superius
938 2061 1175 2115 dixerim
1200 2060 1510 2114 multaesse
1542 2074 1671 2128 quae
1704 2056 1764 2109 in

125 2154 361 2219 .lnonymo
391 2171 415 2199 ι
450 2150 593 2204 Vitae
631 2150 692 2204 S.
730 2149 955 2204 Henrici
1014 2170 1034 2196 ι
1066 2130 1339 2217 scriptore
1382 2163 1496 2200 non
1529 2144 1765 2199 omnino

124 2239 421 2292 admittenda
452 2237 901 2300 censeam,illud
924 2242 1072 2291 certe
1096 2236 1388 2307 suggillari
1412 2251 1527 2289 non
1558 2233 1765 2304 patior,

123 2328 234 2396 quod
260 2327 411 2379 habet
442 2344 570 2395 cap.
620 2330 679 2381 2t
719 2330 776 2379 et
805 2330 891 2391 27,
956 2325 1105 2379 unde
1161 2324 1449 2395 praecipua
1479 2321 1765 2377 sanctissi-

126 2415 202 2467 mis
223 2414 533 2485 conjugibus
559 2434 589 2466 ci
622 2415 865 2469 Henrico
897 2419 952 2467 et
981 2412 1341 2482 Cuneguudi,
1373 2427 1600 2482 neaque
1630 2425 1766 2463 con-

123 2502 408 2557 stantissima
436 2502 545 2557 fuit
575 2520 608 2556 a
637 2508 720 2556 tot
742 2502 962 2556 saeculis
1009 2501 1211 2571 gloria,
1245 2500 1400 2572 quod
1454 2500 1766 2553 intemera-

123 2595 205 2644 lam
230 2590 611 2657 illibatamque
656 2590 1045 2660 virginitatem
1079 2591 1316 2644 tumulis
1339 2590 1507 2643 ambo
1538 2593 1594 2641 et
1625 2587 1766 2640 coelo

124 2680 377 2734 intulerint.
419 2681 645 2735 Priscae
685 2679 902 2734 naenias
932 2685 987 2733 et
1016 2686 1233 2733 veteres
1275 2678 1752 2733 heterodoxorum

123 2774 291 2837 satyras
316 2769 585 2823 adversus
640 2766 1011 2823 continentiae
1043 2768 1383 2822 miraculum
1416 2782 1639 2837 sparsas
1674 2763 1763 2817 hic

125 2873 198 2909 nec
220 2858 564 2927 appellandas
592 2874 699 2911 nec
721 2857 1050 2911 refutandas
1093 2856 1340 2927 suscipio
1363 2873 1376 2921 ;
1411 2872 1526 2909 non
1556 2854 1767 2907 calum-

128 2943 203 2995 uiis
224 2949 306 2998 aut
329 2945 573 2999 dicteriis
625 2945 721 2998 sed
771 2944 1127 3014 argumentis
1176 2944 1511 2998 certandum
1534 2948 1635 3003 est,
1669 2958 1763 2993 re-

1874 1796 2037 1850 istius
2097 1801 2153 1849 et
2184 1796 2380 1850 decem
2418 1795 2475 1850 id
2532 1811 2712 1866 genus
2764 1795 3009 1849 aliorum
3068 1795 3385 1860 silentium,
3434 1795 3569 1849 dum

1872 1886 2022 1940 istud
2061 1885 2354 1939 vetustiori
2383 1890 2439 1939 et
2468 1884 2784 1955 probatiori
2805 1884 3117 1938 assertione
3148 1886 3398 1939 eliditur.

1941 1977 2030 2027 77.
2067 1972 2125 2027 Si
2161 1972 2457 2027 Pontificio
2480 1972 2784 2042 diplomati
2822 1972 3012 2027 minus
3069 1973 3205 2027 ﬁdat
3235 1973 3570 2041 Leibnitius,

1876 2062 2083 2128 habeo,
2116 2062 2269 2132 quod
2299 2077 2560 2115 recusare
2612 2078 2727 2115 non
2756 2062 2955 2131 possit,
3017 2062 3222 2116 Leonis
3256 2062 3570 2125 Marsicani,

1874 2150 2014 2205 alias
2044 2149 2361 2204 Cardinalis
2416 2149 2668 2220 episcopi
2700 2150 2993 2210 Ostiensis.
3042 2151 3101 2203 in
3162 2151 3443 2205 Chronico
3467 2152 3571 2205 Ca-

1873 2238 2087 2293 sinensi
2126 2238 2403 2293 disertum
2432 2236 2849 2303 testimonium,
2880 2237 3051 2291 citato
3083 2239 3392 2308 diplomate
3426 2239 3572 2292 mul-

1874 2333 1929 2381 to
1956 2326 2267 2396 antiquius,
2301 2326 2418 2380 imo
2468 2325 2647 2378 sancti
2683 2325 2861 2395 ipsius
2921 2326 3144 2379 Henriei
3196 2327 3347 2379 aetati
3383 2327 3572 2396 proxi-

1874 2433 2053 2482 mum,
2089 2421 2151 2469 ut
2182 2422 2311 2486 pote
2356 2414 2648 2485 scriptoris
2676 2413 2863 2468 saeculi
2906 2432 2982 2478 xi,
3010 2414 3127 2484 qui,
3162 2416 3301 2467 teste
3358 2415 3575 2482 Angelo

1873 2506 1941 2559 de
1966 2506 2135 2571 Nuce,
2161 2503 2467 2558 novissimo
2514 2502 2775 2558 Chronici
2834 2503 3065 2570 editore,
3100 2522 3127 2553 ‹‹
3190 2518 3309 2557 rem
3342 2519 3506 2555 orsus
3541 2520 3571 2554 ει

1872 2594 2098 2649 condito
2192 2591 2560 2655 monasterio,
2625 2608 2752 2646 eam
2816 2591 3071 2661 adusque
3148 2591 3287 2645 illud
3349 2596 3575 2661 tempus

1874 2682 2158 2750 perduxit,
2192 2698 2307 2751 quo
2332 2682 2656 2735 dedicatum
2687 2680 3209 2751 inauguratumque
3240 2680 3309 2733 ab
3332 2680 3573 2732 Alexan—

1872 2768 1974 2822 dro
2008 2770 2054 2822 ll
2083 2770 2365 2838 templum
2398 2768 2506 2821 fuit
2539 2784 2551 2819 :
2594 2789 2614 2815 ι
2647 2767 2704 2820 id
2766 2767 2920 2836 quod
2952 2783 3104 2819 anno
3142 2768 3264 2820 10'“
3306 2765 3572 2819 accidisse

1876 2862 2154 2923 narrant;
2189 2861 2251 2910 ut
2299 2858 2465 2927 plane
2522 2855 2829 2926 perspicias
2891 2871 3064 2925 quam
3110 2870 3312 2925 parum
3343 2871 3375 2907 a
3431 2856 3571 2907 San-

1873 2950 1963 2998 cto
2008 2946 2254 2999 abfuerit
2275 2946 2342 3010 is,
2366 2945 2527 3014 cujus
2543 2945 2874 3014 loquentem
2897 2942 3292 2996 auctoritatem
3315 2941 3571 2995 omnium

129 3033 345 3085 cautiores
371 3033 696 3103 aggredior.
738 3033 873 3086 Eam
905 3031 1154 3085 historiae
1206 3037 1424 3103 partem
1475 3028 1762 3085 immerito
1798 3024 1838 3078 C
1881 3033 2043 3087 istius
2073 3050 2137 3086 ac
2198 3032 2461 3103 sequenti
2507 3032 2698 3086 saeculi
2757 3032 3100 3101 scriptorum
3142 3031 3370 3084 silentio
3406 3033 3573 3100 longe.

129 3119 345 3173 vellicavit
376 3120 714 3179 Leibnitius,
756 3119 1198 3173 lntroductionis
1227 3136 1344 3174 suae
1404 3120 1474 3174 ad
1505 3118 1759 3187 Scripto-

131 3224 189 3258 res
211 3207 637 3262 Brunswicenses
670 3212 696 3275 ἓ
728 3212 814 3273 30,
869 3208 956 3261 his
990 3209 1174 3261 verbis
1209 3225 1221 3262 :
1278 3228 1305 3259 ιι
1364 3208 1631 3278 Magnum
1674 3210 1761 3263 vi-

132 3296 387 3350 mmfuisse
417 3298 493 3363 (S.
540 3295 874 3364 Henricum)
930 3301 989 3349 et
1017 3297 1289 3366 probum.
1348 3297 1609 3351 dubitare
1658 3315 1763 3351 nos

132 3388 243 3450 gesta
262 3400 363 3439 non
391 3385 610 3450 sinunt,
647 3383 1033 3454 virginitatem
1065 3384 1447 3438 voluntariam
1476 3384 1536 3438 in
1561 3386 1763 3439 matri—

135 3472 274 3524 monio
297 3489 417 3527 cum
445 3473 800 3542 Cunegunde
844 3473 1091 3543 conjuge
1150 3472 1391 3527 coluisse
1422 3473 1763 3543 posteriores

132 3558 433 3628 tradiderunt,
460 3561 739 3616 coastanei
786 3576 889 3614 nec
922 3561 1226 3615 minimum
1279 3561 1448 3631 hujus
1479 3562 1764 3632 opinionis

134 3649 365 3717 vestigium
397 3650 690 3716 exhibent,
732 3652 795 3703 ut
844 3649 987 3703 adeo
1018 3666 1366 3721 magnopere
1420 3650 1474 3703 ei
1502 3651 1604 3705 ﬁdi
1649 3668 1761 3705 non

135 3736 278 3799 possit.
306 3757 329 3787 α
360 3739 569 3792 Laudat
607 3736 952 3791 Leibnitium
993 3738 1252 3792 Struvius
1305 3738 1473 3808 eique
1516 3738 1762 3792 subscri-

136 3821 202 3885 bit,
225 3841 334 3895 pag.
366 3831 500 3892 388;
539 3833 853 3895 utrumque
888 3826 1185 3880 convenio.
1220 3827 1283 3880 Et
1310 3826 1541 3896 quidem
1573 3827 1762 3879 maui-

136 3910 233 3963 teste
254 3913 412 3985 liquet
442 3931 565 3968 rem
597 3914 756 3967 illam
810 3913 946 3966 satis
1004 3914 1389 3984 perfunctorie
1421 3931 1452 3967 a
1488 3913 1763 3969 Leibnitio

134 3998 392 4067 delibatam,
446 4003 638 4073 utgqui
668 4004 725 4055 S.
768 4001 991 4055 llenrici
1031 4001 1521 4054 canonizationem
1570 4018 1763 4070 perpe-

136 4089 769 4145 ramtribuitlnnocentio
811 4091 905 4155 Ill,
957 4095 1021 4143 ut
1075 4088 1222 4143 forte
1279 4106 1346 4143 ea
1378 4090 1597 4143 ratione
1628 4106 1765 4159 pou-

137 4172 319 4230 tiﬁcium
370 4178 435 4232 de
480 4184 707 4232 servata
753 4177 1081 4248 virginitate
1140 4178 1529 4231 testimonium
1562 4179 1631 4231 ad
1666 4194 1766 4231 sae-

136 4261 277 4318 culum
325 4282 411 4320 xui
463 4272 775 4333 removeat,
821 4282 1019 4321 verum
1072 4266 1194 4335 jam
1257 4282 1430 4336 supra
1475 4271 1764 4320 ostensum
1795 4302 1834 4354 υ

136 4354 211 4415 est,
234 4353 346 4407 totis
372 4354 484 4411 fere
512 4356 813 4426 sexaginta
859 4354 1025 4409 annis
1074 4354 1263 4421 citius,
1308 4355 1585 4409 nimirum
1616 4370 1765 4408 anno

140 4439 236 4492 llis
252 4443 476 4498 coalitum
523 4446 770 4500 honores
800 4447 1170 4498 consecutum
1210 4447 1470 4497 sanctum
1512 4445 1764 4514 Impera-

136 4528 285 4582 torem.

186 4617 389 4671 76.At«
418 4621 691 4675 coaetanei
740 4637 844 4675 nec
898 4620 1203 4675 minimum
1259 4622 1429 4692 hujus
1477 4620 1765 4691 opinionis

136 4703 376 4771 Vestigium
416 4709 700 4763 exhibent.
758 4727 785 4761 io
842 4708 1067 4773 Quaero,
1135 4725 1278 4780 quos
1326 4714 1645 4763 coaetaneos
1674 4708 1766 4763 hic

136 4792 362 4859 appellare
390 4798 564 4865 possit
596 4797 907 4852 Leibnitius
933 4800 963 4850 ‘I
1008 4797 1385 4851 Adelboldum
1442 4798 1585 4851 forte
1610 4798 1638 4850 ’ἐ
1668 4800 1767 4851 Ast

137 4876 256 4932 istius
280 4885 648 4952 operissolnm
680 4886 1063 4956 fragmentum
1089 4892 1366 4956 superest.
1406 4884 1766 4939 Ditmarum?

136 4962 264 5020 Scivit
283 4970 360 5023 vir
398 4973 811 5028 eruditissimus
860 4974 996 5027 totis
1025 4991 1117 5028 sex
1152 4974 1317 5028 annis
1351 4974 1591 5028 Henrico
1624 4990 1766 5043 prae-

140 5062 371 5112 mortuum
424 5078 564 5129 esse,
624 5079 809 5134 neque
861 5064 1005 5117 adeo
1082 5078 1226 5130 rem,
1279 5063 1468 5134 quoad
1526 5062 1764 5117 Sanctus

141 5139 593 5215 Vixit,ignoratam,
622 5151 682 5203 in
712 5151 834 5220 ejus
865 5151 1129 5205 notitiam
1160 5151 1457 5221 pervenire
1489 5152 1763 5222 potuisse,

143 5242 269 5294 quam
293 5236 385 5289 sub
416 5244 728 5293 extremum
761 5240 889 5293 vitae
938 5240 1246 5293 articulum
1278 5241 1531 5309 primum
1557 5240 1767 5309 patefe-

144 5315 215 5371 cit.
242 5322 373 5376 Alios
400 5331 711 5381 coetaneos
739 5329 1043 5399 scriptores
1096 5343 1215 5383 non
1268 5328 1432 5383 facile
1484 5328 1613 5399 quis
1632 5344 1765 5399 pro-

149 5403 343 5465 duxerit.
369 5413 421 5467 Si
435 5415 501 5468 ad
534 5416 790 5485 proxime
821 5423 1125 5489 sequentes
1166 5417 1639 5487 chronograpbos
1670 5418 1765 5472 Ot-

152 5495 312 5563 lonem,
351 5503 748 5569 Hermannum,
798 5507 1053 5576 aliosque
1111 5505 1245 5561 alibi
1287 5506 1611 5559 nominatos
1640 5522 1767 5577 pro-

154 5588 427 5643 ‘Wieldacit
464 5593 661 5647 Sancto
720 5593 1010 5663 injuriam.
1074 5596 1224 5666 quod
1273 5595 1341 5647 iis
1398 5595 1621 5648 arbitris
1679 5612 1767 5648 res

1875 3122 2154 3193 potiorem
2204 3120 2615 3174 existimamus.
2678 3120 2821 3175 Audi
2871 3120 3072 3174 Leonis
3125 3120 3315 3183 verba,
3370 3120 3471 3175 lib.
3517 3138 3570 3177 ιι.

1873 3227 1976 3280 cap
2000 3212 2086 3265 46.
2120 3229 2135 3264 :
2169 3228 2195 3260 ι(
2248 3210 2431 3278 Super
2461 3215 2693 3262 caeteras
2743 3201 2935 3262 autem
2996 3207 3280 3262 bonitates
3312 3224 3407 3261 seu
3459 3208 3573 3261 vir—

1874 3304 2021 3353 tutes
2054 3316 2194 3369 quas
2225 3298 2376 3352 idem
2428 3297 2742 3367 imperator
2788 3297 3053 3351 habuisse
3089 3302 3355 3350 narratur
3386 3316 3415 3350 a
3444 3298 3571 3356 Deo,

1872 3390 2053 3441 fertur
2102 3387 2305 3441 vixisse
2365 3386 2735 3453 castissimus,
2772 3390 2850 3449 ut,
2902 3387 2971 3439 ad
3023 3385 3223 3439 mortis
3270 3384 3573 3438 articulum

1874 3476 2125 3541 veniens,
2157 3491 2348 3528 coram
2385 3474 2762 3545 praesentibus
2804 3473 3086 3544 episcopis
3143 3480 3314 3544 atque
3363 3473 3575 3526 abbati-

1873 3566 1979 3618 bus
2009 3564 2364 3619 Cunibundae
2410 3562 2829 3636 [Cunegundae]
2885 3562 3145 3631 conjugis
3180 3578 3297 3615 suae
3336 3560 3573 3632 propin-

1873 3653 2022 3724 quis,
2046 3669 2227 3723 eaque
2294 3652 2404 3705 illis
2466 3652 2693 3716 tradita,
2758 3652 2939 3705 fertur
2984 3650 3212 3721 (dixisse
3267 3650 3483 3703 feratur
3516 3665 3527 3701 :
3560 3651 3572 3693 ‘2

1874 3740 2124 3811 Recipite
2145 3757 2317 3812 quam
2368 3738 2511 3794 mihi
2557 3739 2863 3793 tradidistis
2916 3738 3196 3807 virginem
3250 3742 3514 3790 vestram.
3554 3764 3568 3781 η

1877 3830 2090 3885 Laudat
2121 3830 2240 3899 ipse
2290 3828 2600 3882 Leibnitius
2659 3832 2949 3881 auctorem
2981 3827 3123 3879 Vitae
3184 3826 3363 3878 sancti
3395 3826 3574 3879 Mein-

1873 3918 2057 3972 werci.
2094 3938 2118 3968 (ι
2152 3918 2278 3970 Vita
2305 3916 2644 3980 Meinwerci,
2679 3916 2887 3984 inquit,
2935 3914 3041 3967 etsi
3092 3914 3300 3966 saeculo
3341 3914 3572 3966 demum

1875 4011 2148 4077 sequente
2181 4006 2459 4075 (adeoque
2503 4003 2605 4074 xu)
2666 4003 2894 4073 scripta,
2951 4004 3131 4055 multa
3188 4006 3378 4055 tamen
3406 4000 3575 4054 habet

1878 4095 2038 4149 utilia
2063 4094 2134 4148 ad
2194 4110 2281 4147 res
2336 4093 2609 4164 Episcopo
2665 4098 3196 4162 contemporaneas,
3257 4090 3572 4145 Caesarum-

1875 4200 1986 4254 que
2017 4188 2074 4236 et
2100 4183 2427 4253 principum
2458 4186 2581 4235 acta
2619 4181 3033 4250 cognoscenda,
3090 4195 3220 4233 cum
3266 4195 3368 4233 nec
3401 4194 3572 4249 syno-

1876 4274 1980 4327 dos
2010 4277 2312 4342 praetereat
2349 4271 2603 4341 aliasque
2643 4287 2733 4324 res
2766 4270 3151 4324 ecclesiarum.
3192 4291 3216 4317 υ

1948 4363 2033 4414 78.
2069 4360 2127 4414 Si
2160 4360 2218 4413 in
2245 4359 2314 4412 iis
2341 4358 2609 4412 omnibus
2666 4358 2838 4412 tidem
2872 4362 3124 4411 meretur
3156 4356 3397 4424 scriptor
3444 4354 3570 4409 dili-

1877 4446 2264 4519 gentissimus,
2299 4464 2425 4519 quae
2461 4448 2532 4501 ad
2559 4468 2580 4495 ι
2635 4449 2922 4501 Caesarum
2980 4451 3038 4501 et
3096 4444 3419 4514 principum
3453 4447 3575 4496 acta

1876 4536 2265 4607 cognoscenda
2301 4559 2321 4583 ι
2361 4534 2670 4606 pertinent,
2730 4550 2843 4587 non
2909 4534 3114 4604 opinor
3152 4550 3216 4585 ea
3247 4538 3407 4600 parte
3440 4531 3570 4601 reji-

1875 4624 2160 4691 ciendum,
2195 4625 2348 4694 quod
2384 4624 2454 4677 de
2509 4622 2827 4676 castissima
2861 4627 3188 4675 sanctorum
3245 4619 3469 4674 Henrici
3520 4624 3576 4671 et

1874 4712 2239 4783 Cunegundis
2294 4711 2563 4781 conjugio
2616 4710 3030 4764 dissertissimis
3088 4708 3273 4762 verbis
3324 4707 3577 4762 testimo-

1876 4800 2034 4854 nium
2058 4800 2226 4863 dicat,
2258 4799 2428 4852 rebus
2488 4798 2611 4852 istis
2644 4799 2931 4863 omnibus,
2966 4816 2997 4851 a
3025 4815 3083 4851 se
3114 4797 3378 4864 narratis,
3413 4812 3574 4865 aeque

1872 4888 2253 4959 propinquus.
2290 4888 2367 4941 En
2398 4886 2579 4957 igitur
2607 4886 2987 4939 clarissimum
3030 4884 3320 4955 opinionis
3348 4899 3380 4936 a
3414 4883 3572 4936 Leib-

1874 4977 2017 5031 nitio
2046 4976 2362 5045 repudiatae
2397 4992 2509 5029 non
2546 4998 2565 5023 «
2598 4974 2900 5044 vestigium
2938 4996 2957 5020 ι
2993 4975 3199 5035 solum,
3233 4971 3328 5024 sed
3361 4985 3573 5023 navum

1873 5065 2263 5120 testimonium
2298 5064 2543 5117 ﬁdeliter
2582 5083 2607 5114 (ι
2666 5064 2999 5117 exhibitum.
3042 5084 3061 5107 ι
3118 5060 3208 5115 Sic
3231 5058 3486 5129 loquitur
3515 5057 3570 5111 in

1874 5160 2068 5208 nostra
2096 5152 2367 5217 editione,
2392 5168 2515 5221 cap.
2548 5156 2604 5217 2,
2662 5169 2819 5205 num.
2855 5154 2905 5216 9,
2940 5148 3089 5217 apud
3125 5148 3310 5216 ipsum
3346 5147 3572 5201 Leibni-

1873 5242 2016 5297 tium
2048 5256 2208 5295 num.
2248 5245 2329 5303 12,
2361 5258 2496 5311 pag.
2533 5245 2627 5295 52l
2664 5257 2676 5294 ε
2708 5263 2728 5286 ι
2770 5239 2974 5293 Eodem
3022 5252 3173 5289 anno
3204 5236 3436 5307 (nempe
3470 5238 3575 5306 NII)

1875 5345 2024 5386 novo
2052 5344 2187 5398 rege
2225 5328 2577 5382 nativitatem
2634 5326 2919 5381 Laurentii
2978 5324 3036 5377 in
3086 5324 3309 5378 civitate
3341 5326 3572 5379 Pather-

1878 5418 2191 5476 brunnensi
2221 5418 2567 5481 celebrante,
2600 5417 2812 5468 doinna
2844 5413 3242 5479 Chunigunda,
3277 5413 3479 5483 ipsius.
3516 5422 3577 5467 ut

1878 5506 2189 5577 putabatur
2223 5522 2380 5569 uxor,
2410 5522 2469 5558 re
2502 5508 2690 5556 autem
2722 5518 2855 5556 vera
2904 5502 3177 5557 castitatis
3205 5503 3572 5557 aemulatione

1878 5611 2057 5659 soror,
2093 5610 2125 5646 a
2179 5593 2451 5664 praedicto
2508 5590 2783 5660 Willigiso
2860 5590 3233 5661 Magontiensi
3296 5589 3573 5658 archiepi-
