4028 6206
390 291 448 345 5t
1689 286 1743 341 s.
1790 243 2076 340 usumin
2113 283 2125 338 ι

2297 281 2591 338 RATORIS
2983 241 2986 248 λ
3360 275 3369 281 '
3839 282 3911 335 δε

391 428 580 483 scopo,
616 409 760 466 inibi
792 409 967 482 regite
1009 410 1453 465 consecrationis
1514 409 1831 464 dominium
1859 408 2086 462 adinve-
2113 413 2160 465 A
2195 405 2411 461 bonum
2441 411 2499 461 et
2523 405 2858 478 simplicem,
2929 405 3124 462 omnia
3175 407 3436 480 conjugis
3489 407 3820 463 ambitiosa:
3851 413 3915 462 et

390 502 496 557 nit.
533 520 561 552 ι)
597 498 923 555 Clarissima
950 499 1094 567 haec,
1118 498 1228 553 nisi
1269 501 1638 554 vehementer
1664 499 1846 567 fallar,
1876 502 1932 552 et
1960 513 2093 569 per-

393 589 679 662 emptoria
708 593 860 654 sunt,
921 605 1040 642 non
1094 606 1127 642 a
1162 611 1183 638 κ
1243 588 1657 659 posterioribus
1701 587 1930 652 tradita,
1965 607 1992 638 ››
2029 591 2094 640 ut

395 679 583 734 aiebat
615 677 948 745 Leibnitius,
990 677 1086 732 sed
1118 679 1188 731 ab
1217 677 1535 748 mqualibus
1566 681 1623 730 et
1666 675 2092 747 subaequalibus

401 790 424 818 ι
460 767 716 822 exhibita
746 785 774 818 ι)
825 772 1187 836 argumenta,
1241 767 1452 836 quibus
1495 782 1599 820 nec
1648 766 1832 820 hilum
1865 764 2094 819 ofﬁcere

397 860 590 928 posset
619 858 1039 910 coaetaneorum
1073 854 1146 923 (si
1167 854 1265 925 qui
1295 855 1442 908 forte
1473 854 1683 909 alicubi
1711 855 2096 926 superessent)

399 944 745 1014 scriptorum
787 943 1116 1009 silentium;
1170 950 1235 997 ut
1282 943 1526 1013 proinde
1579 943 1788 1015 frigida
1836 943 2100 998 Leibnitii

402 1033 632 1101 locutio,
672 1053 698 1079 α
756 1031 1097 1102 posteriores
1161 1032 1598 1102 tradiderunt,»
1643 1034 1807 1104 quasi
1844 1032 2100 1088 iudicare

404 1121 561 1188 velit,
593 1119 896 1191 postremis
947 1119 1102 1173 hisce
1132 1120 1352 1173 saeculis
1409 1126 1601 1174 natam
1660 1121 1912 1191 primum
1946 1120 2102 1191 piam

403 1210 573 1264 istam
629 1208 1045 1274 credulitatem,
1117 1209 1344 1263 abunde
1410 1214 1712 1264 enervetur
1760 1214 1816 1264 et
1873 1210 2103 1264 convel-

404 1299 574 1352 latur.
1042 1369 1046 1374 ν

476 1388 566 1440 79.
620 1383 888 1439 Pluribus
937 1383 1028 1438 hic
1091 1384 1453 1455 supersedeo,
1512 1401 1642 1439 cum
1689 1386 1811 1456 jam
1867 1387 2109 1456 allegata

409 1474 648 1529 omnino
707 1473 994 1526 sufﬁciant
1040 1473 1109 1526 ad
1161 1473 1472 1528 refellenda
1543 1491 1672 1545 quae
1726 1474 1947 1540 leviter,
2011 1479 2111 1529 aut

410 1563 714 1618 mitissime
743 1562 948 1629 dicam,
983 1561 1051 1615 ab
1091 1561 1301 1616 illustri
1330 1562 1554 1616 erudito
1609 1563 1751 1629 viro,
1803 1563 2107 1634 nobisque,

411 1654 549 1708 dum
586 1651 821 1716 viveret,
880 1649 1063 1704 amico
1117 1652 1339 1721 prolata
1395 1656 1554 1718 sunt,’
1605 1653 1810 1708 melius
1875 1668 1942 1706 eo
1987 1653 2111 1706 loco

413 1740 848 1813 praetereunda;
883 1755 1010 1810 quae
1041 1740 1378 1794 saneomitti
1403 1742 1620 1812 absque
1642 1743 1910 1813 scrupulo
1944 1746 2114 1812 pote-

411 1835 565 1896 rant,
625 1833 690 1884 ut
746 1832 878 1899 pote
943 1828 1272 1898 importune
1321 1829 1543 1883 intrusa
1591 1829 1660 1884 ad
1719 1829 2115 1884 ostentandam

415 1919 836 1992 quodammodo
886 1917 1287 1983 eruditionem,
1330 1918 1794 1989 quandoquidem
1827 1918 1888 1972 in
1918 1934 2006 1984 eo,
2047 1918 2116 1971 de

415 2025 532 2079 quo
559 2006 642 2060 ibi
672 2006 884 2077 agitur,
913 2021 1108 2076 opere,
1158 2022 1366 2077 nempe
1417 2007 1715 2062 Adelboldi
1752 2007 2004 2078 episcOpi
2032 2007 2116 2061 Ul-

415 2095 792 2166 trajectensis,
825 2111 994 2164 supra
1027 2111 1058 2148 a
1090 2094 1252 2149 nobis
1282 2095 1583 2167 descripto,
1643 2112 1748 2150 nec
1771 2095 2010 2150 verbum
2049 2096 2118 2150 de

423 2206 443 2231 α
481 2182 809 2254 virginitate
867 2182 1193 2236 voluntaria
1224 2203 1251 2234 »
1303 2201 1334 2236 a
1371 2184 1425 2239 S.
1485 2185 1722 2239 Henrico
1750 2204 1779 2236 ei
1830 2184 1891 2239 in
1921 2183 2120 2238 matri-

421 2271 616 2326 monio
646 2287 775 2325 cum
807 2271 1155 2340 Cunegunde
1209 2273 1454 2342 conjuge
1494 2273 1667 2339 culta,
1701 2292 1729 2323 »
1757 2287 2003 2342 usquam
2026 2286 2120 2324 re-

421 2361 698 2432 periatur.
733 2360 1063 2430 Optandum
1093 2376 1229 2413 sane
1258 2366 1408 2414 esset
1436 2364 1500 2414 ut
1532 2376 1691 2413 sacra
1721 2360 1909 2414 omnis
1941 2361 2123 2412 eccle-

423 2449 647 2504 siastica
677 2448 916 2503 historia
943 2453 1057 2501 tam
1101 2437 1312 2502 firmis
1341 2447 1730 2503 fundamentis
1779 2448 2127 2502 consolidata

427 2537 802 2605 stabiliretur,
833 2537 905 2590 ad
943 2536 1273 2590 odiosorum
1330 2536 1652 2591 criticorum
1683 2536 1954 2608 obloquia
1984 2553 2129 2607 prae-

425 2623 710 2680 cludenda
738 2629 793 2678 et
819 2623 1049 2695 penitus
1095 2623 1526 2694 exstinguenda.
1575 2625 1698 2678 Jam
1731 2641 1765 2678 a
1794 2628 1954 2678 tanto
1983 2629 2128 2678 tem-

427 2729 567 2784 pore
605 2712 822 2784 experti
850 2717 985 2766 sunt
1013 2711 1223 2767 eruditi
1269 2711 1586 2778 acatholici,
1617 2711 1676 2767 in
1705 2712 1814 2767 hoc
1842 2721 2040 2766 nostro
2059 2712 2129 2767 de

431 2803 584 2856 Actis
613 2803 952 2856 Sanctorum
983 2816 1156 2871 opere
1203 2800 1470 2854 veritates
1512 2801 1810 2855 historicas
1840 2806 1956 2855 tam
1978 2817 2133 2854 accu-

432 2906 557 2943 rare
617 2889 864 2944 discerni
913 2889 983 2943 ab
1045 2889 1116 2943 iis
1169 2905 1296 2960 qua:
1339 2888 1447 2942 levi
1497 2890 1760 2960 populari
1806 2889 2128 2955 traditione,

432 2977 613 3032 nimia
643 2977 882 3031 subinde
913 2976 1184 3030 facilitate
1224 2976 1470 3032 admissa
1499 2983 1652 3044 sunt,
1683 2982 1746 3031 ut
1773 2983 1981 3032 nostra:
2012 2977 2129 3030 sin-
2163 2971 2203 3026 Ο

434 3065 653 3119 ceritati
685 3065 861 3119 ﬁdere
893 3069 1016 3118 tuto
1063 3065 1302 3136 possint,
1354 3081 1458 3118 nos
1510 3081 1626 3119 non
1679 3071 1894 3120 temere
1925 3065 2133 3120 admis-

436 3169 600 3208 suros
656 3169 784 3224 quae
849 3153 1045 3207 solidis
1098 3151 1386 3208 historicis
1434 3153 1821 3208 fundamentis
1886 3154 2135 3208 stabilita

438 3257 554 3296 non
585 3242 716 3296 sint.
778 3242 999 3295 Maneat
1047 3240 1224 3311 igitur
1276 3240 1336 3294 in
1391 3256 1495 3294 sua
1549 3241 1905 3311 possessione
1943 3246 2134 3295 sancta

438 3335 623 3383 mater
652 3329 939 3384 Catholica
968 3329 1235 3388 Ecclesia.
1267 3333 1322 3381 et
1379 3343 1573 3382 rarum
1625 3328 1993 3383 continentia:
2021 3329 2134 3382 vir-

439 3417 645 3487 ginalis
697 3423 782 3472 tot
833 3417 985 3472 inter
1034 3417 1327 3471 illecebras
1381 3417 1732 3486 exemplum,
1791 3433 1890 3470 seu
1946 3416 2136 3487 potius

440 3506 645 3561 divinae
677 3505 878 3576 gratias
919 3505 1254 3558 miraculum
1298 3505 1465 3575 quale
1492 3505 1693 3559 eodem
1747 3507 1954 3559 saeculo
1984 3505 2140 3559 exhi-

438 3594 643 3648 buitin
663 3594 868 3665 Anglia
901 3594 956 3648 8.
989 3594 1303 3660 Eduardus,
1349 3592 1612 3648 ﬁdelibus
1661 3593 1777 3648 suis
1806 3593 1940 3649 ﬁliis
1986 3594 2138 3648 exal-

443 3687 563 3737 tare
593 3698 657 3736 ac
682 3682 994 3750 praedicare
1025 3697 1140 3734 non
1163 3681 1398 3734 desinat.

538 3773 627 3825 80.
688 3771 782 3824 His
840 3770 918 3823 ita
974 3771 1245 3823 adversus
1309 3769 1760 3824 iilustrissimum
1810 3775 1868 3825 et
1923 3769 2141 3824 clarissi

442 3875 626 3923 mum,
657 3858 938 3928 uobisque
991 3858 1496 3912 aestimatissimum
1552 3858 1734 3912 virum
1783 3859 2037 3913 modeste
2077 3876 2142 3914 ac

444 3947 565 4002 sine
605 3947 778 4001 ullius
806 3947 1119 4004 offensione
1154 3947 1444 4014 discussis,
1487 3947 1894 4018 probatisque;
1922 3948 2142 4018 ignosci

445 4036 590 4091 mihi
654 4038 900 4106 postulo,
957 4036 1003 4089 si
1058 4035 1184 4106 pari
1241 4036 1633 4089 moderatione
1694 4052 1810 4089 non
1859 4035 2142 4105 excipiam

450 4146 472 4174 ι
500 4125 638 4193 otia,
664 4145 692 4174 »
728 4124 936 4178 rectius
992 4123 1220 4185 dixeris,
1272 4123 1515 4177 sommia
1545 4146 1566 4172 ι
1632 4124 2078 4194 Gundlingiana,
2115 4145 2140 4175 ι)

447 4229 578 4284 quas
597 4212 923 4283 germanice
970 4227 1212 4282 procusa
1251 4211 1423 4265 audio
1465 4227 1615 4264 anno
1679 4215 1830 4280 I706,
1862 4228 2137 4282 quorum-
2171 4245 2212 4296 υ

448 4318 560 4374 que
590 4301 1021 4373 compendium,
1066 4299 1137 4354 ab
1190 4300 1374 4354 amico
1429 4307 1747 4370 acceptum,
1783 4317 1895 4354 non
1926 4302 2142 4373 absque

448 4392 742 4446 stomacho
782 4391 972 4459 legere
1024 4389 1209 4460 potui,
1257 4393 1467 4442 lautam
1518 4389 1982 4444 inverecundiam
2015 4406 2148 4444 exe-

449 4485 656 4546 cratus,
727 4478 1098 4549 miratusque,
1148 4477 1207 4532 in
1267 4478 1387 4548 ipsa
1453 4477 1697 4532 Saxonia
1740 4495 1774 4532 a
1827 4480 2148 4549 professore

449 4569 692 4636 Saxone,
724 4568 794 4623 de
834 4566 1238 4636 augustissimo
1291 4566 1567 4621 Saxonico
1627 4566 1902 4638 principe,
1951 4574 2150 4622 contra

453 4657 869 4728 apertissimam
898 4658 1072 4712 fidem
1128 4656 1481 4718 historicam,
1528 4656 2008 4711 constantissimis
2065 4661 2151 4710 tot

453 4747 794 4801 saeculorum
841 4745 1187 4800 testimoniis
1264 4746 1567 4811 ﬁrmatam,
1628 4750 1744 4798 tam
1810 4745 2150 4799 immodesta

454 4839 764 4889 scommata
834 4833 992 4902 vulgi
1045 4832 1225 4888 oculis
1283 4833 1479 4902 lingua
1549 4834 1854 4887 vernacula
1897 4833 2153 4904 exposita

453 4925 648 4994 fuisse,
683 4941 814 4996 quae
862 4926 948 4978 vel
1000 4925 1162 4995 ipsis,
1214 4925 1415 4978 saltem
1469 4923 1733 4992 cordatis,
1791 4924 2149 4991 Lutheranis,

455 5031 622 5070 exosa
668 5014 1034 5079 crediderim,
1077 5017 1268 5083 utpote
1299 5012 1499 5084 putida
1552 5014 1848 5084 figmenta,
1892 5027 2008 5066 non
2043 5012 2152 5067 nisi

456 5105 709 5158 Vulcano
747 5102 940 5172 digna.
974 5101 1160 5156 Audet
1184 5101 1290 5167 vir,
1325 5105 1388 5154 ut
1429 5101 1622 5166 audio,
1656 5116 1771 5154 non
1824 5100 2152 5154 illitteratus

459 5213 486 5241 α
522 5191 640 5246 otio
675 5212 702 5241 ι
732 5207 834 5245 suo
855 5189 1032 5255 abuti,
1093 5194 1157 5244 ut
1187 5189 1245 5242 in
1294 5191 1548 5244 caelestes
1593 5193 1899 5258 Augustos,
1933 5190 2150 5244 calamo

456 5298 572 5337 non
624 5280 758 5334 satis
799 5278 1093 5349 castigato,
1159 5278 1475 5333 calumnias
1523 5282 1770 5341 evomat,
1835 5291 2150 5347 eorumque

453 5368 831 5425 castissimum
863 5368 1220 5440 conjugium,
1262 5366 1480 5438 spurcis
1531 5364 1825 5419 nonnullis
1855 5365 2151 5419 sarcasmis

451 5458 849 5523 commaculet,
917 5456 1335 5512 sanctissimum
1365 5456 1775 5525 Imperatorem
1828 5452 2151 5507 describens

453 5570 479 5597 α
516 5552 580 5602 ιιι
609 5547 901 5602 hominem
930 5545 1283 5614 morbidum,
1324 5546 1722 5615 impotentem,
1777 5546 1908 5606 etc.,
1961 5541 2145 5595 virum

2197 495 2417 549 callida:
2473 495 2738 566 precibus
2793 495 3072 566 probrosa
3135 496 3404 551 facilitate
3463 498 3912 552 concedentem.

2199 584 2461 638 Sanctam
2490 600 2623 638 vero
2660 584 3070 655 Cunegundem
3114 586 3286 638 variis
3343 585 3612 640 conviciis
3638 586 3914 656 proscin-

2201 674 2306 741 dit,
2339 678 2396 727 et
2451 673 2586 726 satis
2648 678 2842 742 aperte
2891 673 3205 727 adulteram
3266 675 3554 744 proponit,
3588 673 3921 729 damnabili

2203 761 2586 832 quorumdam
2649 778 3049 832 episcoporum
3107 762 3517 828 familiaritate,
3568 763 3813 817 absente
3857 761 3918 815 in

2205 849 2663 920 expeditionibus
2691 848 2906 902 bellicis
2938 849 3167 915 marito,
3202 864 3382 916 usam,
3421 870 3442 897 ι
3476 855 3580 903 etc.

2279 985 2366 1036 81.
2415 982 2636 1050 Mirare,
2695 982 2950 1050 obsecro,
2993 1002 3020 1031 α
3077 974 3193 1036 otia
3249 980 3687 1051 Gundlingiaua,
3721 1003 3750 1027 ››
3800 978 3922 1032 otia

2210 1087 2386 1138 mera,
2414 1071 2573 1141 jocos
2598 1070 2882 1138 scurriles,
2928 1070 3104 1124 aniles
3131 1076 3368 1142 satyras,
3428 1086 3696 1124 vocemus
3730 1083 3922 1138 nugas

2211 1168 2267 1215 et
2293 1176 2486 1229 gerras
2517 1159 2720 1215 Siculis
2765 1159 3093 1227 inaniores;
3127 1161 3326 1230 quales
3376 1167 3526 1214 certe
3577 1159 3924 1213 fatebuntur

2212 1246 2421 1301 eruditi
2450 1263 2669 1313 omnes,
2703 1246 2912 1318 quibus
2942 1247 3064 1302 haec
3096 1247 3413 1313 scribimus,
3447 1247 3620 1302 etiam
3672 1245 3921 1299 acatho-

2213 1335 2329 1403 lici,
2363 1336 2514 1405 apud
2561 1351 2706 1407 quos
2745 1335 2802 1390 id
2853 1352 3036 1407 genus
3087 1337 3483 1390 cantiunculas
3541 1334 3921 1388 commisera-

2216 1424 2370 1477 tione
2400 1423 2590 1492 potius
2621 1439 2793 1494 quam
2816 1423 3022 1494 plausu
3071 1422 3243 1493 digna
3301 1423 3718 1490 existimamus,
3755 1437 3923 1492 aeque

2217 1527 2283 1566 ac
2311 1510 2677 1565 novissimam
2712 1512 2946 1565 alterius
2982 1511 3286 1565 Lutherani
3318 1511 3523 1565 thesim
3559 1511 3925 1574 historicum,

2219 1599 2335 1652 imo
2365 1598 2629 1652 fabellam
2678 1597 3114 1669 ineptissimam,
3171 1597 3470 1666 videlicet;
3508 1619 3534 1650 α
3566 1599 3927 1669 Conjugium

2142 1690 2184 1744 Β
2219 1689 2276 1744 8.
2312 1688 2538 1742 Henrici
2565 1689 2934 1759 Imperatoris
2989 1704 3118 1742 cum
3164 1693 3358 1742 sancta
3388 1689 3765 1760 Cunegunde,
3810 1704 3930 1741 non

2221 1776 2379 1830 omni
2408 1781 2666 1848 tempore
2705 1777 2880 1831 fuisse
2909 1775 3251 1847 virgineum.
3285 1797 3312 1827 ι)
3347 1777 3493 1841 Quid
3523 1783 3607 1830 est
3651 1775 3928 1839 delirare,

2221 1866 2270 1918 si
2301 1865 2407 1919 hoc
2433 1881 2550 1918 non
2581 1869 2666 1918 est
2693 1867 2720 1920 ?
2748 1868 2866 1932 Ast,
2896 1865 3085 1936 inquit
3104 1866 3222 1932 ille,
3247 1865 3588 1920 documenta
3620 1865 3929 1934 reperiun-

2225 1959 2338 2020 tur,
2363 1969 2426 2007 ex
2459 1953 2670 2024 quibus
2728 1959 2968 2020 constet,
3025 1954 3284 2024 publicas
3330 1969 3527 2024 preces
3581 1952 3834 2006 indictas
3864 1950 3934 2004 ad

2223 2042 2644 2112 impetrandam
2695 2047 2833 2104 torq
2875 2042 3212 2096 Henriciano
3269 2040 3720 2096 foecunditatem.
3785 2038 3933 2102 Quid

2226 2135 2349 2183 tum
2380 2134 2573 2200 postea
2601 2130 2629 2184 ‘?
2649 2129 2812 2198 Quid,
2849 2130 2896 2183 si
2922 2129 2978 2184 id
3005 2129 3155 2184 ultro
3199 2129 3503 2184 admittant
3526 2129 3935 2198 fateanturque

2229 2219 2677 2289 Bambergenses
2707 2217 2734 2271 ?
2764 2218 2877 2273 Cur
2905 2218 2962 2272 id
2997 2217 3183 2288 magis
3208 2218 3272 2274 S.
3312 2217 3560 2283 Henrici,
3610 2233 3796 2288 quam
3823 2217 3932 2269 alio

2226 2312 2489 2378 tempore
2523 2308 2762 2361 vetitum
2791 2307 2819 2360 ?
2849 2312 2930 2363 An
2963 2307 3186 2378 uspiam
3223 2307 3361 2375 legit
3415 2307 3555 2377 ipse,
3584 2305 3938 2360 castissime-

2231 2411 2360 2450 rum
2415 2398 2728 2467 conjugum
2787 2396 3201 2450 continentiam
3254 2397 3425 2466 vulgo
3484 2402 3679 2449 notam
3736 2395 3936 2456 fuisse,

2232 2485 2380 2555 quod
2415 2490 2642 2539 sanctus
2665 2485 2784 2555 ipse
2820 2485 3108 2550 Henricus,
3151 2485 3272 2556 jam
3331 2484 3501 2539 morti
3533 2484 3862 2555 proximus,
3886 2483 3938 2536 id

2233 2574 2486 2644 primum
2514 2573 2798 2644 patefecit,
2833 2590 3067 2628 uxorem
3099 2574 3379 2644 virginem
3412 2572 3756 2644 propinquis
3791 2572 3942 2626 resti-

2235 2663 2450 2716 tuens?
2481 2663 2801 2732 Impostura
2832 2663 2944 2716 alia
2986 2662 3158 2716 aliam
3214 2663 3394 2716 trudit
3421 2678 3434 2716 :
3465 2662 3614 2716 eruit
3637 2662 3736 2715 ille
3770 2661 3942 2714 nimi-

2235 2767 2368 2805 rum
2449 2749 2796 2805 documenta
2851 2750 3197 2816 authentica,
3284 2751 3494 2822 quibus
3555 2749 3942 2804 demonstrari

2237 2839 2436 2910 possit,
2469 2856 2537 2893 ex
2580 2839 2672 2894 SS.
2715 2839 2955 2894 Henrico
3013 2844 3069 2892 et
3126 2839 3476 2908 Cunegunda
3537 2841 3711 2892 tiliam
3749 2844 3941 2892 natam

2241 2927 2434 2992 fuisse,
2471 2929 2692 2982 Novum
2739 2934 3089 2998 portentum,
3144 2928 3261 2982 imo
3327 2927 3582 2998 lepidum
3632 2928 3938 2993 ferculum,

2242 3033 2358 3070 non
2386 3015 2527 3069 mihi
2556 3017 2650 3069 sed
2685 3035 2711 3067 (ι
2742 3017 2924 3070 otioso
2958 3017 3324 3086 Gundlingio,
3373 3039 3393 3065 ι
3421 3015 3598 3086 probe
3629 3016 3944 3069 mastican-

2243 3105 2489 3168 dum,ut
2521 3104 2574 3158 id
2623 3104 2824 3158 saltem
2872 3121 2940 3158 ex
2997 3105 3318 3159 contribule
3367 3121 3469 3156 suo
3521 3105 3714 3166 discat,
3773 3105 3946 3174 impo-

2243 3198 2458 3248 tentem
2490 3209 2604 3247 non
2633 3192 2806 3247 fuisse
2864 3193 3288 3247 sanctissimum
3335 3194 3779 3264 Imperatorem,
3814 3209 3943 3264 qua-

2244 3283 2356 3337 lem
2390 3281 2512 3352 ipse
2541 3281 2856 3352 procaciter
2884 3282 3127 3354 efﬁngit.

2315 3419 2402 3470 82.
2438 3415 2653 3470 Iliustri
2673 3414 2767 3468 isti
2787 3415 2846 3469 in
2900 3415 3098 3486 paucis
3145 3418 3380 3468 servatae
3435 3413 3498 3468 in
3528 3413 3803 3483 conjugio
3836 3413 3946 3466 vir—

2245 3503 2503 3575 ginitatis
2530 3504 2792 3574 prodigio
2814 3505 2984 3558 affine
3028 3509 3113 3557 est
3142 3503 3286 3558 illud
3314 3503 3469 3574 quod
3513 3503 3686 3558 habet
3713 3506 3945 3572 Anony-

2246 3609 2374 3647 mus
2413 3608 2536 3663 cap.
2565 3595 2625 3646 2t
2658 3609 2671 3658 ;
2707 3593 2776 3647 de
2807 3594 2868 3648 8.
2933 3592 3158 3647 Henrici
3191 3592 3495 3662 zelotypia,
3536 3591 3889 3661 probataque
3917 3606 3948 3642 a

2248 3685 2440 3735 sancta
2494 3696 2673 3735 uxore
2731 3697 2833 3751 per
2911 3681 3217 3735 candentes
3282 3695 3538 3734 vomeres
3596 3679 3944 3741 innocentia,

2248 3770 2403 3842 quod
2432 3769 2556 3840 pari
2590 3770 2792 3836 ferme,
2829 3773 2891 3824 ut
2933 3768 3216 3840 superius,
3279 3772 3563 3839 prmtenso
3607 3772 3946 3838 argumento

2249 3875 2283 3913 a
2314 3859 2608 3914 malevolis
2633 3857 2828 3912 arrodi
2883 3861 3074 3928 posset
3125 3873 3192 3910 ex
3223 3856 3567 3927 scriptorum
3631 3859 3946 3909 coaetaneu-

2251 3965 2380 4004 rum
2429 3948 2677 4002 silentio.
2731 3947 2939 4000 Verum
3000 3945 3292 3999 enimvero
3343 3944 3564 4014 pridem
3615 3943 3766 3997 istud
3815 3942 3947 3996 satis

2251 4036 2615 4091 vindicarunt
2643 4035 2906 4089 laudatus
2953 4049 3104 4102 saepe
3166 4033 3518 4086 Hofmannus
3547 4031 3607 4084 in
3637 4029 3946 4084 Annalibus

2257 4122 2794 4190 Bambergensibus,
2819 4121 2926 4175 col.
2960 4124 3028 4174 5'2
3068 4123 3128 4174 et
3156 4122 3245 4184 53,
3305 4125 3475 4190 atque
3529 4117 3939 4176 Heuschenius,

2255 4213 2346 4268 die
2377 4229 2434 4266 ιιι
2469 4209 2671 4274 Martii,
2734 4209 2796 4263 in
2849 4208 3273 4263 Commentario
3302 4206 3517 4277 previo
3568 4206 3639 4261 ad
3682 4205 3737 4260 S.
3774 4206 3946 4260 Cune-

2253 4298 2462 4370 gundis
2491 4301 2629 4352 Acta
2657 4299 2758 4364 ἐξ,
2789 4297 2860 4351 ad
2899 4313 3068 4369 quos,
3103 4313 3171 4350 ne
3227 4302 3419 4350 actum
3467 4310 3656 4365 agam,
3689 4295 3945 4355 lectores,

2261 4393 2318 4441 et
2338 4403 2456 4457 prae
2484 4385 2704 4440 caeteris
2740 4384 3176 4455 Gundlingium,
3235 4383 3566 4438 castissimae
3616 4380 3948 4452 Imperatri-

2257 4475 2336 4529 cis
2363 4477 2545 4530 ferum
2579 4481 2914 4544 mastygem,
2943 4473 3198 4527 remitto.
3239 4473 3299 4527 Id
3330 4473 3564 4525 unicum
3588 4471 3647 4525 in
3677 4487 3744 4524 ea
3773 4469 3946 4524 histo-

2259 4565 2345 4620 ria
2386 4580 2419 4617 a
2453 4562 2870 4618 morosioribus
2917 4560 3232 4616 desiderari
3281 4565 3498 4631 posset,
3547 4559 3702 4630 quod
3729 4564 3944 4612 certum

2257 4660 2486 4724 tempus
2517 4651 2806 4722 designari
2833 4655 3099 4720 nequeat,
3132 4650 3210 4704 uti
3267 4666 3371 4704 nec
3431 4650 3585 4703 locus
3635 4648 3696 4702 in
3723 4663 3843 4718 quo
3868 4660 3948 4698 res

2259 4761 2325 4797 ea
2347 4739 2670 4812 contigerit.
2723 4739 3075 4794 Hofmannus
3118 4737 3399 4809 triumphi
3458 4738 3790 4809 palaestram
3824 4732 3952 4790 desi-

2259 4837 2398 4904 gnat
2431 4829 2804 4899 Bambergam
2860 4827 3067 4899 ipsam,
3115 4827 3306 4882 Sancti
3337 4826 3635 4896 utriusque
3684 4823 3948 4879 delicium

2259 4934 2478 4975 annum
2504 4933 2637 4972 vero
2669 4919 2825 4974 1017.
2860 4916 3012 4986 quod
3042 4931 3174 4969 eum
3223 4915 3482 4986 suspicor
3517 4931 3585 4967 ex
3616 4928 3950 4968 monumen-

2258 5009 2330 5064 tis
2355 5005 2870 5076 Bambergensibus
2883 5005 3148 5060 alicunde
3170 5004 3402 5060 eruisse.
3432 5007 3517 5057 An
3541 5002 3782 5073 praefato
3806 5016 3950 5056 anno

2262 5096 2455 5150 omnia
2482 5093 2774 5165 aptissime
2801 5097 3139 5163 congruant,
3201 5109 3266 5146 ex
3326 5090 3660 5146 deducendo
3699 5089 3951 5160 proxime

2259 5185 2388 5239 vitae
2417 5185 2472 5240 S.
2504 5183 2728 5238 Henrici
2774 5180 3146 5251 chronologio
3195 5180 3396 5235 ordine
3426 5178 3618 5249 colligi
3649 5184 3952 5248 utcumque

2260 5273 2472 5344 poterit
2503 5289 2516 5338 ;
2547 5271 2714 5326 nobis
2745 5271 2954 5326 sufﬁcit
2996 5285 3116 5324 rem
3170 5269 3353 5340 ipsam
3399 5268 3460 5322 in
3513 5267 3950 5322 controversiam

2261 5379 2375 5416 non
2405 5361 2550 5416 adeo
2606 5361 2770 5416 facile
2816 5359 3217 5425 revocandam,
3249 5359 3413 5428 cujus
3464 5362 3578 5411 tam
3629 5353 3951 5411 authentica

2263 5455 2657 5518 monumenta,
2688 5454 2830 5505 teste
2871 5448 3215 5513 Hofmanno,
3276 5446 3337 5502 in
3391 5447 3543 5501 hunc
3594 5460 3776 5514 usque
3805 5443 3948 5498 diem

2261 5543 2585 5612 supersunt,
2644 5555 2774 5610 quae
2823 5554 2953 5593 cum
3010 5541 3307 5608 tantopere
3350 5533 3678 5606 impugnari
3728 5550 3842 5587 non
3873 5532 3949 5584 vi-
