4058 6216
190 310 259 362 53

3662 322 3727 374 54

189 432 389 495 deam,
424 428 565 482 satis
594 426 670 481 sit
718 426 1004 498 Legenda
1036 427 1212 482 ﬁdem
1268 428 1327 482 in
1363 430 1468 485 hac
1526 434 1696 485 etiam
1752 439 1913 502 parte
1953 433 1998 484 A
2028 448 2157 486 cum
2210 434 2542 487 Reverendo
2601 434 2663 487 D.
2690 434 2924 488 custode
2982 435 3478 507 perlustraverim;
3543 454 3730 509 neque

190 519 523 573 vindicasse
534 561 545 572 .

263 611 362 664 83.
400 609 526 663 Non
559 606 636 661 ita
672 605 1167 677 acquiescendum
1200 607 1398 660 censui
1432 608 1715 679 superiori
1761 609 1914 680 capi-

186 698 294 751 tali
347 694 789 759 concertationi,
822 695 893 748 de
955 694 1303 748 intemerata
1353 696 1653 767 utriusque
1684 698 1920 751 sanctis-

185 786 328 839 simi
388 784 664 854 conjugis
702 788 924 836 servata
983 783 1046 837 in
1096 783 1468 838 matrimonio
1525 786 1915 850 continentia;

188 890 373 945 quam
407 888 545 927 cum
578 872 850 941 speciosis
881 872 1229 926 Kalerianis
1267 873 1481 927 cavillis
1541 876 1919 944 aliquousque

186 961 430 1032 impeti,
466 961 671 1014 saltem
704 959 1009 1029 suggillari
1043 977 1211 1030 posse
1250 962 1631 1028 adverterem,
1676 980 1774 1016 seu
1824 979 1918 1015 ve-

189 1052 269 1105 ris
303 1066 414 1103 seu
456 1048 756 1119 pratensis
800 1048 919 1103 illis
950 1050 1221 1120 precibus
1254 1066 1358 1120 pro
1418 1052 1673 1122 conjugii
1704 1052 1918 1106 facun-

184 1139 395 1203 ditate,
460 1141 586 1190 tum
646 1152 777 1189 vero
836 1143 994 1190 recta
1054 1137 1271 1207 aliqua,
1323 1138 1372 1191 si
1424 1140 1647 1209 superis
1702 1138 1913 1209 placet!

188 1228 354 1297 prole
391 1223 608 1279 alicubi
640 1222 955 1288 insinuata,
991 1225 1136 1279 nihil
1194 1228 1755 1295 pratermittendum
1813 1245 1919 1297 pu-

186 1315 303 1367 tavi
361 1314 435 1367 ad
460 1311 774 1366 obturanda
826 1327 946 1365 non
1008 1313 1194 1366 solum
1283 1312 1768 1368 heterodoxorum
1822 1314 1916 1367 sed

182 1409 241 1456 et
272 1401 672 1459 andaciorum.
706 1400 1146 1453 Catholicorum
1180 1400 1628 1471 obloquentium
1664 1418 1783 1466 ora,
1816 1418 1918 1455 nec

184 1489 349 1560 prius
414 1486 605 1542 destiti
655 1501 824 1555 quam
884 1488 1113 1539 fontem
1168 1490 1414 1541 omnino
1468 1489 1809 1542 detexissem
1848 1505 1916 1542 ex

183 1594 299 1647 quo
333 1582 460 1630 tam
511 1576 675 1643 varia,
731 1581 850 1627 tam
894 1574 1151 1643 diversa,
1208 1579 1331 1630 tam
1394 1592 1601 1645 parum
1660 1593 1917 1630 connexa

182 1666 558 1736 profluxisse,
587 1664 803 1735 liquido
850 1664 1099 1717 demum
1154 1663 1681 1734 deprehenderem.
1734 1666 1915 1729 Quem

180 1754 236 1807 in
260 1756 453 1807 linem
484 1753 752 1807 tabularia
795 1751 1032 1813 omnia,
1068 1758 1311 1821 regesta,
1350 1754 1705 1823 necrologia,
1739 1753 1916 1806 libros

184 1842 457 1897 chorales
503 1840 937 1909 Bambergensis
999 1839 1249 1893 ecclesia
1316 1841 1510 1894 excuti
1567 1840 1783 1904 curavi,
1828 1855 1918 1892 ex-

180 1932 528 2002 ploraturus
581 1929 751 1983 sicubi
801 1934 936 1981 tam
991 1929 1213 1982 enormi
1279 1928 1593 1982 calumnia
1650 1930 1712 1982 in
1762 1928 1916 1981 anti-

179 2019 501 2090 quioribus
535 2018 747 2089 scriptis
778 2032 934 2070 ansa
955 2017 1334 2086 praberetur.
1370 2019 1560 2087 Atque
1579 2017 1673 2071 hic
1698 2017 1913 2081 denuo,

179 2124 279 2178 pro
312 2108 546 2178 insigni
579 2124 673 2160 suo
699 2107 754 2159 in
787 2106 847 2159 8.
889 2105 1197 2158 Henricum
1221 2105 1445 2171 studio,
1476 2120 1714 2176 operam
1773 2119 1913 2174 gna-

178 2198 326 2250 viter
362 2196 611 2250 contulit
640 2195 800 2248 toties
844 2193 1116 2247 laudatus
1150 2194 1213 2247 R.
1249 2196 1309 2247 Ρ.
1378 2195 1590 2248 Rector
1649 2193 1916 2248 Nicolaus

179 2288 379 2349 Pottn,
412 2301 483 2337 ex
514 2286 672 2352 cujus
695 2282 928 2349 litteris,
964 2282 1066 2334 hoc
1098 2297 1246 2334 anno
1286 2285 1422 2336 1723
1457 2283 1525 2336 ad
1591 2299 1684 2337 me
1740 2282 1910 2345 datis,

178 2390 295 2428 rem
333 2372 735 2443 patentissime
767 2370 1135 2439 explanatam
1169 2369 1298 2422 faxo
1360 2370 1673 2441 intelligas,
1738 2375 1912 2441 atque

177 2464 299 2517 luce
372 2461 694 2515 meridiana
762 2459 977 2512 clarius
1054 2458 1398 2527 perspicias,
1489 2475 1719 2513 merum
1800 2460 1915 2529 ﬁgs

177 2555 454 2603 mentum
492 2547 562 2601 de
606 2546 873 2617 precibus
933 2561 1035 2615 pro
1080 2545 1453 2599 facunditate
1501 2546 1907 2613 circumferri;

178 2661 198 2686 ι
228 2638 470 2708 prolem
496 2658 515 2682 ι
544 2652 677 2688 vero
702 2634 964 2703 «regiam
991 2653 1017 2684 ι)
1036 2639 1165 2686 tunc
1179 2649 1300 2686 non
1323 2633 1508 2703 magis
1535 2651 1715 2705 quam
1733 2636 1910 2689 modo

174 2726 471 2779 exstitisse
501 2724 562 2777 in
605 2738 800 2777 rerum
836 2728 1061 2775 natura.
1088 2723 1230 2775 Rem
1262 2737 1370 2791 ego
1405 2738 1667 2790 omnem,
1729 2730 1911 2795 prout

172 2820 344 2885 gesta
368 2818 476 2875 est,
521 2811 827 2883 ipsiusmet
857 2809 1103 2863 Pottuvii
1137 2809 1322 2863 verbis
1353 2810 1507 2863 nude
1542 2818 1602 2866 et
1657 2812 1908 2867 candide

172 2916 533 2973 proponam.

238 2991 339 3044 85:.
385 2988 491 3043 Ubi
550 3004 616 3041 ex
666 2986 869 3041 litteris
927 2984 1068 3038 meis
1089 2984 1339 3054 objectas
1393 2984 1726 3042 calumnias
1769 3004 1907 3058 per-
1942 2992 1983 3045 Ο
2020 2988 2275 3041 Salvator
2306 2985 2525 3040 mundi.

173 3078 451 3147 cepisset,
482 3076 543 3129 in
575 3076 697 3129 hac
749 3074 871 3144 ipsa
920 3074 1091 3126 verba
1143 3071 1479 3141 respondit:
1561 3098 1580 3124 ι
1638 3076 1910 3146 Acceptis

178 3164 528 3238 penultintis
561 3164 694 3217 Rev.
730 3166 826 3231 V.,
855 3161 1041 3231 prima
1072 3176 1200 3214 mea
1221 3176 1359 3213 cura
1403 3160 1547 3228 fuit,
1606 3165 1911 3236 inquirere

179 3254 231 3307 in
253 3252 593 3307 orationem
618 3266 792 3320 quam
825 3249 1057 3319 quidem
1099 3246 1370 3301 malevoli
1397 3252 1797 3321 compositam
1854 3260 1913 3308 et

180 3340 587 3413 prascriptam
620 3340 867 3407 ﬁngunt,
900 3336 1079 3406 ipsius
1108 3336 1166 3390 8.
1197 3333 1427 3388 Renrici
1449 3335 1646 3406 jussu,
1698 3342 1776 3396 ad
1806 3341 1913 3395 im-

182 3428 536 3500 plorandam
567 3432 625 3483 et
664 3425 1090 3495 impetrandam
1119 3422 1378 3493 conjugii
1426 3424 1521 3478 sui
1564 3427 1911 3484 facundita-

186 3524 322 3582 tem,
362 3523 433 3570 ut
480 3515 700 3570 scilicet
726 3515 833 3567 hac
870 3514 1096 3566 ratione
1125 3510 1471 3581 impugnare
1533 3518 1761 3584 possint
1789 3518 1913 3588 ejus

190 3611 244 3659 et
266 3608 491 3658 sancta
522 3601 781 3671 conjugis
837 3603 1181 3671 perpetuam
1228 3599 1653 3657 castimoniam.
1716 3606 1918 3662 Inveni

190 3694 248 3747 in
265 3692 538 3747 custodia
569 3689 821 3745 ecclesia
866 3686 1192 3758 Imperialis
1235 3686 1450 3741 librum
1495 3693 1913 3764 perantiquum

189 3783 397 3852 utique
428 3780 729 3850 scriptum,
762 3782 824 3832 ut
853 3777 1051 3832 omnia
1080 3776 1247 3847 signa
1300 3776 1637 3845 ostendunt,
1686 3780 1914 3838 vivente

193 3872 387 3924 adhuc
458 3873 657 3922 sancto
728 3866 1099 3937 imperatore.
1159 3865 1427 3919 Formam
1491 3866 1623 3920 libri
1681 3870 1915 3927 exhibet

196 3960 398 4012 charta
434 3957 679 4011 acclusa.
713 3956 939 4009 Extima
986 3952 1311 4024 tegumenti
1358 3969 1491 4022 pars
1516 3956 1772 4011 anterior
1822 3977 1913 4015 re-

203 4048 515 4116 prasentat
573 4044 821 4111 efﬁgiem
874 4042 1059 4097 sancti
1115 4040 1273 4096 Petri
1299 4043 1587 4111 Apostoli;
1628 4049 1916 4115 posterior

206 4134 387 4187 sancti
444 4132 647 4197 Pauli;
702 4130 928 4201 paginae
968 4134 1103 4184 sunt
1158 4146 1223 4183 ex
1274 4145 1645 4199 pergameno.
1692 4136 1914 4195 Titulus

203 4222 335 4276 libri
392 4226 497 4285 est,
569 4221 829 4274 LIBELLUS
884 4221 1215 4275 GRADUALIS.
1317 4218 1529 4273 Deinde
1606 4232 1910 4292 ponuntur

202 4309 515 4365 Gradualia
544 4308 872 4379 incipiendo
902 4308 973 4362 ab
1006 4308 1292 4361 Adventu.
1333 4306 1573 4370 Quando
1604 4311 1907 4371 devenitur

204 4400 273 4452 ad
307 4398 550 4463 Pascha,
601 4401 898 4467 ponuntur
929 4396 1167 4451 Litania
1205 4394 1406 4448 eadem
1437 4396 1619 4451 forma
1650 4404 1707 4454 et
1728 4402 1913 4472 ﬁgura

204 4488 535 4541 litterarum
571 4485 890 4557 descripta,
952 4500 1126 4555 quam
1149 4483 1347 4537 charta
1396 4485 1619 4539 acclusa
1660 4489 1908 4546 exhibet.

204 4577 269 4629 In
301 4574 422 4629 illis
452 4573 686 4629 Litaniis
722 4579 1033 4645 postquam
1054 4573 1202 4627 facta
1234 4571 1433 4626 fuisset
1474 4573 1756 4629 invocatio
1805 4595 1911 4648 pro

201 4679 442 4718 summo
472 4663 767 4727 Pontiﬁce,
820 4664 1171 4734 lmperatore
1221 4660 1479 4726 Henrico,
1528 4664 1912 4735 Chunigunde

207 4752 440 4823 regina,
479 4751 543 4804 ﬁt
568 4750 739 4805 etiam
772 4768 877 4822 pro
936 4750 1291 4805 nobilissima
1342 4750 1503 4819 prole
1559 4753 1759 4821 regali.
1803 4756 1911 4810 Sed

208 4839 591 4894 manifestum
648 4845 733 4893 est
792 4840 944 4909 quod
993 4856 1055 4892 ex
1110 4839 1215 4892 hac
1244 4837 1604 4892 invocatione
1626 4840 1913 4897 calumnia

207 4928 446 4982 nullum
492 4925 697 4981 habeat
744 4926 1075 4997 praesidium
1110 4914 1124 4979 Ξ
1163 4949 1182 4972 η
1223 4925 1375 4995 quod
1408 4940 1539 4979 mox
1589 4926 1761 4995 paulo
1785 4927 1915 4980 ube-

208 5016 357 5079 rius,
410 5015 479 5068 ad
540 5016 687 5067 mala
736 5015 1118 5085 garrientium
1175 5031 1275 5066 ora
1333 5013 1767 5083 comprimenda
1817 5015 1914 5069 de-

213 5103 652 5157 monstrabitur.
689 5104 883 5173 Pergit
908 5103 1145 5172 epistola
1183 5118 1196 5155 :

282 5191 371 5241 85.
409 5208 435 5233 σι
499 5187 722 5240 Nullam
771 5188 940 5239 aliam
1001 5187 1322 5239 orationem
1372 5201 1477 5255 pro
1556 5185 1916 5255 impetranda

210 5274 586 5329 facunditate
608 5274 865 5345 conjugii
890 5274 1233 5327 sanctissimi
1269 5275 1635 5342 Imperatoris
1667 5276 1918 5345 reperire

215 5363 406 5433 potui,
467 5362 691 5416 etiamsi
752 5363 1059 5417 secundam
1114 5367 1335 5431 partem
1385 5361 1703 5426 Gradualis,
1761 5362 1919 5417 varia

220 5449 467 5504 ﬁissalia
488 5453 545 5504 et
574 5449 883 5513 Breviaria,
916 5456 1177 5520 tempore.
1200 5451 1254 5504 8.
1313 5450 1541 5504 Henrici
1572 5450 1804 5519 scripta,
1861 5458 1917 5505 et

227 5538 421 5605 aliqua
453 5541 577 5605 post
603 5536 782 5605 ipsius
823 5538 1040 5591 felicem
1074 5538 1396 5599 transitum,
1456 5538 1753 5607 diligenter
1807 5555 1915 5592 una

2031 522 2092 575 υ.
2151 523 2486 592 Eppenauer
2540 523 2599 575 in
2651 523 2837 576 Monte
2870 523 2924 577 S.
2985 523 3272 577 Michaelis
3302 526 3619 596 quidquam
3650 544 3730 581 re.

2029 609 2215 679 perire
2249 610 2449 680 potuit.
2484 632 2509 659 ››
2554 611 2630 664 En
2662 611 2838 680 igitur
2859 612 3130 665 refectam
3164 613 3554 684 undequaque
3594 615 3723 669 uni-

2028 713 2151 751 cam
2176 703 2260 751 tot
2316 698 2615 751 ﬁctionum
2663 699 3090 768 scaturiginem,
3138 701 3296 754 nullo
3340 702 3570 771 negotio
3620 719 3721 756 ex-

2026 786 2413 855 purgandam.
2458 786 2651 855 Majori
2711 787 2955 840 candore
2985 804 3049 840 ac
3080 788 3404 843 sinceritate
3458 805 3546 843 res
3606 794 3729 844 tota

2025 873 2228 926 referri
2258 874 2476 944 nequit,
2520 890 2695 944 quam
2739 890 2804 927 ex
2831 875 3085 944 epistolis
3132 875 3514 929 familiaribus
3568 877 3725 929 ultro

2026 961 2283 1031 citroque
2361 962 2606 1030 scriptis,
2667 978 2910 1031 quarum
2965 965 3135 1017 verba
3193 965 3554 1034 exponimus.
3617 964 3721 1017 Vix

2027 1048 2294 1118 equidem
2331 1049 2525 1103 induci
2555 1066 2785 1119 possum
2821 1057 2883 1104 ut
2911 1051 2982 1105 ad
3019 1052 3196 1121 ipsius
3253 1053 3431 1105 sancti
3497 1052 3725 1106 Henrici

2026 1142 2251 1190 atatem
2273 1138 2508 1191 citatum
2538 1139 2790 1191 codicem
2822 1139 3109 1207 pertinere
3142 1140 3486 1205 existimem,
3512 1157 3725 1211 quam-

2024 1225 2107 1277 vis
2137 1224 2302 1278 facile
2328 1225 2629 1278 admittam
2657 1243 2723 1279 ex
2756 1227 3074 1297 antiquiori
3106 1228 3298 1299 aliquo
3348 1229 3719 1298 descriptum,

2023 1312 2144 1365 imo
2178 1328 2411 1382 precum
2446 1312 2739 1379 formulas,
2792 1315 3081 1382 pradictis
3134 1315 3363 1368 Litaniis
3410 1315 3471 1367 in
3514 1314 3723 1385 quibus

2026 1400 2110 1453 rei
2141 1400 2309 1454 cardo
2348 1400 2606 1466 vertitur,
2670 1401 2928 1467 insertas,
2988 1403 3192 1457 Sancto
3240 1404 3365 1472 ipso
3415 1404 3587 1472 longe
3625 1417 3720 1455 ve-

2024 1488 2295 1542 tustiores
2339 1504 2461 1541 esse
2516 1488 2764 1555 credam,
2815 1495 2871 1542 et
2925 1491 2981 1543 iu
3033 1490 3381 1545 Germanicis
3448 1490 3719 1549 ecclesiis,

2024 1580 2147 1630 tum
2179 1576 2545 1646 pracedenti,
2581 1593 2711 1630 cum
2760 1579 3133 1648 sequentibus
3184 1577 3406 1631 saculis
3465 1577 3719 1644 usitatas,

2028 1669 2090 1718 ut
2129 1664 2300 1718 modo
2334 1680 2531 1735 preces
2563 1664 2688 1719 alia
2727 1672 2860 1719 sunt
2886 1667 2957 1719 ab
2991 1666 3294 1718 universali
3359 1666 3619 1719 Romana
3664 1670 3723 1718 et

2029 1752 2097 1806 ab
2124 1752 2249 1806 aliis
2278 1752 2529 1806 ecclesiis
2556 1758 2817 1824 recepta.
2858 1754 3193 1808 Rectissime
3224 1758 3414 1807 autem
3477 1752 3721 1807 advertit

2027 1841 2323 1895 Pottuvius
2350 1841 2572 1894 nullum
2602 1840 2659 1894 in
2688 1841 2758 1894 iis
2800 1842 3063 1895 formulis
3092 1840 3422 1911 prasidium
3475 1842 3720 1912 vulgata

2024 1928 2331 1983 calumnia
2362 1944 2679 1999 superesse.
2710 1930 3077 2000 quantumvis
3132 1930 3266 1982 inde
3318 1929 3574 1999 argutari
3632 1929 3715 1981 vi-

2025 2017 2271 2071 deantur
2302 2016 2653 2071 Henriciana
2697 2018 3049 2071 castimonia
3084 2017 3538 2087 impugnatores,
3597 2016 3719 2087 qui-

2022 2104 2129 2158 bus
2157 2105 2251 2158 hic
2292 2105 2441 2157 ultro
2500 2106 2882 2175 suggerimus,
2939 2106 3097 2159 nullo
3129 2104 3484 2159 dissimulato
3534 2105 3714 2175 apice,

2021 2190 2305 2265 quidquid
2328 2195 2413 2247 vel
2448 2194 2815 2248 remotissimi
2869 2193 3209 2262 spargendis
3266 2192 3717 2262 exornandisque

2023 2280 2331 2335 calumniis
2415 2281 2733 2334 fomentum
2800 2280 3090 2351 praebuit:
3148 2280 3412 2349 quocirca
3470 2279 3718 2333 Litanias

2020 2370 2191 2441 ipsas,
2218 2385 2518 2440 quousque
2549 2370 2699 2440 typis
2735 2368 2945 2422 nostris
3002 2367 3054 2421 id
3089 2366 3212 2421 fieri
3236 2367 3442 2437 potuit,
3494 2367 3584 2421 hic
3614 2383 3717 2420 ex—

2018 2458 2349 2530 pendimus.
2387 2458 2649 2529 sequenti
2680 2458 3041 2528 paragrapho
3071 2456 3451 2523 explicandas.

2182 2546 2433 2601 LETAN.
2474 2548 2569 2601 AD
2606 2546 2779 2600 MISS.
2822 2546 2892 2599 ΙΝ
2936 2545 3051 2599 DIE
3088 2543 3212 2599 SCO
3254 2542 3541 2597 PASCHE.

2090 2638 2179 2691 86.
2221 2636 2327 2689 ch
2366 2651 2563 2703 vmcxr,
2602 2636 2710 2689 Xec
2748 2649 2975 2688 sacrm.

2016 2725 2130 2793 ch
2160 2722 2426 2792 imperat.

2024 2809 2236 2864 Exaudi
2279 2826 2411 2880 xpe.
2470 2809 2706 2864 Summo
2741 2805 3000 2878 pontiﬁci
3056 2810 3113 2860 et
3173 2803 3485 2859 universali
3551 2820 3715 2875 papa

2021 2899 2163 2953 uita.

2866 2982 2950 3037 Tu
2984 2982 3145 3035 illum
3177 2980 3407 3036 adiuua.

2864 3073 2948 3126 Tu
2986 3071 3148 3124 illum
3188 3070 3420 3124 adiuua.

2867 3161 2950 3215 Tu
2989 3159 3153 3213 illum
3193 3158 3425 3213 adiuua.

2019 3252 2120 3307 Sce
2156 3251 2404 3306 Andrea.
2863 3249 2945 3302 Tu
2984 3247 3145 3300 illum
3186 3247 3417 3301 adiuua.

2018 3343 2234 3398 Exaudi
2265 3360 2394 3415 xpe.
2866 3338 3131 3393 Heinrico
3156 3355 3189 3391 a
3210 3338 3280 3392 do
3304 3342 3574 3393 coronato
3598 3354 3715 3392 ma-

2090 3448 2204 3502 gno
2237 3438 2297 3486 et
2318 3430 2551 3504 paciﬁca
2589 3427 2924 3501 imperatori
2953 3426 3070 3479 vita
3100 3431 3157 3479 et
3182 3426 3440 3481 victoria.

2866 3517 2950 3569 Tu
2988 3514 3154 3568 illum
3194 3515 3406 3570 adiuua

2865 3606 2945 3659 Tu
2989 3602 3154 3656 illum
3193 3603 3403 3657 adiuua

2866 3694 2950 3746 Tu
2988 3690 3151 3744 illum
3190 3691 3422 3746 adiuua.

2867 3780 2950 3833 Tu
2989 3777 3154 3832 illum
3193 3779 3429 3835 adiuua.

2870 3868 2953 3921 Tu
2993 3866 3156 3919 illum
3199 3866 3428 3921 adiuua.

2867 3956 2950 4009 Tu
2990 3954 3153 4007 illum
3194 3954 3422 4009 adiuua.

2863 4041 3256 4112 Chunigunda
3268 4043 3483 4114 regina
3497 4045 3645 4098 salus
3661 4048 3719 4098 et

2019 3077 2120 3131 Sce
2159 3077 2321 3130 Petre

2019 3165 2120 3220 Sce
2156 3163 2349 3218 Paule.

2018 3520 2367 3591 Redemptor
2395 3518 2619 3574 mundi.

2018 3610 2119 3664 Sce
2157 3610 2419 3664 MICHAEL.

2018 3697 2120 3751 Sce
2159 3697 2445 3753 Gabrihel.

2019 3785 2121 3839 See
2160 3784 2476 3855 Raphahel.

2020 3873 2121 3927 Sce
2158 3872 2465 3926 Johannes.

2020 3962 2121 4016 See
2159 3960 2463 4029 Stephano.

2023 4047 2236 4103 Exaudi
2260 4062 2387 4118 xpe.

2096 4136 2232 4189 uita.

2022 4226 2124 4278 Sca
2162 4222 2351 4278 Maria.

2024 4312 2128 4365 Sca
2166 4307 2553 4379 Radagundis.

2024 4400 2124 4454 Sca
2163 4396 2487 4453 Gerdrudis.

2872 4219 2949 4272 Tu
2991 4216 3148 4271 illam
3190 4217 3420 4273 adiuua.

2870 4306 2954 4360 Tu
2993 4305 3152 4359 illam
3191 4306 3422 4360 adiuua.

2868 4396 2946 4448 Tu
2987 4393 3143 4447 illam
3183 4394 3415 4447 adiuua.

2024 4485 2237 4540 Exaudi
2269 4500 2394 4554 xpe.
2874 4481 3251 4536 Nobilissima
3267 4482 3605 4553 proliregali
3627 4499 3714 4536 sa-

2095 4576 2179 4628 lus
2202 4578 2258 4627 et
2288 4573 2425 4626 uita.

2020 4663 2119 4717 See
2160 4663 2438 4716 Clemens.
2872 4660 2955 4712 ’l‘u
2994 4659 3053 4712 ill
3095 4659 3328 4714 adiuua.

2022 4750 2120 4804 Sce
2165 4749 2307 4803 Uite.
2872 4748 2954 4800 Tu
2994 4746 3053 4798 ill
3095 4746 3325 4802 adiuua.

2874 4835 2955 4888 Tu
2998 4834 3059 4887 ill
3097 4834 3325 4889 adiuua.

2872 4923 2935 4976 Ν.
2962 4922 3183 4977 ductori
3222 4922 3457 4992 pacilico
3479 4921 3630 4974 salus
3657 4925 3713 4973 et

2022 4838 2123 4891 Sce
2164 4836 2495 4891 Pantaleon.

2026 4924 2238 4979 Exaudi
2272 4940 2400 4994 xpe.

2099 5012 2236 5065 uita.

2024 5102 2126 5155 Sce
2167 5099 2416 5154 Maurici.

2026 5189 2126 5243 Sce
2170 5189 2506 5242 LANDDERTE.

2029 5276 2130 5331 Sce
2169 5277 2408 5329 Gereon.

2014 5358 2245 5417 Exaudi
2272 5379 2400 5432 xpe.

2103 5451 2249 5505 tioni
2274 5453 2335 5505 N.
2368 5452 2518 5504 salus
2542 5455 2598 5502 et.
2624 5448 2763 5502 uita.

2036 5544 2137 5594 See
2176 5540 2460 5593 Siluester.

2877 5101 2956 5152 'l'u
2999 5098 3162 5151 illum
3200 5096 3425 5149 adiuua.

2874 5188 2957 5240 'l‘u
2994 5185 3157 5237 illum
3197 5184 3427 5239 adiuua.

2872 5275 2951 5327 Tu
2995 5273 3157 5325 illum
3196 5271 3426 5327 adiuua.

2884 5362 2947 5415 N.
2973 5375 3081 5430 epo
3093 5365 3150 5414 et
3178 5366 3394 5414 cuncta
3407 5376 3720 5430 congrega-

2885 5538 2963 5589 Tu
3008 5537 3166 5590 illum
3209 5538 3437 5591 adiuua.
