4028 6206
336 303 402 352 ξὶὸ
1642 308 1694 359 S.
1752 304 2035 360 llENltlLl
2080 302 2554 359 IMPERATORIS
3388 314 3399 321 ‘
3781 303 3850 353 £56

338 424 438 480 See
481 422 740 480 Martiae.
1188 427 1267 481 'l‘u
1307 425 1471 482 illum
1510 426 1741 482 adiuua.

340 513 554 568 Exaudi
590 529 721 585 xpe.
1188 516 1745 587 omnibusjndicibus
1764 520 2033 571 etcuncto

409 602 681 657 exercitui
706 601 1049 673 xpianorum
1082 603 1202 657 uita
1229 609 1286 658 et
1313 603 1569 659 uictoria.

341 693 441 744 Sce
478 689 725 760 Georgii.
1189 693 1267 746 Tu
1310 692 1437 745 illos
1476 692 1702 747 adiuua.

340 782 441 834 See
481 782 920 836 Emmeramme.
1192 781 1274 835 Tu
1314 780 1442 835 illos
1483 781 1714 836 adinua.

343 870 444 923 See
487 868 840 924 Sebastiane.
1194 870 1275 923 Tu
1315 868 1444 923 illos
1483 870 1715 925 adiuua.

342 955 447 1009 ch
483 971 676 1020 morr,
716 956 821 1010 Xec
862 970 1089 1019 aecum,
1132 956 1248 1011 ch
1288 970 1467 1009 mean.

347 1042 461 1096 Rex
503 1058 722 1113 regum.
1192 1047 1305 1115 ch
1342 1045 1540 1100 uincit.
1582 1061 1710 1115 xpc.
1751 1048 1972 1116 regnat.

346 1130 537 1183 Gloria
564 1136 774 1185 nostra.
1188 1135 1300 1204 ch
1338 1134 1491 1188 uinc.
1536 1149 1665 1203 xpc.
1714 1149 1834 1203 reg.

346 1218 728 1274 Misericordia
757 1225 973 1274 nostra.
1193 1224 1308 1292 ch
1348 1223 1498 1277 uinc.
1542 1238 1668 1292 xpc.
1712 1237 1830 1291 reg.

344 1305 481 1373 Spes
519 1313 733 1361 nostra.
1195 1312 1309 1380 ch
1348 1312 1499 1364 ninc.
1541 1328 1668 1381 xpc.
1711 1326 1830 1379 reg.

344 1394 635 1448 Auxilium
658 1400 943 1451 nostrum.
1192 1399 1305 1467 ch
1345 1399 1496 1452 unic.
1539 1414 1665 1468 xpc.
1707 1414 1825 1468 reg.

350 1481 596 1536 Victoria
636 1490 851 1539 nostra.
1195 1486 1309 1556 ch
1349 1487 1498 1541 uinc.
1541 1503 1664 1557 xpc.
1710 1503 1827 1556 reg.

352 1570 486 1636 Lux,
512 1571 622 1634 uia,
660 1573 872 1626 ueritas
908 1576 1119 1627 nostra.
1695 1577 1806 1645 ch
1878 1575 2041 1630 uinc.

354 1658 644 1713 Fortitudo
674 1665 730 1714 et
758 1660 978 1715 iustitia
1005 1668 1215 1716 nostra.
1708 1665 1839 1733 ch.
1886 1664 2038 1718 uinc.

350 1746 659 1801 Prudentia
689 1755 746 1803 et
774 1750 1156 1820 temperantia
1187 1756 1399 1805 nostra.
1708 1753 1838 1823 ch.
1883 1752 2037 1807 uinc.

352 1835 633 1889 Liberatio
664 1841 722 1890 et
741 1838 1063 1907 redemptio
1091 1844 1302 1894 nostra.
1713 1844 1845 1913 ch.
1891 1842 2042 1898 uinc.

354 1927 524 1977 Arma
558 1932 752 1979 nostra
784 1926 1180 1981 inuictissima.
1710 1932 1842 2001 ch.
1888 1931 2041 1984 uinc.

352 2012 542 2065 Murus
574 2015 644 2065 ῆι·
693 2013 1174 2085 inexpugnabilis.
1725 2020 1856 2088 ch.
1892 2020 2041 2074 ninc.

360 2100 617 2153 Defensio
647 2105 702 2154 et
733 2102 999 2155 exaltatio
1024 2108 1235 2157 nostra.
1718 2108 1847 2177 ch.
1889 2109 2042 2161 uinc.

358 2189 471 2256 Ipsi
502 2188 607 2242 soli
636 2188 942 2259 imperium
968 2191 1149 2259 gloria
1187 2197 1244 2245 et
1283 2197 1531 2263 potestas
1567 2211 1669 2265 per
1696 2194 2046 2250 immortalia

427 2277 541 2330 scla
570 2278 816 2332 sclorum
847 2295 957 2331 am.

357 2364 472 2434 Ipsi
504 2366 609 2419 soli
638 2367 780 2433 laus,
812 2366 997 2421 honor
1026 2372 1081 2421 et
1110 2368 1371 2423 iubilatio
1404 2385 1505 2440 per
1532 2370 1759 2425 infinita
1788 2373 1904 2425 scla
1959 2389 2045 2425 se-

430 2453 691 2507 culorum
719 2470 907 2508 amen.

359 2541 471 2610 Ipsi
503 2542 609 2594 soli
639 2542 840 2605 uirtus,
874 2543 1149 2597 fortitudo
1185 2551 1244 2599 et
1267 2544 1501 2599 victoria
1534 2561 1634 2617 per
1693 2549 1888 2602 omnia
1935 2550 2049 2603 scla

428 2631 674 2684 sclorum
701 2649 887 2684 amen.

358 2720 463 2772 Χρις
494 2736 618 2772 Αγυι
666 2735 793 2773 nos.
841 2721 973 2774 Ten.

363 2807 539 2862 KTRIB
581 2824 817 2862 uersos
833 2850 845 2864 .

537 2912 563 2981 ξ
596 2912 680 2966 IX.
718 2915 804 2966 E.c
830 2914 1067 2967 Litaniis
1097 2915 1576 2981 Bumbergeusibus
1608 2918 1878 2971 incassum

1050 2987 1368 3052 suggillata.

430 3070 519 3122 87.
544 3069 729 3124 Habes
752 3070 925 3125 modo
956 3071 1080 3125 orbi
1110 3072 1432 3141 expositum
1462 3082 1518 3127 et
1539 3075 1853 3129 revelatum
1900 3091 2048 3146 prae-

360 3160 587 3212 tensum
618 3156 939 3229 iniquitatis
964 3159 1321 3230 mysterium,
1346 3162 1499 3231 quod
1529 3161 1590 3215 in
1622 3162 1858 3217 Litaniis
1882 3165 2047 3219 Bam-

360 3243 732 3314 bergensibus
783 3245 959 3299 latere
984 3246 1195 3300 frustra
1251 3246 1359 3301 sibi
1415 3255 1822 3318 persuaserunt
1864 3251 2047 3305 conti-

360 3332 572 3388 nentiae
600 3333 951 3388 Henricianaa
979 3351 1095 3389 non
1123 3334 1316 3389 minus
1337 3352 1510 3407 quam
1540 3337 1729 3391 omnis
1783 3340 2048 3394 castimo-

363 3421 492 3486 niae,
528 3422 587 3475 in
618 3423 877 3478 Romana
896 3423 1159 3478 Ecclesia:
1186 3428 1483 3495 tantopere
1513 3425 1829 3490 aestimatae,
1858 3443 2049 3481 osores

366 3510 649 3564 malevoli.
706 3511 929 3565 Redditi
984 3515 1117 3566 sunt
1164 3513 1516 3567 characteres
1567 3530 1788 3577 omnes,
1846 3517 2046 3570 saltem

363 3599 548 3669 quoad
579 3599 705 3654 fieri
733 3600 942 3670 potuit,
996 3606 1124 3671 post
1170 3603 1474 3657 exclusase
1520 3603 1906 3674 .typographia
1945 3605 2051 3659 ab-

362 3687 742 3753 hrevationes,
776 3705 917 3760 quas
941 3689 1000 3743 in
1027 3706 1105 3743 aes
1146 3690 1400 3744 incidere
1434 3707 1624 3762 operae
1654 3693 1905 3762 pretium
1963 3693 2051 3747 vi-

368 3792 493 3831 sum
524 3792 638 3830 non
662 3781 767 3845 est,
797 3793 929 3832 cum
958 3794 1023 3832 ex
1050 3778 1117 3832 iis
1141 3779 1543 3834 controversias
1586 3787 1758 3851 caput
1814 3782 2051 3837 minime

365 3863 627 3933 pendeat.
651 3865 895 3921 Libellus
926 3866 1031 3921 iste
1062 3867 1351 3936 gradualis
1398 3869 1679 3941 oblongus
1720 3876 1824 3940 est,
1867 3888 2049 3942 angu-

364 3952 555 4007 stioris
596 3952 820 4019 formae,
875 3955 1162 4010 tantillum
1231 3959 1555 4025 superantis
1608 3960 1906 4014 columnas
1962 3962 2052 4015 hic

362 4040 722 4112 compositas,
754 4041 962 4112 quibus
1012 4044 1185 4098 verba
1221 4044 1413 4098 omnia
1445 4047 1759 4101 secundum
1810 4047 2053 4117 syllabas

363 4134 420 4183 et
471 4131 653 4184 lineas
695 4130 950 4184 adhibita
996 4136 1151 4200 sunt,
1211 4128 1393 4186 nullo:
1430 4133 1591 4203 apice
1639 4135 1898 4205 neglecto
1954 4141 2054 4189 aut

363 4216 731 4289 transposito.
770 4219 906 4272 Tres
933 4218 1113 4273 ferme
1142 4221 1395 4290 pagellas
1447 4220 1649 4291 implet
1680 4227 1796 4275 tota
1848 4239 1916 4277 ea
1962 4224 2048 4277 Li-
2081 4258 2122 4310 υ

364 4306 539 4372 tania,
589 4311 674 4359 tot
704 4307 1167 4377 suppositionum
1197 4314 1273 4363 et
1308 4309 1725 4363 calumniarum
1778 4310 2048 4377 materia;

366 4409 538 4465 quam
568 4394 731 4448 nobis
768 4395 839 4448 ad
878 4396 1049 4448 libelli
1081 4410 1345 4450 normam
1398 4397 1652 4451 dividere
1709 4414 1828 4453 non
1868 4399 2050 4465 licuit,

367 4482 503 4537 satis
555 4482 663 4536 fuit
722 4487 904 4537 totam
953 4483 1201 4538 ﬁdeliter
1262 4491 1719 4555 repraesentasse,
1794 4487 2053 4542 Rubricis

365 4570 718 4640 capitalibus,
753 4574 816 4624 ut
837 4572 1005 4641 vulgo
1038 4572 1370 4643 loquuntur,
1399 4575 1458 4627 in
1488 4574 1672 4644 prima
1704 4574 1845 4629 facie
1874 4575 2053 4630 nitide

367 4658 623 4729 depictus
649 4663 735 4713 est
780 4660 1084 4729 praedictus
1141 4660 1360 4727 titulus,
1406 4662 1672 4716 LIDELLUS
1723 4664 2052 4731 Gaaonsus,

367 4746 569 4801 litteris
620 4748 913 4801 hodierna:
960 4750 1157 4803 forma:
1211 4766 1322 4803 non
1395 4751 1639 4805 multum
1699 4752 2055 4805 absimilibus

364 4841 573 4906 praeter
596 4837 649 4889 Ε.
685 4838 745 4891 G.
802 4840 925 4892 Aet
976 4839 1036 4892 1).
1092 4838 1314 4892 Titulus
1361 4839 1601 4893 interior
1638 4840 1825 4894 rubris
1883 4840 2054 4894 etiam

368 4924 714 4994 majusculis,
750 4930 1059 4995 utcumque
1102 4927 1251 4997 typis
1308 4928 1514 4981 nostris
1558 4928 1916 4998 exprimitur.
1967 4929 2057 4981 Sic

366 5011 571 5065 litterae
601 5010 851 5065 initiales
881 5026 1079 5064 omnes
1109 5011 1362 5065 miniata!
1394 5018 1545 5078 sunt,
1583 5015 1667 5068 uti
1704 5019 1761 5068 et
1806 5016 1865 5079 Χ,
1917 5030 2057 5085 quo-

366 5100 718 5171 tiescumque
748 5099 994 5153 recurrit
1035 5100 1241 5155 Christi
1265 5101 1577 5155 Servatoris
1627 5118 1859 5167 nomen,
1892 5102 2056 5171 cujus

369 5203 805 5257 monogramma
878 5188 1014 5242 satis
1072 5193 1268 5242 notum
1328 5206 1449 5243 esse
1498 5194 1789 5260 putamus.
1864 5191 2052 5244 Fidem

368 5293 470 5330 nos
498 5274 722 5346 integre
780 5277 1073 5343 liberasse,
1128 5277 1325 5332 testari
1384 5283 1654 5349 poterunt
1701 5279 2053 5350 quicumque

366 5364 787 5434 autographum
819 5364 1008 5435 ipsum
1040 5366 1368 5436 Bamberga:
1391 5366 1670 5436 inspicere
1695 5371 1751 5419 et
1789 5382 1919 5419 cum
1952 5366 2057 5420 hac

366 5453 617 5507 editione
648 5454 903 5508 conferre
935 5454 1343 5523 diguabuutur.

437 5546 522 5595 88.
562 5544 732 5596 Porro
763 5542 988 5597 scin-nia
1018 5544 1083 5596 ad
1123 5560 1207 5596 me
1264 5542 1681 5608 transmissum,
1739 5549 1909 5612 atque
1968 5543 2055 5596 hic

2067 430 2110 481 Λ
2148 426 2298 497 typis
2341 441 2631 491 excusnm,
2692 430 2808 480 tam
2838 423 3022 495 rigide
3054 440 3156 495 per
3194 422 3421 496 singula
3478 424 3720 491 excussi,
3787 429 3856 479 ut

2148 516 2289 569 nihil
2320 515 2593 568 intactum
2624 512 2955 585 reliquerim
2990 512 3129 583 quin
3162 512 3217 567 id
3246 512 3522 567 continuo
3580 514 3850 568 Bamber-

2149 604 2419 673 gensibus
2474 603 2801 674 objicerem.
2856 602 3146 673 Imprimis
3203 601 3437 656 Litania:
3508 602 3649 667 istas,
3708 603 3848 657 licet

2151 692 2480 761 Bambergae
2502 691 2811 745 hodiedum
2838 695 3154 755 asservataz,
3188 707 3292 761 pro
3323 690 3606 745 istiusmet
3660 692 3848 745 eccle-

2148 780 2245 835 siae
2270 797 2377 834 usu
2408 780 2630 850 scripta!
2688 797 2794 831 (mu
2855 779 3140 844 videntur,
3203 778 3318 842 ubi,
3387 779 3586 849 procul
3640 780 3846 841 dubio,

2147 868 2354 923 additas
2384 874 2575 922 essent
2602 867 3013 938 appellationes
3051 866 3369 922 t‘undatoris
3399 874 3457 921 et
3485 867 3843 923 fundatricis.

2150 958 2430 1011 Praeterea
2468 973 2582 1011 non
2622 963 2770 1011 recte
2820 956 3082 1027 signatur
3135 956 3395 1021 Sanctus,
3442 976 3469 1006 (ι
3530 956 3849 1028 imperator

2148 1063 2181 1098 a
2208 1047 2319 1100 Deo
2349 1050 2671 1111 coronatus,
2699 1066 2721 1093 ι
2757 1045 2896 1099 dum
2925 1044 3156 1098 interim
3201 1044 3541 1113 Cunegundi
3601 1045 3847 1115 simplex

2148 1134 2362 1205 reginae
2436 1134 2636 1187 titulus
2693 1133 3019 1204 apponitur,
3091 1132 3560 1203 quandoquidem
3624 1138 3853 1187 constet

2150 1221 2348 1276 ambos
2378 1222 2577 1276 eodem
2609 1222 2701 1276 die
2732 1240 2763 1275 a
2797 1222 3094 1275 Benedicto
3150 1223 3253 1275 PP.
3305 1222 3445 1284 Vlll,
3478 1238 3629 1275 anno
3690 1225 3849 1283 1014'»,

2154 1311 2347 1365 Romae
2376 1311 2630 1365 Caesareo
2659 1310 2983 1364 diademate
3008 1310 3276 1379 impostio
3326 1308 3736 1378 inauguratus.
3777 1316 3851 1363 At

2156 1415 2286 1453 vero
2334 1399 2542 1453 Koeleri
2608 1399 2863 1469 palmare
2912 1405 3317 1467 argumentum
3386 1414 3489 1467 pro
3545 1400 3853 1452 existentia

2160 1510 2178 1535 κ
2219 1487 2588 1542 nobilissimae
2617 1486 2793 1557 prolis
2823 1487 3052 1557 regalis,
3083 1510 3101 1534 υ
3137 1487 3321 1539 acrius
3344 1486 3675 1557 intorquere
3733 1503 3851 1541 non

2157 1575 2366 1642 destiti,
2392 1576 2499 1629 hoc
2526 1576 2706 1629 ferme
2733 1574 3056 1640 ratiocinio,
3080 1574 3151 1629 ad
3205 1573 3525 1642 hominem,
3565 1580 3629 1629 ut
3657 1573 3851 1638 aiunt,

2155 1664 2423 1718 adversus
2480 1664 2924 1732 Bambergenses
3002 1663 3387 1716 concludens:
3451 1663 3573 1716 Non
3652 1661 3853 1715 minus

2155 1757 2371 1806 certum
2403 1756 2507 1820 est,
2530 1751 2589 1805 in
2634 1750 2704 1804 iis
2738 1750 2970 1805 Litaniis
3018 1751 3200 1804 Deum
3256 1749 3509 1803 invocari
3559 1765 3660 1821 pro
3697 1769 3727 1800 α
3759 1766 3852 1803 sa-

2155 1841 2272 1893 lute
2294 1844 2349 1893 et
2379 1840 2491 1893 vita
2522 1839 2892 1893 nobilissima:
2922 1839 3098 1909 prolis
3151 1839 3377 1909 regalis,
3412 1860 3439 1886 ιι
3491 1854 3665 1909 quam
3720 1855 3847 1892 cer-

2153 1932 2278 1982 tum
2309 1931 2381 1981 sit
2410 1927 2664 1982 invocari
2693 1944 2796 1998 pro
2822 1926 2934 1980 vita
2964 1931 3020 1981 et
3076 1926 3313 1981 victoria
3340 1927 3392 1981 S.
3436 1926 3683 1993 Henrici,
3741 1942 3853 1996 pro

2156 2018 2336 2071 salute
2357 2022 2415 2070 et
2458 2017 2571 2070 vita
2602 2017 2663 2070 S.
2704 2014 3136 2087 Chunigundas;
3166 2020 3339 2087 atque
3359 2016 3466 2069 hoc
3524 2016 3851 2069 secundum

2155 2105 2307 2175 apud
2336 2120 2433 2158 vos
2459 2102 2847 2158 indubitatum
2877 2108 2979 2169 est,
3020 2102 3222 2173 quidni
3249 2101 3427 2171 igitur
3467 2108 3523 2156 et
3544 2102 3800 2172 primum
3826 2104 3853 2157 ἶ)

2154 2195 2354 2247 Preces
2373 2209 2477 2264 pro
2509 2191 2847 2261 conjugibus
2884 2194 2951 2245 ut
2980 2190 3121 2244 vivis
3150 2190 3365 2245 ibidem
3396 2191 3467 2245 ad
3504 2191 3680 2245 Deum
3714 2192 3851 2244 fun-

2154 2282 2386 2345 duntur,
2419 2281 2607 2334 vivere
2643 2280 2836 2349 itaque
2854 2279 3027 2333 etiam
3057 2280 3307 2349 oportuit
3369 2300 3397 2331 (ι
3431 2278 3855 2333 nobilissimam

2156 2370 2375 2440 prolem
2404 2369 2674 2438 regalem,
2710 2386 2736 2417 ι)
2767 2373 2823 2421 et
2871 2384 3001 2438 qua:
3050 2367 3183 2422 inde
3244 2368 3450 2422 Kceleri
3498 2368 3859 2422 consectaria

2156 2462 2307 2512 sunt.
2332 2459 2461 2511 Haec
2491 2455 2742 2509 exercitii
2776 2456 2979 2525 gratia,
3032 2454 3115 2508 uti
3170 2456 3478 2526 loquimur,
3504 2472 3536 2508 a
3584 2471 3674 2509 me
3714 2471 3857 2524 pro-

2157 2545 2340 2615 posita
2366 2543 2589 2598 erudite
2630 2544 2895 2598 enodarit
2942 2550 2998 2597 et
3053 2543 3309 2597 dissolvit
3362 2541 3678 2607 Pottuvins,
3743 2542 3856 2595 tri-

2156 2634 2262 2687 bus
2293 2631 2758 2703 responsionibus
2806 2631 2884 2684 sic
2934 2633 3127 2684 omnia
3168 2630 3487 2698 elucidans,
3540 2635 3603 2684 ut
3644 2630 3861 2684 habeat

2160 2722 2413 2776 Kmlerus
2443 2719 2653 2790 quibus
2678 2719 3016 2790 acquiescat.
3042 2719 3222 2773 Verba
3243 2717 3366 2788 ejus
3390 2718 3635 2772 tideliter
3672 2719 3857 2773 etiam

2160 2810 2355 2865 reddo.

2230 2902 2318 2952 89.
2354 2920 2371 2944 α
2400 2896 2457 2950 Si
2479 2897 2734 2950 Kmlerns
2766 2912 2831 2949 ex
2879 2894 3065 2949 verbis
3115 2894 3466 2949 Litaniarum
3522 2911 3653 2965 qua:
3683 2911 3855 2966 repe-

2084 2979 2125 3032 Ο
2154 2984 2386 3039 riuntur
2405 2982 2466 3037 in
2495 2983 2765 3038 Graduali
2801 2983 3211 3052 manuscripto.
3267 2983 3627 3037 Noniussuu;
3694 2998 3851 3038 raou

2159 3087 2346 3126 uanam
2384 3086 2543 3124 SALUS
2587 3085 2650 3124 ar
2703 3086 2844 3137 VITA,
2893 3070 3012 3123 vult
3048 3069 3280 3134 inferre,
3350 3085 3416 3123 ex
3479 3069 3856 3124 matrimonio

2157 3166 2483 3215 sanctorum
2554 3158 2781 3214 Henrici
2838 3175 2901 3212 ac
2979 3157 3344 3227 Cunegundis
3400 3157 3603 3213 saltem
3668 3159 3854 3213 tiliam

2158 3249 2329 3304 fuisse
2359 3247 2634 3318 genitam,
2666 3263 2783 3301 non
2825 3250 2972 3301 recte
3008 3246 3197 3300 infert.
3234 3269 3261 3295 ››
3299 3247 3377 3300 En
3415 3246 3853 3317 responsionem

2158 3336 2403 3408 primam
2438 3353 2451 3390 :
2491 3355 2519 3388 α
2550 3336 2692 3400 Quia
2718 3334 3119 3389 verosimiliter
3147 3334 3379 3388 Litaniae
3411 3335 3535 3389 ista:
3562 3335 3683 3405 jam
3715 3343 3855 3390 aute

2158 3431 2419 3494 tempora
2441 3424 2496 3478 S.
2531 3423 2758 3478 Henrici
2794 3424 3031 3477 fuerunt
3061 3423 3123 3476 in
3173 3440 3278 3477 usu
3316 3423 3377 3478 in
3409 3425 3656 3478 ecclesiis
3706 3427 3849 3479 Ger-

2158 3513 2382 3577 manias,
2431 3518 2705 3583 tanquam
2760 3512 3024 3565 formulae
3095 3528 3429 3565 communes
3491 3512 3855 3583 supplicandi

2156 3618 2262 3673 pro
2294 3600 2583 3667 Pontiﬁce,
2620 3601 2986 3669 lmperatore,
3024 3599 3409 3670 Imperatrice,
3434 3605 3539 3654 etc.
3575 3601 3697 3655 Non
3718 3600 3855 3671 qui-

2160 3690 2291 3744 dem
2315 3689 2647 3756 diﬂitemur,
2677 3690 2802 3742 illas
2833 3693 2997 3742 aetate
3026 3688 3081 3742 S.
3130 3687 3355 3742 Henrici
3387 3689 3700 3759 descriptas
3729 3688 3854 3743 sive

2159 3782 2411 3833 exaratas
2470 3777 2670 3843 fuisse;
2729 3777 2785 3831 id
2853 3777 3009 3830 enim
3049 3782 3165 3830 tam
3219 3777 3405 3846 figura
3456 3778 3855 3832 characterum

2158 3865 2257 3921 illo
2298 3872 2558 3936 tempore
2589 3864 2816 3931 usitata,
2846 3880 3022 3935 quam
3051 3865 3333 3935 expressio
3364 3865 3669 3920 nominum
3708 3868 3856 3920 Hen-

2159 3954 2340 4008 riciet
2368 3954 2755 4023 Gunegundis,
2791 3969 2894 4022 pro
2944 3953 3152 4024 quibus
3208 3959 3486 4023 tanquam
3516 3953 3654 4007 vivis
3710 3971 3854 4024 sup-

2160 4043 2427 4113 plicatur,
2454 4042 2620 4096 nobis
2673 4041 3017 4111 persuadet:
3047 4041 3146 4094 sed
3200 4042 3386 4094 solum
3427 4041 3669 4095 dicimus
3727 4041 3859 4095 illas

2162 4135 2292 4201 post
2342 4131 2691 4185 erectionem
2758 4129 3011 4184 ecclesia:
3069 4130 3522 4200 Bambergensis,
3603 4146 3673 4183 ex
3740 4131 3859 4185 alio

2161 4219 2475 4289 exL-mplari
2498 4217 2809 4289 descriptas
2838 4234 2940 4272 seu
2996 4223 3383 4289 transumptas
3438 4217 3632 4284 fuisse,
3690 4216 3852 4270 addi-

2161 4308 2231 4362 tis
2253 4312 2389 4360 tunc
2416 4305 2747 4360 nominibus
2796 4306 3023 4361 Henrici
3054 4311 3110 4360 et
3157 4304 3548 4376 Cunegundis,
3576 4310 3857 4376 tanquam

2165 4401 2291 4449 actu
2331 4396 2718 4465 regnantium.
2763 4396 2959 4466 Neque
3006 4394 3185 4463 gratis
3250 4395 3305 4448 id
3365 4394 3636 4459 dicimus;
3719 4394 3858 4463 quia

2164 4490 2316 4538 totus
2351 4483 2598 4538 Libellus
2628 4483 2918 4553 gradualis
2951 4484 3128 4553 (cujus
3158 4482 3286 4536 duae
3316 4487 3449 4535 sunt
3479 4486 3687 4551 partes,
3740 4498 3859 4536 una

2165 4572 2446 4639 hiemalis,
2482 4573 2658 4626 altera
2703 4571 2918 4639 mstiva)
2955 4580 3039 4625 est
3086 4571 3404 4641 descriptus
3452 4587 3521 4625 ex
3564 4572 3856 4640 exempla-

2166 4662 2320 4716 ribus
2347 4662 2407 4715 in
2438 4660 2690 4715 ecclesiis
2744 4659 3001 4714 adhiberi
3031 4648 3229 4713 solitis.
3282 4659 3478 4714 Merito
3533 4658 3710 4730 igitur
3763 4676 3858 4713 as-

2165 4749 2427 4816 serimus,
2458 4749 2633 4803 etiam
2675 4748 2945 4812 Litanias,
2990 4764 3120 4819 quae
3166 4754 3299 4802 sunt
3346 4764 3478 4818 pars
3535 4748 3855 4811 Gradualis,

2163 4837 2335 4892 fuisse
2364 4843 2499 4891 tunc
2548 4835 2673 4889 aliis
2722 4835 2968 4890 ecclesiis
3024 4852 3379 4902 communes,
3413 4842 3469 4890 et
3501 4852 3569 4891 ex
3620 4837 3855 4891 illarum

2165 4924 2589 4995 exemplaribus
2633 4925 2983 4994 desumptas.
3053 4924 3233 4993 Igitur
3288 4940 3356 4979 ex
3402 4924 3513 4978 illis
3542 4939 3659 4977 non
3700 4928 3859 4978 recte

2167 5012 2427 5075 infertur,
2479 5028 2548 5065 ex
2579 5011 2945 5065 matrimonio
2988 5017 3313 5065 sanctorum
3356 5011 3582 5066 Henrici
3629 5016 3687 5065 et
3743 5012 3857 5067 Cu-

2166 5100 2445 5169 negundis
2504 5099 2865 5169 progenitam
2915 5114 3035 5152 esse
3065 5101 3269 5152 saltem
3325 5099 3524 5165 tiliam,
3557 5100 3659 5169 qui
3721 5106 3859 5154 sunt

2164 5188 2413 5241 formula
2432 5188 2792 5241 solummodo
2819 5187 3161 5241 communis.
3199 5207 3226 5238 ν

2236 5280 2323 5331 90.
2346 5276 2614 5346 Apposite
2653 5282 2816 5345 urget
2859 5277 3152 5330 Pottuvins
3173 5280 3231 5330 et
3250 5276 3432 5346 magis
3451 5275 3623 5330 etiam
3671 5276 3855 5331 instat

2165 5365 2273 5418 hoc
2313 5365 2480 5419 modo
2514 5380 2527 5418 :
2566 5387 2584 5412 ι
2620 5365 2782 5429 Quod
2810 5365 2855 5417 si
2888 5365 3197 5418 contendas
3248 5364 3497 5419 Litanias
3551 5365 3690 5419 istas
3737 5380 3858 5419 non

2165 5472 2286 5508 esse
2319 5456 2649 5525 desumptas
2683 5470 2749 5508 ex
2777 5454 2903 5507 aliis
2960 5454 3396 5522 exemplaribus.
3434 5453 3529 5507 sed
3575 5469 3680 5525 pro
3732 5452 3859 5523 ipsa

2166 5542 2395 5596 ecclesia
2432 5542 2835 5612 Bambergensi
2866 5542 3053 5611 primo
3094 5543 3267 5595 fuisse
3317 5542 3687 5612 compositas,
3750 5542 3851 5594 de-
