4028 6206
226 328 277 379 ὅῖ
1832 323 1879 372 Al

2881 338 2887 345 ·
3621 321 3687 373 58

225 463 332 502 inus
360 446 412 500 id
441 445 519 499 ita
554 458 689 509 esse,
720 440 873 514 quod
926 444 1119 495 tamen
1165 456 1281 496 non
1312 440 1545 511 probas;
1579 441 1676 495 sed
1700 440 1779 495 sic
1809 456 1874 494 ex
1906 446 1952 498 Α
1989 458 2186 513 scopos
2241 448 2572 513 praesentes,
2648 439 2730 495 uti
2775 442 2950 495 refert
3027 440 3312 495 Ditmarus
3385 439 3687 511 episcopus

223 536 339 607 ipsis
420 532 644 587 Litaniis
726 530 968 585 ostendo
1047 534 1267 585 sanctos
1352 530 1647 600 conjuges,
1726 535 1879 595 tunc,

221 624 420 694 quando
475 620 699 676 Litaniae
739 620 967 689 scripta:
1025 621 1279 686 fuerunt,
1307 634 1422 671 non
1453 618 1716 671 habuisse
1746 633 1880 686 pro-

221 716 329 767 lem.
360 712 495 777 Quia
532 710 577 764 si
634 709 985 773 habuissent,
1017 708 1078 762 in
1121 708 1355 763 Litaniis
1406 709 1488 761 vel
1551 724 1879 779 expressum

221 801 391 854 fuisset
440 815 647 853 nomen
708 798 899 868 prolis,
961 798 1108 852 sicut
1180 814 1438 867 expresse
1496 797 1606 850 fuit
1671 811 1880 850 nomen

224 888 419 945 Heurici
452 887 915 953 etCunegundis,
971 888 1058 941 vel
1113 887 1310 940 saltem
1346 885 1627 939 iudicatus
1686 885 1883 939 fuisset

220 994 376 1041 sexus,
398 994 467 1029 an
532 976 602 1029 sit
630 976 784 1029 filius
816 976 900 1029 vel
931 975 1068 1028 tilia.
1129 976 1290 1037 Nam,
1352 975 1497 1027 sicut
1545 975 1604 1027 in
1634 974 1883 1027 formula

221 1064 619 1137 supplicationis
650 1081 753 1134 pro
775 1069 969 1117 sancto
1014 1064 1252 1117 Henrico
1281 1062 1522 1117 dicitur:
1560 1082 1587 1113 «
1617 1063 1695 1116 Tu
1720 1063 1878 1115 illum

220 1157 416 1224 adjuva,
436 1174 462 1204 υ
484 1154 544 1207 in
567 1154 985 1222 supplicatione
1004 1169 1107 1222 pro
1125 1160 1317 1206 sancta
1333 1151 1713 1221 tliinegunde:
1749 1172 1775 1200 «
1800 1152 1877 1204 Tu

218 1245 350 1297 illam
372 1244 592 1312 adjuva,
618 1262 644 1292 ν
670 1242 767 1306 ita,
800 1241 847 1294 si
879 1246 1013 1295 tunc
1044 1241 1350 1296 exstitisset
1376 1242 1491 1295 lilia
1524 1241 1751 1309 regalis.
1783 1242 1881 1295 de-
1910 1304 1913 1307 ἰ

220 1334 401 1385 bmsset
422 1329 532 1383 dici
556 1346 569 1383 :
604 1349 630 1378 ί(
663 1331 743 1383 'I‘u
774 1329 930 1384 illam
952 1329 1176 1399 adjuva.
1208 1348 1231 1381 ι
1252 1330 1396 1384 Cum
1425 1329 1609 1382 solum
1636 1335 1883 1398 ponatur-

218 1418 815 1488 perabhreviationem:
844 1436 870 1468 «
889 1419 970 1472 'I‘u
988 1418 1068 1471 ill.
1093 1418 1316 1487 adjuva,
1336 1439 1363 1467 ››
1405 1418 1554 1488 quod
1576 1442 1594 1464 ιι
1620 1418 1701 1472 ill.
1731 1440 1751 1465 ι
1779 1434 1883 1471 nec

215 1509 350 1561 illum
407 1524 505 1560 nec
564 1506 719 1560 illam
771 1506 1074 1576 significat,
1132 1506 1229 1560 sed
1288 1512 1373 1559 est
1425 1507 1754 1560 indifferens
1809 1506 1879 1559 ad

216 1601 526 1665 utrumque;
599 1596 827 1665 signum
880 1599 964 1648 est
1031 1594 1184 1665 quod
1243 1599 1378 1648 tunc
1436 1611 1551 1648 non
1604 1595 1882 1648 exstiterit

1993 530 2492 601 Merseburgensis,
2570 529 2870 584 historicus
2928 530 3305 599 synchronus,
3384 529 3531 584 libro
3590 544 3684 592 vu,

1994 632 2123 687 pag.
2155 623 2253 671 67:
2287 640 2305 665 «
2344 618 2426 672 0b
2456 616 3049 685 recompensationem
3077 617 3351 681 futuram,
3390 615 3691 686 inquiebat

1993 712 2220 759 sanctus
2254 706 2586 776 Imperator,
2617 705 2903 759 Christum
2942 705 3225 758 haeredem
3257 704 3438 773 elegi;
3469 705 3603 774 quia
3631 703 3689 755 in

1994 796 2188 849 sobole
2211 795 2554 865 acquirenda
2588 795 2747 849 nulla
2768 810 2897 864 spes
2918 800 3176 847 remanet
3207 792 3369 845 mihi.
3409 815 3433 841 υ
3460 792 3621 855 Quod
3642 790 3687 843 si

1996 890 2051 945 S.
2106 891 2377 944 Henricus
2425 897 2556 945 ante
2607 890 3003 944 fundationem
3061 888 3422 961 episcopatus
3486 886 3685 957 genuit

1993 980 2193 1041 ﬁliam.
2243 981 2529 1050 quomodo
2559 996 2689 1032 cum
2746 980 2975 1032 veritate
3017 980 3205 1033 dicere
3256 978 3460 1048 potuit,
3494 976 3597 1029 sibi
3631 976 3687 1030 in

1993 1067 2339 1139 acquirenda
2394 1068 2588 1121 sobole
2643 1068 2862 1121 nullam
2894 1082 3188 1120 remanere
3232 1065 3434 1135 spem?
3492 1066 3687 1117 Nonne

1996 1158 2310 1209 conventus
2351 1156 2580 1209 Patrum
2614 1159 2837 1223 poterat
2863 1154 2947 1207 illi
2976 1168 3292 1224 opponere:
3329 1172 3355 1201 ει
3388 1152 3688 1215 Quomodo

1995 1243 2152 1297 nulla
2182 1260 2309 1313 spes
2354 1242 2715 1312 acquirendae
2762 1242 2970 1295 sobolis
3002 1242 3060 1294 in
3093 1240 3360 1310 praesenti
3396 1240 3691 1292 matrimo-

1994 1330 2090 1383 nio
2126 1330 2228 1383 tibi
2258 1334 2537 1399 superest,
2570 1330 2668 1399 qui
2722 1330 2917 1398 paucis
2968 1329 3118 1381 hisce
3150 1328 3335 1391 annis,
3386 1327 3595 1396 quibus
3628 1325 3687 1378 in

1997 1421 2363 1474 matrimonio
2395 1420 2603 1487 vixisti,
2634 1419 2810 1472 tiliam
2838 1417 3131 1488 genuisti?
3170 1438 3190 1464 ι
3226 1418 3365 1471 Male
3395 1415 3573 1485 igitur
3602 1414 3685 1466 di-

1994 1511 2195 1580 gnitati
2250 1510 2430 1563 sancti
2479 1506 2843 1577 Imperatoris
2882 1504 3144 1571 consulit,
3205 1504 3303 1575 qui
3348 1501 3690 1574 procreatio-

1994 1615 2127 1654 nem
2199 1598 2406 1653 sobolis
2482 1602 2613 1651 ante
2694 1595 3090 1665 fundationem
3176 1592 3534 1664 episcopatus
3607 1590 3691 1642 illi

212 1683 326 1781 lilia.
397 1698 583 1753 neque
648 1683 830 1780 “etiam
904 1683 1076 1737 ﬁlius.
1150 1684 1336 1737 Manet
1398 1684 1550 1753 quod
1629 1684 1703 1737 sit
1757 1684 1879 1737 for-
1914 1728 1953 1781 Β
1991 1689 2217 1759 affligit.

212 1771 343 1823 mula
371 1770 711 1835 communis,
746 1787 875 1840 quae
906 1771 1158 1824 masculo
1211 1787 1372 1841 aeque
1395 1788 1459 1825 ac
1487 1771 1719 1825 femina:
1742 1789 1878 1825 con-

212 1858 372 1912 venire
412 1858 613 1928 possit.
664 1859 1046 1912 Conﬁrmatur
1107 1859 1163 1912 id
1223 1875 1292 1912 ex
1344 1860 1716 1930 sequentibus
1766 1862 1879 1913 for-

214 1946 355 1999 mulis
406 1947 744 2000 earumdem
804 1946 1175 2012 Litaniarum,
1208 1947 1307 2000 ubi
1362 1949 1597 2018 ponitur
1646 1950 1707 2002 Ν.
1753 1966 1881 2019 qua:

212 2039 317 2088 sunt
345 2035 607 2089 formula:
629 2051 965 2089 communes
985 2037 1345 2106 supplicandi
1373 2053 1475 2106 pro
1508 2038 1880 2107 quibuscum-

213 2139 304 2193 que
329 2122 584 2189 ducibus,
622 2124 928 2194 episcopis,
967 2146 987 2171 »
1023 2130 1131 2177 etc.

268 2212 341 2264 9t.
373 2231 398 2259 κ
438 2211 681 2279 Deinde,
722 2235 748 2260 ››
802 2212 991 2283 pergit
1054 2214 1254 2266 eodem
1312 2217 1510 2266 teuore
1571 2212 1880 2278 Pottuvius,

214 2320 232 2345 ιι
260 2300 464 2353 etiamsi
492 2300 842 2371 supplicatio
867 2318 970 2370 pro
1004 2316 1347 2355 xourussma
1386 2317 1557 2356 PHOLE
1594 2319 1727 2356 esca
1742 2318 1791 2356 LI
1822 2302 1882 2355 in

213 2388 409 2442 Litaniis
452 2389 756 2455 habeatur,
787 2390 939 2443 unde
967 2390 1172 2460 probas
1228 2391 1399 2460 quod,
1432 2392 1591 2459 prole
1618 2407 1731 2443 non
1760 2390 1882 2444 exi-

210 2482 380 2542 stente,
407 2478 751 2548 supplicatio
781 2478 880 2531 illa
909 2478 1081 2531 fuerit
1113 2478 1431 2542 decantata,
1463 2485 1519 2531 et
1550 2494 1662 2531 non
1696 2478 1883 2548 potius

209 2565 255 2618 iu
278 2565 374 2619 isto
394 2582 524 2620 casu
573 2566 830 2619 omissa?
860 2568 1043 2631 Certe,
1079 2582 1340 2636 quamvns
1372 2566 1431 2619 in
1473 2566 1596 2620 istis
1648 2566 1881 2619 Litaniis

208 2654 423 2707 formula
482 2652 927 2724 supplicationis
962 2670 1064 2723 pro
1099 2654 1466 2723 Imperatrice
1504 2654 1802 2719 habeatur,
1835 2654 1882 2707 si

208 2746 369 2795 tamen
397 2743 722 2813 Imperator
748 2741 1009 2795 nondum
1048 2749 1197 2795 esset
1226 2742 1583 2811 conjugatus,
1623 2747 1723 2796 aut
1752 2758 1880 2795 eva-

208 2824 343 2884 deret
366 2830 588 2895 viduus,
645 2831 896 2884 formula
924 2829 1355 2900 supplicationis
1384 2847 1490 2899 pro
1522 2831 1883 2900 Imperatrice

208 2918 335 2971 haud
364 2918 533 2971 dubie
566 2918 627 2971 in
662 2924 904 2987 utroque
934 2933 1067 2971 casu
1099 2918 1482 2973 omitteretur.
1516 2920 1617 2984 Ita,
1660 2918 1883 2973 etiamsi

212 3008 423 3060 formula
469 3022 577 3076 pro
625 3006 988 3059 nobilissima
1016 3008 1180 3075 prole
1211 3007 1388 3076 regali
1428 3008 1487 3060 in
1522 3007 1752 3061 Litaniis
1784 3024 1881 3077 po-
1917 3008 1957 3060 ι]

213 3100 373 3160 natur,
405 3096 566 3164 prole
596 3098 793 3149 tamen
844 3095 1170 3159 deﬁciente,
1213 3096 1434 3149 videtur
1486 3095 1734 3150 formula
1786 3096 1885 3149 illa

212 3183 259 3236 in
285 3184 675 3237 decantatione
710 3182 1057 3237 Litaniarum
1094 3183 1266 3237 fuisse
1318 3184 1547 3237 omissa.
1582 3183 1699 3237 Nisi
1736 3184 1883 3238 forte

216 3272 379 3325 fuisset
407 3271 601 3342 aliqua
652 3272 980 3342 conjectura
1037 3278 1136 3325 aut
1193 3271 1467 3337 iudicium
1500 3273 1884 3327 foccunditatis

212 3361 464 3431 conjugii:
506 3368 649 3416 tunc
707 3362 861 3415 enim
912 3362 1111 3416 ﬁdeles
1141 3362 1355 3416 subditi
1396 3366 1616 3432 optare,
1650 3364 1884 3434 Deoque

214 3450 499 3519 supplicare
525 3450 737 3515 solent,
771 3457 836 3503 ut
882 3451 1100 3504 fructus
1151 3450 1211 3504 in
1241 3450 1445 3506 arbore
1479 3457 1536 3505 et
1564 3468 1793 3521 gemma
1822 3451 1884 3505 in

214 3538 400 3592 concha
445 3543 811 3592 maturescat.
849 3540 1166 3593 Potuerunt
1213 3546 1404 3594 autem
1438 3540 1884 3609 Bambergcnses

215 3624 259 3677 id
283 3642 496 3694 sperare
526 3631 585 3681 et
642 3627 845 3680 merito
879 3628 1171 3697 apprecari
1218 3634 1333 3681 tam
1380 3628 1704 3699 insignibus
1751 3646 1882 3682 con-

210 3714 428 3784 jugibus,
479 3732 733 3786 quorum
786 3724 977 3769 votum
1026 3715 1395 3770 continentia:
1443 3717 1803 3786 ignorabant.
1858 3742 1876 3763 υ

213 3802 404 3857 Addere
448 3804 619 3858 liceat
650 3804 802 3875 quod
835 3804 1087 3873 proxime
1132 3804 1412 3858 formula:
1446 3823 1474 3855 α
1533 3805 1595 3858 Ν.
1658 3805 1882 3858 ductori

217 3891 413 3959 pacilico
436 3894 591 3947 salus
647 3898 703 3946 et
750 3893 863 3946 vita
886 3913 911 3944 ››
948 3893 1100 3947 haud
1133 3894 1305 3947 dubie
1339 3894 1739 3963 praetereunda
1786 3894 1877 3960 sit,

216 3978 399 4033 Caesare
429 3981 552 4051 ipso
608 3982 952 4034 exercitibus
1008 3983 1353 4050 imperante.
1394 3983 1483 4035 Sic
1513 3985 1749 4036 alteram
1777 3999 1881 4052 pro

220 4066 301 4120 loci
320 4069 586 4139 Episcopo
610 4074 667 4122 et
686 4069 939 4138 primam
962 4086 1065 4138 pro
1095 4072 1353 4125 Romano
1382 4072 1672 4138 Pontiﬁce,
1708 4088 1878 4125 nemo

221 4152 503 4207 decantatas
554 4155 927 4211 somniaverit
966 4159 1239 4213 alterutra
1281 4160 1414 4214 sede
1464 4166 1715 4214 vacante.
1769 4161 1875 4213 Ho-

2065 1780 2151 1830 93.
2189 1796 2216 1823 «
2248 1774 2460 1829 Deinde
2493 1774 2707 1843 absque
2759 1770 3015 1841 ejusdem
3067 1768 3259 1824 Sancti
3289 1765 3691 1838 prostitutione

1993 1864 2165 1918 etiam
2196 1863 2369 1917 asseri
2429 1879 2544 1916 non
2573 1866 2777 1931 potest,
2848 1859 3100 1929 genitam
3140 1858 3250 1929 ipsi
3306 1856 3479 1911 fuisse
3512 1857 3691 1910 ﬁliam

1993 1958 2119 2023 post
2148 1953 2541 2006 fundationem
2572 1951 2948 2021 episcopatus.
3002 1949 3099 2002 Ille
3130 1946 3296 2001 claris
3328 1951 3384 2000 et
3412 1944 3692 2015 expressis

1992 2042 2194 2103 verbis,
2230 2058 2422 2094 coram
2444 2040 2815 2094 celeberrimo
2845 2043 3132 2091 conventu
3163 2037 3495 2106 prmsulum,
3534 2050 3691 2087 asse—

1992 2135 2169 2193 verat,
2219 2129 2325 2183 sibi
2369 2129 2430 2182 in
2482 2127 2830 2197 acquirenda
2871 2126 3066 2180 sobole
3121 2126 3338 2178 nullam
3394 2138 3691 2192 superesse

1993 2234 2150 2287 spem
2180 2234 2191 2270 :
2228 2216 2355 2287 quis
2385 2231 2522 2285 ergo
2554 2216 2677 2268 sine
2729 2219 2864 2270 nota
2894 2220 3012 2266 tam
3060 2213 3332 2283 sapientis
3362 2215 3419 2265 et
3446 2211 3690 2264 circum-

1993 2306 2169 2377 specti
2237 2305 2604 2375 Imperatoris
2655 2304 2807 2357 dicet
2870 2303 3034 2356 illum
3107 2300 3500 2361 nihilominus,
3566 2305 3695 2368 post

1993 2393 2469 2448 asseverationem
2524 2392 2667 2446 adeo
2723 2391 3062 2456 solemnem,
3122 2403 3449 2458 procreasse
3475 2387 3692 2441 ﬁliam?

1996 2482 2113 2536 Nisi
2137 2482 2316 2551 igitur
2348 2480 2531 2535 valida
2561 2480 2705 2534 ratio
2738 2480 3028 2545 afferetur,
3060 2477 3244 2548 qualis
3275 2491 3391 2529 non
3433 2475 3689 2539 affertur,

1992 2572 2164 2641 exigit
2208 2571 2455 2640 dignitas
2510 2570 2655 2623 tanti
2714 2568 3078 2638 Imperatoris
3110 2571 3171 2619 ut
3198 2564 3498 2619 credamus
3528 2564 3691 2617 illum

1996 2677 2191 2713 verum
2224 2660 2448 2724 dixisse,
2505 2659 2639 2712 dum
2682 2656 2925 2711 solemni
2956 2655 3371 2709 contestatione
3404 2669 3691 2707 assevera-

1993 2749 2073 2802 vit
2103 2748 2316 2800 nullam
2352 2748 2409 2800 in
2457 2746 2803 2816 acquirenda
2824 2744 3018 2798 sobole
3049 2742 3155 2797 sibi
3186 2757 3485 2796 remanere
3507 2757 3688 2812 spem.

1993 2837 2128 2900 Quis
2158 2844 2351 2889 autem
2382 2834 2465 2887 illi
2514 2850 2675 2903 spem
2725 2848 2953 2887 omnem
2996 2830 3208 2885 ademit
3223 2833 3251 2884 ‘P
3280 2830 3416 2895 Quis
3459 2829 3567 2883 nisi
3597 2830 3693 2883 ille

1994 2925 2238 2993 ipsemet
2289 2922 2609 2976 voluntario
2668 2927 2798 2975 voto
2860 2920 3247 2984 continentiae,
3307 2919 3367 2972 in
3414 2919 3689 2972 honorem

1996 3013 2097 3065 Dei
2142 3012 2372 3075 emisso,
2409 3018 2516 3064 eta
2568 3009 2879 3063 castissima
2916 3008 3161 3078 conjuge
3216 3005 3564 3061 ratihahito?
3598 3007 3696 3060 Po-

1996 3106 2141 3156 terat
2165 3100 2354 3154 dicere
2381 3116 2510 3153 cum
2549 3100 2752 3169 Jephte
2797 3098 2941 3166 (Iud.
2970 3114 3028 3161 ιι,
3058 3099 3177 3163 35):
3210 3117 3237 3145 (ι
3280 3094 3494 3164 Aperui
3538 3094 3691 3148 enim

1996 3205 2059 3243 os
2089 3204 2281 3242 meum
2299 3188 2367 3242 ad
2405 3187 2730 3253 Dominum,
2764 3191 2821 3240 et
2858 3185 3013 3239 aliud
3048 3184 3232 3238 facere
3263 3200 3378 3237 non
3412 3187 3627 3252 potero,
3671 3206 3687 3226 ιο

1996 3294 2167 3347 quam
2216 3283 2553 3348 perpetuam
2603 3292 2826 3329 servare
2866 3272 3296 3329 continentiam.
3361 3271 3503 3335 Quid
3536 3270 3691 3324 aliud

1994 3366 2244 3420 innuunt
2276 3367 2446 3419 verba
2494 3364 2826 3418 immediate
2877 3362 3196 3434 sequentia,
3230 3362 3299 3415 ab
3339 3361 3692 3429 Imperatore

1994 3454 2053 3509 in
2102 3460 2383 3509 conventu
2432 3454 2682 3524 prolata:
2720 3471 2747 3502 α
2783 3453 2844 3505 Et
2893 3451 3048 3521 quod
3080 3450 3435 3520 praecipuum
3493 3447 3691 3513 habui,

1993 3559 2057 3597 ac
2084 3544 2367 3614 meipsum
2399 3557 2529 3595 cum
2559 3540 2729 3594 modo
2766 3538 3057 3610 acquisitis
3104 3555 3205 3593 seu
3235 3537 3592 3609 acquirendi,
3626 3536 3683 3588 in

1994 3632 2335 3685 sacriﬁcium
2368 3629 2515 3685 Patri
2570 3628 2829 3699 ingenito
2852 3629 2972 3697 jam
3027 3628 3243 3682 dudum
3289 3633 3503 3681 secreto
3536 3640 3689 3677 men-

1994 3720 2065 3775 tis
2096 3720 2305 3774 obtuli:
2327 3741 2355 3768 ››
2390 3719 2549 3790 quid,
2579 3718 2839 3787 inquam,
2876 3716 3033 3770 aliud
3063 3715 3311 3768 innuunt
3363 3714 3531 3768 verba
3572 3713 3688 3775 illa,

1992 3824 2167 3878 quam
2197 3813 2389 3861 votum
2414 3805 2703 3867 castitatis,
2749 3821 2863 3874 quo
2925 3803 3313 3857 sanctissimus
3356 3804 3693 3870 Imperator,

1986 3896 2148 3966 juxta
2176 3894 2472 3949 consilium
2492 3893 3023 3957 Salvatoris-(zllalth.
3058 3908 3173 3953 xu,
3214 3894 3314 3949 l'2l.
3349 3910 3373 3941 «
3416 3906 3475 3942 se
3502 3889 3692 3959 ipsum

1990 3983 2251 4039 castravit
2274 3989 2510 4053 propter
2532 3996 2774 4049 regnum
2801 3981 3095 4041 ccelorum,
3130 4000 3150 4026 ι
3179 3982 3233 4031 et
3259 3978 3689 4031 inclinationem

1994 4073 2351 4143 relinquendi
2386 4071 2494 4125 sibi
2536 4070 2782 4124 similem
2815 4073 2944 4139 post
2992 4084 3071 4131 se,
3107 4068 3219 4121 Deo
3247 4066 3307 4119 in
3348 4065 3688 4119 sacriﬁcium

1990 4162 2216 4228 obtulit,
2254 4177 2462 4230 magno
2494 4158 2818 4213 Abrahamo
2853 4158 2914 4210 in
2961 4174 3029 4210 eo
3060 4155 3499 4225 comparandus,
3536 4155 3689 4225 quod

218 4235 454 4334 diernam,
513 4248 572 4297 et
632 4244 752 4314 jam
794 4249 880 4298 tot
934 4247 1127 4300 seaculi
1206 4254 1561 4303 constantem
1621 4249 1877 4303 Ecclesia:
1908 4282 1949 4334 υ
1989 4252 2093 4306 iste
2116 4254 2346 4322 paratus
2377 4248 2567 4312 fuerit,
2603 4249 2861 4300 Isaacum
2914 4246 3119 4311 ﬁlium,
3177 4244 3285 4297 sibi
3318 4243 3541 4313 pridem
3589 4260 3688 4296 na-

217 4327 404 4391 praxim
452 4336 716 4386 consulat
772 4334 1048 4401 Koslerus,
1097 4342 1153 4389 et
1208 4353 1336 4406 qua:
1389 4338 1480 4391 hic
1547 4338 1695 4391 dicta
1746 4345 1879 4391 sunt

218 4423 473 4471 verissima
502 4436 629 4473 esse
662 4423 986 4492 perspiciet.

242 4506 345 4594 .92.
394 4508 513 4560 Non
539 4508 636 4561 hic
663 4510 844 4563 haeret
895 4512 1221 4576 Pottuvius;
1273 4514 1367 4567 sed
1416 4514 1595 4567 altera
1642 4530 1876 4585 respon-

218 4602 347 4644 stone
372 4609 463 4647 seu
496 4602 839 4666 argumento
884 4598 1054 4653 instat
1087 4599 1146 4653 in
1202 4605 1353 4654 hunc
1384 4602 1649 4655 modum:
1689 4625 1709 4649 ‹‹
1745 4602 1878 4657 Sine

220 4683 332 4731 nota
348 4683 682 4737 sanctissimi
730 4702 793 4739 ac
822 4687 1261 4755 prudentissimi
1290 4689 1707 4760 Imperatoris»
1741 4691 1879 4758 (haec

218 4767 488 4833 praedicata
539 4787 673 4826 cum
725 4775 1069 4845 Gundlingio
1128 4793 1243 4830 non
1312 4778 1547 4846 negabit
1601 4780 1876 4845 Koelerus)

220 4876 235 4898 ο
268 4858 424 4910 asseri
478 4876 596 4913 non
626 4867 817 4931 potest
844 4864 997 4932 quod
1050 4881 1118 4918 ex
1157 4881 1259 4918 suo
1316 4866 1586 4936 conjugio
1619 4867 1880 4937 genuerit

219 4943 388 4998 saltem
416 4948 613 5002 ﬁliam.
672 4950 767 5004 Vel
799 4951 953 5004 enim
986 4952 1145 5006 illam
1202 4955 1400 5023 genuit
1429 4960 1556 5007 ante
1589 4955 1875 5010 fundatio-

220 5044 329 5085 nem
367 5036 720 5108 episcopatus
754 5040 1206 5111 Bambergensis,
1240 5042 1326 5095 vel
1365 5048 1493 5112 post
1523 5044 1709 5098 illam:
1738 5061 1878 5098 neu-

220 5120 347 5173 trum
370 5123 488 5177 sine
544 5130 683 5178 nota
714 5126 1082 5196 Imperatoris
1137 5128 1311 5181 asseri
1356 5134 1560 5197 potest.
1595 5130 1881 5200 Imprimis

222 5221 317 5260 non
344 5217 518 5279 potest
548 5213 659 5267 dici
686 5215 834 5285 quod
860 5214 1126 5285 genuerit
1151 5223 1281 5270 ante
1300 5217 1715 5284 fundationem,
1750 5235 1879 5288 quas

222 5299 427 5388 contigit
454 5318 605 5357 anno
653 5320 701 5356 vr
734 5306 820 5359 vel
870 5322 939 5359 νιι
972 5311 1101 5375 post
1156 5306 1546 5361 millesimum.
1582 5307 1881 5377 Colligitur

226 5383 268 5436 id
316 5403 373 5441 ex
442 5392 779 5447 allocutione
827 5396 881 5448 S.
939 5395 1185 5462 Henrici,
1251 5411 1424 5466 quam
1481 5397 1540 5450 in
1599 5401 1879 5450 conventu

230 5471 649 5540 Francofurtensi
682 5483 879 5536 habuit
907 5484 978 5537 ad
1031 5486 1086 5538 S.
1124 5485 1467 5554 Willigisum
1503 5484 1878 5555 archiepisco-

232 5574 341 5626 Ρυω
385 5566 770 5641 Moguntinum
802 5576 856 5624 et
910 5578 1141 5625 caeteros
1170 5572 1627 5644 arcliiepiscopos
1676 5578 1731 5627 et
1760 5573 1879 5644 epi-

1990 4343 2135 4405 tum,
2163 4338 2485 4399 immolare,
2529 4336 2621 4389 hic
2648 4352 2781 4389 vero
2839 4350 2997 4405 spem
3045 4333 3148 4388 lilii
3178 4337 3235 4387 et
3277 4332 3521 4386 hmredis
3584 4332 3690 4385 sibi

1986 4426 2280 4487 nascituri,
2312 4425 2515 4479 intima
2549 4424 2756 4479 mentis
2812 4422 3133 4487 devotione,
3182 4421 3472 4476 Altissimo
3518 4420 3689 4474 sacri-

1987 4515 2279 4568 ficaverit?
2309 4540 2329 4561 ι

2058 4604 2144 4658 94.
2179 4603 2354 4655 Hasce
2402 4601 2768 4672 quaestiones,
2829 4599 2965 4653 satis
2994 4599 3249 4653 concisas
3306 4615 3371 4651 ac
3399 4598 3686 4669 stringen-

1986 4694 2089 4755 tes,
2124 4690 2196 4743 ad
2245 4690 2537 4743 Kcelerum
2568 4687 2857 4741 universas
2904 4686 3269 4753 remittimus,
3302 4691 3367 4739 ut
3394 4686 3454 4738 in
3485 4686 3682 4754 proxi-

1987 4780 2097 4831 mis
2129 4778 2384 4831 thesibus
2417 4778 2534 4830 suis
2589 4776 2871 4830 historicis
2918 4780 3050 4844 apta
3099 4790 3371 4844 responsa
3421 4772 3687 4843 suppedi-

1987 4872 2087 4921 tet.
2126 4867 2318 4937 Neque
2375 4871 2569 4920 tamen
2601 4864 2692 4917 hic
2744 4864 2953 4917 desiuit
2993 4863 3305 4928 Pottuvius,
3363 4862 3525 4929 cujus
3570 4861 3694 4914 hinc

1988 4954 2152 5008 tertia
2204 4953 2501 5023 responsio
2532 4957 2634 5005 est.
2684 4972 2712 5001 «
2747 4952 2801 5004 Si
2832 4953 2888 5005 ὃ.
2949 4951 3220 5006 Henricus
3266 4948 3467 5017 genuit
3514 4947 3693 5001 ﬁliam

1987 5048 2045 5097 et
2071 5042 2291 5096 curavit
2342 5058 2445 5111 pro
2498 5041 2851 5110 eapublicas
2903 5040 2963 5093 in
3011 5038 3243 5093 ecclesia
3289 5034 3695 5104 Bambergensi

1988 5130 2208 5185 institui
2242 5146 2454 5199 preces,
2500 5130 2583 5183 uti
2633 5129 2890 5183 Kcelerus
2928 5144 2995 5181 ex
3054 5125 3287 5181 Litaniis
3337 5124 3523 5178 citatis
3564 5140 3695 5193 pro-

1987 5220 2124 5273 bare
2148 5220 2287 5271 velle
2321 5218 2566 5282 videtur;
2593 5215 2886 5270 moraliter
2914 5213 3265 5283 impossibile
3304 5217 3390 5267 est
3435 5214 3689 5283 potuisse

1988 5306 2046 5360 in
2104 5306 2345 5369 mundo,
2404 5311 2460 5360 et
2500 5305 2784 5376 imprimis
2844 5303 3193 5371 Bambergie,
3253 5302 3682 5373 persuasionem

1988 5395 2367 5450 universalem
2396 5395 2761 5459 iuvaIescere,
2794 5392 2940 5446 sicut
2998 5390 3185 5462 reipsa
3213 5391 3472 5456 invaluit,
3534 5390 3686 5462 quod

1990 5484 2169 5538 sancti
2220 5483 2495 5538 Henricus
2524 5487 2579 5535 et
2629 5479 2996 5551 Cuneguudis
3042 5479 3104 5533 in
3154 5497 3257 5549 suo
3316 5478 3687 5535 matrimonio

1994 5573 2328 5642 virginalem
2388 5571 2797 5624 continentiam
2861 5576 3134 5640 perpetuo
3192 5569 3561 5622 servaverint.
3629 5567 3683 5620 Si
