4058 6216
324 335 388 386 59
1624 335 1680 389 s.
1727 334 2004 390 HENRICI
2050 331 2533 389 tMPERATOltIS
3241 291 3246 293 ’
3782 339 3857 389 eo

325 456 482 512 enim
531 458 790 512 Kmlerus
828 461 944 512 tam
995 473 1165 527 sagax
1217 462 1302 511 est
1341 461 1405 511 ut
1460 461 1589 528 post
1634 455 2032 526 septingentos
2066 457 2111 510 A
2151 453 2402 509 illustres
2451 454 2820 510 continentia!
2873 455 3154 528 imagines
3215 456 3284 511 ad
3323 458 3534 511 cultum
3566 463 3623 513 et
3652 458 3858 512 imita-

336 559 522 600 annos
549 561 616 600 ex
645 546 756 600 illis
788 545 1026 600 Litaniis
1047 547 1322 600 odoretur
1341 546 1592 600 sobolem
1617 544 1856 614 regiam.
1891 559 2034 614 quo-

329 635 502 688 modo
531 634 996 704 Bambergenses,
1031 635 1130 706 qui
1168 634 1418 689 Litanias
1469 633 1593 687 illas
1621 638 1879 702 tempore
1903 647 2033 684 san-

324 722 405 776 cti
433 723 656 778 Henrici
683 721 1079 782 decantaruut.
1113 729 1169 776 et
1192 723 1358 776 annis
1389 720 1822 791 insequentibus
1852 736 2034 791 usque

320 819 394 867 ad
443 815 565 868 haec
595 817 880 883 tempora,
909 813 968 867 in
1017 813 1232 868 Libello
1281 811 1538 882 graduali
1570 811 1900 882 descriptas,
1934 827 2033 881 po-

317 916 429 954 nes
461 917 519 954 se
574 903 958 966 retinuerunt,
1005 900 1211 969 saepius
1256 899 1648 969 inspexerunt,
1694 904 1752 952 et
1780 897 1908 952 aliis
1952 898 2036 951 in-

320 989 656 1056 spiciendas
696 989 1108 1053 exhibuerunt;
1147 987 1454 1056 quomodo,
1507 987 1768 1058 inquam,
1807 986 1893 1040 illi
1925 1002 2039 1040 om-

321 1093 435 1131 nes
465 1077 605 1131 nihil
637 1093 887 1147 unquam
908 1077 976 1130 de
1012 1076 1112 1129 tali
1141 1076 1262 1129 tilia
1290 1077 1636 1146 cogitarunt,
1688 1081 1788 1130 aut
1833 1075 2036 1130 exinde

321 1166 726 1234 collegerunt?
767 1166 1091 1218 Fueruntne
1148 1180 1350 1217 omnes
1405 1179 1509 1233 per
1568 1167 1784 1233 septem
1831 1165 2038 1217 saacula

323 1255 476 1308 adeo
507 1252 742 1322 stupidi,
785 1257 849 1306 ut
896 1253 1090 1305 nullus
1119 1258 1348 1322 caperet
1389 1252 1747 1322 mysterium,
1780 1252 1840 1305 in
1894 1251 2037 1306 Lita-

329 1339 445 1393 niis
473 1338 849 1405 reconditum,
881 1339 1034 1408 quod
1076 1354 1228 1392 nunc
1268 1339 1500 1393 tandem
1531 1338 1790 1392 Kmlerus
1821 1339 2036 1392 mundo

325 1429 583 1481 revelat?
641 1428 708 1480 Et
753 1427 800 1480 si
852 1427 1321 1497 Bambergenses,
1374 1431 1632 1498 tempore
1671 1428 1725 1482 8.
1781 1426 2031 1493 Henrici,

325 1515 506 1571 tiliam
555 1517 680 1586 ejus
733 1520 1036 1580 noverunt,
1087 1520 1145 1568 et
1175 1531 1276 1586 pro
1307 1531 1373 1569 ea
1426 1515 1654 1586 publice
1692 1515 1752 1569 in
1801 1515 2036 1570 Litaniis

328 1605 547 1676 precati
572 1609 726 1673 sunt,
773 1605 1065 1675 quomodo
1096 1610 1154 1656 et
1202 1603 1433 1674 quando
1482 1609 1795 1674 potuerunt
1846 1605 2034 1658 delabi

327 1694 388 1746 in
417 1709 543 1747 eam
571 1692 1023 1763 persuasionem,
1052 1699 1112 1746 ut
1159 1692 1458 1747 crederent
1503 1692 1599 1748 SS.
1644 1693 1944 1746 llenricum
1979 1697 2036 1746 et

330 1782 747 1853 Cunegundem
777 1781 836 1836 in
892 1797 992 1835 suo
1031 1780 1302 1852 conjugio
1356 1781 1479 1853 pari
1508 1797 1778 1835 consensu
1836 1797 2034 1852 perpe-

330 1876 489 1925 tuam
518 1887 767 1924 servasse
789 1869 1203 1924 continentiam
1224 1869 1252 1924 ?
1277 1891 1306 1918 »

405 1961 494 2011 95.
545 1958 916 2027 Importunus
966 1957 1240 2026 quaesitor
1297 1961 1382 2010 est
1427 1956 1744 2010 Pottuvius.
1807 1975 1834 2007 α
1889 1957 2036 2020 Quo-

333 2045 524 2111 modo,
549 2045 757 2116 inquit,
795 2045 866 2098 ad
894 2044 1047 2098 idem
1093 2043 1452 2098 sentiendum
1488 2050 1671 2098 totum
1704 2044 2036 2114 imperium,

335 2140 393 2188 et
415 2137 564 2187 totus
604 2134 714 2187 late
763 2133 1119 2187 Christianus
1167 2133 1320 2186 orbis
1376 2133 1569 2187 induci
1628 2133 1850 2203 potuit?
1879 2133 2035 2198 Quo-

339 2222 510 2276 modo
553 2221 959 2276 celeberrimus
989 2221 1126 2275 ordo
1172 2223 1235 2276 D.
1287 2221 1576 2276 Benedicti
1625 2222 1676 2276 8.
1727 2222 2038 2292 Cunegun-

339 2311 491 2377 dem,
525 2322 652 2381 post
684 2310 907 2364 obitum
954 2310 1010 2365 8.
1068 2309 1314 2374 Henrici,
1350 2311 1417 2363 ad
1451 2309 1778 2364 coenobium
1825 2310 2039 2365 Confu-

338 2399 534 2469 giense
574 2398 824 2469 suscepit
857 2403 916 2452 ut
944 2399 1249 2469 virginem,
1287 2415 1344 2451 se
1369 2398 1640 2467 deinceps
1670 2398 1853 2469 ipsam
1899 2415 2037 2452 con-

337 2493 554 2541 stanter
602 2493 664 2541 ut
713 2488 890 2540 talem
946 2486 1148 2540 habuit
1199 2490 1256 2540 et
1302 2487 1501 2550 coluit,
1551 2487 1598 2538 si
1650 2487 1827 2552 scivit,
1883 2486 2038 2556 quod

339 2575 556 2630 nescire
599 2591 718 2629 non
750 2575 960 2646 potuit,
992 2575 1148 2628 illam
1180 2574 1241 2628 in
1277 2591 1380 2628 suo
1423 2575 1691 2645 conjugio
1723 2575 1893 2630 fuisse
1929 2591 2041 2628 ma-

339 2669 484 2718 trem
513 2664 646 2718 tiliae
671 2663 919 2733 regalis?
938 2664 1060 2728 Quo
1085 2665 1311 2724 saeculo.
1347 2668 1404 2715 et
1433 2663 1579 2717 circa
1617 2679 1788 2733 quem
1821 2678 2038 2716 annum

342 2753 622 2807 memoria
639 2752 770 2806 tiliae
795 2751 960 2805 istius
979 2750 1303 2805 oblitterata
1324 2751 1451 2814 fuit,
1478 2756 1534 2805 et
1556 2751 1677 2821 ejus
1701 2752 1823 2806 loco
1845 2758 2040 2806 exorta

340 2840 632 2912 persuasio
677 2845 747 2894 de
806 2839 1073 2909 virginali
1131 2839 1486 2894 continentia
1541 2841 1634 2895 SS.
1685 2842 2041 2910 conjugum?

345 2931 417 2984 Ex
468 2928 744 2999 rescripto
778 2927 1018 2998 Eugenii
1077 2929 1150 2981 Ill
1182 2932 1403 2982 constat
1443 2929 1652 2982 saeculo
1697 2944 1771 2982 xu
1838 2929 1892 2981 id
1917 2929 2039 2998 jam

343 3017 517 3073 fuisse
557 3016 860 3076 creditum.
921 3021 976 3070 et
1020 3016 1290 3086 legitimis
1346 3017 1688 3070 testimoniis
1745 3017 2040 3070 contirma-
2071 3005 2111 3061 Ο

343 3109 490 3170 tum,
535 3103 593 3158 8.
637 3102 962 3169 llenricum,
993 3103 1054 3156 in
1101 3108 1226 3156 toro
1256 3101 1428 3156 etiam
1479 3103 1735 3172 legitimo
1765 3105 2037 3173 positum,

345 3191 735 3264 integritatem
766 3191 1115 3245 castimoniae
1142 3207 1325 3262 usque
1380 3201 1453 3245 ad
1519 3190 1695 3245 tinem
1744 3191 1873 3245 vitae
1903 3208 2042 3245 con-

347 3295 626 3334 servasse:
660 3279 708 3333 si
765 3279 973 3333 saaculo
1020 3279 1352 3333 immediate
1389 3280 1749 3348 praecedente
1795 3280 1848 3335 S.
1902 3281 2042 3333 Hen-

347 3367 500 3422 ricus
528 3367 591 3422 in
620 3383 723 3421 suo
755 3367 1023 3437 conjugio
1055 3367 1232 3422 titiam
1266 3367 1487 3438 genuit,
1544 3373 1600 3421 et
1625 3383 1729 3437 pro
1760 3385 1827 3421 ea
1859 3368 1915 3421 in
1951 3369 2042 3422 Li-

348 3455 521 3509 taniis
551 3455 778 3526 publice
801 3455 1186 3526 supplicatum
1216 3455 1345 3518 fuit,
1379 3455 1508 3525 quis
1541 3455 1649 3509 sibi
1677 3459 2039 3526 persuadeat,

348 3544 600 3615 potuisse
629 3549 747 3598 tam
794 3543 954 3598 brevi
987 3549 1244 3614 tempore
1289 3543 1624 3597 memoriam
1673 3543 2046 3599 nobilissimae

349 3632 528 3703 prolis
560 3631 768 3702 regalis
799 3630 950 3700 apud
979 3647 1178 3684 omnes
1229 3630 1437 3700 perire,
1471 3635 1527 3685 et
1583 3631 1855 3686 fecundos
1909 3649 2045 3687 con-

343 3721 514 3792 juges
561 3719 760 3775 haberi
792 3735 896 3790 pro
925 3719 1282 3791 virginibus?
1327 3719 1558 3773 Etiamsi
1605 3719 1664 3774 in
1695 3721 1888 3791 aliquo
1919 3738 2050 3776 con-

343 3809 512 3880 jugio
545 3809 704 3863 nulla
737 3823 1008 3878 umquam
1057 3811 1326 3878 appareat
1363 3807 1605 3876 soboles,
1659 3808 1918 3863 homines
1964 3814 2046 3864 ta-

353 3913 487 3952 men
515 3897 824 3952 difiiculter
852 3897 1206 3952 inducuntur
1233 3895 1305 3951 ad
1337 3897 1708 3962 credendum,
1733 3898 1882 3968 quod
1909 3901 2050 3954 tales

353 3987 624 4057 conjuges
679 3986 838 4056 prole
869 3990 1103 4040 careant
1149 4001 1212 4038 ex
1266 3985 1473 4039 virtute
1523 3992 1818 4054 perpetuas
1875 3987 2050 4040 couti-

353 4074 595 4139 nentim;
645 4073 743 4127 sed
803 4073 859 4127 id
932 4072 1264 4127 adscribunt
1329 4071 1615 4125 sterilitati
1667 4068 1905 4138 naturae,
1957 4078 2054 4126 aut

354 4160 482 4214 aliis
511 4161 939 4230 impedimentis
960 4159 1338 4213 naturalibus.
1368 4159 1540 4212 Multo
1573 4158 1766 4212 minus
1794 4159 2055 4214 homines

358 4247 672 4319 propinqui
693 4247 844 4300 aetati
887 4246 979 4300 SS.
1021 4246 1332 4315 conjugum
1356 4245 1649 4299 scivisseut
1677 4263 1736 4300 se
1766 4247 1957 4300 induci
1986 4249 2053 4302 ad
2084 4285 2126 4338 Β

357 4334 700 4389 credendam
736 4338 1075 4405 perpetuam
1114 4348 1310 4387 eorum
1346 4333 1778 4400 continentiam,
1810 4334 1856 4388 si
1883 4334 1965 4389 illi
1997 4335 2054 4389 in

359 4438 463 4477 suo
486 4421 754 4493 conjugio
787 4421 1169 4492 suscepissent
1196 4421 1394 4484 ﬁliam,
1428 4423 1582 4492 quod
1630 4424 1829 4494 utique
1868 4423 2056 4479 homi-

359 4527 482 4577 nes,
513 4509 668 4565 aatati
699 4509 795 4564 isti
824 4510 966 4565 adeo
992 4509 1206 4565 vicinos
1237 4511 1409 4564 latere
1439 4526 1556 4564 non
1588 4511 1890 4581 potuisset.

433 4602 518 4654 96.
558 4621 577 4646 α
619 4599 852 4652 Necesse
885 4605 973 4652 est
1023 4598 1201 4668 igitur
1229 4598 1417 4658 fateri.
1474 4600 1690 4670 legatos
1719 4601 2059 4670 apostolicos

362 4687 433 4742 ab
469 4686 720 4756 Eugenio
760 4687 856 4746 Ill.
885 4686 958 4740 ad
987 4685 1392 4758 inquirendam
1425 4687 1505 4741 rei
1535 4689 1828 4744 veritatem
1851 4691 2057 4744 saeculo

361 4792 433 4830 xu
487 4775 860 4845 Bambergam
893 4774 1116 4841 missos,
1169 4775 1254 4830 uti
1297 4781 1354 4831 et
1398 4777 1612 4830 multos
1648 4776 1945 4846 religiosos
1995 4793 2061 4832 ac

361 4865 634 4920 discretos
688 4865 842 4918 viros
893 4879 1013 4918 non
1064 4865 1314 4935 potuisse
1371 4865 1565 4919 induci
1617 4866 1687 4920 ad
1718 4866 2056 4922 credendam

362 4959 420 5007 et
448 4953 830 5008 attestandam
887 4952 1276 5022 integritatem
1320 4954 1671 5010 castimoniae
1727 4955 1780 5009 S.
1834 4956 2062 5010 Henrici

367 5059 545 5113 usque
572 5043 631 5096 in
681 5044 855 5098 tinem
899 5043 1052 5110 vitas,
1081 5042 1129 5095 si
1160 5043 1245 5096 vel
1291 5043 1350 5096 in
1391 5044 1758 5099 matrimonio
1812 5061 1916 5099 suo
1963 5060 2062 5114 ge-

365 5131 582 5185 nuisset
609 5132 808 5198 iilia'm,
841 5132 926 5186 vel
972 5131 1019 5184 si
1069 5131 1139 5185 de
1187 5131 1284 5184 illa
1332 5132 1659 5202 integritate
1709 5133 2064 5188 castimonia

368 5234 486 5272 non
553 5219 888 5274 habuissent
942 5219 1174 5285 indicia,
1235 5219 1677 5275 testimonia'et
1727 5227 2065 5291 argumenta

369 5313 523 5362 certa
575 5323 639 5360 ac
699 5309 936 5362 minime
991 5315 1282 5380 suspecta;
1315 5309 1372 5362 in
1422 5309 1634 5379 quibus
1668 5309 1852 5380 pietas
1902 5309 2064 5364 Chri-

366 5395 554 5449 stiana
587 5401 776 5465 posset
827 5397 1034 5450 merito
1075 5398 1500 5469 conquiescere,
1561 5402 1617 5452 et
1643 5397 1924 5451 memoria
1949 5403 2065 5452 tam

370 5483 611 5537 illustris
657 5485 906 5554 exempli
950 5502 1080 5540 cum
1109 5487 1314 5540 solatio
1355 5485 1481 5540 frui.
1541 5486 1645 5541 Sed
1677 5501 1805 5539 cum
1829 5485 2068 5539 humani

372 5573 595 5641 generis
653 5572 830 5626 hostis
881 5574 1274 5642 indignissime
1332 5577 1476 5629 ferat
1533 5574 1592 5628 in
1651 5573 1890 5628 Ecclesia
1927 5574 2066 5628 adeo

2146 542 2362 596 tionem
2391 545 2580 614 palam
2609 543 2874 615 proponi,
2908 551 3068 598 actus
3099 544 3259 599 rabie
3290 544 3601 607 etinvidia,
3642 544 3862 598 nititur

2144 631 2374 686 easdem
2422 632 2582 686 tetris
2641 633 2924 686 coloribus
2982 634 3309 701 obscurare,
3371 633 3515 686 sicut
3553 633 3696 686 olim
3746 648 3861 702 per

2144 719 2516 775 iconoctastas
2570 721 2777 775 Christi
2828 727 2885 775 et
2932 723 3273 777 Sanctorum
3326 722 3604 792 imagines
3634 738 3707 775 ex
3742 722 3854 776 ho-

2147 808 2368 862 minum
2423 809 2599 862 oculis
2638 809 2841 863 tollere
2871 814 3110 863 conatus
3152 809 3279 870 fuit,
3311 826 3376 863 ne
3408 809 3521 870 isti,
3549 825 3617 863 ex
3642 824 3855 864 earum

2143 903 2395 968 aspectu,
2459 898 2530 951 ad
2587 897 2866 952 imitanda
2924 898 3157 969 egregia
3219 898 3558 952 Sanctorum
3611 897 3853 952 illorum

2145 985 2287 1038 facta
2343 985 2741 1039 excitarentur.
2794 1005 2821 1035 ι»
2883 985 2955 1041 Os
3011 985 3250 1040 durum!
3312 986 3389 1039 mi
3451 987 3696 1050 Kmlere,
3749 987 3854 1040 sed

2145 1073 2296 1143 quod
2331 1079 2392 1128 tu
2420 1074 2480 1127 in
2511 1074 2761 1128 medium
2795 1079 3009 1130 temere
3057 1074 3363 1146 projecisti,
3415 1074 3633 1128 caeteris
3664 1090 3847 1145 argu-

2145 1161 2352 1216 mentis
2375 1163 2496 1233 jam
2528 1163 2754 1217 abunde
2794 1163 3058 1234 superius
3106 1163 3322 1218 dilutis.
3374 1164 3449 1218 Te
3505 1179 3691 1218 unum
3722 1163 3850 1217 hare

2137 1250 2329 1321 jacula
2384 1250 2622 1316 feriunt,
2675 1255 2847 1322 teque
2903 1252 3043 1306 adeo
3073 1257 3276 1322 petunt
3316 1267 3700 1323 quaecumque
3737 1253 3850 1305 hoc

2143 1343 2260 1393 toto
2305 1340 2665 1411 paragrapho
2721 1341 3009 1410 disputata
3049 1345 3210 1394 sunt:
3269 1346 3389 1395 tute
3441 1342 3550 1394 hoc
3610 1339 3850 1402 intristi,

2141 1427 2244 1482 tibi
2267 1443 2438 1484 omne
2466 1428 2824 1482 exedendum
2856 1432 2970 1496 est;
2999 1428 3165 1482 nobis
3217 1432 3518 1499 supersunt
3552 1426 3856 1498 praecipua

2144 1517 2483 1571 sanctissimi
2572 1516 2943 1588 Imperatoris
3010 1521 3170 1587 gesta
3242 1516 3667 1586 chronologice,
3744 1532 3857 1586 pro

2142 1609 2339 1659 nostro
2375 1605 2658 1673 instituto,
2681 1605 3011 1675 digerenda.

2066 1731 2104 1784 Β
2145 1712 2257 1779 §X.
2319 1713 2600 1780 Praecipua
2651 1712 2704 1766 S.
2766 1714 2985 1766 Henrici
3014 1717 3166 1780 gesta
3217 1711 3292 1764 ad
3318 1716 3636 1784 itemliorum
3695 1712 3861 1784 ονίιί.

2214 1797 2335 1836 nem
2371 1788 2641 1846 revocata,
2675 1799 2708 1834 a
2740 1785 2896 1849 regni
2929 1785 3208 1852 principio
3257 1783 3330 1836 ad
3365 1783 3662 1848 fundatam
3692 1783 3859 1836 eccle-

2217 1858 2355 1906 siam
2380 1853 2840 1922 Bumbergensem.

2218 1961 2304 2013 97.
2337 1959 2474 2022 Qua:
2506 1963 2636 2012 ante
2668 1962 2957 2028 susceptas
3012 1957 3178 2028 regni
3210 1957 3461 2011 habenas
3491 1957 3859 2011 sanctissimo

2145 2046 2497 2116 Imperatore
2542 2050 2700 2116 gesta
2746 2051 2897 2114 sunt,
2931 2061 3061 2100 cum
3087 2061 3200 2098 nec
3232 2047 3369 2098 Vitae
3401 2044 3709 2116 scriptores
3747 2061 3861 2098 nec

2150 2135 2438 2189 Ditmarus
2493 2141 2592 2188 aut
2646 2135 2743 2188 alii
2792 2133 3257 2194 memoraverint.
3329 2134 3539 2188 frustra
3588 2151 3620 2187 a
3687 2133 3860 2188 nobis

2149 2239 2349 2277 eorum
2402 2223 2542 2276 ordo
2575 2222 2932 2292 requiratur;
2982 2223 3051 2276 ab
3101 2222 3322 2276 Ottonis
3375 2223 3442 2276 lll
3484 2222 3640 2276 obitu
3676 2223 3862 2276 series

2148 2317 2343 2364 nostra
2375 2311 2694 2364 deducitur.
2731 2312 2925 2381 Neque
2983 2327 3116 2364 vero
3146 2311 3371 2381 singula
3400 2311 3735 2382 scrupulose
3767 2311 3863 2365 di-

2147 2399 2435 2458 scutimus.
2467 2397 2564 2452 sed
2613 2399 2903 2469 praecipua
2956 2415 3057 2453 seu
3088 2399 3402 2452 illustriora
3455 2406 3511 2452 et
3540 2399 3610 2452 ad
3642 2398 3864 2452 sancti-

2149 2492 2325 2541 tatem
2365 2491 2711 2557 caaterasque
2743 2503 2829 2540 res
2861 2488 3035 2541 totius
3067 2488 3230 2558 regni
3258 2493 3313 2541 et.
3335 2487 3560 2557 imperii
3592 2492 3865 2557 tempore

2149 2579 2335 2642 gestas
2392 2574 2724 2644 spectantia,
2789 2591 3033 2646 quaeque
3083 2591 3116 2629 a
3175 2576 3492 2631 notissimas
3545 2575 3689 2629 Vita:
3751 2591 3865 2629 seu

2152 2662 2342 2732 potius
2371 2662 2541 2732 elogii
2571 2664 2946 2734 compilatore
2993 2668 3296 2734 Anonymo
3328 2681 3390 2718 ex
3440 2668 3600 2733 parte
3625 2679 3865 2717 memo-

2150 2756 2272 2805 rata
2298 2751 2531 2822 quidem
2564 2757 2715 2817 sunt,
2741 2757 2826 2805 ast
2863 2752 2945 2805 ita
2994 2753 3300 2806 commixta
3334 2758 3394 2806 ut
3435 2768 3724 2821 nusquam
3749 2769 3867 2822 ap-

2150 2845 2350 2910 pareat
2375 2855 2492 2910 quo
2525 2855 2674 2893 anno
2706 2840 2987 2910 attigenda
3017 2841 3149 2904 sint,
3197 2845 3428 2894 auctore
3479 2841 3545 2894 ad
3581 2840 3705 2893 haec
3735 2846 3864 2895 tam

2151 2942 2356 2998 parum
2399 2931 2636 2991 attento,
2675 2932 2757 2994 ut,
2787 2928 2887 2982 ubi
2919 2944 3134 2982 annum
3178 2928 3466 2999 exprimit,
3508 2928 3873 2997 plerumque

2151 3031 2185 3068 a
2239 3020 2392 3069 recta
2423 3016 2798 3085 chronologia
2824 3016 3083 3081 deﬂectu,
3128 3017 3458 3086 exemplum
3494 3015 3567 3068 sit
3605 3015 3666 3068 in
3699 3015 3866 3084 ipso-

2153 3108 2272 3156 met
2293 3104 2411 3173 jam
2445 3103 2609 3156 dictae
2638 3104 2777 3156 Vita:
2810 3103 3112 3173 principio,
3144 3119 3319 3174 quam
3349 3106 3408 3156 in
3437 3103 3587 3156 hunc
3617 3101 3866 3155 modum

2152 3191 2406 3246 orditur:
2457 3195 2619 3244 Anno
2646 3191 2717 3245 ab
2768 3191 3160 3245 incarnatione
3198 3191 3426 3246 Domini
3459 3207 3538 3257 ut,
3587 3189 3656 3243 ab
3707 3190 3867 3244 Urbe

2151 3279 2378 3334 condita
2407 3294 2644 3346 uocem,
2688 3278 2894 3333 Ottone
2947 3294 3130 3348 puero
3189 3279 3387 3333 ltomze
3437 3277 3720 3342 defuncto,
3756 3292 3866 3328 va-

2151 3372 2315 3422 cante
2347 3367 2511 3437 regni
2540 3366 2702 3432 solio,
2733 3383 2861 3421 cum
2893 3367 2962 3421 de
3022 3366 3282 3437 principe
3320 3365 3689 3434 subrogando
3719 3379 3866 3434 age-

2154 3462 2332 3522 retur,
2371 3455 2632 3510 omnium
2663 3461 2813 3521 vota,
2842 3460 2988 3509 nutu
3023 3453 3241 3521 divino,
3292 3455 3358 3507 ad
3401 3469 3535 3507 eum
3564 3452 3866 3506 inclinan-

2153 3548 2268 3611 tur,
2304 3545 2403 3616 qui
2433 3549 2569 3597 tunc
2597 3544 2657 3597 in
2688 3559 2867 3612 regno
2896 3543 3217 3598 habebatur
3237 3542 3584 3612 potissimus.
3623 3561 3647 3589 ι
3683 3541 3871 3594 Aber-

2156 3638 2286 3686 rant
2347 3632 2440 3686 hic
2491 3633 2844 3686 characteres
2913 3647 3092 3702 prope
3151 3646 3379 3684 omnes:
3456 3645 3645 3698 neque
3702 3629 3865 3682 enim

2159 3736 2309 3774 anno
2370 3722 2493 3774 1001
2553 3723 2816 3773 mortuus
2868 3725 2951 3773 est
3015 3720 3146 3774 Otto
3179 3719 3271 3784 lll,
3325 3718 3423 3771 sed
3470 3719 3637 3781 1002,
3669 3732 3869 3786 neque

2159 3814 2282 3864 erat
2333 3823 2518 3862 annus
2550 3808 2712 3863 Urbis
2761 3807 3004 3862 conditu:
3065 3811 3221 3862 1752.
3282 3806 3379 3860 sed
3437 3821 3570 3859 vero
3613 3804 3871 3858 similius

2164 3898 2328 3963 1754;
2354 3911 2540 3967 neque
2572 3897 2766 3951 Romae
2815 3902 3080 3950 mortuus
3107 3896 3240 3950 Otto
3274 3894 3398 3961 iste,
3449 3892 3547 3947 sed
3599 3894 3870 3946 Paterne

2162 4001 2265 4039 seu
2296 3985 2541 4051 Paterni,
2583 3990 2765 4038 castro
2812 3984 3139 4054 Campania:
3189 3984 3482 4048 Romanae,
3526 3981 3585 4034 in
3643 3980 3870 4034 ditione

2164 4073 2427 4127 Ecclesia:
2482 4078 2655 4142 atque
2705 4073 2766 4126 in
2825 4071 3117 4126 maritimo
3173 4075 3378 4133 tractu,
3437 4069 3495 4122 in
3545 4084 3646 4122 ora
3687 4068 3872 4121 maris

2162 4161 2462 4232 Tyrrheni,
2519 4160 2618 4214 ubi
2669 4161 2808 4214 alias
2863 4161 2997 4214 villa
3025 4159 3192 4214 Plinii
3244 4157 3507 4228 junioris,
3551 4161 3695 4211 teste
3726 4156 3870 4210 Hol-

2167 4248 2370 4314 stenio,
2404 4247 2685 4318 quidquid
2717 4247 2815 4301 alii
2846 4247 3011 4301 asitu
3040 4246 3328 4302 tantillum
3356 4246 3679 4300 deﬂectant.

2237 4338 2325 4391 98.
2353 4339 2398 4390 A
2429 4335 2528 4389 tali
2575 4335 2809 4390 exordio
2866 4335 3004 4406 quid
3037 4335 3097 4390 in
3127 4335 3326 4390 ordine
3360 4334 3429 4388 ad
3487 4330 3870 4404 digerendam

2169 4439 2360 4478 rerum
2413 4423 2618 4477 seriem
2667 4423 2885 4495 sperari
2931 4424 3132 4493 possit,
3184 4422 3346 4476 facile
3381 4420 3751 4491 intelligitur:
3807 4419 3869 4474 id

2167 4513 2332 4568 nobis
2356 4511 2717 4584 potissimum
2761 4528 2911 4566 cura:
2942 4513 3046 4566 erit
3096 4517 3157 4565 ut
3203 4511 3417 4564 salvam
3462 4525 3654 4563 rerum
3720 4509 3875 4562 veri-

2166 4606 2342 4656 tatem
2375 4602 2433 4655 in
2472 4606 2712 4667 rectum,
2747 4601 2938 4672 quoad
2969 4600 3095 4655 tieri
3127 4600 3356 4670 poterit,
3389 4598 3644 4652 ordinem
3689 4597 3872 4650 chro-

2167 4689 2512 4759 mologicum
2557 4689 2906 4759 redigamus,
2953 4686 3184 4755 adjeCtis
3239 4699 3671 4756 nonnumquam
3703 4690 3762 4736 et
3798 4684 3875 4738 ad

2166 4778 2429 4848 proprios
2462 4777 2636 4831 etiam
2693 4777 2826 4831 hinc
2853 4776 2986 4830 inde
3017 4791 3196 4829 annos
3235 4774 3510 4828 revocatis
3557 4771 3875 4841 largissimi

2166 4867 2228 4921 in
2276 4865 2539 4919 ecclesias
2577 4870 2636 4920 et
2681 4864 3027 4920 monasteria
3059 4863 3424 4933 Imperatoris
3462 4859 3878 4916 donationibus

2170 4959 2227 5010 et
2260 4953 2598 5026 privilegiis,
2649 4969 2898 5025 quorum
2952 4969 3082 5006 cum
3133 4954 3254 5023 jam
3310 4950 3620 5020 scriptores
3673 4949 3877 5018 plures

2173 5042 2564 5109 meminerint,
2597 5043 2762 5097 nobis
2801 5059 2868 5096 ea
2889 5042 3073 5097 obiter
3100 5040 3355 5110 attigisse
3405 5037 3706 5092 sutl‘ecerit.
3749 5037 3876 5090 Cm-

2171 5148 2347 5187 sareze
2390 5131 2482 5186 isti
2525 5130 2773 5202 profusae
2807 5131 2985 5210 ferme
3034 5127 3364 5185 liberalitati
3395 5145 3428 5181 a
3467 5125 3627 5196 regni
3649 5125 3878 5196 princi-

2172 5219 2270 5291 pio
2295 5219 2608 5275 intendisse
2643 5219 2899 5273 invenies
2942 5218 3092 5288 apud
3139 5216 3528 5271 Mabittonium
3586 5213 3645 5266 in
3681 5214 3877 5265 Anna-

2173 5307 2324 5360 libus
2345 5305 2807 5361 Benedictinisad
2828 5321 3042 5360 annum
3076 5305 3229 5367 t002,
3255 5319 3384 5373 pag.
3419 5304 3539 5367 159,
3586 5316 3746 5354 num.
3778 5303 3874 5365 26,

2175 5392 2313 5450 dum
2371 5409 2561 5448 aream
2594 5395 2903 5463 quamdam
2945 5393 3097 5446 intra
3153 5407 3346 5445 muros
3403 5390 3558 5444 urbis
3607 5387 3874 5443 Ratisbo-

2178 5483 2370 5538 nensis
2422 5482 2714 5536 Altahensi
2773 5479 3120 5536 monasterio
3174 5479 3362 5544 dedit;
3421 5483 3480 5532 et
3540 5479 3730 5547 plura.
3759 5476 3876 5529 alia

2181 5573 2402 5640 majora
2458 5569 2736 5625 beneficia
2785 5570 2968 5624 eidem
3017 5568 3363 5622 monasterio
3413 5564 3677 5636 praestitit
3706 5565 3875 5618 annis
