4028 6206
246 326 297 379 6|
1867 324 2062 379 AUI‘A.
3658 329 3725 382 6‘2

242 446 611 518 sequentibus,
658 460 906 516 quorum
963 444 1280 515 diplomata
1328 446 1557 503 exhibet
1620 449 1916 504 Gretserus
1953 453 1999 504 Α
2038 451 2171 505 1004
2199 450 2587 521 consignatur,
2622 454 2685 505 ut
2741 466 2811 506 ex
2862 423 3189 504 clarissimis
3235 465 3437 504 eorum
3478 451 3727 521 textibus

244 537 307 591 ad
333 536 537 590 calcem
565 535 964 605 vulgatissima
992 537 1155 604 Vita,
1187 554 1219 590 a
1265 552 1397 607 pag.
1457 540 1544 591 65.
1578 538 1688 591 Nec
1717 538 1924 592 desunt

247 626 573 686 Henriciana
606 624 1013 678 muniﬁcentia
1060 631 1401 695 argumenta
1430 626 1580 696 apud
1631 626 1920 680 Hundium

245 713 295 766 in
333 729 426 765 sua
456 712 1205 783 MetropoliSaIisburgensi,
1260 720 1325 767 ut
1371 714 1519 782 vide,
1569 731 1701 784 pag.
1740 716 1837 769 140
1868 720 1925 769 et

246 801 403 854 alibi:
436 800 568 863 Qua
598 800 667 853 ad
701 801 1063 870 Westphalia
1096 817 1195 855 seu
1224 802 1482 856 Saxonia
1514 808 1699 873 partes
1750 804 1924 857 redu-

246 896 434 943 cuntur
463 889 516 942 S.
578 888 804 942 Henrici
837 889 1134 959 privilegia
1165 896 1221 943 et
1266 890 1627 959 donationes,
1662 894 1715 944 in
1748 908 1925 945 annos

247 993 482 1045 quosque
513 993 645 1030 suos
678 977 909 1030 uberius
939 984 994 1031 et
1031 979 1364 1048 diligentius
1409 980 1697 1035 distribuit
1728 987 1786 1035 et
1828 997 1924 1034 ac-

246 1071 417 1121 curate
446 1065 718 1134 explicuit
749 1070 939 1119 noster
995 1067 1259 1122 Nicolaus
1312 1068 1555 1123 Schaten
1588 1069 1648 1122 in
1685 1070 1925 1123 Annali-

246 1156 339 1209 bus
367 1154 944 1221 Paderbornensibus,
980 1156 1077 1208 lib.
1112 1173 1184 1224 iv,
1214 1172 1247 1210 a
1305 1172 1437 1227 pag.
1472 1160 1595 1222 362,
1653 1158 1806 1228 quod
1837 1157 1929 1210 hic

247 1242 500 1296 indicasse
533 1243 672 1296 satis
711 1248 793 1296 est
827 1260 839 1297 :
886 1244 1009 1297 Vita
1036 1244 1099 1299 S.
1166 1245 1479 1299 Meinvverci
1533 1246 1677 1299 dona
1737 1245 1929 1315 potius

248 1332 354 1402 ipsa
378 1346 547 1400 quam
580 1332 958 1387 instrumenta
988 1338 1308 1387 enumerat.
1367 1334 1492 1387 Alia
1530 1351 1727 1388 rursus
1758 1334 1931 1388 habet

249 1419 489 1472 laudatus
519 1419 902 1487 Mabillonius,
935 1437 1065 1491 pag.
1107 1425 1197 1477 l6l
1236 1442 1252 1490 ;
1282 1438 1385 1476 nos
1406 1423 1699 1492 praﬁxam
1723 1423 1929 1477 seriem

244 1508 608 1561 exordiamur.

309 1598 385 1649 99.
421 1596 501 1649 Ad
562 1603 675 1649 tres
704 1598 920 1667 primos
952 1599 1115 1669 regni
1173 1600 1227 1655 S.
1284 1600 1508 1654 Henrici
1556 1617 1735 1654 annos
1775 1601 1929 1671 quod

246 1684 452 1748 attinet,
483 1685 545 1738 in
594 1684 665 1738 iis
720 1691 1017 1757 tantopere
1076 1688 1451 1743 laborandum
1493 1705 1610 1743 non
1639 1690 1766 1755 erit,
1799 1706 1927 1743 cum

246 1791 324 1827 res
375 1790 440 1827 eo
484 1778 745 1845 tempore
805 1781 991 1845 gestas
1039 1776 1172 1829 satis
1222 1778 1482 1847 apposite
1523 1778 1843 1833 distinxerit
1872 1783 1929 1832 et

246 1863 582 1916 ordinaverit
624 1864 886 1917 laudatus
938 1881 1109 1934 supra
1162 1866 1585 1936 Illtrajectensis
1631 1867 1930 1937 episcopus

244 1952 600 2015 Adelboldus,
631 1968 822 2005 rerum
854 1968 1033 2023 prope
1062 1954 1322 2007 omnium
1345 1954 1502 2009 testis
1527 1956 1785 2009 oculatus
1818 1972 1831 2021 ;
1868 1960 1931 2008 ut

245 2039 323 2093 hic
349 2040 699 2094 audiendum
732 2042 969 2095 omnino
1016 2058 1132 2096 non
1164 2048 1361 2113 putem
1391 2044 1638 2097 Alberici
1683 2043 1931 2098 Chroni-

244 2143 354 2192 con,
386 2128 522 2181 dum
552 2128 613 2182 in
646 2131 769 2199 ipso
794 2132 936 2191 solo,
970 2131 1288 2184 tacentibus
1329 2132 1756 2197 vetustioribus,
1787 2132 1932 2185 mira

246 2216 369 2285 tingi
398 2216 593 2286 potius
620 2234 793 2288 quam
833 2234 963 2272 vere
1012 2219 1234 2273 narrari
1288 2220 1550 2274 videntur
1595 2220 1664 2275 ad
1715 2237 1933 2274 annum

254 2308 367 2358 l003
423 2305 491 2358 de
542 2307 764 2360 Windis
817 2323 914 2361 seu
976 2308 1217 2369 Winidis
1272 2309 1500 2379 populis
1555 2309 1935 2363 idololatrisa

247 2392 299 2446 S.
336 2393 581 2447 Henrico
612 2411 714 2464 per
738 2394 794 2449 id
815 2400 1044 2466 tempus
1064 2396 1401 2466 subjugatis,
1428 2413 1674 2467 quorum
1702 2397 1934 2467 regibus

252 2482 571 2551 hujusmodi
612 2484 949 2539 anecdotum
1005 2486 1286 2556 applicat:
1327 2508 1346 2534 α
1384 2485 1499 2539 Hos
1526 2487 1767 2557 populos
1793 2486 1937 2539 Hen-

251 2571 385 2624 ricus
411 2571 751 2625 tributarios
789 2572 941 2639 fecit,
976 2572 1055 2626 ita
1094 2579 1160 2627 ut
1199 2574 1259 2626 in
1303 2574 1569 2628 omnibus
1612 2575 1937 2627 solemnita-

246 2660 382 2712 tibus
409 2659 624 2728 quibus
655 2662 1055 2728 coronabatur,
1088 2667 1335 2733 quatuor
1365 2679 1528 2734 reges
1556 2680 1755 2716 eorum
1780 2663 1934 2716 lebe-

246 2753 367 2813 tem,
400 2764 513 2818 quo
546 2764 752 2801 carnes
783 2750 1218 2815 condiebantur,
1242 2751 1301 2804 in
1343 2752 1597 2805 humeris
1627 2752 1763 2817 suis,
1798 2752 1937 2805 duo-

245 2836 337 2889 bus
364 2838 645 2904 vectibus,
678 2854 782 2908 per
836 2840 1083 2893 annulos
1141 2845 1388 2911 quatuor
1445 2840 1716 2906 inductis,
1744 2841 1813 2894 ad
1848 2856 1937 2893 co-

246 2925 462 2993 quinam
514 2926 885 2981 vectitarent.
948 2949 968 2973 ι
1033 2927 1194 2982 Fides
1246 2930 1317 2981 sit
1370 2944 1546 2999 penes
1620 2934 1933 2982 auctorem.

246 3014 461 3067 Saniora
490 3016 669 3084 longe
702 3021 836 3068 sunt
867 3031 997 3086 qua
1033 3017 1383 3071 Adelboldus
1438 3017 1748 3087 diligenter
1776 3033 1938 3070 com-
1971 3004 2011 3057 C

249 3109 528 3165 memorat,
597 3119 690 3156 res
748 3119 945 3157 omnes
1019 3105 1200 3158 sancti
1261 3106 1631 3175 Imperatoris
1677 3110 1937 3159 accurate

248 3192 558 3260 complexus
591 3190 665 3243 ab
699 3190 861 3245 obitu
917 3192 1229 3245 decessoris
1283 3193 1505 3247 Ottonis
1546 3195 1618 3247 III
1651 3209 1833 3264 usque
1867 3193 1936 3246 ad

250 3277 445 3333 bellum
489 3280 880 3345 Slavonicum,
923 3285 1052 3350 post
1102 3282 1350 3351 primam
1398 3282 1459 3335 in
1496 3282 1719 3336 Italiam
1760 3298 1937 3351 expe-

253 3366 509 3422 ditionem
550 3368 611 3422 S.
646 3368 872 3422 Henrici
900 3373 1037 3423 Acta
1066 3386 1421 3440 percensens,
1458 3386 1586 3441 qua
1617 3370 1838 3424 utinam
1867 3370 1939 3424 ad

255 3454 411 3508 tinem
442 3472 628 3526 usque
672 3456 817 3524 vita,
878 3457 1077 3511 eadem
1109 3458 1378 3512 methodo
1427 3464 1481 3513 et
1505 3458 1615 3512 ﬁde
1644 3458 1937 3529 perducta,

256 3542 316 3596 ad
338 3560 435 3597 nos
461 3544 803 3599 transmissa
854 3545 1096 3599 fuissent
1128 3544 1139 3599 !
1175 3547 1271 3600 Vel
1336 3547 1442 3601 hoc
1491 3547 1801 3602 dolendum
1832 3552 1937 3613 est,

258 3634 391 3702 quod
422 3634 481 3687 in
507 3639 788 3704 apparatu
813 3635 881 3689 ad
907 3635 1242 3705 pradictum
1290 3635 1505 3690 bellum
1553 3635 1942 3707 fragmentum

260 3726 497 3776 nostrum
530 3722 779 3776 deﬁciat.

326 3812 433 3863 100.
468 3811 596 3865 Non
632 3826 764 3863 eum
803 3809 1018 3864 fontem
1049 3810 1332 3864 consuluit
1382 3810 1759 3876 Hofmannus,
1804 3810 1942 3864 dum

262 3897 311 3950 in
332 3899 640 3953 Annalibus
665 3898 783 3952 suis
841 3899 1350 3968 Bambergensibus
1390 3916 1424 3952 a
1465 3901 1568 3954 col.
1601 3902 1668 3954 35
1694 3900 1946 3969 plurima

260 3983 602 4037 commiscuit
632 4001 660 4038 a
706 3987 938 4039 veritate
989 3993 1045 4040 et
1099 3994 1256 4041 recta
1296 3987 1664 4057 ctironologia
1714 4003 1945 4058 prorsus

265 4068 448 4137 aliena,
478 4090 614 4144 qua
647 4090 712 4127 ex
744 4075 862 4128 sola
917 4075 1222 4131 collatione
1268 4092 1399 4130 cum
1456 4076 1756 4131 Adelboldi
1780 4075 1945 4130 dictis

266 4159 470 4224 penitus
529 4163 977 4229 convelluntur;
1037 4180 1201 4235 aque
1259 4182 1324 4219 ac
1378 4165 1576 4219 ﬁctitia
1603 4166 1655 4220 S.
1719 4164 1942 4219 Henrici

2031 539 2325 593 evidenter
2344 540 2789 605 demonstratur,
2819 539 3179 610 probantque
3210 538 3384 592 etiam
3410 538 3480 591 ad
3502 540 3730 592 oculum

2032 628 2398 683 solennitates
2445 629 2717 683 festorum
2773 634 2889 681 toto
2956 627 3143 697 primo
3200 630 3362 697 regni
3411 626 3730 697 S.,Ilenrici

2031 716 2281 771 triennio
2310 718 2741 781 celebratorum,
2786 733 2917 788 qua
2947 717 3034 770 vel
3078 731 3142 770 ex
3176 715 3301 786 ipso
3336 715 3590 770 Ditmaro
3624 731 3729 785 pa-

2034 806 2173 859 riter
2198 811 2500 860 eruuntur.

2110 898 2227 949 101.
2273 895 2508 949 Interim
2566 894 2686 964 ipse
2718 894 2797 948 sic
2854 895 3062 948 librum
3111 910 3279 947 suum
3320 897 3541 947 sextum
3576 891 3731 946 ordi-

2035 989 2172 1037 tur:
2209 1004 2235 1032 «
2286 986 2422 1038 Post
2476 984 2834 1037 salutiferam
2887 983 3242 1037 intemerata
3302 981 3546 1050 Virginis
3604 997 3733 1052 par-

2034 1075 2180 1135 tum,
2246 1076 2639 1125 consummata
2691 1070 2995 1124 millenarii
3078 1071 3227 1124 linea
3284 1070 3511 1123 numeri
3563 1075 3619 1122 et
3674 1069 3733 1122 in

2037 1159 2236 1228 quinto
2262 1159 2565 1211 cardinalis
2606 1160 2820 1212 ordinis
2864 1160 3008 1224 loco,
3040 1175 3104 1211 ac
3135 1159 3193 1211 in
3225 1159 3483 1228 ejusdem
3514 1162 3733 1228 quarta

2036 1246 2201 1300 initio
2230 1247 2605 1301 hebdomada
2656 1248 2712 1300 in
2757 1246 3062 1301 Februario
3120 1262 3334 1312 mense,
3380 1246 3481 1316 qui
3524 1262 3733 1315 purga-

2038 1336 2221 1388 torius
2250 1335 2476 1401 dicitur,
2527 1336 2744 1388 clarum
2808 1352 2974 1389 mane
3006 1336 3193 1389 illuxit
3244 1336 3472 1398 saculo,
3507 1339 3563 1387 et
3594 1336 3737 1395 Hen-

2040 1426 2191 1478 ricus
2216 1423 2408 1479 divina
2461 1424 2645 1493 gratia
2698 1440 2816 1487 rex,
2848 1430 3269 1477 antecessorum
3329 1439 3563 1476 suorum
3616 1438 3733 1475 ua-

2039 1529 2173 1566 vum
2204 1513 2435 1582 cupiens
2461 1512 2794 1577 emundare,
2848 1511 3070 1581 sibique
3122 1511 3347 1564 veniam
3406 1525 3737 1579 promerere

2041 1598 2334 1662 aternam,
2370 1600 2660 1672 dispositis
2716 1600 3028 1654 secundum
3085 1600 3293 1653 suimet
3346 1598 3617 1668 placitum
3664 1598 3735 1650 ad

2042 1692 2147 1745 hoc
2228 1690 2651 1761 pertinentibus
2722 1688 2956 1755 cunctis,
3027 1687 3277 1759 perrexit
3359 1686 3428 1739 ad
3503 1686 3738 1739 domum

2040 1795 2222 1845 suam,
2258 1779 2355 1832 ubi
2418 1794 2475 1832 se
2531 1778 2902 1847 corporaliter
2946 1792 3171 1846 semper
3219 1774 3435 1828 solebat
3482 1775 3737 1839 reﬁcere,

2039 1874 2095 1921 et
2121 1868 2216 1920 ubi
2255 1868 2577 1921 desiderato
2612 1867 2707 1920 diu
2740 1866 3014 1919 alimento
3047 1864 3346 1934 paululum
3406 1862 3739 1915 reﬁceretur

2038 1956 2099 2009 in
2122 1962 2362 2021 mente;
2431 1970 2865 2024 convocansque
2904 1954 2974 2007 ad
3022 1970 3079 2006 se
3136 1968 3337 2006 omnes
3393 1951 3559 2020 regni
3613 1950 3735 2018 pri-

2040 2050 2242 2110 mates,
2288 2044 2449 2098 dedit
2529 2043 2920 2114 episcopatum
2977 2047 3184 2095 sancta
3252 2037 3738 2107 Merseburgensis

2040 2134 2291 2187 ecclesia
2358 2133 2650 2201 capellano
2713 2130 2920 2184 suimet
3002 2130 3308 2201 Wigberto.
3343 2152 3368 2174 ι»
3421 2126 3611 2196 Pergit
3672 2142 3739 2178 ea

2040 2222 2291 2277 indicare
2326 2221 2609 2274 Ditmarns
2639 2236 2767 2290 qua
2787 2236 2914 2289 cap.
2970 2223 2999 2272 3
3040 2222 3097 2271 et
3125 2220 3159 2271 4
3191 2221 3470 2270 memorat
3506 2220 3737 2283 Anony-

2044 2326 2189 2377 mus,
2227 2308 2368 2363 nulli
2418 2307 2607 2362 ordini
2659 2308 2881 2371 afﬁxus,
2938 2322 3003 2360 ex
3063 2306 3224 2374 cujus
3280 2320 3451 2357 sensu
3490 2301 3741 2373 praemit-

2040 2399 2215 2453 teuda
2273 2404 2357 2452 est
2404 2399 2459 2453 S.
2518 2396 2741 2452 Ilenrici
2799 2401 3086 2466 reportata
3146 2395 3216 2448 de
3268 2393 3445 2448 Slavis
3506 2390 3742 2444 victoria

2042 2486 2393 2542 restitutioni
2424 2486 2675 2539 ecclesia
2705 2484 3210 2554 Merseburgensis,
3239 2488 3301 2535 ut
3344 2486 3474 2551 pote
3513 2495 3643 2552 qua
3675 2494 3738 2531 ex

2044 2576 2416 2630 celeberrimo
2449 2582 2576 2628 voto
2606 2575 2748 2629 facta
2784 2573 2875 2639 sit,
2931 2578 3061 2625 ante
3109 2588 3232 2625 eam
3279 2570 3573 2624 victoriam
3603 2583 3739 2621 con-

2043 2671 2228 2735 cepto,
2282 2664 2351 2718 de
2402 2680 2515 2734 quo
2583 2663 2793 2716 mirum
2843 2667 2927 2714 est
2984 2662 3301 2714 Ditmarum
3360 2657 3565 2711 clarius
3627 2671 3740 2708 non

2046 2753 2392 2815 meminisse,
2449 2768 2801 2822 quamquam
2846 2750 2915 2805 ad
2973 2750 3115 2804 illud
3178 2748 3429 2804 alludere
3484 2745 3742 2799 videatur

2042 2844 2225 2897 tribus
2273 2841 2491 2897 ultimis
2550 2840 2720 2911 elogii
2765 2838 3029 2909 superius
3080 2837 3199 2892 dati
3254 2835 3565 2890 versiculis.
3626 2834 3741 2887 Ita-

2045 2949 2157 3002 que
2200 2932 2324 3001 ipso
2365 2930 2465 2983 illo
2520 2945 2671 2983 anno
2726 2930 2883 2994 IOO'r,
2933 2934 3031 2980 aut
3077 2927 3221 2981 forte
3286 2922 3653 2996 pracedenti,
3681 2926 3744 2974 ut

2050 3021 2148 3075 alii
2188 3024 2457 3079 statuunt,
2524 3018 2757 3071 obtenta
2814 3021 2899 3071 est
2955 3015 3231 3086 pradicta
3280 3013 3534 3079 victoria,
3566 3025 3741 3081 quam

2051 3108 2388 3164 instauratio
2446 3108 2554 3160 ista
2593 3105 3078 3172 Merseburgensis
3134 3102 3385 3157 ecclesia
3444 3100 3744 3154 subsecuta

2049 3198 2138 3252 sit.
2172 3197 2260 3251 Sic
2289 3197 2361 3250 ad
2392 3196 2603 3250 dictum
2631 3210 2846 3249 annum
2892 3194 3025 3247 100's
3082 3192 3335 3263 loquitur
3386 3192 3745 3245 Hermannus

2049 3288 2381 3341 Contractus
2412 3302 2428 3337 :
2461 3307 2485 3333 ‹ι
2524 3283 2796 3338 Henricus
2822 3299 2921 3336 rex
2953 3281 3173 3335 Italiam
3228 3285 3447 3349 petens,
3480 3276 3588 3331 sibi
3618 3292 3743 3329 eam

2049 3374 2277 3445 subjicit
2309 3390 2320 3427 :
2355 3373 2582 3443 Papiam
2612 3372 2735 3442 ipsa
2765 3371 2854 3424 die
2877 3387 2991 3441 qua
3026 3374 3330 3423 coronatus
3387 3371 3488 3429 est,
3528 3366 3746 3419 irrum-

2049 3480 2208 3535 pens,
2234 3461 2423 3533 gladio
2469 3467 2525 3513 et
2552 3460 2685 3529 igne
2733 3458 3096 3529 perdomuit:
3141 3457 3293 3511 unde
3350 3456 3409 3509 in
3439 3453 3744 3509 Saxoniam

2050 3551 2293 3613 rediens,
2346 3548 2661 3604 Bohemian
2709 3554 2766 3601 et
2823 3547 3142 3601 Bolezlaum
3193 3545 3397 3599 ducem
3448 3543 3747 3598 Slavorum

2050 3656 2179 3694 cum
2213 3644 2333 3693 tota
2361 3643 2529 3708 gente
2560 3636 2904 3706 subjugavit.
2941 3654 2966 3685 ι)
3682 3634 3685 3635 ⁷

2128 3731 2247 3783 102.
2310 3728 2433 3781 Non
2512 3723 3016 3792 dissimulaverim,
3096 3727 3278 3777 totam
3344 3721 3503 3775 illam
3556 3719 3747 3789 cap.4

2055 3818 2387 3873 adornatam
2417 3813 2703 3883 Anonymi
2740 3813 3145 3872 narrationem,
3180 3816 3265 3865 tot
3320 3810 3480 3864 miris
3518 3813 3752 3879 porten-

2056 3906 2126 3961 tis
2155 3904 2468 3975 palliatum,
2502 3916 2797 3972 nunquam
2862 3900 3004 3953 mihi
3050 3899 3350 3969 placuisse,
3388 3914 3454 3951 eo
3505 3911 3752 3968 praeser-

2055 3994 2183 4061 tini,
2215 3990 2621 4063 urgentissimo
2646 3990 2707 4044 in
2734 3989 2820 4042 his
2867 3988 3151 4059 adjunctis
3206 3993 3568 4056 argumento,
3598 3983 3752 4053 quod

2059 4082 2365 4146 Ditmarus,
2417 4094 2607 4133 rerum
2661 4077 2922 4131 omnium
2980 4081 3103 4129 tum
3158 4080 3447 4144 gestarum
3498 4071 3753 4125 oculatus

2053 4170 2212 4225 testis
2232 4175 2289 4223 et
2326 4168 2589 4238 scriptor,
2651 4164 3130 4235 Merseburgensis
3174 4162 3425 4217 ecclesia
3478 4176 3596 4214 sua
3637 4159 3753 4213 rui-

267 4247 444 4302 electio
476 4268 508 4304 a
533 4256 757 4320 septem
789 4252 1024 4323 Imperii
1078 4253 1448 4319 Electoribus,
1483 4270 1549 4307 eo
1593 4259 1857 4324 tempore
1888 4258 1940 4306 et
1974 4288 2015 4341 D
2056 4275 2209 4323 nam,
2275 4258 2559 4312 bonorum
2615 4256 2739 4325 ejus
2788 4252 3222 4318 alienationem,
3280 4268 3343 4304 ac
3391 4250 3624 4305 demum
3653 4262 3755 4317 per

268 4337 440 4391 multis
468 4339 646 4393 etiam
676 4347 807 4410 post
825 4342 991 4394 annis
1022 4341 1082 4395 in
1114 4342 1415 4397 Germania
1459 4342 1703 4396 necdum
1746 4342 1943 4412 cogni-

267 4422 344 4490 tis,
367 4442 489 4496 qua
522 4444 631 4481 nos
661 4429 753 4483 hic
785 4430 908 4483 aliis
969 4431 1330 4486 discutienda
1357 4436 1414 4485 et
1452 4431 1752 4486 refutanda
1774 4431 1947 4484 relin-

268 4513 497 4581 quimus.
530 4518 709 4571 Paulo
756 4519 1072 4573 accuratior
1126 4525 1209 4573 est
1237 4520 1297 4573 in
1325 4520 1394 4573 iis
1424 4518 1787 4574 recensendis
1818 4535 1949 4590 qua

272 4601 330 4653 ad
380 4606 970 4662 muniﬁcentissimam
1025 4608 1277 4662 ecclesia
1332 4607 1767 4678 Bambergensis
1823 4608 1947 4661 fun-

271 4688 538 4746 dationem
570 4710 604 4747 a
629 4696 733 4748 col.
768 4696 835 4749 40
875 4697 1084 4761 retulit,
1143 4701 1206 4750 ut
1262 4695 1413 4751 infra
1459 4696 1719 4766 pluribus
1744 4711 1951 4765 expen-

271 4777 471 4834 demns.
505 4783 592 4836 Ad
620 4783 1000 4839 Adelboldnm
1043 4786 1420 4855 regredimur,
1453 4785 1513 4838 in
1562 4785 1725 4855 cujus
1751 4799 1949 4837 narra-

272 4867 413 4922 tione
440 4873 727 4942 pracipue
781 4873 1198 4927 observandum
1228 4875 1380 4943 quod
1440 4874 1614 4927 trium
1666 4888 1950 4927 annorum

272 4959 458 5025 spatio,
489 4977 696 5032 nempe
727 4963 891 5015 annis
953 4965 1106 5028 1002,
1167 4965 1300 5018 1003
1348 4967 1405 5017 et
1466 4964 1598 5017 10οἓ
1653 4962 1953 5017 contrahat

273 5061 386 5113 qua
415 5049 509 5103 alii
538 5065 668 5104 cum
694 5051 974 5117 Ditmaro,
1000 5052 1068 5106 ab
1119 5053 1587 5117 amanuensibus,
1639 5051 1749 5105 nisi
1779 5052 1949 5105 vehe-

273 5141 475 5189 menter
500 5137 685 5206 fallor,
724 5145 1012 5210 corrupto,
1046 5140 1112 5193 ad
1144 5144 1412 5211 quatuor,
1440 5140 1495 5193 id
1553 5146 1639 5192 est
1670 5156 1850 5210 usque
1881 5140 1952 5193 ad

273 5237 465 5277 annum
496 5228 624 5278 1005
654 5227 966 5280 extendunt
995 5243 1009 5291 ;
1056 5228 1207 5297 apud
1255 5243 1398 5297 quos
1450 5228 1637 5298 prima
1664 5227 1763 5281 illa
1783 5243 1951 5296 expe-

274 5309 399 5364 ditio
430 5314 638 5378 Italica,
660 5332 688 5367 a
718 5315 773 5369 S.
795 5316 1034 5369 Henrico
1063 5322 1345 5386 suscepta.
1380 5317 1518 5370 dum
1547 5316 1755 5369 misera
1782 5315 1954 5386 Papia

276 5398 327 5452 in
353 5400 563 5456 favillas
588 5420 766 5473 prope
812 5404 1036 5458 redacta
1093 5411 1200 5469 est,
1258 5420 1410 5459 anno
1468 5408 1599 5459 1005
1650 5420 1952 5475 perperam

278 5485 583 5557 innectitnr,
623 5510 751 5564 qua
779 5493 850 5547 ab
876 5493 1211 5560 Adelboldo,
1245 5494 1697 5565 Chronographo
1734 5495 1953 5549 Saxone

284 5580 331 5627 et
380 5581 684 5635 Annalibus
758 5583 1280 5638 Hildesemensibus
1342 5583 1743 5637 dissertissime
1801 5599 1951 5635 anno

2054 4350 2107 4404 S.
2142 4345 2447 4402 Henricum
2496 4342 2969 4398 restaurationem
3028 4345 3145 4394 tam
3205 4338 3443 4393 sollicite
3491 4342 3548 4391 et
3586 4352 3756 4390 accu-

2060 4442 2179 4491 rate
2212 4450 2557 4501 memorans,
2580 4433 2650 4486 de
2677 4436 2760 4485 tot
2789 4430 3097 4494 miraculis,
3127 4429 3207 4483 ibi
3248 4445 3281 4481 a
3303 4428 3438 4481 Vita
3480 4426 3757 4495 scriptore

2058 4524 2435 4593 conglobatis,
2493 4537 2608 4574 non
2686 4519 3031 4585 meminerit,
3091 4533 3375 4587 nusquam
3434 4515 3636 4568 solitus
3690 4529 3754 4566 ea

2060 4613 2287 4667 silentio
2333 4611 2621 4665 involvere
2655 4624 2783 4679 qua
2839 4608 2909 4661 ad
2969 4613 3082 4660 tam
3140 4605 3336 4660 eximii
3384 4602 3761 4659 benefactoris

2061 4699 2147 4753 sui
2176 4698 2419 4769 gloriam
2451 4697 2769 4751 conducere
2808 4711 2973 4765 posse
3020 4694 3363 4748 existimavit
3395 4709 3409 4759 ;
3469 4697 3530 4746 ut
3564 4689 3757 4761 prodi-

2061 4786 2156 4858 gio
2209 4786 2397 4840 simile
2448 4783 2755 4839 dicendum
2802 4784 2875 4837 sit
2926 4788 3043 4837 tam
3101 4784 3379 4837 illustrem
3440 4779 3753 4838 victoriam,

2061 4875 2108 4928 si
2133 4874 2213 4927 sic
2243 4878 2408 4944 parta
2428 4879 2533 4935 est,
2561 4873 2633 4925 ab
2682 4888 2750 4925 eo
2784 4872 3131 4941 praeteritam
3166 4869 3359 4923 fuisse.
3398 4867 3464 4922 Ut
3515 4864 3751 4919 candide

2061 4963 2242 5017 dicam
2316 4962 2469 5033 quod
2526 4960 2758 5015 sentio:
2819 4960 3078 5031 suspicor
3129 4963 3521 5025 Anonymum,
3568 4954 3754 5007 virum

2063 5052 2300 5117 bonum,
2389 5051 2662 5103 nonnulla
2734 5049 2801 5103 ad
2876 5051 2931 5104 ὃ.
3005 5047 3308 5103 Henricum
3378 5042 3756 5107 transtulisse,

2063 5155 2193 5209 qua
2222 5139 2367 5193 forte
2398 5139 2464 5192 ad
2499 5138 2641 5192 alios
2672 5137 3000 5208 pertinent;
3037 5140 3136 5188 aut
3180 5132 3350 5186 certis
3402 5130 3756 5202 temporibus

2064 5232 2308 5297 aptasse,
2353 5244 2481 5298 qua:
2555 5227 2691 5297 ipsis
2749 5242 2865 5280 non
2940 5221 3314 5277 conveniunt.
3400 5222 3560 5276 Certe
3616 5220 3760 5275 milii

2064 5332 2384 5387 numquam
2449 5316 2692 5371 suaserit
2740 5311 3238 5379 historiunculam,
3300 5311 3369 5365 de
3421 5310 3609 5365 Sancti
3647 5326 3761 5362 me-

2064 5406 2189 5459 ritis
2208 5404 2269 5458 in
2293 5405 2507 5458 trutina
2536 5403 2796 5473 expensis
2839 5416 3015 5472 quam
3044 5400 3216 5454 habet
3270 5416 3394 5469 cap.
3422 5402 3490 5453 28
3525 5415 3537 5452 :
3570 5413 3759 5467 neque

2066 5492 2250 5564 magis
2275 5495 2455 5565 placet
2485 5492 2595 5545 alia
2624 5490 2694 5544 de
2741 5488 3156 5544 claudicatione
3208 5488 3479 5549 narratio,
3524 5503 3592 5541 ex
3623 5501 3756 5556 apo-

2065 5583 2284 5654 grapho
2315 5578 2718 5649 Bambergensi
2763 5594 2885 5648 cap.
2938 5578 3042 5632 '24:
3076 5593 3207 5649 qua
3255 5575 3474 5641 omnia,
3512 5580 3573 5627 ut
3605 5574 3759 5628 mitis
