4058 6216
1957 277 2157 331 ACTA.
3761 289 3829 339 66

301 421 428 473 107.
479 414 661 468 Minus
699 405 969 477 displicet
1019 398 1180 472 quod
1236 397 1329 451 ait
1391 401 1551 456 idem
1611 401 1878 457 Struvius
1929 414 1997 452 ex
2028 401 2075 453 Α
2114 398 2395 468 synodum
2419 398 2907 468 Tremoniensem,
2959 398 3028 455 de
3059 419 3174 472 qua
3219 402 3340 472 jam
3393 406 3532 458 satis
3579 406 3830 461 diximus

223 506 533 578 Sigeberto
557 501 625 553 ad
674 512 893 551 annum
948 492 1109 545 1005.
1144 507 1172 537 ‹‹
1233 496 1499 544 mortuo
1558 492 1770 545 Ottone
1832 490 2003 552 duce,
2119 487 2482 557 paragrapho
2520 490 2886 557 praecedenti,
2944 491 3231 560 reliquum
3290 492 3428 545 anni
3484 494 3811 563 impensum

227 575 506 649 ducatum
570 582 957 653 Lotharingiaz
1005 576 1203 632 comiti
1236 576 1602 643 Uodet’rido,
1636 579 1763 631 tilio
1824 576 2006 630 Gode-
2120 575 2477 644 intelligatur
2528 576 2744 629 bellicis
2797 579 3068 632 adversus
3122 580 3441 633 Boleslaum
3495 583 3823 646 conatibus,

232 674 849 737 fridiAi'dennensis»
886 667 1297 728 commissum;
1379 665 1447 719 in
1505 684 1631 736 quo
1693 664 2010 733 scriptores
2120 678 2264 731 quos
2312 663 2462 716 inter
2544 663 2847 718 intellectis
2904 665 3168 719 Balduiui
3234 667 3514 719 Flandrim
3594 667 3823 720 comitis

234 772 340 826 alii
396 770 535 823 satis
585 761 956 819 conveniunt.
1016 762 1087 811 At
1138 754 1331 825 quod,
1434 759 1659 810 eodem
1711 754 2012 823 Sigeberto
2123 750 2543 819 molitiouibus,
2622 768 2764 821 quas
2828 753 3095 807 describit
3153 755 3443 807 Ditmarus
3505 772 3635 825 pag.
3697 758 3823 818 383,

236 864 567 933 praeeunte,
618 852 794 907 refert
848 863 998 901 anno
1054 845 1208 907 1010,
1275 849 1543 911 gentem
1622 843 2012 910 Ungarorum,
2123 854 2280 891 arma
2336 840 2597 910 sequenti
2687 841 2947 909 proxime
3034 858 3184 895 anno
3240 844 3406 908 1006,
3474 850 3538 895 ut
3586 848 3829 896 testatur

240 926 529 1004 hactenus
563 936 895 996 idololatriae
926 932 1192 998 deditam,
1217 946 1365 984 cum
1396 948 1510 983 suo
1549 944 1704 997 rege
1728 928 2012 998 baptismo
2121 926 2470 996 Sigebertus,
2502 928 2561 980 in
2602 945 2734 981 eum
2784 929 3044 995 verterit,
3076 930 3175 983 ubi
3226 946 3354 1000 quae
3386 930 3612 985 duobus
3659 931 3828 983 annis

243 1045 385 1091 tunc
418 1033 676 1105 primum
710 1019 1176 1090 initiatam,quod
1202 1023 1295 1071 tot
1330 1018 1431 1071 alii
1495 1031 1656 1068 cum
1692 1015 2013 1069 Hofmanno
2128 1016 2262 1068 1006
2316 1021 2371 1068 et
2449 1020 2604 1069 1007.
2658 1024 2818 1085 gesta
2890 1028 3025 1070 sunt
3089 1018 3257 1071 simul
3345 1019 3470 1072 istic
3540 1019 3830 1072 connectit

218 298 287 344 65

246 1138 565 1199 perperam
600 1116 777 1171 secuti
811 1117 957 1177 sunt,
989 1109 1047 1163 ad
1075 1107 1351 1178 superius
1395 1105 1726 1157 dictorum
1782 1118 2014 1157 sensum

250 1191 501 1269 omnino
553 1201 946 1276 explicandum
978 1203 1077 1251 est.
1138 1197 1217 1249 De
1287 1194 1673 1263 episcopatu
1734 1191 2015 1245 Bamber-

254 1303 427 1375 gensi
460 1300 532 1355 ad
562 1300 703 1354 duos
734 1291 986 1365 proxime
1025 1290 1337 1356 sequentes
1369 1296 1581 1335 annos
1622 1282 1795 1351 paulo
1850 1296 2014 1333 accu-

256 1368 449 1447 ratior
498 1382 825 1457 disquisitio
877 1376 1223 1432 instituetur.
1292 1374 1415 1426 lluc
1447 1370 1716 1440 proprie
1770 1368 2018 1440 pertinet

255 1467 978 1548 synodus'l‘remoniensis,
1004 1465 1069 1519 de
1086 1480 1196 1534 qua
1234 1460 1582 1523 Ditmarus,
1615 1475 1749 1528 pag.
1786 1461 1887 1511 380
1931 1458 2015 1523 (ex

260 1545 565 1640 principio
597 1566 800 1614 caetera
829 1556 1000 1610 ferme
1039 1552 1284 1621 colliges
1322 1565 1333 1602 :
1365 1549 1380 1617 }
1407 1567 1431 1597 ‹‹
1471 1546 1690 1600 Posita
1718 1552 1802 1599 est.
1844 1545 2014 1597 etiam

263 1633 507 1717 inloco,
556 1649 656 1721 qui
708 1641 1107 1701 Throsmunini
1151 1638 1392 1701 dicitur,
1451 1650 1692 1705 magna
1742 1633 2015 1702 synodus,
2052 1670 2089 1722 Β

265 1744 371 1798 ubi
409 1755 515 1795 rex
567 1733 933 1808 coepiscopis,
978 1725 1500 1803 prmsentibusque
1572 1724 1819 1781 cunctis,
1890 1722 2016 1789 plu-

264 1832 422 1885 rima
460 1831 700 1897 questus
735 1828 814 1876 est.
841 1828 1048 1872 sanctae
1091 1814 1369 1870 Ecclesia!
1442 1811 1888 1873 convenientia,
1961 1817 2017 1863 et

267 1910 939 1972 commnnieorumdem
995 1903 1243 1959 concilio
1295 1901 1424 1953 hinc
1470 1901 1681 1953 statuit
1744 1897 2015 1967 deinceps

270 2003 607 2078 prohiberi,
664 2006 718 2052 et
788 1997 1004 2067 optimo
1064 2007 1234 2047 novae
1312 1988 1706 2040 institutionis
1763 1987 2012 2049 decreto,

270 2072 521 2160 gravem
560 2092 919 2158 peccatorum
950 2082 1174 2134 suimet
1212 2075 1511 2130 sarcinam
1546 2072 1814 2137 relevari,
1862 2088 2013 2125 anno

276 2179 603 2235 Dominicie
665 2171 1080 2226 Incarnationis
1148 2182 1240 2230 av,
1296 2178 1462 2217 anno
1520 2168 1713 2214 autem
1788 2160 2011 2213 llomini

276 2266 516 2323 Henrici
544 2265 587 2317 ll
623 2259 908 2329 regnantis
935 2261 1181 2328 quarto,
1214 2253 1274 2306 in
1305 2250 1405 2303 die
1448 2248 1589 2302 Non.
1622 2246 1780 2299 Julii.
1816 2268 1837 2294 ι
1892 2248 2010 2301 Νυ-

272 2357 444 2412 mina
496 2353 916 2422 episcoporum,
975 2352 1041 2398 et
1099 2359 1231 2414 quae.
1288 2338 1374 2392 ibi
1437 2335 1701 2389 ordinata
1751 2341 1885 2388 sunt
1943 2353 2007 2389 ex

270 2450 480 2500 nostro
512 2440 703 2493 codice
757 2453 861 2490 ms.
920 2432 1221 2504 supplevit
1254 2425 1605 2490 Leihnitius,
1664 2427 1763 2475 aut
1819 2424 2010 2491 potius

270 2528 728 2587 amanuensium
786 2526 910 2595 ejus
1000 2519 1239 2590 aliquis,
1320 2515 1488 2584 cujus
1588 2511 2008 2565 inadvertentia

270 2624 500 2674 factum
540 2622 601 2668 ut
633 2614 818 2667 relicta
860 2611 934 2663 sit
958 2608 1179 2678 prioris
1213 2600 1492 2657 editionis
1514 2599 1739 2665 notula,
1776 2620 1797 2646 ι
1850 2599 2009 2653 deest

267 2710 577 2760 decretum
609 2699 805 2771 synodi
863 2691 1322 2755 'l‘remoniensis,
1360 2709 1387 2738 ››
1448 2688 1548 2741 ubi
1610 2688 1836 2740 decreta
1886 2688 2008 2757 ipsa

265 2795 474 2849 omnia
533 2788 859 2844 immediate
918 2782 1223 2855 prtemissa
1277 2782 1432 2830 sunt.
1511 2778 1605 2831 Sit
1648 2775 1769 2828 hinc
1823 2776 2007 2846 prima

267 2884 421 2936 Vitae
460 2881 516 2935 S.
550 2876 769 2932 Henrici
791 2872 1090 2945 periodus.

361 2988 453 3041 Χῐ.
504 2986 859 3054 Episcopatus
913 2976 1326 3040 Bambergensz‘s
1398 2988 1431 3024 α
1470 2973 1709 3026 Sanctis
1765 2970 2010 3023 Henrico

753 3076 803 3123 et
832 3063 1169 3133 Cunegunde
1192 3060 1488 3127 fundatas.

350 3166 474 3219 108.
520 3162 616 3216 llic
644 3158 808 3213 nobis
824 3154 1071 3209 occurrit
1095 3144 1650 3214 sanctissimijnxta
1678 3161 1739 3198 ac
1772 3144 2011 3197 muniti-

270 3251 594 3308 centissimi
620 3244 991 3318 Imperatoris
1015 3240 1460 3294 monumentum
1507 3236 1703 3302 longe
1732 3237 2009 3303 prestan-

277 3343 591 3403 tlssimum,
627 3352 785 3391 nova:
822 3329 1077 3386 ecclesiae
1123 3321 1469 3380 cathedralis
1522 3340 1562 3377 a
1626 3321 2013 3376 fundamentis

285 3430 505 3483 erectio
537 3432 591 3479 et
623 3420 1073 3493 locupletissima
1094 3412 1332 3476 dotatio,
1363 3410 1581 3464 Sancto
1630 3409 1740 3480 ipsi
1798 3408 2010 3462 funda-

292 3519 403 3573 tori
440 3532 555 3571 non
616 3512 853 3567 minima
914 3520 1209 3567 curarum,
1273 3498 1701 3563 molestiarum,
1764 3496 1903 3566 quin
1959 3501 2015 3549 et

292 3610 581 3661 bellorum
621 3600 892 3663 materia;
950 3597 1091 3650 dum
1121 3609 1155 3645 a
1201 3586 1486 3659 proximis
1547 3587 1831 3657 episcopis
1868 3585 2013 3637 Her-

297 3692 585 3766 bipolensi
618 3696 673 3743 et
704 3682 1073 3757 Eystettensi,
1105 3680 1175 3733 ad
1208 3692 1374 3731 novae
1405 3675 1669 3728 dioecesis
1721 3676 1863 3726 lines
1905 3672 2008 3725 de-

297 3762 717 3845 termiuandos,
750 3790 951 3841 graves
991 3772 1246 3824 subortee
1280 3768 1414 3817 sunt
1452 3762 1837 3828 difﬁcultates,
1886 3764 2011 3813 tum

300 3887 437 3923 vero
486 3886 517 3920 a
600 3863 976 3918 sanctissimae
1060 3852 1327 3924 conjugis
1396 3850 1689 3921 germanis
1740 3847 2013 3902 fratribus

266 2993 298 3051 ξ
361 2988 453 3041 XI.
504 2986 859 3051 Episcopatus
913 2976 1326 3040 Bambergensz‘s
1398 2988 1431 3024 α
1470 2973 1709 3026 Sanctis
1765 2970 2010 3023 Henrico
2041 2952 2080 3001 ί)

312 4224 701 4293 speraverant,
723 4216 983 4287 prodige,
1032 4216 1095 4263 ut
1142 4206 1253 4279 ipsi
1307 4202 1710 4274 loquebantur,
1758 4201 2007 4256 ditandis
2041 4222 2085 4276 ι)

306 4290 715 4366 canonicorum
766 4301 1301 4366 monachorumque
1341 4290 1889 4360 congregationibus
1918 4290 2010 4343 di-

307 4400 665 4470 lapidaretur
700 4412 713 4447 :
775 4408 905 4463 quae
953 4400 1258 4461 quousque
1311 4379 1683 4447 invaluerint,
1713 4378 1834 4432 suis
1864 4378 2013 4431 infra

308 4466 453 4544 locis
507 4483 795 4538 insinuare
854 4494 970 4532 non
1004 4471 1532 4546 prmtermittetuus.
1583 4470 1655 4520 At
1692 4466 1845 4520 enim
1893 4466 2015 4520 haec

308 4576 514 4631 omnia
596 4568 886 4641 superavit
970 4565 1025 4619 S.
1111 4558 1337 4618 Henrici
1388 4555 1708 4610 castissima
1784 4554 2011 4623 religio,

312 4670 651 4719 inconcussa
706 4658 911 4728 pietas,
982 4656 1037 4706 et
1092 4651 1390 4720 explorata
1449 4643 1629 4697 animi
1714 4642 2011 4697 fortitudo.

312 4752 529 4823 quibus
552 4754 807 4803 armatus
829 4741 1134 4798 virtutibus
1165 4743 1222 4792 et
1268 4732 1558 4790 dioecesim
1597 4729 1852 4823 ecclesiae
1895 4745 2013 4782 suae

316 4816 727 4906 ﬁambergensi
798 4830 1119 4895 vindicavit,
1197 4829 1254 4879 et
1331 4823 1689 4890 ingratorum
1753 4816 2014 4872 afﬁnium

313 4905 586 4992 conatus,
631 4926 675 4978 si
711 4939 825 4977 non
883 4918 1087 4974 merita
1138 4914 1374 4975 ultione,
1435 4910 1633 4962 saltem
1692 4905 2017 4961 Christiana

316 5015 628 5072 tolerantia
709 5006 1077 5079 compescuit.
1158 4998 1577 5057 Fundationem
1673 4996 1881 5065 ipsam,
1951 4998 2017 5047 ut

316 5104 677 5176 prmeipuum
708 5098 899 5170 operis
938 5094 1025 5149 sui
1056 5093 1481 5161 argumentum,
1516 5084 1713 5140 multis
1733 5081 2016 5152 capitibus

318 5172 724 5262 complectitur
775 5188 917 5241 Vitae
954 5182 1194 5252 scriptor
1222 5191 1567 5246 anonymus,
1599 5172 1697 5226 sed
1758 5187 1824 5225 ex
1874 5187 2010 5242 quo.

324 5288 386 5336 ut
414 5260 591 5351 supra
618 5276 845 5333 abunde
879 5270 1130 5343 exposui,
1163 5268 1234 5323 ad
1282 5262 1746 5331 chronologicam
1807 5260 2015 5313 seriem

324 5371 470 5426 nihil
489 5347 846 5439 imagnopere
868 5362 1076 5429 elicias,
1110 5364 1173 5413 ut
1195 5356 1338 5411 adeo
1361 5355 1481 5408 hac
1502 5349 1734 5405 aliunde
1764 5347 2016 5403 eruenda

325 5467 379 5517 et
408 5455 803 5531 componenda
832 5453 921 5506 sit.

403 5528 716 5605 t09.v0rdo
761 5556 955 5598 rerum
1010 5535 1158 5609 apud
1203 5534 1522 5591 Ditmarum
1558 5528 1735 5601 exigit
1767 5532 1827 5583 ut
1888 5530 2018 5598 post

2128 1103 2431 1172 llitmarus,
2496 1105 2694 1158 eadem
2748 1105 2960 1175 pagina
3004 1106 3192 1159 denuo
3249 1123 3545 1160 resumens
3592 1123 3720 1176 quae
3756 1108 3827 1159 ad

2126 1208 2341 1244 annum
2428 1193 2551 1261 jam
2636 1192 2848 1245 dictum
2946 1196 3077 1245 1006
3180 1195 3490 1263 pertinent.
3587 1194 3830 1247 Jacobus

2127 1280 2404 1348 Meyerus,
2435 1281 2490 1332 in
2542 1281 2859 1333 Annalibus
2894 1281 3193 1344 Flandrim,
3225 1282 3533 1351 diligenter
3582 1288 3640 1334 et
3668 1297 3831 1334 accu-

2128 1374 2247 1421 rate
2309 1368 2610 1437 descripsit
2667 1385 2795 1438 quaa
2842 1369 2899 1421 in
2960 1369 3110 1421 bello
3165 1370 3272 1421 isto
3329 1369 3648 1434 Flaudrico,
3709 1385 3830 1421 non

2128 1458 2328 1511 eodem
2358 1473 2585 1527 semper
2616 1473 2805 1509 rerum
2848 1472 3130 1522 successu,
3156 1475 3187 1508 a
3218 1457 3270 1509 S.
3326 1458 3567 1509 Henrico
3618 1458 3829 1511 adver-

2129 1564 2223 1599 sus
2271 1547 2538 1599 comitem
2626 1552 2886 1598 nostrum
2964 1544 3307 1597 Baldninum
3383 1549 3603 1596 tentata
3667 1551 3826 1608 sunt,

2129 1636 2408 1705 explicata
2454 1636 2578 1704 ejus
2620 1633 2911 1687 occasione
2960 1638 3016 1685 et
3070 1632 3354 1700 adiunctis
3384 1632 3514 1684 aliis
3563 1633 3830 1697 pluribus

2129 1723 2264 1776 satis
2316 1721 2576 1786 curiosis,
2637 1737 2767 1791 quae
2809 1719 2944 1773 alibi
3023 1736 3141 1772 non
3195 1718 3335 1771 adeo
3376 1718 3641 1771 distincte
3681 1736 3826 1772 enu-

2126 1814 2306 1866 cleata
2335 1810 2701 1881 reperiuntur
2733 1827 2745 1863 :
2780 1810 2973 1879 ipsum
2997 1808 3198 1861 vidosis
3244 1806 3408 1859 annis
3472 1810 3626 1868 1005.
3692 1810 3827 1861 1006

2125 1908 2182 1954 et
2215 1900 2395 1953 {007:
2458 1897 2621 1952 nobis
2655 1898 2791 1951 satis
2851 1902 2938 1949 est
2994 1896 3222 1965 singula
3277 1896 3347 1948 ad
3396 1896 3659 1965 proprios
3705 1897 3821 1948 cal-

2123 1990 2283 2043 culos
2314 2003 2632 2051 revocasse,
2683 1986 2752 2039 ad
2783 1987 2934 2055 quod
2993 2001 3097 2037 nos
3130 1984 3221 2037 hic
3245 1982 3406 2050 juvat
3464 1984 3827 2037 Mabillonius

2122 2094 2252 2147 pag.
2292 2078 2409 2141 185,
2442 2075 2578 2129 dum
2612 2091 2677 2128 ex
2710 2074 3022 2143 diplomate
3056 2072 3192 2125 anni
3238 2074 3368 2124 1006
3408 2071 3661 2125 ostendit
3717 2072 3825 2125 ha~

2123 2164 2304 2216 bitum
2338 2179 2405 2215 eo
2464 2162 2590 2231 ipso
2643 2179 2795 2215 anno
2836 2162 2988 2214 inter
3012 2162 3068 2213 S.
3134 2161 3436 2213 Henricum
3489 2166 3544 2214 et
3628 2177 3823 2227 regem

2122 2250 2371 2305 Francia:
2414 2251 2774 2314 Rotbertum,
2827 2248 3198 2318 colloquium,
3234 2264 3347 2318 quo
3379 2248 3653 2301 labefacta
3681 2266 3826 2302 non-

2120 2339 2262 2393 nihil
2334 2337 2588 2391 amicitia
2660 2337 3053 2404 redintegrata
3129 2339 3231 2387 est.
3329 2334 3599 2388 Videatur
3674 2336 3825 2390 idem

2120 2427 2480 2483 Mabillonins
2500 2442 2634 2496 pag.
2672 2428 2791 2491 188,
2825 2440 2985 2479 num.
3011 2426 3079 2477 88
3111 2428 3167 2476 et
3213 2426 3302 2488 89,
3349 2423 3624 2493 placitum
3676 2426 3828 2493 regis

2118 2532 2447 2569 memorans
2476 2532 2580 2585 pro
2612 2513 2820 2567 Italicis
2843 2511 3227 2565 monasteriis.

2194 2606 2312 2658 110.
2372 2604 2690 2656 Ditmarum
2758 2601 2948 2655 denuo
3015 2600 3331 2670 sequimur.
3398 2599 3552 2669 apud
3627 2614 3825 2668 quem.

2120 2713 2145 2742 α
2179 2692 2490 2763 pacilicatis
2538 2697 2673 2744 tunc
2720 2689 2981 2759 partibus
3026 2689 3134 2753 his,
3185 2686 3452 2756 generale
3515 2688 3869 2741 concilium‘

2116 2781 2174 2834 in
2216 2780 2511 2834 Francfort
2572 2795 2606 2832 a
2652 2779 2806 2847 Rege
2865 2776 3121 2847 ponitur,
3157 2798 3176 2822 »
3215 2776 3273 2829 in
3303 2792 3418 2845 quo
3460 2775 3826 2846 episcopatus

2118 2867 2554 2937 Bambergensis
2573 2866 2673 2920 diu
2711 2870 2843 2918 ante
2873 2864 3147 2918 meditata
3202 2863 3486 2917 institutio
3536 2868 3594 2916 et
3650 2865 3823 2915 varize

2117 2958 2479 3011 difﬁcultates
2524 2954 2586 3007 in
2658 2970 2725 3007 eo
2804 2951 3047 3007 concilio
3104 2951 3336 3021 agitatie
3413 2950 3620 3021 cuique
3692 2953 3827 3003 satis

2119 3043 2302 3097 obviae
2341 3046 2506 3095 sunt:
2559 3041 2615 3094 id
2669 3040 2762 3092 hic
2806 3040 3084 3110 quaeritur
3144 3038 3528 3106 potissimum,
3585 3042 3825 3105 gestane

2122 3148 2189 3184 ea
2211 3130 2405 3183 omnia
2432 3130 2545 3182 sint
2573 3144 2725 3181 anno
2762 3130 2915 3192 t006,
2953 3142 3027 3179 an
3080 3128 3235 3193 1007τ
3269 3125 3329 3178 in
3388 3142 3501 3195 quo
3560 3128 3824 3177 auctores

2121 3235 2282 3289 aeque
2308 3233 2371 3269 ac
2401 3217 2459 3269 in
2501 3216 2687 3284 primo
2718 3214 2909 3267 Sancti
2962 3214 3113 3267 bello
3165 3214 3358 3267 Italico
3403 3212 3652 3266 maxime
3703 3213 3821 3264 dis-

2121 3306 2370 3360 sidentes
2400 3303 2651 3356 invenio.
2709 3302 2961 3355 Ditmaro
2995 3316 3084 3353 res
3138 3316 3269 3354 suas
3312 3315 3428 3352 non
3487 3299 3621 3351 satis
3650 3298 3821 3351 chro-

2123 3392 2385 3463 nologice
2445 3390 2858 3459 distinguente,
2924 3389 3200 3441 Baronius
3251 3388 3330 3441 sic
3391 3402 3605 3440 annum
3659 3388 3823 3439 1006.

2121 3480 2323 3553 incipit
2351 3496 2364 3534 :
2398 3502 2420 3528 α
2455 3483 2621 3533 Anno
2652 3477 2861 3533 Christi
2896 3477 3297 3547 Redemptoris
3324 3474 3628 3530 millesimo
3659 3483 3818 3528 sexto

2123 3572 2306 3627 lndict
2334 3586 2405 3636 tv,
2447 3569 2766 3623 celebratur
2794 3568 2853 3621 in
2913 3567 3221 3621 Germania
3270 3564 3528 3634 synodus
3579 3563 3822 3617 Franco-

2120 3659 2446 3724 fordiensis,
2503 3657 2561 3711 in
2595 3674 2708 3728 qua
2760 3656 2909 3710 inter
2958 3654 3068 3708 alia
3132 3655 3210 3709 ibi
3259 3657 3567 3708 tractatum
3610 3656 3694 3705 est
3756 3653 3823 3707 de

2121 3749 2359 3805 ecclesia
2384 3745 2788 3816 Bambergensi
2834 3744 3110 3813 erigenda
3139 3744 3199 3798 in
3238 3742 3567 3796 cathedram
3598 3740 3822 3809 episco-

2119 3838 2331 3911 palem.
2364 3834 2497 3904 Agit
2549 3834 2617 3888 de
2648 3849 2713 3886 ea
2740 3832 3000 3904 pluribus
3052 3831 3362 3894 Ditmarus,
3400 3846 3425 3881 ι
3447 3834 3552 3882 etc.
3580 3828 3673 3881 His
3720 3845 3822 3899 0p-

2121 3925 2286 3997 ponit
2334 3923 2543 3992 Pagius
2603 3921 2668 3975 ad
2723 3918 2991 3973 eumdem
3050 3933 3266 3971 annum
3315 3917 3533 3969 litteras
3585 3916 3823 3968 Joannis

2123 4020 2290 4086 Papae
2353 4018 2508 4065 tomo
2561 4012 2629 4065 ιχ
2674 4006 3063 4063 Conciliornm
3118 4006 3400 4072 recitatas,
3459 4003 3519 4056 in
3578 4020 3820 4072 quarum

2122 4106 2237 4160 tine
2269 4102 2478 4170 legitur
2512 4116 2524 4154 :
2557 4118 2585 4150 α
2637 4097 2923 4167 Scriptum
2972 4111 3074 4166 per
3108 4110 3314 4148 manus
3343 4092 3492 4146 Petri
3527 4091 3737 4145 notarii
3768 4098 3825 4145 et

2124 4190 2406 4249 scriniarii
2453 4191 2513 4245 S.
2550 4189 2615 4242 R.
2669 4188 2753 4255 E.,
2812 4185 2871 4238 in
2916 4200 3113 4239 mense
3158 4183 3350 4247 Junio,
3404 4181 3705 4235 lndict.v:
3767 4181 3823 4234 id

2126 4290 2229 4348 est,
2278 4279 2486 4350 inquit,
2545 4293 2695 4331 anno
2757 4273 2962 4330 Christi
3020 4289 3156 4326 nvn.
3226 4270 3383 4336 Quod
3454 4268 3821 4339 privilegium

2124 4384 2368 4441 magnus
2423 4367 2833 4437 Episcoporum
2864 4377 3141 4414 numerus
3198 4360 3255 4413 in
3314 4364 3530 4427 synodo
3586 4357 3823 4410 Franco-

2125 4461 2320 4515 nofurt
2368 4455 2562 4510 habita
2614 4450 2968 4507 unanimiter
3028 4449 3355 4511 laudarunt,
3387 4453 3444 4500 et
3464 4445 3581 4498 suis
3601 4443 3821 4498 suberi-

2125 4546 2416 4620 ptionibus
2447 4542 2914 4601 corroborarunt,
2967 4543 3030 4591 ut
3056 4538 3112 4590 in
3141 4539 3252 4591 tine
3288 4534 3505 4589 laudati
3556 4534 3819 4604 rescripti

2125 4632 2422 4707 apostolici
2474 4632 2663 4701 legere
2717 4633 2818 4683 est.
2852 4626 3036 4690 Quare
3083 4625 3298 4691 subdit,
3340 4622 3646 4677 concilium
3681 4622 3864 4691 illud.

2125 4742 2241 4780 non
2279 4724 2385 4776 hoc
2431 4736 2604 4784 anno,
2654 4723 2720 4772 ut
2774 4714 3047 4770 Baronius
3095 4713 3338 4784 putavit,
3396 4712 3493 4766 sed
3555 4711 3818 4780 sequenti

2125 4814 2560 4881 congregatum,
2586 4827 2613 4855 ι)
2646 4811 2750 4858 etc.

2199 4901 2315 4953 111.
2384 4896 2505 4949 Non
2555 4894 2701 4947 male
2730 4908 2835 4963 pro
2867 4890 3058 4961 aliqua
3116 4893 3276 4959 parte
3328 4884 3638 4942 Baronium
3697 4902 3817 4939 cor-

2124 4989 2268 5043 rexit
2304 4984 2531 5055 Pagius.
2574 4983 2632 5036 in
2678 4982 2791 5035 alia
2846 4996 2962 5035 non
3018 4979 3206 5031 minus
3260 4978 3384 5045 ipse
3419 4975 3817 5044 corrigendus.

2126 5074 2406 5142 Quoniam
2468 5072 2636 5125 ambo
2706 5070 2776 5123 ad
2834 5068 3049 5127 omnia.
3110 5065 3406 5117 occasione
3459 5061 3819 5133 episcopatus

2124 5166 2287 5220 istius
2319 5160 2566 5231 longiori
2583 5164 2839 5230 tempore
2876 5160 3132 5218 tractata,
3167 5168 3281 5205 non
3331 5150 3465 5203 satis
3514 5152 3821 5205 attendisse

2125 5254 2417 5317 videntur;
2468 5253 2715 5320 sumpta,
2772 5245 2881 5300 nisi
2920 5242 3285 5296 vehementer
3330 5237 3518 5306 fallor,
3577 5256 3640 5293 ex
3696 5240 3821 5293 Dit-

2127 5359 2287 5399 maro
2367 5340 2555 5411 prima
2611 5330 3056 5407 perturbationis
3102 5345 3262 5392 ansa,
3322 5328 3421 5399 qui
3478 5328 3539 5381 in
3601 5343 3818 5381 annum

2126 5428 2552 5504 quodammodo
2600 5440 2776 5480 unum
2816 5420 3202 5489 eumdemque
3264 5416 3541 5485 confudit,
3593 5431 3720 5486 qua:
3760 5415 3819 5467 in

2128 5503 2271 5579 duos
2330 5516 2583 5574 diversos
2632 5509 2945 5568 certissime
3003 5505 3373 5562 distrahenda
3430 5509 3578 5558 sunt.
3639 5503 3816 5572 Syno-
