4028 6206
266 303 332 358 ιίτ
1569 301 1622 356 s.
1671 298 1952 356 numne!
1998 282 2472 356 uirunuoms
3707 306 3774 356 ue

271 430 411 485 dum
489 428 1016 484 Francofurteusem
1080 428 1328 498 aliquam
1399 441 1551 480 anno
1623 425 1755 480 1006
1817 429 1968 478 recte
1998 427 2043 477 Α
2079 423 2281 478 matris
2333 423 2595 478 Ecclesiae
2653 429 3024 494 augmentum
3086 423 3380 478 aunullare
3427 439 3555 478 cum
3609 426 3777 496 nugi-

266 519 626 590 consignavit
689 517 950 570 laudatus
1013 516 1308 580 Baronius,
1375 520 1575 584 utpote
1631 530 1804 584 quam
1864 514 1962 567 illo

267 625 418 664 anno
466 607 601 662 satis
653 612 913 660 accurate
956 605 1242 660 describit.
1302 604 1606 670 Ditmarus,
1666 603 1964 658 admiran-

263 698 393 752 dam
424 697 582 751 illam
616 695 795 749 sancti
826 694 1052 748 Henrici
1084 710 1220 763 erga
1250 695 1443 747 Patres
1473 691 1699 746 concilii
1752 691 1962 746 demis-

266 786 485 840 sionem
518 783 722 838 merito
783 783 1080 850 extollens,
1112 788 1176 835 ut
1201 781 1298 851 qui
1324 799 1382 834 se
1441 781 1511 836 ad
1543 796 1742 835 eorum
1789 780 1962 851 pedes

268 873 662 945 prostraverit,
719 871 946 942 aliaque
1029 871 1150 942 pari
1194 869 1519 923 humilitate
1604 869 1960 940 praestiterit,

266 980 396 1034 quae
423 962 498 1017 ibi
535 960 726 1016 lectori
760 960 924 1014 obvia
973 959 1216 1013 diximus
1250 975 1262 1012 :
1299 959 1357 1012 in
1411 975 1479 1012 eo
1520 958 1727 1012 defecit
1789 959 1960 1012 Baro-

266 1051 396 1104 nius
426 1051 575 1121 quod
613 1050 845 1104 alteram
879 1047 1157 1118 synodum
1188 1046 1643 1117 praetermiserit,
1678 1045 1746 1099 ad
1787 1061 1960 1116 quam

264 1140 426 1212 prior
455 1140 618 1212 quasi
663 1139 1072 1210 praeparatoria
1115 1137 1226 1191 dici
1277 1142 1483 1207 potest.
1533 1136 1742 1206 Pagius
1798 1135 1959 1188 vicis-

265 1229 398 1297 sim,
432 1246 499 1282 ex
546 1229 790 1297 allegato
819 1227 1053 1282 Joannis
1110 1228 1214 1281 PP.
1247 1226 1585 1294 diplomate,
1644 1241 1760 1278 non
1811 1225 1958 1277 male

264 1317 542 1387 pugnavit
595 1332 698 1387 pro
759 1317 971 1386 synodo
1025 1315 1162 1368 anni
1224 1316 1379 1379 1007,
1465 1313 1582 1367 sed.
1650 1313 1958 1366 Baronium

261 1420 562 1475 perperam
621 1404 849 1474 arguit;
912 1403 1076 1473 quasi
1118 1402 1313 1455 omnia
1359 1402 1564 1456 eodem
1605 1417 1756 1454 anno
1797 1417 1960 1455 com-

258 1494 444 1563 posita
481 1493 614 1557 sint,
680 1507 807 1561 qua:
868 1493 935 1544 ad
990 1491 1244 1561 praedicti
1311 1490 1668 1561 episcopatus
1724 1489 1958 1544 erectio-

259 1597 392 1635 nem
451 1579 808 1650 explananda
857 1585 1246 1632 occurrerunt.
1308 1579 1500 1632 Valeat
1572 1578 1678 1642 hic,
1736 1578 1782 1631 si
1856 1594 1958 1631 us-

259 1685 456 1740 quam,
517 1667 825 1738 paroemia;
901 1667 1188 1737 distingue
1247 1672 1527 1738 tempora,
1595 1671 1652 1720 et
1723 1683 1956 1720 concor-

261 1756 423 1811 dabis
471 1756 800 1826 scripturas,
837 1771 976 1826 quas
1016 1755 1184 1809 citato
1247 1759 1404 1810 tomo
1453 1756 1517 1810 IX
1567 1755 1956 1810 Couciliorum

260 1844 424 1898 nobis
457 1843 687 1898 exhibet
728 1843 1027 1897 Labbeus:
1088 1845 1210 1897 sola
1267 1861 1460 1898 rerum
1501 1850 1695 1898 exacta
1760 1844 1956 1899 distin-

261 1933 371 1986 ctio
419 1931 862 1987 controversiam
923 1937 1101 1986 totam
1155 1932 1465 1986 elucidabit
1514 1938 1570 1986 et
1647 1933 1794 1986 forte
1861 1933 1954 1988 di-

257 2021 456 2075 rimet.

332 2113 452 2163 112.
485 2109 614 2163 Tria
663 2108 787 2162 istic
844 2108 1229 2162 instrumenta
1283 2108 1609 2162 referuntur
1639 2109 1744 2162 hoc
1794 2109 1952 2163 ordi-

254 2213 327 2251 ne
368 2214 382 2251 :
422 2217 449 2247 a
496 2197 686 2251 Primo
744 2198 868 2250 loco
926 2197 1242 2250 Concilium
1302 2197 1804 2251 Francofordiense
1883 2199 1951 2251 de

258 2284 496 2338 ecclesia
571 2284 977 2354 Bambergensi
1049 2285 1110 2336 in
1168 2284 1501 2338 cathedram
1565 2285 1948 2354 episcopalem

258 2372 549 2444 erigenda,
597 2373 944 2427 celebratum
1007 2389 1160 2426 anno
1217 2373 1444 2426 Domini
1497 2373 1639 2427 MVI.
1683 2378 1944 2444 tempore

255 2463 491 2517 Joannis
551 2464 651 2516 PP.
713 2463 871 2527 XVII,
907 2486 931 2508 »
985 2479 1099 2533 quo
1167 2464 1348 2515 totum
1403 2467 1696 2532 acceptum
1755 2467 1838 2515 est
1885 2479 1949 2516 ex

261 2551 537 2604 Ditmaro.
563 2551 816 2604 Alterum
853 2551 1301 2603 instrumentum
1341 2550 1465 2604 loco
1499 2566 1615 2603 non
1656 2566 1757 2603 suo
1786 2567 1947 2620 repo-

256 2638 434 2703 nitur,
467 2654 570 2691 nec
602 2654 796 2692 verum
836 2638 1066 2690 titulum
1125 2637 1354 2708 praefert
1385 2654 1396 2691 :
1427 2659 1447 2684 α
1500 2640 1635 2690 Acta
1693 2638 1944 2707 ejusdem

257 2724 772 2780 Francol‘ordiensis
795 2725 1033 2780 Concilii
1067 2741 1132 2778 ex
1166 2725 1450 2778 tabulario
1477 2725 1724 2778 ecclesiae
1782 2727 1943 2780 Bam-

252 2814 564 2881 bergensis.
601 2835 629 2866 »
689 2813 848 2879 Quod
921 2814 1343 2884 subsequitura
1399 2814 1653 2883 diploma
1714 2814 1947 2868 Joannis

255 2904 362 2956 PP.
395 2904 525 2967 XVI,
563 2920 587 2954 ι
630 2903 697 2956 ad
726 2903 944 2971 justum
979 2918 1168 2956 rerum
1203 2901 1410 2956 seriem
1439 2902 1666 2955 videtur
1699 2902 1942 2955 secundo

2073 513 2271 582 gerula
2323 512 2608 584 legatione
2657 513 3139 584 praesumpsit"...
3177 513 3234 568 Si
3288 513 3515 583 quando
3573 519 3769 568 autem

2073 601 2377 672 episcopus
2433 601 2627 655 venire
2686 606 2743 654 et
2795 602 3074 672 promissa
3130 601 3401 672 dignatur
3457 601 3771 671 suscipere,

2071 695 2335 760 paratum
2366 706 2456 744 me
2510 690 2578 744 ad
2627 707 2800 744 omne
2833 689 2985 760 quod
3033 690 3191 744 vobis
3246 691 3461 744 bonum
3520 675 3770 758 videtur,

2071 780 2268 848 procul
2302 778 2477 833 dubio
2519 779 2847 833 inveniet.»
2899 779 3173 850 Sequitur
3227 778 3563 849 protestatio
3626 781 3778 833 Hen-

2073 867 2176 920 rici
2206 867 2458 938 episcopi
2496 868 2724 922 nomine
2783 868 2974 921 facta:
3036 892 3059 912 ‹‹
3112 867 3311 921 Finitis
3353 867 3563 920 talibus
3620 869 3776 920 allo-

2070 954 2241 1026 quiis,
2297 955 2663 1026 Bernigerus,
2718 956 2992 1010 antistitis
3023 955 3255 1011 Henrici
3295 943 3777 1023 Wirciburgensis

2069 1045 2397 1115 capellanus
2436 1044 2728 1100 surrexit:
2781 1050 3019 1116 propter
3055 1045 3324 1098 timorem
3385 1044 3536 1115 regis
3591 1045 3779 1098 senio-

2067 1149 2189 1187 rem
2223 1149 2392 1187 suum
2441 1134 2554 1188 huc
2605 1150 2724 1188 non
2756 1134 2997 1202 venisse,
3041 1139 3097 1187 et
3119 1133 3531 1188 detrimentum
3587 1135 3772 1188 eccle-

2070 1222 2167 1276 sia:
2195 1222 2356 1276 sibia
2409 1224 2526 1277 Deo
2581 1223 2928 1290 commissze,
2960 1223 3020 1276 in
3053 1222 3247 1294 aliquo
3295 1222 3421 1276 fieri
3474 1239 3776 1293 nunquam

2066 1311 2326 1365 laudasse
2382 1316 2641 1378 testatur,
2699 1317 2757 1366 et
2843 1311 3102 1366 obsecrat
3159 1316 3395 1365 cunctos
3444 1317 3764 1381 praesentes

2067 1415 2172 1469 per
2211 1399 2420 1454 Christi
2451 1416 2727 1466 amorem,
2753 1416 2823 1455 ne
2853 1400 2986 1454 talia
3018 1399 3161 1464 ﬁeri,
3199 1399 3431 1453 absente
3471 1417 3562 1468 eo,
3606 1400 3769 1453 fulu-

2067 1493 2190 1542 tum
2231 1487 2340 1541 sibi
2379 1489 2674 1560 exmplum
2726 1493 3079 1559 paterentur.
3145 1487 3446 1558 Privilegia
3507 1489 3766 1557 ejusdem

2065 1577 2143 1630 ibi
2187 1577 2301 1630 alta
2355 1593 2489 1629 voce
2552 1576 2882 1631 recitantur.
2922 1597 2949 1628 ››
2991 1577 3102 1632 Sed
3152 1577 3273 1630 haec
3321 1575 3465 1630 nihil
3513 1576 3766 1629 obfuisse

2069 1665 2182 1734 jam
2215 1665 2484 1730 diximus,
2519 1681 2632 1736 quo
2663 1665 2854 1719 minus
2892 1682 2988 1719 rex
3043 1670 3266 1718 sanctos
3321 1665 3466 1718 votis
3514 1665 3631 1718 suis
3662 1681 3768 1734 po-

2069 1754 2321 1808 tiretur:
2407 1755 2556 1808 unde
2632 1755 2999 1825 postmodum
3033 1778 3059 1800 ‹‹
3150 1753 3426 1807 Henricus
3503 1753 3764 1822 antistes,

2065 1842 2276 1896 auxilio
2307 1842 2609 1896 confratris
2639 1844 2724 1897 sul
2756 1841 3064 1910 Heriberti,
3114 1841 3237 1912 regi
3271 1841 3514 1912 gratiam
3544 1846 3600 1894 et
3650 1841 3766 1894 im-

2063 1931 2374 2001 pletionem
2404 1931 2509 1984 sibi
2539 1931 2811 2001 placitam
2837 1930 3155 2001 acquisivit.
3191 1949 3217 1981 ››

2138 2021 2256 2074 114.
2293 2019 2638 2073 Ηωοοωηὶει
2659 2021 2744 2073 vel
2801 2036 2952 2073 anno
3007 2022 3140 2073 1006
3195 2023 3456 2084 exeunte,
3511 2019 3596 2072 vel
3652 2019 3765 2073 sub

2061 2107 2412 2180 principium
2440 2107 2576 2162 anni
2612 2109 2745 2162 l007
2772 2112 3056 2162 transacta
3078 2124 3199 2160 esse
3231 2112 3479 2178 oportet,
3527 2108 3765 2179 quando

2065 2216 2092 2246 ι(
2130 2196 2580 2266 gloriosissimus
2657 2212 2752 2249 rex
2814 2196 3108 2262 Henricus,
3185 2195 3302 2249 voti
3380 2211 3612 2266 compos
3682 2196 3762 2250 ef-

2060 2286 2357 2349 fectus,....
2381 2285 2524 2339 duos
2558 2301 2588 2339 e
2621 2284 2931 2355 capellanis
2960 2283 3098 2346 suis,
3119 2284 3444 2338 Albericum
3495 2283 3762 2339 videlicet

2062 2378 2117 2427 et
2164 2373 2532 2437 Ludovicum,
2599 2373 2886 2442 adjunctis
2982 2371 3210 2426 Henrici
3277 2372 3758 2443 Wirciburgensis

2061 2461 2310 2532 episcopi
2367 2461 2594 2527 litteris,
2649 2463 2889 2517 Romam
2951 2477 3129 2532 usque
3195 2460 3422 2526 direxit,
3473 2468 3760 2531 quatenus

2058 2549 2150 2604 hic
2179 2551 2326 2604 bene
2371 2550 2619 2620 incepta,
2665 2549 2726 2603 in
2760 2550 2966 2603 melius
3030 2549 3376 2620 proﬁcerent
3413 2549 3757 2604 auctoritate

2060 2639 2332 2693 Romana.
2365 2661 2391 2687 ››
2429 2639 2672 2692 Narrant
2701 2637 2824 2691 haec
2855 2642 3188 2707 Anonymus
3217 2637 3278 2691 in
3312 2637 3434 2691 Vita
3468 2637 3753 2708 pluribus,

2057 2743 2184 2797 cap.
2273 2729 2356 2794 10,
2412 2732 2467 2780 et
2541 2727 2990 2781 instrumentum
3079 2726 3515 2797 Bambergense,
3596 2728 3755 2796 quod

2055 2814 2289 2885 proprie
2342 2815 2425 2868 rei
2473 2815 2799 2884 adimpletaa
2856 2813 3056 2867 relatio
3114 2813 3223 2867 dici
3288 2818 3490 2884 potest,
3525 2813 3586 2866 in
3635 2829 3754 2882 qua

2054 2904 2246 2973 potius
2311 2919 2438 2956 vera
2499 2909 2755 2956 actorum
2813 2901 3134 2956 substantia
3198 2918 3372 2972 quam
3421 2907 3750 2971 temporum

255 2991 379 3044 loco
412 2991 805 3060 reponendum
856 2989 1029 3044 fuisse
1063 3006 1126 3042 ex
1176 2989 1384 3060 quibus
1423 2989 1515 3042 hic
1573 2995 1758 3043 rectus
1808 2990 1948 3043 ordo
1979 2992 2018 3047 C
2058 2991 2231 3044 series
2262 2991 2514 3060 exposita
2546 2995 2647 3056 est,
2707 2991 2888 3061 ipsam
2922 2989 2982 3043 in
3033 2990 3188 3044 hunc
3240 2990 3475 3044 modum
3526 2991 3750 3062 concipi

255 3077 652 3132 conficeretur.
711 3077 1048 3148 Speraverat
1102 3078 1157 3132 S.
1201 3077 1479 3132 Henricus
1532 3077 1942 3130 emolliendum

255 3184 286 3219 a
345 3181 404 3218 se
481 3164 787 3220 Henricum
869 3165 1391 3236 Wirciburgensem
1469 3165 1823 3235 episcopum,
1883 3169 1944 3219 ut

253 3253 699 3308 commutatione
747 3253 941 3325 aliqua
996 3255 1163 3323 facta,
1203 3271 1236 3307 a
1294 3254 1524 3309 dimccsi
1563 3271 1665 3307 sua
1722 3259 1944 3324 partem

255 3342 422 3395 avelli
452 3342 686 3410 sineret,
721 3357 850 3412 quae
884 3341 1289 3412 Bambergensi
1317 3342 1664 3396 tribueretur
1697 3358 1710 3396 :
1746 3357 1943 3395 verum

253 3433 361 3484 iste
429 3429 572 3484 alias
632 3430 987 3484 conditiones
1051 3434 1396 3501 apposuerat
1445 3430 1646 3485 Sancto
1702 3428 1944 3484 minime

253 3523 468 3591 gratas,
494 3524 569 3587 et,
595 3535 667 3572 ne
699 3519 766 3573 ad
799 3518 1074 3573 indictam
1132 3520 1411 3589 synodum
1471 3521 1665 3572 venire
1712 3533 1942 3588 cogere-

253 3611 367 3674 tur,
400 3607 537 3672 alio,
582 3605 874 3661 Coloniam
909 3606 1136 3675 opinor,
1169 3607 1236 3659 ad
1290 3606 1344 3660 S.
1389 3607 1750 3660 Heribertum
1810 3621 1944 3676 pro-

253 3695 499 3766 fugerat,
529 3695 607 3748 sic
652 3698 713 3749 ut
770 3711 837 3747 eo
893 3695 1126 3749 absente
1179 3700 1337 3764 gesta
1391 3695 1506 3749 sint
1564 3694 1761 3748 omnia
1817 3711 1945 3766 qua:

257 3783 543 3837 Ditmarus
575 3783 654 3836 ibi
711 3787 1147 3850 commemorat,
1202 3788 1256 3837 et
1291 3799 1354 3836 ex
1389 3782 1598 3853 quibus
1644 3781 1944 3836 manifeste

252 3871 420 3926 datur
473 3872 736 3942 intelligi,
790 3872 848 3924 in
899 3888 965 3925 eo
1013 3871 1202 3943 primo
1251 3870 1489 3925 concilio
1540 3870 1598 3924 id
1657 3869 1943 3940 prmcipue

253 3966 462 4027 actum,
510 3966 575 4015 ut
652 3961 792 4015 nihil
851 3961 1110 4015 obstante
1188 3960 1416 4014 Henrici
1472 3958 1945 4029 Wirciburgeusis

225 4038 741 4118 tergiversatione,
824 4049 1056 4103 ecclesia
1117 4048 1552 4118 Bambergensis
1624 4048 1691 4100 in
1757 4047 1944 4100 cathe-

255 4139 474 4192 dralem
498 4138 832 4208 erigeretur,
866 4137 1028 4207 cujus
1057 4157 1079 4183 ι
1114 4152 1251 4189 cura
1289 4135 1589 4206 pastoralis
1659 4134 1942 4188 Eberardo

253 4230 389 4279 tunc
419 4225 768 4279 Cancellario
799 4243 831 4278 a
862 4226 1014 4294 Rege
1047 4223 1506 4276 committeretur
1557 4245 1583 4268 »
1617 4221 1675 4276 id
1711 4221 1865 4292 quod
1907 4238 1940 4276 a

253 4312 527 4368 Concilio'
555 4312 823 4380 obtinuit,
850 4317 1146 4382 praeeunte
1202 4312 1506 4381 Tagmone,
1554 4330 1581 4360 «
1614 4316 1673 4364 et
1723 4311 1941 4364 cunctis

252 4400 630 4472 praesentibus
678 4400 800 4469 ejus
858 4416 1179 4453 sermonem
1237 4405 1372 4452 tunc
1423 4399 1841 4453 al‘tirmautibus
1888 4406 1946 4452 et

254 4487 738 4543 subscribcnlibus
773 4503 786 4541 :
821 4506 848 4539 ι)
882 4486 961 4540 sic
991 4493 1182 4541 tamen
1214 4491 1276 4540 ut
1307 4487 1575 4540 Eberardi
1634 4486 1939 4552 ordinatio,

254 4594 384 4649 qum
416 4576 496 4630 ibi
518 4593 550 4630 a
579 4575 833 4630 Ditmaro
851 4575 1237 4646 subjuugitur,
1267 4575 1334 4628 ad
1358 4580 1693 4646 sequentem
1726 4589 1942 4628 annum

252 4664 571 4720 ditl‘erentia
587 4663 678 4717 sit.
1037 4734 1044 4742 ο

326 4755 444 4807 113.
499 4752 778 4807 Audiatur
832 4751 1010 4805 sancti
1060 4751 1240 4822 ipsius
1293 4751 1660 4822 Imperatoris
1717 4751 1938 4804 oratio:

255 4841 392 4896 «Ob
453 4841 560 4895 hoc
633 4840 1001 4895 serenissima
1072 4839 1366 4894 vestrimet
1434 4842 1690 4910 (Patrum
1768 4839 1943 4893 totius

252 4929 471 5000 synodi)
503 4929 806 4999 interpello
839 4928 1133 5000 pietatem,
1177 4944 1250 4981 ne
1299 4927 1555 4982 absentia
1600 4929 1724 4997 ejus
1770 4928 1940 4998 (Hen-

249 5018 350 5071 rici
408 5015 929 5088 Wirciburgensis),
985 5017 1084 5088 qui
1143 5033 1248 5088 per
1304 5033 1395 5071 me
1453 5017 1636 5071 voluit
1685 5016 1942 5070 obtinere

248 5106 402 5175 quod
435 5106 576 5160 mihi
634 5123 749 5159 non
790 5105 950 5159 licuit
1007 5105 1140 5160 huic
1187 5106 1516 5172 concedere,
1574 5105 1937 5176 propositum

250 5195 555 5248 voluntatis
609 5211 750 5248 mete
822 5201 996 5266 queat
1047 5194 1375 5264 impedire:
1436 5211 1567 5248 cum
1626 5194 1686 5248 in
1734 5193 1938 5248 baculo

250 5282 375 5352 ejus
429 5285 642 5335 mutuae.
708 5282 1160 5336 confirmationis
1219 5283 1384 5353 signo
1438 5282 1732 5347 clarescat,
1787 5283 1941 5336 hunc

246 5385 362 5423 non
391 5375 630 5440 propter
670 5370 996 5432 Dominum.
1025 5371 1122 5425 sed
1155 5370 1229 5425 ob
1261 5370 1554 5442 dignitatis
1609 5371 1940 5425 nullatenus

246 5458 634 5528 adipiscendae
664 5458 920 5514 dolorem
949 5459 1182 5530 fugisse.
1216 5459 1437 5515 Moveat
1465 5459 1726 5513 omnium
1768 5459 1938 5513 corda

247 5547 642 5618 praesentium,
710 5546 862 5618 quod
925 5563 1029 5618 per
1073 5548 1450 5602 ambitionem
1496 5535 1660 5601 suam
1728 5552 1936 5601 sanctae

2055 3083 2319 3148 oportere
2352 3077 2639 3133 existimo.
2679 3076 3021 3147 Compositis
3049 3076 3202 3131 inter
3233 3078 3288 3131 S.
3325 3078 3634 3131 Henricum
3689 3084 3750 3132 et

2057 3165 2368 3220 antistitem
2403 3165 2923 3236 Wirciburgensem
2950 3165 3379 3233 controversiis,
3435 3165 3605 3236 legati
3629 3167 3752 3236 jam

2055 3254 2190 3309 dicti
2221 3255 2460 3308 Romam
2487 3254 2642 3308 missi
2667 3261 2822 3323 sunt,
2851 3259 2913 3308 ut
2943 3259 3180 3309 testatur
3207 3255 3462 3308 Pontifex
3494 3271 3506 3308 :
3566 3275 3592 3305 α
3642 3256 3752 3309 Pro

2055 3359 2168 3414 qua
2190 3344 2410 3398 ratione
2452 3343 2724 3398 Henricus
2755 3343 2801 3397 Il
2862 3343 3301 3413 glorississimus
3359 3359 3455 3396 rex
3510 3344 3752 3398 nuntios

2055 3447 2183 3485 suos
2211 3431 2277 3485 ad
2303 3446 2408 3484 nos
2437 3430 2662 3495 direxit,
2707 3429 2806 3500 qui
2838 3429 2999 3483 nobis
3047 3429 3168 3482 haec
3225 3429 3420 3482 omnia
3469 3429 3747 3497 dicerent,

2055 3525 2110 3574 et
2136 3536 2238 3573 nos
2289 3536 2394 3590 pro
2443 3519 2548 3572 hac
2595 3518 2728 3572 sede
2782 3517 3173 3572 conﬁrmanda
3230 3517 3686 3588 interpellarent.
3723 3541 3744 3566 ι

2058 3609 2302 3678 Legatur
2349 3607 2523 3661 Bulla}
2574 3607 2887 3661 Pontiticiaa
2935 3606 3240 3677 reliquum.
3299 3623 3364 3660 ex
3432 3623 3546 3678 qua
3594 3612 3756 3675 patet

2054 3696 2299 3767 benigne
2329 3695 2554 3750 auditos
2589 3695 2783 3760 fuisse,
2807 3711 3046 3766 remque
3099 3711 3330 3748 omnem
3379 3695 3608 3749 Joannis
3640 3696 3746 3748 PP.

2052 3785 2390 3838 auctoritate
2423 3784 2881 3846 corroboratam;
2916 3782 3169 3854 diploma
3213 3799 3347 3836 vero
3408 3783 3744 3852 expeditum

2057 3890 2210 3944 «per
2240 3889 2444 3926 manus
2503 3872 2653 3926 Petri
2687 3873 2898 3926 notarii
2951 3877 3007 3924 et
3066 3871 3324 3924 scrinarii
3381 3871 3434 3924 S.
3482 3871 3545 3924 Η.
3581 3872 3638 3924 Ε.
3691 3873 3752 3924 in

2057 3979 2253 4016 mense
2282 3961 2451 4016 Junio
2483 3961 2683 4015 Indict.
2717 3977 2770 4027 γ,
2802 3982 2830 4011 ››
2855 3965 3026 4031 atque
3049 3960 3191 4013 adeo
3227 3975 3378 4012 anno
3423 3962 3578 4028 l007,
3633 3977 3751 4031 quo

2055 4049 2288 4104 demum
2317 4049 2514 4104 haberi
2535 4049 2729 4103 debuit
2775 4050 3027 4118 synodus
3083 4048 3179 4101 illa
3240 4048 3748 4116 Fraucofurtensis,

2055 4139 2124 4193 de
2150 4155 2263 4208 qua
2289 4136 2738 4191 instrumentum
2774 4137 3192 4207 Bambergense
3223 4137 3552 4191 meminisse
3608 4137 3748 4191 dixi-

2053 4243 2181 4280 mus
2219 4243 2232 4279 Ζ

2129 4317 2300 4367 115.‹‹
2353 4316 2518 4366 Auno
2571 4311 2884 4366 Dominicze
2948 4312 3363 4367 Incarnationis
3447 4330 3580 4375 um.
3649 4315 3740 4369 [n-

2051 4401 2184 4454 dict.
2218 4417 2270 4469 v,
2300 4401 2421 4453 Kal.
2459 4399 2810 4467 Novembris,
2845 4405 3119 4469 regnante
3175 4401 3435 4472 piissimo
3485 4419 3549 4455 ac
3595 4419 3745 4456 sere-

2051 4489 2289 4542 nissimo
2342 4488 2585 4542 Henrico
2643 4490 2914 4556 secundo,
2951 4505 3103 4544 anno
3149 4490 3315 4560 regni
3363 4491 3450 4544 sui
3509 4508 3582 4551 vi,
3635 4507 3744 4561 pro

2052 4580 2200 4630 statu
2235 4581 2293 4630 et
2315 4580 2624 4646 augmento
2655 4582 2863 4631 sanctae
2907 4577 3106 4632 matris
3172 4578 3451 4642 Ecclesiaa,
3491 4579 3550 4632 in
3617 4582 3743 4634 loco

2052 4664 2467 4719 Franconofurt
2493 4665 2660 4727 dicto,
2724 4682 2936 4736 magna
3002 4666 3254 4736 synodus
3311 4666 3504 4720 habita
3547 4672 3630 4721 est
3686 4673 3747 4721 et

2051 4751 2376 4806 celebrata:
2441 4774 2468 4802 »
2512 4769 2630 4808 non
2680 4754 2823 4824 jam,
2867 4759 2929 4808 ut
2984 4755 3226 4808 innuere
3271 4754 3503 4808 videtur
3545 4755 3747 4825 scripti

2051 4846 2264 4908 auctor,
2305 4841 2376 4896 ad
2432 4842 2720 4911 agendam
2771 4842 2840 4896 de
2890 4841 3252 4913 episcopatus
3306 4842 3745 4913 Bambergensis

2051 4930 2358 4996 erectione,
2397 4930 2513 4997 sed,
2546 4931 2697 5000 quod
2759 4935 3106 5001 praepostere
3161 4930 3482 4984 observavit
3522 4934 3751 5002 Anony-

2051 5033 2199 5084 mus,
2233 5033 2361 5088 cap.
2403 5021 2488 5083 12,
2524 5022 2587 5071 ut
2621 5038 2641 5065 α
2707 5017 2894 5072 debita
2925 5034 3054 5072 cum
3108 5019 3476 5074 veneratione
3512 5020 3741 5090 privile-

2050 5107 2211 5176 gium
2238 5107 2346 5160 hoc
2370 5106 2528 5160 Sedis
2555 5107 2895 5177 Apostolicm
2927 5107 3332 5178 susciperetur.
3369 5126 3394 5161 υ
3443 5108 3532 5162 Sic
3576 5109 3750 5164 habet

2049 5195 2302 5248 clausula
2331 5195 2482 5265 apud
2525 5194 2809 5249 Labbeum
2847 5211 2861 5249 :
2893 5215 2919 5247 (ί
2974 5196 3137 5259 Quod
3195 5196 3460 5251 videlicet
3512 5197 3744 5268 privile-

2049 5282 2207 5352 gium
2281 5282 2632 5336 venerabiles
2715 5284 2909 5337 Patres
2974 5285 3034 5337 in
3130 5285 3452 5355 supradicta
3527 5288 3745 5355 synodo

2051 5370 2465 5424 Franconofurt
2492 5369 2705 5440 habita,
2738 5371 2992 5441 generali
3051 5373 3290 5426 concilio
3346 5373 3742 5441 consistentes,

2049 5475 2274 5513 summa
2304 5458 2672 5514 veneratione
2742 5460 2986 5531 legendo
3031 5460 3424 5530 suscipientes,
3479 5467 3535 5517 et
3588 5467 3744 5534 Apo-

2049 5548 2264 5603 stolicm
2315 5547 2640 5602 auctoritati
2721 5547 3076 5616 obedientes,
3144 5549 3367 5604 devotis
3451 5550 3743 5605 mentibus
