4028 6206
223 241 276 288 69
1839 233 1877 285 Α

3626 239 3693 290 71)

220 360 589 419 subscribendo
622 358 1015 423 laudaverunt,
1069 358 1569 430 communiterque
1601 356 1873 411 corrobo-
1908 360 1956 410 Α
1995 356 2273 428 episcopi,
2326 363 2383 412 et
2418 356 2654 413 Ditmari
2695 358 2871 431 ipsius
2926 360 3340 415 successionem
3399 362 3574 417 refert
3621 364 3693 418 ad

217 457 474 508 raverunt.
509 471 533 495 n
564 449 895 518 Sequuntur
924 447 1161 501 nomina
1191 448 1587 517 episcoporum
1623 446 1881 517 quinque

218 548 265 595 et
289 539 528 610 triginta,
591 554 733 607 quos
763 536 915 589 inter
961 536 1237 589 omissum
1288 535 1544 606 suspicor
1574 535 1881 589 Henricum

219 627 719 695 \Virciburgensem,
752 623 853 694 qui
900 624 1253 677 tricesimum
1312 628 1532 677 sextum
1575 639 1879 676 numerum

218 716 517 785 compleret,
572 718 713 783 quot
762 712 814 766 ei
869 712 1112 767 concilio
1182 712 1480 782 episcopos
1558 711 1883 765 interfuisse

218 802 520 875 pronuntiat
546 801 829 870 Legenda,
864 800 1033 854 citato
1059 817 1180 871 cap.
1221 804 1303 854 12.
1354 804 1538 869 Atque
1565 816 1633 853 eo
1685 800 1883 854 ordine

218 892 276 946 ad
302 893 469 960 justos
497 889 742 942 calculos
781 895 1041 942 revocata
1074 889 1335 943 existimo
1376 905 1504 959 quae
1560 889 1631 942 ad
1677 888 1881 942 funda-

219 980 406 1032 tiouem
432 984 489 1030 et
513 976 1014 1033 confirmationem
1048 977 1197 1031 sedis
1262 976 1699 1046 Bambergensis
1728 981 1885 1046 gesta

219 1074 265 1121 et
286 1073 552 1120 transacta
599 1072 751 1128 sunt,
788 1081 1055 1136 quaeque,
1089 1066 1137 1119 si
1171 1083 1201 1118 a
1234 1065 1405 1134 Pagio
1427 1064 1654 1134 juniore
1684 1063 1884 1117 obser-

218 1161 329 1208 vata
350 1153 599 1222 fuissent,
640 1153 701 1207 in
754 1152 1037 1206 Breviario
1084 1152 1421 1207 Pontiﬁcum
1471 1152 1885 1219 Romanorum,

219 1251 335 1297 tom.
367 1243 426 1309 ll,
455 1258 585 1311 pag.
614 1244 738 1306 285,
774 1241 898 1294 falsi
955 1240 1317 1311 arguendum
1375 1256 1491 1294 non
1546 1245 1669 1293 erat
1716 1240 1883 1293 Bam-

221 1334 465 1401 bergense
496 1332 968 1394 instrumentum,
1022 1330 1091 1383 de
1121 1345 1233 1399 quo
1254 1328 1377 1398 jam
1410 1327 1545 1381 satis
1590 1327 1837 1381 diximus
1868 1343 1882 1392 ;

217 1426 263 1472 et
284 1436 341 1472 ex
368 1435 477 1488 quo
500 1417 789 1488 Anonymi
820 1422 990 1488 caput
1040 1418 1103 1470 10
1157 1422 1451 1487 acceptum
1510 1416 1755 1481 videtur,
1789 1420 1889 1469 aut

217 1509 315 1560 vice
348 1523 515 1559 versa.

276 1598 379 1649 116.
412 1594 498 1647 Sic
547 1593 845 1647 conciliari
887 1610 1053 1664 posse
1085 1592 1374 1660 existimo,
1426 1608 1551 1663 quae
1579 1592 1721 1646 alias
1776 1592 1885 1645 im-

213 1682 509 1753 plexissima
554 1687 709 1749 sunt,
768 1686 1071 1753 Anonymo
1102 1681 1159 1735 in
1212 1681 1632 1751 chronologicis
1662 1696 1887 1751 semper

212 1772 480 1826 titubante.
542 1770 818 1841 Agnoscit
848 1771 941 1824 hic
999 1770 1231 1841 quidem
1281 1769 1541 1840 geminas
1601 1770 1883 1839 synodos;

212 1865 274 1925 at,
310 1860 436 1912 dum
468 1858 721 1927 primam
752 1858 871 1910 vult
899 1858 1128 1927 essejde
1188 1874 1303 1927 qua
1355 1857 1475 1927 agit
1537 1857 1885 1911 instrumen-

213 1954 314 2000 tum
354 1948 796 2016 Bambergense,
830 1961 1061 1999 necesse
1096 1952 1181 1999 est
1213 1946 1495 2015 synodum
1529 1950 1886 2015 preparato-

213 2036 354 2095 riam,
406 2036 465 2087 in
516 2050 637 2104 qua
710 2034 764 2087 S.
830 2035 1103 2087 Henricus
1173 2033 1331 2087 litem
1387 2049 1549 2087 suam
1616 2034 1888 2087 adversus

213 2124 516 2193 episcopum
556 2122 1076 2191 Wirciburgensem
1135 2121 1319 2188 evicit,
1380 2121 1633 2175 habitam
1683 2121 1885 2175 eodem

211 2227 340 2264 anno
394 2212 550 2276 1007,
614 2210 763 2263 circa
826 2210 1111 2264 Kalendas
1160 2209 1516 2275 Novembris,
1603 2226 1715 2280 quo
1766 2210 1889 2279 jam

211 2300 530 2368 supponitur
574 2314 609 2350 a
668 2313 863 2351 mense
909 2298 1081 2351 Junio
1128 2298 1362 2351 obtenta
1419 2314 1452 2351 a
1513 2298 1732 2350 Joanne
1780 2298 1885 2350 PP.

211 2388 551 2457 episcOpatus
585 2386 767 2456 ipsius
796 2386 1177 2452 conﬁrmatio,
1221 2402 1349 2457 quae
1382 2402 1496 2456 quo
1529 2393 1693 2456 pacto
1727 2402 1886 2438 com-

114 2544 119 2547 ,
210 2475 625 2546 binariqneant
649 2491 886 2545 prorsus
945 2491 1059 2529 non
1089 2474 1273 2529 video.
1329 2476 1471 2529 Fuse
1520 2476 1589 2528 de
1645 2476 1749 2528 hac
1805 2490 1886 2540 re,

208 2564 364 2618 ferme
395 2565 461 2618 ad
493 2580 768 2618 normam
800 2567 1077 2629 nostram,
1135 2564 1251 2633 agit
1299 2564 1653 2617 Hofmannus
1697 2580 1730 2616 a
1776 2564 1883 2617 col.

209 2654 283 2716 10,
336 2654 430 2706 sed
485 2652 709 2706 nodum
740 2652 894 2705 hunc
919 2652 1199 2706 intactum
1258 2654 1449 2706 nescio
1500 2669 1571 2705 an
1640 2652 1890 2705 studiose

208 2740 528 2809 praeterierit
586 2757 598 2792 :
654 2756 808 2793 anno
836 2741 987 2793 1007⁷
1018 2740 1441 2794 ordinationem
1486 2741 1753 2794 liberardi
1802 2757 1890 2793 re-

210 2834 281 2881 cte
307 2830 671 2899 consignans:
723 2828 1004 2899 quidquid
1041 2829 1327 2882 Ditmarus
1357 2846 1473 2883 uno
1515 2834 1696 2883 tractu
1754 2845 1889 2882 con-

1993 463 2212 501 annnm
2248 449 2402 501 1009.
2440 448 2622 501 Verba
2681 451 2803 519 ejus
2858 455 2990 502 sunt
3023 466 3034 503 :
3072 469 3097 500 a
3164 450 3447 520 Wipertus
3477 450 3691 505 Merse-

1990 534 2292 605 burgensis
2346 536 2651 606 episcOpus
2699 536 2862 603 obiit,
2916 538 3009 590 cui
3064 538 3424 592 Tliietmarus
3470 554 3691 592 succes-

1993 622 2090 677 sit.
2131 644 2156 671 ››
2212 624 2497 677 Ditmarus
2528 640 2661 677 vero
2707 624 2825 695 ipse
2862 624 2998 694 pag.
3045 628 3145 679 385
3179 625 3258 678 sic
3284 626 3456 678 habet
3487 641 3500 679 :
3536 648 3562 674 (ι
3596 626 3694 679 Hic

1994 710 2077 763 vir
2111 711 2448 765 venerabilis
2495 712 2857 781 (Wigbertus,
2922 729 3020 766 seu
3054 713 3387 777 Wichertus)
3433 713 3692 784 quinque

1995 814 2173 851 annos
2220 797 2282 852 in
2336 799 2666 869 episcopatu
2743 805 2798 853 et
2846 817 2941 854 sex
3016 800 3403 854 hebdomadas
3455 802 3526 869 {et
3572 800 3695 854 dies

1992 886 2249 956 quinque
2303 886 2449 939 sedit
2486 904 2498 939 :
2536 887 2806 940 flebiliter
2860 904 3008 958 smpe
3042 894 3271 958 peracta
3309 888 3681 955 confessione,

1995 982 2051 1028 et
2078 975 2149 1028 ab
2181 974 2461 1045 episcopis
2494 975 2731 1044 Wigone
2761 976 2812 1029 ei
2846 977 3111 1044 Henrico,
3154 976 3212 1029 in
3246 977 3519 1030 extremis
3559 992 3690 1030 eum

1994 1063 2378 1129 visitantibus,
2448 1070 2718 1134 percepta
2768 1064 3123 1129 remissione,
3182 1082 3233 1118 ix
3288 1066 3411 1119 Kal.
3458 1065 3692 1134 Aprilis,

1994 1151 2136 1206 feria
2167 1151 2354 1217 tertia,
2388 1151 2449 1205 in
2498 1152 2823 1222 Merseburg
2861 1152 2931 1206 de
2976 1154 3081 1206 hac
3111 1154 3234 1206 luce
3268 1152 3338 1206 ad
3378 1153 3693 1221 Christum,

1995 1246 2060 1294 ut
2093 1256 2280 1309 spero,
2306 1238 2439 1292 felix
2462 1239 2745 1309 migravit.
2780 1262 2807 1287 ››

2072 1330 2191 1382 118.
2250 1328 2390 1381 Cum
2446 1328 2535 1381 his
2600 1328 2793 1381 confer
2849 1344 2978 1398 quae
3007 1344 3071 1380 ex
3128 1328 3251 1398 ipso
3320 1329 3686 1383 recitavimus

1997 1416 2360 1487 paragrapho
2433 1418 2518 1481 10,
2588 1432 2747 1469 num.
2828 1418 2946 1481 101,
3018 1416 3118 1469 ubi
3180 1433 3441 1487 expresse
3494 1418 3695 1471 asserit

1999 1512 2271 1576 «quartze
2323 1504 2489 1557 initio
2537 1504 2909 1558 hebdomadas
2954 1504 3014 1557 in
3069 1504 3375 1557 Februario
3424 1505 3498 1572 (S.
3536 1507 3690 1559 Hen-

1998 1594 2200 1656 ricum)
2258 1592 2480 1645 dedisse
2529 1593 2919 1663 episcOpatum
2968 1598 3176 1645 sancta:
3217 1593 3697 1663 Merseburgensis

1997 1680 2249 1734 ecclesize
2288 1682 2584 1750 capellano
2618 1681 2829 1734 suimet
2866 1681 3173 1749 Wigberto,
3205 1700 3231 1732 ι)
3274 1688 3331 1735 et
3375 1682 3525 1735 ultro
3572 1698 3700 1735 cou-

1998 1769 2173 1835 licies,
2235 1785 2350 1821 non
2408 1769 2660 1839 potuisse
2722 1770 3071 1838 Wigbertum
3137 1770 3463 1824 cathedram
3532 1770 3690 1824 illam

1998 1857 2391 1911 conscendisse
2421 1873 2571 1910 anno
2631 1859 2783 1921 1005,
2818 1858 2865 1911 si
2903 1858 3033 1911 totis
3064 1857 3321 1929 quinque
3365 1858 3549 1925 annis,
3602 1876 3695 1913 sex

1998 1944 2473 2009 hebdomadibus,
2542 1950 2598 1998 et
2644 1944 2859 2015 {diebus
2924 1945 3179 2016 quinque
3238 1962 3363 1999 eam
3428 1948 3696 2013 tenuerit,

1998 2034 2257 2103 adeoque
2335 2033 2500 2085 initia
2547 2033 2670 2102 ejus
2740 2033 2977 2087 omnino
3038 2033 3381 2087 retrahenda
3430 2050 3553 2087 esse
3620 2036 3692 2089 ad

1999 2137 2252 2175 mensem
2328 2120 2701 2174 Februarium
2758 2122 2967 2190 prioris
3032 2122 3169 2175 anni
3222 2124 3374 2176 1004.
3432 2124 3512 2176 Ne
3567 2138 3700 2177 vero

1999 2210 2239 2264 dubium
2271 2209 2326 2262 in
2364 2209 2470 2262 hac
2508 2226 2567 2262 re
2617 2226 2913 2279 superesse
2956 2211 3151 2280 possit.
3187 2227 3308 2264 rem
3339 2212 3697 2281 apertissime

1998 2300 2186 2353 denuo
2215 2298 2423 2352 evincit
2454 2298 2739 2352 Ditmarus
2768 2299 2890 2368 ipse
2924 2315 3054 2368 pag.
3085 2299 3209 2365 422,
3253 2300 3358 2352 sub
3384 2300 3581 2365 ﬁnem,
3614 2301 3703 2354 his

1998 2387 2186 2440 verbis
2244 2404 2256 2439 :
2320 2406 2347 2436 ι(
2404 2387 2509 2440 Iste
2557 2403 2741 2440 annus
2768 2404 2881 2458 quo
2932 2387 3087 2441 hunc
3143 2387 3426 2441 attitulavi
3486 2388 3701 2443 librum

1999 2474 2328 2541 (attitulavit
2369 2480 2558 2528 autem
2606 2492 2757 2529 anno
2808 2475 2962 2545 1018)
3018 2475 3328 2528 nativitatis
3386 2492 3529 2528 mea!
3560 2492 3700 2546 qua-

1998 2564 2355 2632 dragesimus
2388 2564 2472 2616 vel
2504 2564 2677 2633 paulo
2711 2565 2985 2634 amplius;
3032 2564 3091 2617 in
3125 2580 3321 2617 mense
3354 2580 3487 2618 vero
3515 2566 3703 2635 Aprili

2001 2657 2057 2705 et
2100 2667 2131 2703 v
2173 2652 2296 2705 Kal.
2349 2651 2499 2717 Maii,
2534 2652 2790 2705 decimus
2832 2652 3212 2706 ordinationis
3263 2668 3405 2706 mea;
3442 2654 3704 2707 introivit

2003 2756 2187 2793 annus
2234 2740 2591 2809 ;nadeoque
2641 2742 2959 2809 completus
3012 2746 3135 2794 erat
3165 2756 3371 2801 nonus.
3421 2742 3543 2811 ipso
3603 2742 3701 2794 illo

2004 2844 2197 2882 mense
2246 2828 2428 2897 Aprili
2472 2829 2792 2894 inchoatus,
2849 2834 3169 2899 postquam,
3232 2845 3386 2882 nono
3422 2830 3703 2884 Kalendas

211 2922 375 2971 nectat
426 2918 763 2987 inseratque
819 2917 1015 2970 omnia
1059 2917 1275 2987 synodo
1365 2917 1503 2971 anni
1565 2919 1719 2983 1006,
1779 2933 1893 2987 qua
1932 2916 1972 2970 C
2002 2917 2214 2986 Aprilis
2241 2933 2338 2970 seu
2371 2932 2501 2970 χχιιι
2549 2916 2734 2971 Martii
2784 2932 2850 2969 ex
2899 2917 3005 2970 hac
3052 2918 3169 2970 vita
3230 2918 3513 2970 novennio
3571 2925 3701 2971 ante

211 3006 406 3060 ratione
455 3022 549 3059 res
608 3021 785 3074 supra
843 3006 913 3059 ab
968 3021 1035 3059 eo
1082 3006 1347 3059 confusas
1400 3005 1696 3060 diximus:
1759 3022 1894 3059 nam

212 3094 519 3163 hujusmodi
580 3094 1073 3147 consecrationem
1159 3095 1428 3164 prieviam
1525 3097 1890 3165 episcopatus

211 3182 364 3251 ipsius
400 3199 433 3235 a
464 3181 744 3235 Pontiﬁce
797 3181 1288 3235 confirmationem
1338 3182 1587 3251 exigere,
1644 3182 1703 3234 in
1763 3199 1894 3235 con-

212 3269 334 3323 fesso
362 3286 481 3323 esse
508 3271 683 3340 plane
718 3268 964 3322 arbitror
997 3286 1009 3322 :
1042 3268 1206 3323 facile
1241 3270 1469 3323 interim
1510 3270 1716 3339 patiar,
1777 3270 1890 3323 dis-

211 3358 509 3411 tinctiorem
547 3357 620 3411 ab
653 3358 763 3411 alio
800 3357 1147 3411 solutionem
1176 3357 1397 3412 adduci.
1432 3358 1603 3410 Porro
1636 3374 1765 3427 qua:
1822 3358 1893 3411 ad

212 3447 522 3514 opulentam
582 3445 940 3499 dotationem
998 3451 1055 3498 et
1094 3446 1458 3515 splendorem
1519 3446 1683 3499 dictas
1730 3445 1894 3498 toties

215 3534 628 3605 Bambergensis
675 3534 925 3586 ecclesia:
983 3549 1016 3586 a
1058 3534 1259 3587 Sancto
1311 3536 1512 3587 collata
1570 3540 1723 3600 sunt,
1776 3550 1893 3587 non

212 3622 471 3676 incuriose
500 3627 768 3676 recenset
820 3621 1197 3687 llofinannns,
1256 3624 1362 3676 col.
1414 3624 1512 3687 43;
1564 3622 1727 3690 cujus
1758 3622 1894 3676 lidei

210 3712 407 3781 reliqua
428 3710 758 3773 committo,
791 3726 920 3779 quas
964 3709 1033 3764 de
1062 3710 1318 3779 ejusdem
1352 3710 1690 3764 officialibus
1721 3716 1893 3781 atque

212 3800 413 3868 imperii
458 3798 810 3853 electoribus
884 3814 1122 3868 operose
1193 3804 1350 3853 extra
1432 3815 1549 3852 rem
1636 3804 1892 3853 nostram

214 3888 495 3956 congessit.

216 3992 374 4059 §Xll.
442 3996 761 4049 Prosecutio
842 4010 876 4045 α
945 3994 1270 4047 constabilia
1327 3994 1551 4047 ecclesia
1620 3994 1892 4049 Bamber-

217 4068 345 4127 ρεπιδί
402 4065 478 4117 ad
555 4068 865 4131 susceptam
948 4066 1126 4119 Roma
1207 4068 1422 4133 imperii
1520 4081 1777 4119 coronam
1859 4080 1894 4118 a

219 4134 471 4190 Benedicto
503 4138 613 4189 PP.
663 4136 827 4189 VIII.

280 4244 385 4295 117.
424 4243 589 4296 Hunc
620 4242 1046 4311 paragraphum
1078 4241 1274 4296 ordior
1302 4257 1335 4295 a
1362 4241 1642 4295 solutione
1664 4242 1895 4296 alterius

160 4368 166 4375 .
218 4327 613 4384 intricatissimi
644 4328 802 4394 nodi,
839 4345 903 4382 ex
968 4346 1083 4399 quo
1133 4345 1320 4400 nuper
1372 4329 1513 4397 dixi,
1558 4330 1895 4385 Ditmariani

219 4412 460 4469 Chronici
510 4416 867 4486 apographa,
928 4421 1053 4470 tum
1106 4432 1237 4471 mss.
1297 4421 1420 4470 tum
1479 4417 1650 4483 edita,
1714 4418 1897 4488 aperti

219 4504 409 4555 erroris
456 4504 825 4570 revincenda,
866 4504 924 4557 in
974 4509 1183 4558 attacto
1225 4504 1351 4558 istic
1381 4506 1614 4575 capitali
1657 4512 1893 4576 puncto,

219 4591 353 4658 quod
382 4597 547 4660 gesta
588 4592 644 4646 S.
688 4592 915 4646 Henrici
962 4594 1032 4646 ab
1071 4592 1407 4659 Adelboldo,
1441 4594 1895 4665 Chronographo

215 4676 431 4743 Saxone,
508 4680 831 4734 Annalibus
947 4682 1468 4735 Hildesemensibus
1530 4683 1895 4753 antiquisque

215 4763 325 4817 aliis
354 4783 506 4822 anno
568 4768 705 4821 100i
765 4767 1081 4822 rectissime
1113 4769 1338 4835 innexa,
1370 4785 1403 4822 a
1462 4771 1716 4825 Ditmaro
1770 4771 1896 4825 istic

214 4854 303 4905 sub
334 4856 460 4909 libri
511 4857 656 4910 sexti
701 4857 1051 4927 principium
1106 4858 1175 4912 ad
1241 4858 1619 4929 posteriorem
1677 4876 1892 4914 annum

216 4944 330 4994 1005
357 4944 611 5014 longiori
654 4946 887 5016 quidem
944 4946 1135 5016 phrasi
1194 4947 1289 5001 sed
1340 4947 1731 5001 disertissimis
1775 4953 1893 5002 ter-

213 5030 363 5084 minis
391 5040 784 5088 revocentur:
819 5034 875 5088 id
924 5050 1037 5104 qua
1088 5035 1312 5089 ratione
1367 5052 1437 5089 ex
1482 5036 1732 5105 ipsumet
1764 5037 1890 5090 Dit-

213 5120 337 5173 mari
392 5121 680 5175 Chronico
737 5122 1187 5192 demonstretur,
1241 5125 1325 5177 vel
1389 5124 1626 5177 unicum
1684 5140 1888 5177 exem-

213 5208 382 5272 plum,
438 5216 503 5263 ut
557 5216 766 5264 cietera
823 5212 915 5264 hic
974 5228 1087 5265 non
1170 5212 1510 5282 expendam,
1591 5212 1889 5283 perspicue

214 5294 431 5349 evincet.
478 5297 767 5351 Laudatus
817 5300 1301 5370 Chronographus
1354 5300 1498 5354 Saxo
1552 5316 1679 5353 cum
1740 5300 1885 5354 anti-

216 5386 325 5451 quis
377 5386 505 5439 aliis
582 5392 640 5440 et
710 5387 1123 5442 recentioribus
1209 5388 1441 5458 passim,
1499 5388 1676 5449 nullo,
1734 5388 1888 5459 quod

216 5472 389 5538 sciam,
438 5474 785 5545 refragante,
841 5475 1065 5531 obitum
1096 5476 1371 5547 Wigberti
1409 5476 1890 5548 Merseburgensis

2005 3005 2308 3075 migrasset
2354 3004 2658 3074 prmdictus
2712 3003 3054 3074 \Vigbcrtus,
3108 3019 3173 3056 ex
3220 3020 3355 3073 quo,
3412 3020 3513 3074 per
3550 3004 3702 3059 idem

2001 3100 2372 3155 successionis
2420 3101 2581 3155 illum
2631 3101 3015 3164 ascendendo,
3061 3101 3272 3155 iterum
3321 3106 3517 3172 aperte
3565 3118 3701 3155 con-

2000 3190 2279 3260 sequitur,
2378 3190 2733 3260 Wigbertum
2791 3190 3003 3243 obiisse
3068 3206 3221 3243 anno
3314 3193 3472 3258 1009,
3538 3191 3695 3244 ordi-

1996 3284 2321 3348 natumque
2372 3278 2545 3331 fuisse
2605 3283 2725 3331 toto
2781 3282 2912 3331 ante
2945 3277 3363 3349 quinquennio,
3400 3295 3492 3332 an.
3534 3280 3697 3333 1004:

2003 3368 2238 3436 etquod
2299 3367 2532 3420 demum
2580 3366 2714 3420 inde
2770 3366 3150 3431 concluditur,
3201 3367 3412 3421 librum
3470 3375 3692 3421 sextum

2003 3454 2269 3521 Ditmari,
2297 3455 2465 3519 male,
2492 3460 2553 3507 ut
2592 3454 2714 3524 ejus
2763 3454 3012 3508 termino
3071 3461 3219 3521 utar,
3277 3472 3430 3509 anno
3478 3457 3575 3509 illo
3607 3458 3703 3510 MV

2008 3564 2028 3589 ι
2067 3542 2422 3596 attitulatum
2448 3563 2475 3590 ››
2508 3559 2651 3596 esse.
2682 3543 2775 3596 His
2801 3543 2881 3597 ita
2919 3542 3142 3613 positis,
3174 3545 3471 3614 praefixum
3528 3544 3691 3598 nobis

2000 3633 2331 3701 temporum
2361 3631 2569 3685 seriem
2604 3647 3042 3702 prosequamur.

2077 3722 2195 3771 119.
2235 3719 2320 3771 Ad
2371 3734 2588 3771 annum
2653 3720 2778 3772 1007
2838 3721 2926 3772 vel
2987 3721 3121 3773 1008
3174 3720 3384 3788 passim
3460 3722 3706 3776 refertur

2003 3826 2031 3854 α
2066 3805 2206 3858 visio
2245 3806 2300 3859 S.
2352 3806 2594 3860 Henrico
2643 3807 2967 3860 Ratisbonaa
3017 3807 3087 3860 ad
3145 3809 3472 3878 sepulcrum
3526 3812 3703 3864 sancti

2005 3894 2328 3963 Wolfgangi
2368 3894 2577 3959 oblata,
2615 3915 2642 3941 »
2667 3894 2737 3947 de
2762 3911 2876 3964 qua
2904 3894 3243 3964 Anonymus
3285 3912 3408 3966 cap.
3459 3900 3513 3960 2,
3561 3914 3703 3967 qua-

2001 3998 2113 4052 que
2145 3998 2283 4035 suus
2338 3982 2478 4035 olim
2510 3981 2572 4036 in
2616 3983 2874 4036 moribus
2920 3982 3215 4037 institutor
3258 3984 3482 4038 adstare
3545 3986 3701 4038 visus

2002 4075 2107 4137 est,
2170 4075 2225 4123 et
2280 4070 2611 4147 hujustdi
2668 4070 2850 4124 verbis
2904 4072 3253 4141 compellare
3323 4088 3402 4126 ια
3464 4074 3693 4128 Intuere

1924 4196 1968 4250 Β
2006 4158 2313 4228 diligenter
2343 4159 2562 4214 litteras
2620 4159 2683 4213 in
2712 4176 2898 4226 muro,
2947 4160 3048 4232 qui
3077 4166 3162 4214 est
3184 4162 3346 4231 juxta
3410 4166 3706 4219 tumulum

2008 4262 2223 4315 meum,
2277 4246 2537 4317 scriptas.
2626 4249 2757 4302 Erat
2805 4254 2994 4303 autem
3034 4249 3136 4315 ibi,
3176 4251 3320 4305 sicut
3376 4251 3698 4317 videbatur,

2007 4334 2282 4405 scriptum
2315 4335 2678 4390 solummodo
2710 4337 2879 4391 POST
2931 4337 3073 4391 SEX.
3131 4357 3157 4389 ν
3194 4340 3318 4393 Νοιι
3361 4340 3698 4404 diffitemur.

2007 4438 2074 4474 eo
2134 4438 2285 4476 anno
2363 4425 2521 4491 1007,
2578 4427 2723 4478 teste
2799 4424 3250 4496 Chronographo
3323 4427 3563 4496 Saxone,
3642 4435 3699 4483 et

2008 4510 2261 4564 Ditmaro
2282 4510 2425 4580 ipso,
2473 4511 2520 4565 si
2548 4517 2972 4583 consequenter
2996 4514 3287 4584 loquatur,
3346 4517 3700 4571 Dominicam

2006 4599 2484 4653 resurrectionem
2530 4599 2590 4653 in
2641 4616 2708 4653 ea
2736 4601 2962 4655 civitate
3014 4602 3329 4656 celebrasse
3360 4604 3415 4657 S.
3467 4605 3694 4659 Heinri-

2005 4702 2157 4749 cum,
2192 4702 2305 4757 quo
2337 4692 2593 4758 tempore
2620 4688 2842 4741 celebre
2874 4689 3208 4743 vaticinium
3243 4696 3495 4761 potuerit
3530 4694 3697 4746 intel-

2005 4774 2222 4843 ligere:
2255 4781 2312 4829 at
2340 4792 2440 4829 sua
2479 4793 2779 4847 perperam
2843 4777 2935 4831 hic
2987 4778 3267 4849 disposuit
3325 4781 3510 4833 bonus
3558 4784 3699 4835 Ano-

2007 4879 2230 4931 nymus,
2292 4863 2391 4933 qui
2450 4864 2655 4917 melius
2702 4864 2771 4917 ad
2837 4864 3029 4934 ipsum
3087 4881 3349 4935 regnum,
3407 4881 3580 4936 quam
3631 4866 3699 4921 ad

2004 4951 2234 5020 imperii
2264 4967 2533 5005 coronam
2602 4952 2965 5022 respexisset;
3019 4969 3149 5006 nam
3204 4954 3351 5005 hanc
3411 4954 3699 5024 suscipere

2004 5038 2243 5092 liberum
2278 5039 2516 5092 Henrico
2548 5040 2676 5093 fuit.
2725 5040 2863 5094 dum
2894 5040 3093 5093 voluit.
3130 5040 3431 5101 Caeterum,
3478 5045 3700 5095 utcum-

2003 5142 2113 5196 que
2145 5126 2473 5180 vaticinium
2528 5128 2787 5198 accipias,
2848 5128 2907 5181 in
2956 5128 3079 5197 ipsa
3125 5127 3246 5179 Vita
3310 5128 3443 5182 satis
3475 5132 3698 5201 exposi-

2001 5220 2123 5267 tum
2167 5220 2271 5275 est.
2300 5222 2357 5269 et
2396 5232 2499 5285 pro
2531 5216 2612 5269 rei
2643 5217 2930 5286 exigentia
2961 5215 3289 5284 probatum,
3336 5222 3403 5271 ut
3445 5218 3537 5272 hic
3566 5221 3696 5273 usui

2002 5305 2195 5356 venire
2241 5308 2492 5373 nequeat
2546 5310 2951 5373 argumentum
2993 5318 3151 5357 mere
3200 5304 3553 5375 negativum,
3583 5323 3696 5376 quo

2000 5391 2316 5445 Leibnitius
2367 5392 2577 5463 aliique
2653 5396 2993 5461 perpetuam
3071 5392 3372 5464 utriusque
3433 5395 3698 5463 conjugis

1999 5478 2054 5534 S.
2094 5477 2319 5533 Henrici
2378 5484 2435 5532 et
2482 5477 2850 5548 Cunegundis
2902 5482 3180 5533 servatam
3230 5480 3291 5533 in
3330 5479 3699 5533 matrimonio
