4028 6206
385 284 445 335 71
1691 284 1745 334 8.
1793 281 2065 336 HENlthl

2232 281 2589 338 inanoms
3807 294 3862 343 7;.

386 400 771 475 virginitatem
842 403 1184 474 impugnare
1239 404 1361 458 ausi
1403 409 1552 471 sunt,
1601 404 1750 475 quod
1793 403 2080 458 Ditmarus
2111 408 2153 458 A
2196 419 2321 458 rum
2354 404 2460 458 sibi
2490 405 2817 460 coenobium
2871 407 3246 478 locupletasse
3278 408 3740 465 liberalissimum
3768 412 3861 468 im-

390 497 488 546 aut
516 491 612 546 alii
659 491 934 546 comtanei
961 508 1076 546 non
1110 493 1244 546 satis
1283 509 1544 564 expresse
1585 495 1704 563 ejus
1760 492 1842 546 rei
1873 493 2076 546 memi-

385 583 576 638 nerint
610 600 622 637 :
652 583 747 637 sed
783 599 907 636 eam
935 584 1054 652 jam
1115 583 1248 636 satis
1274 583 1615 636 vindicatam
1665 582 2074 637 existimamus.

386 672 720 727 Praediclam
762 671 1040 724 visionem
1083 671 1375 741 ignorasse
1410 671 1748 736 Ditmarum,
1782 671 1924 724 nihil
1959 671 2071 725 mi—

386 777 514 814 rum
564 765 667 825 est,
726 759 907 830 ipsam
937 759 1078 812 alias
1118 759 1356 813 minime
1414 758 1745 825 taciturum,
1782 759 1881 829 qui
1912 759 2072 812 simi-

386 849 498 902 lem
523 848 656 902 alibi
683 848 987 915 contigisse
1017 853 1230 913 narrat,
1274 863 1377 899 nec
1407 846 1474 899 ab
1527 847 1858 916 hujusmodi
1913 863 2074 900 reve-

385 937 696 991 lationibus
749 937 1030 989 ullatenus
1060 936 1347 1002 abhorret,
1387 940 1449 987 ut.
1496 951 1565 988 ex
1611 936 1728 988 sola
1785 951 1914 1005 pag.
1973 937 2074 988 387

386 1024 614 1077 abunde
645 1023 974 1093 perspicies.

460 1113 576 1166 l20.
606 1112 687 1165 Ad
722 1127 935 1163 annum
994 1112 1128 1164 1008
1159 1115 1378 1179 spectat
1410 1109 1622 1163 bellum
1662 1110 1911 1163 Metense
1972 1125 2074 1164 seu

383 1199 730 1261 Trevirense,
775 1199 845 1252 de
893 1215 1008 1269 quo
1042 1199 1118 1251 ita
1153 1199 1221 1251 ad
1254 1197 1406 1251 hunc
1453 1213 1666 1250 annum
1718 1198 2073 1268 Chronogra-

382 1289 530 1359 phus
555 1289 696 1342 Saxo
727 1305 739 1352 ;
779 1310 806 1336 ‹‹
855 1287 1154 1341 Adalberto
1193 1287 1432 1340 clericus
1465 1286 1677 1356 reginae
1708 1286 1900 1351 frater,
1953 1287 2074 1356 regi

379 1377 562 1430 factus
609 1376 990 1442 adversarius,
1046 1374 1496 1429 abominationes
1529 1377 1736 1429 multas
1778 1375 2075 1430 concitavit

379 1471 576 1517 contra
621 1481 794 1516 omne
848 1465 942 1533 jus
971 1469 1024 1515 et
1053 1465 1168 1527 fas;
1217 1464 1494 1516 Trevirim
1525 1464 1754 1517 sibimet
1783 1481 1910 1517 cum
1957 1464 2074 1518 suis

382 1552 721 1622 sequacibus
761 1551 1126 1621 mancipavit,
1162 1551 1354 1622 sicque
1389 1552 1662 1619 discessit,
1699 1553 1882 1621 Quod,
1942 1570 2072 1606 cum

381 1655 476 1693 rex
525 1638 915 1709 comperisset,
973 1639 1280 1692 suasillico
1329 1640 1521 1709 copias
1575 1642 1848 1710 colligens
1894 1642 2069 1694 adve-
2109 1679 2124 1732 Ι

381 1728 485 1791 nit,
522 1727 897 1796 Letharingos
928 1727 1032 1780 sibi
1064 1727 1390 1781 resistentes
1439 1729 1652 1781 Palatio
1684 1729 1926 1792 obsedit,
1985 1747 2068 1783 se-

379 1815 561 1869 decim
605 1815 994 1869 hebdomadas
1023 1816 1232 1870 ibidem
1289 1817 1516 1870 faciens.
1581 1839 1607 1866 ››
1659 1818 1793 1872 Belli
1843 1834 2070 1872 causam

380 1909 659 1956 memorat
703 1903 1015 1970 Ditmarus.
1041 1919 1171 1974 pag.
1207 1905 1352 1958 38’s:
1398 1924 1423 1953 (ι
1460 1906 1569 1959 Rex
1621 1911 1815 1959 autem
1848 1911 1910 1959 ut
1966 1906 2072 1959 hoc

377 1991 618 2054 audivit,
648 1991 856 2062 prioris
895 2007 1010 2045 non
1041 1993 1368 2058 immemor,
1402 1993 1458 2045 in
1493 2009 1769 2062 germano
1813 1995 2067 2062 ejusdem

375 2079 676 2133 Thiedrico
729 2097 842 2133 non
905 2082 1312 2150 praemeditata).
1353 2083 1799 2146 constitutionis,
1833 2098 2065 2135 uxorem

375 2167 659 2232 dilectam,
693 2173 1041 2238 caeterosque
1095 2169 1303 2222 suimet
1349 2171 1677 2236 familim-es,
1745 2172 1813 2224 de
1846 2171 2066 2242 episco-

373 2263 506 2326 patu
543 2256 742 2310 eodem
791 2257 1156 2327 impetrando
1207 2257 1496 2326 sollicitos,
1530 2261 1765 2329 sprevit,
1798 2265 1854 2312 et
1887 2260 2067 2314 Mein-

371 2345 570 2413 gardo,
604 2345 863 2414 Willigisi
914 2345 1336 2415 archipra-sulis
1364 2347 1746 2402 camerario...
1801 2348 2064 2402 eumdem

371 2433 542 2487 dedit.
570 2436 811 2503 PrOpter
837 2435 943 2487 hoc
965 2435 1219 2489 subdola.-
1242 2435 1631 2506 generationis
1671 2437 1832 2489 furor
1861 2451 2067 2489 accen—

369 2520 570 2588 ditur;
606 2542 632 2567 ››
690 2520 784 2573 ubi
814 2520 907 2574 hic
937 2521 1225 2574 Ditmarns
1283 2528 1339 2574 et
1383 2522 1518 2575 alibi
1563 2521 1772 2590 szepills
1814 2522 2067 2575 insinuat

369 2610 726 2677 ingratorum
762 2609 817 2662 S.
853 2609 1223 2678 Cunegundis
1280 2609 1522 2664 fratrum
1573 2610 1630 2663 in
1663 2610 1715 2665 S.
1757 2610 2062 2664 Henricum

368 2697 587 2765 odium,
622 2698 769 2767 quod
801 2699 860 2750 in
892 2698 1173 2766 ecclesias,
1205 2705 1260 2752 et
1293 2699 1538 2753 maxime
1582 2699 2062 2769 liambergensem

367 2787 633 2856 profusus
691 2785 1013 2850 videretur;
1075 2803 1140 2840 ea
1198 2787 1370 2841 nimis
1403 2789 1670 2855 religiose
1702 2789 2060 2859 dispergens,

367 2873 575 2943 quibus
622 2874 728 2943 ipsi
777 2873 938 2927 avide
969 2874 1288 2941 inhiabant,
1321 2876 1462 2929 adeo
1508 2881 1573 2929 ut
1601 2877 1863 2940 Henrico,
1901 2878 2062 2930 fratri

2187 499 2534 563 peratorem,
2569 510 2698 564 quae
2745 495 2936 549 omnia
2993 497 3285 550 luculento
3319 497 3631 568 diplomate
3675 501 3864 556 conﬁr-

2190 582 2366 636 mavit
2395 598 2487 635 an.
2551 584 2708 651 t0t5,
2770 590 2832 637 ut
2875 584 3002 639 vide
3057 587 3206 656 apud
3250 587 3513 641 eumdem
3549 589 3863 644 Bruschium

2187 671 2358 724 citata
2390 671 2595 742 pagina
2625 688 2804 727 versa.
3703 678 3710 683 ’

2264 761 2380 814 122.
2443 781 2470 810 cr
2537 777 2661 815 uix.
2722 763 2838 816 Rex
2901 761 3264 816 Nativitatem
3322 763 3528 818 Christi
3587 764 3864 834 Salzburg.

2187 849 2397 902 Pascha
2448 865 2583 902 vero
2629 850 2998 920 Augustburg
3046 850 3284 920 peregit,
3333 873 3352 897 ι
3389 852 3559 904 verba
3589 858 3723 905 sunt
3764 857 3864 907 An-

2184 937 2403 991 nalium
2462 938 2990 992 Hildesemensium.
3034 939 3515 1008 Chronographus
3560 940 3704 993 Saxo
3735 945 3868 996 totus

2186 1025 2353 1080 estin
2386 1025 2771 1080 describendis
2815 1025 2952 1079 anni
2989 1026 3150 1079 istius
3178 1026 3620 1092 calamitatibus;
3655 1028 3867 1082 insolita

2185 1130 2390 1185 nempe
2448 1130 2728 1184 aquarum
2789 1114 3099 1179 refusione,
3157 1114 3453 1184 sanguinis
3508 1117 3705 1182 guttis,
3743 1131 3857 1186 qua-

2187 1202 2484 1256 Dominica
2540 1204 2868 1256 Palmarum
2925 1202 3279 1256 vestimentis
3307 1203 3608 1257 hominum
3641 1204 3866 1258 instilla-

2183 1289 2399 1357 verint;
2457 1291 2526 1344 de
2557 1291 2856 1344 obscurato
2881 1292 3018 1357 sole,
3060 1295 3117 1344 et
3143 1290 3422 1345 incendiis
3453 1291 3721 1358 insolitis,
3755 1309 3867 1364 qua

2185 1379 2379 1432 omnia
2424 1379 2746 1448 pestilentia
2777 1384 2832 1433 et
2862 1379 3180 1433 mortalitas
3219 1395 3420 1447 graves
3476 1387 3684 1434 secutas
3746 1383 3864 1436 sint.

2186 1468 2264 1521 De
2295 1473 2501 1521 caetero
2533 1468 2603 1521 iis
2660 1467 2966 1538 praeteritis
3026 1484 3155 1538 qum
3184 1467 3252 1520 ad
3287 1467 3341 1521 8.
3387 1469 3693 1524 llenricnm
3754 1487 3866 1540 spe-

2185 1561 2360 1621 ctant,
2396 1555 2636 1609 Ditmari
2666 1557 2722 1608 in
2757 1555 3145 1626 episcopatum
3214 1557 3742 1626 Merseburgensem
3772 1575 3870 1612 sue-

2185 1645 2522 1710 cessionem,
2573 1645 2642 1698 de
2693 1660 2808 1714 qua
2854 1645 3184 1714 nuperrime
3270 1645 3541 1711 diximus,
3619 1652 3869 1700 accurate

2185 1738 2366 1796 notat,
2428 1732 2517 1784 cui
2547 1738 2604 1787 et
2633 1733 3155 1786 Paderbornensem
3211 1733 3261 1786 S.
3301 1733 3616 1788 Meinwerei
3657 1733 3872 1789 institu-

2183 1821 2400 1873 tionem
2431 1821 2746 1890 adjungere
2803 1825 3046 1891 poterat,
3077 1837 3205 1890 quae
3248 1820 3305 1874 in
3373 1821 3538 1875 dictis
3565 1823 3870 1876 Annalibus

2183 1909 2705 1962 llildesemensibus
2735 1915 2792 1962 et
2843 1910 2902 1962 in
2932 1909 3054 1978 ejus
3084 1909 3207 1963 Vita
3239 1908 3375 1962 satis
3419 1911 3788 1975 describitur,
3817 1911 3868 1964 in

2181 2012 2294 2066 qua
2321 2003 2379 2050 et
2407 1997 2506 2050 illa
2536 2013 2639 2067 pro
2670 1996 2778 2050 hoc
2817 2013 2967 2050 anno
2999 1996 3192 2058 babes,
3253 2013 3383 2067 quae
3445 2014 3476 2050 a
3518 1999 3573 2052 8.
3635 1999 3872 2052 Henrico

2192 2085 2464 2154 praeclare
2512 2091 2568 2138 et
2620 2085 2882 2155 largitate
2931 2086 3086 2154 regia
3140 2090 3302 2151 gesta
3353 2092 3504 2139 sunt.
3565 2087 3872 2142 Ditmarns.

2178 2190 2309 2246 pag.
2335 2176 2457 2239 388,
2493 2175 2665 2228 tradit
2713 2196 2739 2223 «
2781 2189 2975 2244 regem
3008 2174 3191 2227 varias
3242 2175 3679 2228 occidentalium
3716 2190 3869 2228 men-

2176 2270 2261 2318 tes
2323 2263 2615 2334 probasse,
2665 2269 2740 2329 et,
2775 2279 2846 2317 ne
2894 2264 3060 2316 solito
3106 2270 3625 2329 commoverentur,
3674 2265 3872 2318 sedare

2175 2356 2442 2417 tentasse,
2479 2370 2507 2402 ι)
2562 2356 2625 2405 ut
2676 2356 2811 2422 pote
2852 2351 3012 2420 cujus
3070 2357 3407 2422 perpetuam
3446 2368 3642 2406 curam
3698 2354 3873 2407 fuisse

2177 2439 2443 2505 ostendit,
2503 2439 2745 2493 subditis
2791 2440 3061 2494 omnibus
3143 2441 3534 2512 cujuscunque
3587 2457 3763 2494 sexus
3824 2448 3874 2495 et

2175 2527 2393 2581 ordinis
2444 2527 2796 2594 benefacere,
2857 2533 2913 2581 et
2970 2550 2991 2575 ε
3047 2529 3116 2582 ad
3176 2528 3559 2583 indeﬁcientis
3607 2546 3872 2584 coronam

2175 2616 2412 2670 honoris
2451 2615 2672 2670 sublato
2707 2616 2913 2670 timore
2940 2633 3272 2686 properare,
3339 2618 3408 2672 ad
3439 2633 3610 2688 quam
3643 2619 3878 2688 capien-

2175 2704 2304 2758 dam
2345 2705 2404 2758 in
2438 2704 2737 2758 itineribus
2785 2709 2840 2758 et
2876 2704 3005 2758 aliis
3040 2706 3469 2759 necessitatibus
3502 2707 3762 2759 maxime
3797 2707 3874 2760 la-

2172 2792 2398 2856 borans,
2439 2793 2651 2846 amicos
2680 2792 2813 2847 fecit
2846 2792 2953 2846 sibi
2983 2793 3269 2859 inimicos,
3295 2794 3450 2863 juste
3481 2790 3713 2848 eosdein
3745 2811 3875 2849 exo-

2173 2896 2267 2932 sus
2299 2896 2312 2933 :
2340 2899 2366 2930 ι)
2389 2881 2544 2950 quod
2578 2886 2665 2934 est
2695 2880 2903 2946 dicere,
2935 2881 3361 2951 persecutiones
3379 2897 3610 2952 passum
3634 2889 3876 2954 propter

368 2960 550 3020 alteri,
619 2959 856 3012 ducatus
914 2960 1185 3029 Bajoarize
1229 2961 1594 3029 abrogandus
1649 2963 1843 3028 fuerit,
1889 2979 2058 3033 quem
2093 2963 2132 3015 C
2172 2968 2631 3022 administratam
2657 2969 2962 3038 justitiam.
2998 2969 3154 3024 Alias
3180 2969 3350 3040 hujus
3373 2970 3876 3025 annidonationes

366 3054 555 3101 tamen
589 3049 954 3117 postmodum
986 3065 1117 3103 cum
1162 3050 1340 3104 sancti
1380 3051 1530 3121 regis
1588 3051 1770 3120 gratia
1821 3053 2059 3120 recepit,

368 3135 602 3188 Adnecti
635 3137 726 3190 hic
773 3141 979 3206 potest,
1040 3136 1194 3207 quod
1249 3137 1317 3192 ad
1374 3138 1546 3192 istum
1593 3153 1808 3191 annum
1841 3139 2063 3192 notavit

367 3223 684 3292 Albericus,
717 3244 743 3272 «
771 3223 1039 3294 .lopiliam
1075 3225 1238 3294 juxta
1270 3225 1540 3280 Leodtum
1584 3245 1612 3276 »
1658 3226 1878 3280 dedisse
1911 3228 2060 3280 Hen-

367 3311 484 3364 rico
518 3312 858 3366 Virdunensi
896 3312 1160 3384 episcopo
1204 3319 1463 3368 sanctum
1521 3315 1949 3385 imperatorem,
2001 3316 2058 3370 in

366 3397 632 3451 ecclesias
651 3414 878 3468 semper
909 3405 964 3453 et
995 3399 1208 3470 ubique
1240 3401 1597 3455 munilicum.

440 3488 558 3540 t2l.
603 3486 796 3558 Neque
848 3503 983 3541 vero
1014 3487 1297 3558 praeteriri
1331 3489 1422 3542 hic
1485 3494 1671 3558 potest
1702 3490 1906 3544 Montis
1934 3507 2057 3544 mo-

366 3573 677 3628 nachorum
733 3591 910 3646 prope
965 3575 1340 3644 Bambergam
1393 3576 1827 3631 celeberrimum
1869 3594 2057 3634 caeno-

363 3662 544 3728 bium,
601 3662 671 3716 de
699 3680 813 3734 quo
863 3663 1125 3734 pluribus
1156 3663 1216 3716 in
1241 3665 1362 3717 Vita
1394 3664 1453 3720 S.
1495 3665 1718 3719 Ottonis
1747 3666 1920 3720 locuti
1962 3684 2057 3722 su-

364 3765 511 3816 mus,
543 3751 650 3804 hoc
681 3751 882 3805 eodem
906 3767 1056 3805 anno
1088 3767 1120 3804 a
1151 3757 1344 3805 sancto
1373 3751 1738 3823 imperatore,
1767 3776 1793 3802 «
1821 3755 2057 3826 ejusque

360 3837 680 3891 conthorali
710 3838 766 3892 S.
797 3838 1176 3908 Chunigunde
1219 3838 1556 3892 Palatinissa
1585 3844 1643 3892 et
1669 3839 2052 3908 iniperatrice.

361 3925 420 3978 in
451 3925 732 3980 honorem
767 3926 822 3980 S.
870 3925 1157 3981 Michaelis
1194 3927 1538 3996 Archangeli
1584 3927 1907 3995 fundatum,
1941 3944 2056 3981 una

359 4027 491 4066 cum
543 4012 668 4084 ipso
723 4014 840 4068 fere
896 4014 1229 4084 episcopatu
1277 4014 1726 4082 :Bambergensi,
1780 4035 1808 4065 s
1867 4015 2056 4086 inquit

361 4102 668 4155 Bruschius
696 4101 765 4156 de
815 4102 1170 4156 Monasteriis
1216 4117 1344 4172 pag.
1387 4105 1490 4168 87;
1527 4102 1744 4156 addens
1785 4124 1812 4151 «
1842 4102 2052 4157 funda-

356 4189 530 4243 tionis
556 4190 863 4255 rationem,
896 4210 924 4242 »
965 4190 1116 4262 quod
1165 4195 1381 4256 sancto,
1419 4211 1445 4238 «
1497 4189 1558 4243 in
1588 4190 1878 4244 secretiori
1905 4207 2049 4263 quo-

357 4277 488 4331 dam
519 4277 726 4332 sacello
779 4278 1036 4332 devotius
1092 4277 1402 4348 aliquando
1451 4277 1660 4346 oranti,
1720 4279 2051 4349 apparuerit

356 4365 588 4420 Michael
622 4365 1018 4435 archangelns,
1074 4365 1175 4436 qui
1205 4366 1393 4418 femur
1420 4364 1571 4434 regis
1608 4369 1848 4435 tangens
1878 4366 2050 4435 (unde

355 4453 592 4508 claudus
615 4453 799 4508 factus
845 4469 966 4507 esse
1024 4453 1256 4523 legitur,
1310 4453 1411 4524 qui
1441 4458 1628 4507 rectus
1667 4453 1830 4522 prius
1882 4454 2053 4510 inces-

355 4541 549 4612 serat),
583 4541 1068 4613 Evangeliumque
1121 4542 1374 4596 codicem
1401 4541 1775 4596 osculandum
1832 4544 1884 4596 ei
1917 4561 2047 4615 por-

355 4629 568 4699 rigens,
592 4629 652 4684 in
684 4629 807 4684 haec
825 4631 998 4685 verba
1015 4647 1145 4685 eum
1176 4632 1500 4686 consolatus
1530 4629 1601 4684 sit
1626 4648 1639 4684 :
1677 4652 1704 4678 ‹‹
1736 4632 2044 4697 Netimeas,

256 4763 260 4767 λ
353 4719 530 4773 electe
562 4719 682 4786 Dei,
734 4719 1003 4775 velociter
1029 4736 1220 4790 surge,
1254 4726 1424 4791 atque
1456 4720 1562 4774 hoc
1610 4719 1838 4790 signum
1894 4721 2049 4790 pacis

352 4807 627 4862 divinitus
655 4807 760 4862 tibi
816 4809 1213 4862 transmissum
1247 4808 1488 4880 suscipe,
1542 4808 1760 4878 Deique
1830 4809 2046 4861 cultum

350 4903 583 4951 strenue
626 4912 946 4967 propagare
991 4912 1189 4966 perge.
1233 4899 1431 4951 Postea
1455 4913 1520 4951 ex
1551 4896 1757 4968 Apulia
1802 4896 1863 4950 in
1904 4897 2042 4950 Ger-

350 4985 603 5040 maniam
659 4985 922 5055 (feliciter
974 4985 1055 5039 ibi
1110 4986 1370 5040 confecto
1426 4985 1598 5056 bello)
1649 4984 1932 5050 redeunti,
1991 4990 2048 5039 et

352 5075 501 5142 apud
560 5073 895 5128 Cassinense
951 5073 1366 5128 monasterium
1427 5090 1494 5128 ex
1537 5074 1753 5127 calculo
1812 5073 2044 5127 decum-

352 5160 591 5224 benti,»
653 5167 755 5216 etc.
804 5161 1044 5216 Sudahit
1097 5162 1315 5217 affatim
1369 5162 1470 5232 qui
1529 5163 1878 5216 Bruschiana
1923 5162 2046 5216 haec

352 5249 511 5302 omni
569 5255 700 5318 apta
762 5255 1072 5321 componat
1125 5265 1255 5304 cum
1309 5250 1544 5320 signatis
1599 5250 1770 5304 modo
1821 5249 2046 5304 ccenobi

351 5343 512 5397 istius
543 5344 812 5399 exordiis.
849 5346 925 5400 De
967 5345 1379 5401 claudicatione
1409 5348 1465 5401 S.
1513 5348 1758 5416 llenrici,
1805 5349 2045 5420 ejusque

351 5432 752 5486 verosimihori
810 5450 978 5489 causa
1001 5437 1120 5505 jam
1164 5437 1300 5490 satis
1343 5436 1558 5492 dictum
1598 5441 1728 5490 est:
1785 5436 1844 5491 id
1909 5451 2043 5490 sane

348 5520 696 5576 controverti
721 5521 946 5593 nequit,
985 5523 1222 5595 pra-diis
1252 5525 1449 5580 multis
1474 5542 1537 5580 ac
1581 5525 1896 5580 latifundiis
1943 5543 2040 5581 ca-

2173 3056 2299 3109 vide
2328 3057 2480 3126 apud
2511 3057 2855 3124 Gretsernm,
2891 3074 3020 3128 pag.
3061 3062 3131 3112 69
3169 3063 3225 3112 et.
3249 3063 3338 3125 7t,
3372 3059 3580 3128 quibus
3611 3060 3758 3112 alias
3791 3059 3878 3113 ad-

2163 3143 2358 3214 jungit
2407 3144 2728 3199 Chronicon
2784 3146 3061 3216 anonymi
3120 3147 3421 3200 cmnobitaa
3508 3147 3876 3202 Scliutterani

2172 3231 2241 3285 ab
2285 3231 2486 3286 abbate
2532 3234 2751 3287 Joanne
2801 3235 3084 3288 Friderico
3103 3235 3409 3299 Schannat,
3444 3235 3500 3290 in
3555 3236 3876 3291 Viudemize

2169 3337 2285 3374 suae
2340 3321 2634 3376 litterariae
2692 3323 3030 3378 collectione
3106 3325 3313 3395 prima,
3349 3341 3543 3379 recens
3610 3327 3868 3396 vulgata,

2170 3410 2322 3479 quod
2347 3409 2406 3463 in
2437 3427 2504 3463 eo
2536 3427 2731 3480 opere,
2766 3411 2968 3465 ordine
3007 3419 3279 3482 quartum
3333 3419 3680 3468 recensetur.

2245 3501 2362 3552 123.
2420 3501 2650 3553 Annum
2713 3502 2848 3554 1010
2905 3500 2984 3554 sic
3059 3501 3330 3556 describit
3376 3503 3866 3573 Cbronographus

2168 3585 2314 3639 Saxo
2368 3602 2380 3639 :
2442 3586 2739 3640 Heinricus
2796 3603 2916 3652 rex,
2956 3587 3018 3640 in
3069 3589 3496 3659 expeditionem
3542 3606 3673 3644 snas
3730 3607 3866 3646 con-

2168 3674 2400 3728 traliens
2423 3674 2634 3745 copias,
2667 3675 3015 3730 Bolizlavum
3050 3677 3300 3730 Poloniae
3349 3678 3712 3748 quaesiturus,
3767 3681 3862 3734 sed

2166 3780 2281 3834 quo
2309 3763 2449 3817 velle
2502 3763 2745 3817 ducebat
2803 3764 3044 3820 minime
3098 3771 3501 3836 perventurus,
3555 3769 3713 3837 gravi
3773 3768 3863 3822 in-

2166 3858 2409 3922 gruente
2442 3852 2803 3922 aegritudine,
2864 3853 3052 3906 media
3118 3855 3424 3908 revertitur
3473 3856 3631 3910 via...
3683 3857 3865 3910 Theo-

2164 3940 2390 3996 dericus
2444 3940 2776 3995 Metensium
2835 3942 3155 4013 episcopus,
3212 3943 3404 3998 dotem
3463 3950 3520 3998 et
3582 3946 3870 4014 patrimo:

2163 4029 2324 4083 nium
2365 4029 2580 4099 reginas
2637 4030 3011 4101 Cuniguudis,
3059 4047 3188 4101 quas
3221 4047 3383 4084 soror
3435 4037 3559 4086 erat
3587 4050 3712 4097 sua,
3751 4035 3862 4088 Ba-

2161 4118 2539 4187 venbergensi
2573 4118 2831 4172 Ecclesiae
2867 4119 3063 4173 dolens
3103 4119 3356 4190 delegari
3389 4137 3420 4174 a
3471 4136 3625 4191 rege,
3659 4129 3865 4176 contra

2165 4204 2357 4274 ipsum
2385 4204 2645 4259 rebellat.
2673 4225 2701 4253 »
2731 4206 2856 4259 Haec
2885 4205 3008 4276 ipsa
3057 4207 3228 4277 paulo
3286 4208 3686 4263 lamentabiliu
3707 4226 3733 4262 s
3762 4210 3862 4264 de-

2163 4293 2662 4360 ducitDitmarus,
2686 4310 2824 4365 pag.
2863 4296 2990 4362 388,
3017 4295 3297 4350 nonnulla
3314 4297 3559 4350 miscens
3587 4303 3643 4350 et
3673 4303 3862 4351 trans-

2162 4397 2402 4453 ponens,
2426 4397 2556 4451 quae
2584 4383 2786 4436 vellem
2819 4384 2989 4453 paulo
3043 4384 3360 4438 accuratius
3393 4384 3688 4448 distincta;
3723 4401 3862 4438 nam

2161 4470 2272 4523 nisi
2292 4470 2540 4523 multum
2569 4470 2752 4537 fallar,
2785 4470 2998 4525 bellum
3021 4471 3292 4525 adversus
3325 4472 3669 4540 Boleslanm,
3698 4474 3862 4543 quod

2160 4557 2420 4629 sequenti
2461 4573 2591 4629 pag.
2628 4560 2728 4612 389
2776 4559 3163 4630 prosequitur,
3197 4561 3363 4614 alteri
3393 4561 3713 4615 Mosellanm
3764 4577 3864 4614 ex-

2159 4645 2615 4717 peditioni,quie
2643 4646 2714 4700 ad
2771 4663 2986 4701 annum
3044 4663 3226 4719 usque
3284 4650 3408 4702 1011
3472 4649 3679 4715 tenuit,
3728 4649 3864 4704 istic

2159 4735 2626 4806 praemittendum
2684 4740 2824 4802 erat,
2854 4736 2922 4789 de
2953 4751 3067 4807 qua
3104 4736 3175 4790 ad
3226 4736 3439 4790 dictum
3497 4752 3715 4791 annum
3760 4754 3862 4792 III

2159 4823 2240 4878 sic
2269 4825 2528 4895 loquitur
2555 4824 3041 4895 Chronographus
3080 4824 3223 4879 Saxo
3255 4840 3269 4878 :
3320 4845 3344 4873 ι
3389 4825 3504 4880 Rex
3537 4824 3860 4880 Metensem

2157 4912 2359 4966 urbem
2406 4913 2862 4984 praedictumque
2889 4910 3306 4967 Theodericum
3357 4914 3690 4986 episcopum
3720 4918 3865 4968 tan-

2159 4999 2258 5054 diu
2280 5000 2521 5067 obsedit,
2555 5017 2853 5072 quousque
2907 5000 3194 5055 mediante
3243 5002 3485 5071 justitia,
3531 5017 3640 5072 pax
3701 5001 3866 5056 inter

2158 5105 2255 5142 eos
2281 5089 2562 5142 convenit.
2621 5111 2643 5137 ι
2700 5090 2894 5161 Neque
2933 5094 3126 5143 tamen
3156 5089 3432 5158 difﬁteor,
3484 5090 3698 5144 resumi
3742 5107 3860 5161 po-
3904 5102 3913 5108 '

2156 5177 2332 5231 tuisse
2360 5192 2474 5230 non
2506 5177 2681 5232 semel
2707 5179 2889 5231 varias
2926 5177 3053 5232 illas
3075 5177 3470 5245 excursiones;
3498 5178 3710 5233 etenim
3743 5180 3862 5234 sub

2154 5265 2333 5318 totius
2354 5265 2697 5319 narrationis
2727 5266 2926 5331 tinem,
2957 5281 3089 5336 pag.
3123 5268 3247 5332 390,
3279 5267 3359 5320 sic
3422 5267 3596 5321 habet
3636 5267 3860 5322 Ditma-

2154 5369 2253 5406 rus
2294 5369 2306 5407 :
2338 5373 2365 5401 ‹‹
2399 5352 2515 5407 Rex
2547 5353 2756 5408 iterum
2808 5353 3186 5408 occidentales
3233 5353 3430 5409 invisit
3478 5355 3762 5425 regiones,
3791 5363 3860 5412 et

2153 5439 2488 5509 ﬂuctivagos
2520 5441 2908 5496 habitatorum
2951 5441 3170 5496 animos
3202 5441 3498 5512 sapientiae
3529 5442 3691 5496 freno
3716 5442 3859 5496 edo-

2155 5543 2337 5592 mans,
2373 5529 2559 5583 natale
2613 5529 2842 5584 Domini
2897 5529 3095 5584 festiva
3126 5529 3484 5601 jucunditate
3531 5530 3589 5584 in
3656 5529 3850 5585 Palthi
