4058 6216
156 310 202 358 73
1776 294 1825 348 At

3574 318 3640 369 7-1»

156 418 407 480 celebravit,
434 437 459 466 »
482 431 603 487 quae
646 415 839 470 omnia
893 431 984 469 an.
1031 414 1167 468 1010
1218 406 1371 465 ﬁeri
1405 414 1649 467 omnino
1701 430 1817 467 non
1851 417 1898 468 A
1936 414 2234 484 Sanctum,
2304 434 2334 471 a
2437 420 2651 489 quibus
2734 438 2919 477 annus
3028 425 3349 497 inchoatur,
3434 449 3643 504 nempe

155 512 417 583 potuerunt,
448 505 534 559 sed
572 510 635 559 ut
664 505 966 558 minimum
984 502 1220 573 signant
1244 496 1448 556 ﬁnem
1475 503 1617 556 anni
1653 506 1813 569 1011,

154 614 283 671 quem
329 612 440 649 mox
475 593 831 663 subsequitur
879 590 1148 646 dedicatio
1193 589 1485 643 ecclesiae
1540 591 1819 643 Bamber-

153 686 314 759 gensis.
342 684 413 738 Ad
441 698 647 735 annum
706 684 839 735 1010
896 696 1094 734 revoca
1137 677 1661 731 instaurationem
1695 694 1824 732 mo-

153 775 334 831 nasterii
381 772 428 826 S.
466 771 650 825 Marim
705 770 1045 837 Ratisbonze,
1087 768 1154 822 de
1206 780 1337 835 qua
1388 767 1519 836 agit
1562 766 1823 820 Mabillo-

154 866 251 920 nius
275 877 383 933 pag.
411 862 533 927 2l8,
566 874 725 912 num.
756 860 841 910 52.

208 951 301 1005 121.
333 950 489 1003 Porro
538 944 965 1000 celeberrimam
1018 959 1140 997 eam
1189 940 1655 995 dedicationem
1709 956 1829 993 non

153 1042 377 1104 an.l0ll,
412 1040 471 1090 ut
514 1051 645 1088 cum
707 1032 947 1088 Baronio
1003 1034 1190 1101 plures
1242 1029 1514 1097 signant,
1586 1026 1696 1081 sed
1733 1044 1827 1085 an.

154 1132 255 1184 tOl2
281 1125 531 1181 accidisse
562 1122 804 1194 probant
858 1118 1338 1188 Chronographus
1384 1116 1574 1177 Saxo,
1626 1117 1828 1169 Anna-

152 1220 213 1271 les
246 1215 686 1277 Hildesemenses,
738 1214 795 1262 et
841 1213 1060 1261 veteres
1102 1206 1198 1258 alii
1249 1218 1380 1257 cum
1464 1202 1829 1267 Hofmanno,

149 1303 373 1375 quidquid
414 1303 508 1357 hic
559 1302 838 1370 repugnet
883 1296 1052 1349 breve
1112 1292 1439 1347 Chronicon
1496 1290 1831 1346 Wirzibur-

148 1410 282 1463 gense
304 1389 437 1461 apud
464 1388 782 1444 Baluzium.
820 1383 1077 1439 Notanda
1104 1397 1241 1434 vero
1286 1375 1509 1433 Struvii
1549 1376 1625 1430 in
1658 1379 1827 1433 rebus

151 1480 313 1535 nostris
343 1477 647 1548 imperitia,
690 1474 805 1545 qui,
861 1477 1163 1543 postquam
1194 1482 1332 1539 pag.
1365 1464 1476 1519 384
1525 1464 1831 1536 episcopa-

149 1576 217 1622 tus
242 1566 655 1636 Bambergensis
704 1561 1097 1617 fundationem
1151 1569 1466 1628 perperam
1499 1552 1824 1608 firmatam.

151 1659 473 1711 aitaJoanne
536 1656 639 1709 PP.
699 1652 848 1717 XXII,
889 1650 1061 1722 paulo
1091 1652 1229 1718 post
1281 1644 1535 1714 ineptius
1573 1644 1780 1698 subdit
1812 1662 1825 1697 :

156 1748 281 1799 «lste
328 1745 489 1799 etiam
546 1742 900 1814 episcopatus
975 1738 1265 1809 praesente
1326 1731 1638 1786 Benedicto
1710 1732 1826 1792 Vlll

152 1835 282 1904 Papa,
325 1836 551 1903 peracta
604 1828 803 1898 templi
855 1824 1091 1895 majoris
1139 1819 1601 1885 constructione,
1670 1836 1824 1873 anno

154 1923 466 1975 uxndemnm
532 1919 639 1972 fuit
682 1919 1065 1971 consecratus.
1132 1930 1150 1958 ι
1213 1906 1415 1963 Melius
1475 1907 1671 1962 doceri
1720 1925 1822 1979 po-

150 2016 277 2073 terat,
315 2009 356 2061 si
402 2009 469 2061 ad
532 2005 767 2060 Ditmari
824 2003 999 2056 verba
1064 2014 1196 2070 quae
1244 1995 1465 2057 recitat,
1523 1997 1821 2049 tantillum

150 2098 441 2151 attendisset.
498 2096 588 2150 Ita
664 2092 922 2163 loquitur
1025 2089 1173 2143 dicta
1252 2085 1375 2155 jam
1431 2099 1563 2153 pag.
1652 2086 1818 2139 390:

154 2210 166 2228 -
223 2187 423 2238 Peracta
477 2184 542 2237 in
600 2183 825 2236 civitate
875 2172 1338 2246 Bavenbergensi
1410 2171 1645 2225 ecclesia
1696 2188 1821 2225 ma-

145 2274 259 2341 jore,
282 2289 400 2326 cum
453 2270 761 2326 natalitius
819 2268 989 2337 Regis
1050 2265 1171 2320 dies
1228 2264 1403 2323 esset,
1463 2262 1519 2313 et
1546 2260 1821 2329 xxxvjam

148 2360 400 2428 inciperet,
426 2376 462 2412 ιι
500 2360 689 2412 Nonas
722 2355 852 2409 Maii
890 2352 1079 2406 omnis
1131 2350 1422 2421 primatus
1479 2347 1551 2401 ad
1590 2347 1821 2400 dedica-

147 2447 317 2500 tionem
363 2446 526 2501 istius
585 2444 737 2499 aulaz
788 2443 1003 2497 ibidem
1052 2442 1467 2509 congregatur,
1526 2442 1581 2489 et
1612 2452 1823 2505 sponsa

147 2534 243 2588 haec
260 2535 453 2588 Christi
484 2549 591 2603 per
616 2546 823 2585 manus
878 2528 1113 2582 Joannis
1144 2523 1496 2597 patriarchae
1552 2522 1622 2575 de
1652 2522 1823 2592 Aqui-

145 2623 231 2676 leia
256 2628 305 2677 et
330 2623 571 2676 aliorum
630 2621 939 2691 plusquam
997 2631 1101 2669 xxx
1148 2613 1561 2684 episcoporum
1590 2610 1822 2664 dedica-

144 2715 229 2763 tur.
267 2731 291 2762 »
345 2711 515 2765 Addit
556 2704 1064 2775 Chronographus,
1101 2724 1122 2751 ι
1182 2717 1349 2756 xxxv:
1422 2699 1821 2768 episcoporum

146 2798 419 2853 ministerio
457 2800 871 2861 consecratam,
910 2815 930 2840 ι
958 2791 1163 2863 quibus
1194 2787 1582 2843 consentiunt
1637 2789 1825 2840 Anna-

144 2888 205 2939 les
223 2888 598 2941 Hildemenses
630 2902 644 2939 :
672 2885 733 2938 in
784 2882 876 2936 his
902 2897 1035 2934 vero
1096 2878 1378 2932 omnibus
1422 2891 1527 2928 nec
1583 2874 1823 2928 verbum

143 2974 264 3027 unde
291 2976 410 3046 quis
441 2974 677 3041 colligat
724 2968 1091 3025 Benedictum
1138 2981 1358 3037 papam
1392 2962 1445 3017 ei
1476 2962 1821 3017 dedicationi
1850 2972 1889 3026 c

144 3063 443 3131 interfuisse,
506 3061 612 3133 qui
693 3056 1074 3114 verosimilius
1130 3055 1387 3108 necdum
1448 3051 1658 3104 electus
1705 3055 1829 3105 erat

147 3150 255 3204 dum
310 3168 371 3205 ea
444 3149 790 3205 caeremonia
849 3149 1261 3217 perageretur:
1312 3146 1513 3194 utrum
1569 3155 1700 3192 vero
1766 3139 1827 3192 in

148 3239 473 3294 Germaniam
517 3239 629 3293 isto
654 3252 806 3291 anno
841 3234 1080 3299 venerit,
1115 3232 1265 3286 infra
1311 3228 1618 3299 explorare
1658 3243 1825 3281 cona-

152 3326 324 3381 bimur.

206 3418 306 3472 t25.
363 3413 679 3486 Subjungit
732 3412 1066 3466 Ditmarus:
1122 3430 1143 3457 ι
1199 3410 1338 3462 Post
1393 3404 1518 3458 haec
1576 3403 1827 3474 synodus

148 3500 218 3554 hic
237 3502 292 3556 ﬁt
317 3520 545 3574 magna,
582 3502 638 3555 in
686 3517 796 3572 qua
850 3497 1214 3554 Gevebardus
1269 3492 1705 3548 Ratisbonensis
1735 3508 1824 3547 ec-

148 3590 301 3645 clesia!
345 3591 562 3662 praesul
603 3589 673 3643 ab
716 3586 1147 3657 archiepiscopo
1197 3583 1411 3637 suimet
1453 3581 1738 3651 arguitur,
1770 3585 1827 3635 et

150 3678 370 3733 lletensis
391 3679 646 3734 ecclesia:
689 3676 897 3747 praesul
928 3673 1264 3728 'l‘hiedricus
1294 3687 1327 3724 a
1382 3685 1517 3739 rege
1568 3669 1824 3739 increpa-

148 3769 237 3832 tur,
265 3783 327 3821 eo
354 3767 511 3839 quod
545 3764 786 3835 epistola
839 3762 1051 3816 suimet
1088 3761 1245 3814 hunc
1290 3759 1503 3827 injuste
1536 3758 1687 3826 apud
1720 3759 1825 3811 Pa-

149 3868 254 3921 pam
283 3858 608 3909 accusaret:
639 3852 734 3906 sed
768 3853 889 3905 hinc
911 3849 1107 3904 omnia
1146 3853 1204 3901 et
1240 3847 1424 3901 multa
1452 3844 1563 3898 alia
1588 3846 1823 3900 consilio

148 3943 382 4010 prudenti
414 3948 554 3997 sunt
592 3941 821 3995 ﬁnita...
865 3936 1181 4006 Completis
1215 3935 1485 3989 omnibus
1537 3933 1597 3986 in
1627 3934 1823 3987 orien-

148 4031 228 4082 tali
256 4032 476 4085 Francia
514 4029 883 4094 utilitatibus,
940 4028 1060 4081 Rex
1116 4024 1643 4092 Merseburgensem
1672 4022 1823 4075 revi-

150 4116 214 4170 sit
235 4119 497 4175 civitatem
560 4136 624 4172 ac
664 4117 743 4172 ibi
798 4122 1053 4171 sanctam
1093 4116 1457 4169 Pentecostes
1487 4110 1821 4173 solemnita-

146 4211 244 4259 tem
270 4209 529 4274 celebrat,
571 4213 627 4261 et
666 4207 724 4260 in
756 4205 945 4276 primo
974 4218 1142 4257 mane
1201 4199 1521 4255 Dominicaa
1539 4198 1673 4265 diei,
1708 4215 1821 4268 qua

150 4300 344 4349 sanctus
376 4296 683 4367 Apostolos
737 4293 979 4363 replevit
1039 4290 1305 4360 Spiritus,
1370 4289 1585 4356 Tagmo
1640 4287 1821 4340 archi-

146 4382 413 4453 episcopus
460 4381 748 4437 intirmari
816 4380 1006 4451 caspit,
1075 4377 1176 4448 qui
1220 4375 1394 4447 paulo
1441 4377 1570 4443 post
1614 4390 1647 4425 v
1699 4374 1827 4428 Idus

144 4470 274 4523 Junii
302 4488 414 4526 non
464 4470 633 4537 obiit,
680 4491 702 4520 ι
758 4470 951 4539 inquit
1002 4466 1155 4520 idem
1217 4464 1526 4526 Ditmarus,
1564 4482 1586 4509 ε
1622 4462 1716 4515 sed
1759 4461 1826 4514 ad

144 4555 422 4625 Christum,
483 4574 660 4629 quem
709 4571 939 4627 semper
976 4553 1209 4619 amavit,
1243 4553 1409 4606 laetus
1442 4548 1601 4603 abiit.
1638 4568 1665 4599 ι)
1702 4551 1828 4602 Haec

146 4646 316 4699 omnia
342 4648 433 4701 hic
459 4648 567 4701 sub
611 4661 786 4699 unum
846 4648 1216 4713 conspectum
1260 4638 1517 4709 exposita
1554 4637 1730 4704 volui,
1767 4642 1830 4691 ut

148 4732 481 4787 manifestius
526 4738 713 4803 pateat
767 4730 1182 4785 dedicationem
1243 4724 1494 4782 ecclesiae
1554 4724 1830 4777 Bamber-

147 4822 314 4887 gensis
337 4828 557 4875 asserto
592 4837 621 4873 a
650 4820 815 4873 nobis
863 4834 954 4871 an.
1020 4818 1156 4870 1012
1186 4813 1516 4883 contigisse,
1567 4828 1681 4883 quo
1707 4827 1825 4865 cer-

148 4911 251 4962 tum
302 4914 385 4963 est
432 4911 786 4979 Tagmouem
830 4905 1060 4970 obiisse,
1115 4903 1358 4957 testibus
1415 4900 1623 4953 iterum
1654 4899 1827 4954 Chro-

149 4997 420 5067 nographo
468 4997 690 5051 Saxone
747 4999 803 5049 et
885 4992 1202 5048 Annalibus
1259 4987 1826 5051 Hildesemensibus;

149 5084 278 5151 quod
322 5084 570 5139 maxime
643 5080 1061 5136 observandum
1139 5083 1242 5146 est,
1304 5076 1636 5131 ostendatur
1684 5074 1831 5129 alius

152 5170 368 5226 Ditmari
419 5187 605 5235 error,
655 5170 754 5241 qui
815 5170 940 5239 jam
1005 5168 1268 5239 proxime
1332 5164 1539 5231 aiebat,
1576 5184 1604 5213 ‹‹
1638 5164 1831 5217 Natale

155 5258 355 5314 Domini
385 5260 447 5313 in
497 5259 683 5313 Palthi
720 5279 743 5306 ι
802 5273 903 5311 seu
937 5255 1142 5310 Palithi
1176 5253 1490 5309 celebrasse
1536 5252 1590 5306 S.
1628 5250 1829 5305 Henri-

151 5361 263 5401 cum
305 5346 639 5401 immediate
686 5349 818 5399 ante
872 5343 1360 5398 consecrationem
1401 5339 1651 5393 ecclesiae
1676 5340 1832 5391 Bam-

153 5432 448 5504 bergensis,
482 5450 613 5488 cum
650 5432 969 5487 distinctius
1009 5434 1335 5485 memorent
1381 5428 1535 5482 citati
1564 5427 1833 5495 Annales,

154 5521 281 5575 duos
333 5524 479 5577 alios
540 5522 759 5576 Natales
808 5519 1035 5575 Domini
1082 5515 1453 5574 intermedios
1522 5514 1835 5568 celebrasse

446 5631 723 5695 PATROL.
778 5628 950 5693 CXL.

1937 526 1959 551 ι
2009 520 2103 557 an.
2157 522 2255 560 nxl
2310 507 2372 560 in
2449 508 2913 580 Fraukenavord,
2968 519 3025 569 et
3070 541 3088 563 ι
3143 535 3250 573 uxu
3310 522 3367 575 in
3424 525 3643 578 Thorn-

1931 590 2101 661 burg,
2141 614 2169 643 s
2203 611 2317 665 quo
2361 597 2637 665 praedicta
2685 601 2964 656 dedicatio
3013 620 3142 659 vere
3199 608 3414 664 ibidem
3458 614 3644 666 consi-

1934 685 2166 749 gnatur.

2014 770 2132 822 126.
2187 771 2265 823 Ex
2322 771 2411 824 his
2457 772 2647 827 denuo
2696 781 2871 846 patet,
2907 780 3058 847 quod
3109 798 3281 850 supra
3320 800 3437 839 non
3470 791 3647 843 semel

1937 854 2076 921 dixi,
2148 856 2206 911 in
2262 859 2600 914 ordinandis
2660 866 3016 933 temporibus
3076 869 3315 924 Ditmari
3376 864 3646 930 chrcinico

1940 944 2271 1000 cautissime
2311 948 2612 1002 utendum.
2659 952 2735 1003 De
2781 958 2968 1007 cetero
3020 956 3269 1027 reliquos
3319 963 3498 1016 sancti
3531 964 3645 1018 im-

1938 1033 2224 1101 peratoris
2281 1034 2506 1089 labores
2556 1038 2616 1090 in
2684 1043 3100 1110 componendis
3169 1045 3339 1099 rebus
3389 1050 3643 1120 imperii,

1941 1121 2100 1190 cujus
2152 1127 2343 1191 partes
2411 1139 2610 1178 omnes
2666 1130 2970 1196 quotannis
3028 1132 3321 1187 lustrando
3378 1138 3644 1206 ignorare

1939 1226 2055 1263 non
2088 1215 2313 1280 poterat
2348 1231 2363 1277 ;
2397 1217 2453 1264 et
2480 1229 2616 1282 pace
2672 1232 2801 1269 cum
2860 1218 3060 1281 Slavis,
3112 1220 3353 1292 aliisque
3388 1225 3646 1279 hostibus

1940 1298 2296 1352 concilianda
2330 1301 2564 1354 sollicite
2613 1302 2924 1372 impensus,
2980 1307 3159 1360 fusius
3212 1319 3497 1365 memorat
3530 1315 3645 1366 lau-

1940 1387 2107 1441 datus
2156 1386 2324 1441 toties
2381 1389 2666 1444 Ditmarus
2705 1397 2821 1445 toto
2875 1394 3097 1467 reliquo
3152 1396 3299 1451 libro
3335 1406 3511 1465 sexto,
3545 1402 3645 1455 ubi

1940 1490 2071 1543 pag.
2132 1476 2232 1529 397
2308 1476 2631 1547 ingreditur
2706 1497 2796 1533 an.
2875 1483 3029 1549 lOt3,
3092 1500 3204 1554 quo
3263 1486 3642 1557 Epiphaniam

1940 1563 2142 1617 Alstidi
2191 1564 2499 1618 celebravit
2559 1568 2850 1634 Henricus,
2909 1570 3371 1627 Puriﬁcationem
3433 1582 3643 1629 sanctas

1944 1651 2043 1704 Dei
2076 1652 2375 1705 Genitricis
2407 1653 2463 1705 in
2497 1654 2865 1727 Magdeburg,
2898 1678 2925 1704 ‹‹
2961 1660 3226 1713 Paschale
3259 1677 3393 1714 vero
3433 1663 3638 1717 festum

1937 1756 2067 1793 cum
2091 1740 2443 1805 Meinwerco,
2481 1742 2588 1795 sibi
2645 1743 2953 1798 admodum
3006 1746 3295 1814 familiari,
3328 1749 3389 1802 in
3440 1751 3641 1804 Pathe-

1933 1826 2084 1878 brun
2116 1827 2289 1897 digna
2337 1828 2705 1882 veneratione
2758 1832 2999 1900 peregit,
3046 1834 3414 1888 Pentecosten
3449 1842 3641 1890 autem

1934 1915 2306 1979 nobiscum,»
2323 1931 2531 1986 nempe
2563 1917 2619 1970 in
2642 1918 2971 1988 Merseburg
2996 1936 3007 1972 :
3044 1921 3101 1972 in
3124 1922 3287 1991 cujus
3306 1923 3503 1993 vigilia
3536 1925 3639 1977 Bo-

1932 2003 2200 2068 lezlavus,
2233 2018 2363 2055 cum
2395 2004 2697 2057 securitate
2729 2006 2994 2059 obsidum
3025 2008 3175 2076 apud
3224 2025 3282 2062 se
3311 2010 3638 2064 relictorum

1931 2089 2086 2143 venit
2118 2088 2403 2160 etjoptime
2417 2091 2726 2160 suscipitur
2749 2112 2762 2157 ;
2794 2093 2873 2146 sic
2895 2099 2957 2146 ut
2978 2099 3099 2147 tuta
3113 2112 3180 2148 ex
3196 2112 3259 2149 ea
3272 2103 3433 2166 parte
3446 2099 3640 2152 omnia

1929 2178 2168 2232 reddere
2202 2177 2448 2230 voluerit
2483 2180 2757 2233 Henricus
2792 2181 3127 2252 priusquam
3166 2186 3503 2240 meditatum
3530 2188 3641 2240 iter

1930 2266 2191 2319 Italicum
2246 2265 2671 2335 ingrederetur,
2703 2267 2771 2320 ad
2832 2269 2987 2337 quod
3036 2286 3136 2339 per
3185 2271 3241 2324 id
3289 2276 3519 2342 tempus
3550 2290 3641 2328 res

1931 2354 2400 2424 disponebantur.
2464 2355 2589 2408 Non
2668 2354 2775 2408 fuit
2825 2372 3009 2409 annus
3089 2356 3196 2411 iste
3263 2360 3641 2415 Fuldensibus

1930 2442 2177 2493 multum
2207 2440 2516 2511 propitius,
2545 2441 2761 2512 quippe
2793 2458 2907 2512 quo
2945 2464 2965 2490 ι
3024 2444 3295 2514 Bronnag
3339 2446 3513 2501 abbas
3534 2447 3638 2502 de-

1928 2528 2185 2597 ponitur,
2220 2534 2276 2582 et
2304 2534 2441 2581 tunc
2473 2530 2579 2582 hoc
2630 2530 3066 2591 monasterium,
3116 2532 3495 2588 confratribus
3525 2536 3641 2590 late

1930 2617 2369 2682 discedentibus,
2430 2634 2461 2669 a
2493 2617 2672 2685 priori
2718 2623 2865 2670 statu
2913 2623 3203 2673 mutatur:
3232 2641 3251 2667 ι
3308 2636 3437 2690 qua:
3467 2624 3640 2692 paulo

1932 2705 2153 2772 durius,
2179 2705 2299 2774 jam
2352 2704 2503 2757 dicto
2536 2720 2628 2757 an.
2666 2708 2822 2770 1013,
2857 2722 2885 2758 a
2938 2706 3386 2777 Chronographo
3417 2710 3639 2764 Saxone

1932 2792 2353 2862 exprimuntur,
2384 2792 2475 2846 his
2510 2793 2737 2847 verbis:
2771 2812 2797 2842 «
2852 2794 2964 2846 Rex
3019 2796 3327 2849 stultorum
3360 2797 3638 2868 deprava-

1929 2882 2021 2932 tus
2077 2880 2333 2947 consilio,
2388 2880 2680 2935 Fuldensis
2731 2881 3067 2935 monasterii
3112 2881 3263 2936 bona
3294 2884 3640 2939 mirabiliter

1931 2967 2190 3038 diripuit,
2229 2989 2247 3015 ι
2286 2972 2391 3021 etc.
2436 2969 2542 3023 Sed
2588 2969 2711 3022 haec
2766 2968 2961 3022 mitius
3013 2970 3293 3039 explicata
3338 2972 3641 3027 videantur

1937 3055 2262 3110 Mabillonio
2288 3071 2419 3125 pag.
2452 3058 2555 3109 252
2586 3072 2676 3109 an.
2704 3059 2790 3111 88.

2011 3146 2130 3197 127.
2184 3143 2379 3212 Pergit
2430 3143 2719 3197 Ditmarus
2751 3163 2767 3198 :
2804 3163 2830 3193 ι(
2889 3145 3004 3197 Rex
3036 3150 3230 3199 autem
3262 3146 3329 3200 ad
3377 3147 3637 3202 occiden-

1933 3230 2076 3284 tales
2123 3246 2370 3302 pergens
2416 3231 2705 3301 regiones,
2735 3231 2846 3285 iter
2891 3248 3057 3286 suum
3091 3233 3150 3286 in
3183 3234 3635 3305 Longobardiam

1936 3319 2239 3390 disposuit,
2299 3323 2355 3373 et
2428 3319 2639 3374 iterum
2691 3320 2759 3373 ad
2808 3335 2912 3373 nos
2991 3322 3329 3391 repedavit;
3391 3327 3447 3377 et
3502 3324 3637 3378 inde

1933 3424 1988 3461 xI
2050 3409 2173 3462 Kal.
2232 3407 2489 3462 Octobris
2547 3408 2859 3473 discedens,
2910 3424 3015 3478 per
3069 3410 3435 3465 Bavariorum
3495 3411 3639 3465 ﬁnes

1933 3498 2105 3564 atque
2136 3494 2472 3561 Suevorum,
2509 3510 2689 3564 usque
2742 3495 2812 3547 ad
2844 3495 3029 3549 locum
3063 3497 3164 3567 qui
3191 3497 3464 3551 dicitur...
3496 3513 3638 3567 pro-
3684 3498 3701 3513 "

1932 3582 2175 3652 paravit.
2236 3582 2353 3635 Huc
2410 3582 2687 3635 exercitus
2760 3582 3018 3653 undique
3071 3585 3326 3654 conﬂuit,
3399 3591 3454 3639 et
3507 3585 3638 3639 hinc

1932 3685 2115 3739 usque
2145 3670 2385 3723 Romam
2417 3669 2530 3722 Rex
2567 3670 2688 3722 sine
2720 3669 2877 3723 omni
2910 3674 3201 3743 scrupulo,
3225 3674 3423 3744 regina
3453 3673 3639 3727 comi-

1931 3763 2112 3822 tante,
2156 3756 2331 3809 venit.
2372 3778 2393 3804 ι
2469 3757 2801 3826 Sequuntur
2883 3774 3030 3812 nova
3106 3761 3345 3815 Boleslai
3401 3762 3637 3826 scelera,

1933 3849 1989 3899 et
2046 3844 2279 3897 occultae
2333 3843 2602 3897 adversus
2664 3845 2720 3898 S.
2794 3846 3102 3901 Henricum
3160 3849 3636 3913 machinationes,

1932 3949 2061 4003 quae
2091 3937 2285 3985 tamen
2318 3931 2553 3986 minime
2597 3932 2947 4002 impedivere
3003 3951 3118 4005 quo
3177 3937 3368 3989 minus
3398 3936 3639 3990 rebelles

1932 4021 2043 4075 sibi
2092 4019 2496 4090 Langobardos
2548 4020 2608 4073 in
2640 4021 2899 4075 ordinem
2941 4023 3243 4078 reduceret
3294 4040 3357 4077 ac
3404 4024 3638 4078 demum

1930 4109 1990 4162 in
2014 4109 2159 4164 urbe
2192 4108 2478 4178 imperiali
2499 4125 2713 4163 corona
2762 4109 3157 4179 insigniretur.
3212 4113 3319 4167 Sed
3368 4112 3456 4165 his
3486 4129 3640 4181 pras-

1937 4197 2217 4251 mittenda
2238 4201 2391 4265 sunt,
2422 4197 2469 4249 si
2500 4212 2789 4267 quoquam
2822 4197 3137 4265 pertinent,
3171 4216 3295 4269 quae
3336 4201 3439 4253 sub
3464 4202 3640 4254 tinem

1937 4285 2068 4341 libri
2118 4286 2281 4354 sexti,
2334 4285 2503 4355 plane
2562 4286 2717 4339 aliud
2787 4300 2963 4353 agens
3007 4286 3300 4341 interserit
3355 4289 3644 4342 Ditmarus

1935 4390 2069 4444 pag.
2113 4375 2217 4428 399
2278 4374 2347 4427 de
2391 4374 2661 4439 adventu,
2711 4376 2775 4426 ut
2824 4374 3003 4443 aliqui
3063 4374 3413 4443 intelligunt,
3461 4379 3643 4430 Bene-

1939 4462 2076 4515 dicti
2116 4463 2233 4516 Vlll
2292 4462 2351 4515 in
2418 4462 2805 4525 Germaniam,
2855 4466 3093 4531 propter
3146 4463 3547 4528 intrusionem,
3581 4468 3646 4516 ut

1939 4554 2166 4620 putant,
2209 4549 2505 4619 cujusdam
2552 4548 2829 4618 Gregorii.
2863 4550 3013 4602 Audi
3063 4549 3290 4619 ipsum:
3332 4572 3352 4599 α
3389 4552 3644 4620 Namque

1942 4636 2094 4703 Papa
2125 4635 2461 4688 Benedictus
2500 4634 2769 4704 Gregorio
2798 4634 3027 4687 cuidam
3078 4635 3139 4688 in
3191 4636 3467 4690 electione
3495 4653 3645 4706 prae-

1941 4720 2139 4777 valuit.
2168 4723 2252 4777 Ob
2303 4724 2411 4776 hoc
2444 4722 2549 4775 iste
2609 4724 2897 4793 (quaeritur
2947 4726 3070 4792 quis
3106 4726 3151 4795 ?)
3185 4725 3254 4778 ad
3283 4726 3644 4779 Nativitatem

1943 4810 2294 4866 Dominicam
2343 4811 2402 4863 in
2455 4810 2661 4863 Palithi
2738 4810 2896 4864 venit
2961 4827 3091 4865 cum
3154 4813 3312 4866 omni
3365 4816 3645 4881 apparatu

1943 4899 2274 4969 apostolico,
2322 4896 2712 4969 expulsionem
2765 4915 2926 4953 suam
2980 4900 3246 4953 omnibus
3276 4898 3643 4951 lamentando

1944 4988 2325 5041 innotescens.
2369 5006 2396 5038 ››
2459 4986 2532 5039 Ex
2563 4986 2651 5040 his
2696 4986 2929 5057 collegit
2989 4987 3262 5040 Baronius
3308 4986 3376 5039 ad
3426 5001 3645 5039 annum

1946 5076 2102 5141 1012,
2147 5073 2535 5138 Benedictum,
2567 5074 2747 5128 Roma
2777 5090 2811 5127 a
2867 5074 3143 5144 Gregorio
3197 5073 3520 5142 expulsum,
3552 5073 3645 5127 fu-

1943 5162 2092 5232 gisse
2149 5162 2209 5215 in
2277 5162 2638 5216 Germaniam
2679 5162 2749 5216 ad
2802 5162 2855 5216 S.
2912 5160 3241 5226 Henricum,
3300 5176 3471 5230 opem
3522 5162 3646 5231 ejus

1943 5250 2426 5319 imploraturum;
2488 5248 2549 5302 in
2616 5266 2730 5319 quo
2779 5248 2968 5319 ipsum
3025 5248 3367 5301 recentiores
3444 5265 3644 5302 omnes

1943 5340 2262 5407 sequuntur
2290 5352 2421 5391 cum
2455 5338 2750 5391 Francisco
2796 5335 2971 5404 Pagio
3017 5336 3405 5391 recentissime
3449 5336 3510 5389 in
3541 5352 3643 5390 suo

1944 5423 2233 5479 Breviario
2308 5424 2644 5479 Pontiﬁcum
2702 5427 2859 5475 tomo
2931 5422 3000 5488 Il,
3062 5438 3196 5493 pag.
3228 5426 3356 5492 29l,
3418 5422 3646 5477 tametsi

1943 5517 2095 5569 recte
2153 5513 2427 5581 advertat,
2487 5512 2777 5566 neminem
2807 5525 2984 5565 unum
3018 5516 3272 5565 veterum
3327 5512 3644 5565 Germano-

3162 5628 3198 5684 3
