4028 6206
397 301 462 350 7Ξὶ
1695 295 1749 347 S.
1795 292 2082 348 HENHICI
2126 293 2600 349 IMPERATORIS
3831 297 3899 345 ταὶ

393 435 522 474 rum
577 419 918 490 scriptorum
976 417 1045 472 de
1098 433 1164 471 ea
1230 415 1520 471 Benedicti
1564 414 1919 486 expulsione,
1991 419 2091 468 aut
2117 418 2163 469 Α
2200 420 2424 485 petrare
2461 417 2725 470 voluisse.
2763 417 2872 470 Nos
2914 416 3048 470 hinc
3104 397 3342 470 alteram
3389 416 3520 472 vitae
3552 418 3907 489 periocham.

396 509 695 562 schismate
723 523 786 560 ea
817 523 985 560 causa
1010 511 1134 560 orto
1175 505 1523 559 meminisse.

468 598 594 651 128.
630 597 822 665 Neque
853 595 906 648 id
940 595 1150 648 mirum
1207 609 1364 658 sane,
1423 609 1552 646 nam
1612 592 1724 646 nisi
1778 609 1885 663 ego
1914 591 2092 644 vehe-

397 683 747 739 mentissime
779 682 964 750 fallor,
1013 682 1497 736 eminentissimus
1539 682 1822 735 annalista
1856 678 2094 734 Ditmari

395 789 623 828 sensum
658 771 808 826 haud
826 777 975 824 recte
1007 776 1297 824 assecutus
1329 776 1412 823 est
1445 787 1457 836 ;
1491 775 1554 824 ut
1569 770 1688 840 jam
1722 776 1936 824 taceam
1970 784 2092 822 rem

399 878 628 917 omnem
658 861 726 914 de
769 859 1150 930 qualicunque
1208 863 1338 930 post
1380 859 1561 929 Sergii
1611 861 1718 913 PP.
1779 859 1846 912 IV
1874 858 2092 912 obitum

399 949 720 1013 schismate,
813 961 1110 1015 perperam
1189 960 1281 998 an.
1377 945 1511 999 tOt2
1597 945 1866 998 innexam
1951 958 2090 1008 esse,

402 1053 528 1107 quae.
583 1033 878 1088 referenda
929 1032 1152 1085 videtur
1204 1033 1271 1085 ad
1329 1036 1663 1102 sequentem
1729 1033 1883 1096 1013,
1933 1028 2094 1099 cujus

399 1127 627 1180 initium
660 1123 713 1192 (a
756 1120 936 1175 Natali
975 1120 1205 1174 Domini
1261 1120 1604 1186 inchoando)
1652 1119 1710 1172 in
1762 1118 1970 1172 Palithi
2003 1133 2094 1170 ce-

400 1212 635 1266 lebravit
683 1210 738 1263 S.
793 1209 1086 1262 Henricus.
1146 1208 1377 1262 Notabis
1442 1207 1620 1277 igitur
1667 1222 1734 1260 eo
1800 1207 1922 1261 loco
1985 1204 2096 1260 alia

397 1317 632 1372 prorsus
695 1299 888 1351 omnia
945 1313 978 1349 a
1037 1297 1292 1349 Ditmaro
1353 1294 1604 1360 tractari,
1665 1294 1735 1348 ad
1799 1295 2093 1348 ecclesiam

399 1405 562 1443 suam
636 1385 964 1456 spectantia,
1021 1384 1215 1453 ibique
1274 1385 1443 1454 plane
1493 1384 1684 1438 obitur
1751 1398 1869 1439 rem
1929 1383 2094 1436 istam

398 1475 698 1537 insinuari,
733 1487 862 1542 qua:
919 1471 1174 1540 profecto
1230 1471 1396 1526 aliter
1446 1473 1714 1541 explicari
1745 1472 2092 1539 merebatur,

401 1564 448 1616 si
496 1561 830 1615 Benedictus
883 1559 1004 1629 ipse
1064 1561 1212 1629 Papa
1270 1559 1562 1629 legitimus
1615 1562 1672 1615 in
1731 1561 2090 1616 Germaniam

397 1652 686 1720 profectus
733 1647 967 1712 fuisset;
999 1648 1153 1716 quod
1210 1647 1359 1701 haud
1413 1649 1584 1702 dubie
1630 1666 1745 1703 non
1787 1649 2094 1703 tacuissent

399 1736 877 1806 Chronographus
929 1735 1095 1800 Saxo,
1130 1736 1369 1790 Ditmari
1418 1735 1478 1790 in
1530 1738 1724 1791 multis
1753 1743 2092 1803 contractor,

400 1833 457 1880 et
536 1828 781 1880 Annales
849 1824 1318 1887 Hildesemenses,
1376 1840 1480 1878 nec
1529 1825 1627 1878 alii
1692 1827 1943 1896 aequales
2001 1828 2099 1878 aut

396 1914 653 1983 proxime
684 1913 880 1966 secuti.
927 1913 993 1966 Ut
1023 1917 1272 1966 mentem
1304 1912 1632 1981 edisseram,
1674 1919 1830 1967 verte
1859 1912 2096 1966 Ditmari

396 2001 569 2056 verba
601 2000 872 2071 quamdiu
905 2003 961 2052 et
991 2015 1104 2068 quo
1136 1999 1303 2053 modo
1326 2001 1593 2066 volueris,
1651 2000 1844 2054 evolve
1894 2005 2097 2053 caetera

398 2089 612 2155 omnia,
658 2089 773 2142 sive
815 2087 1194 2156 praecedentia
1255 2087 1370 2142 sive
1417 2089 1844 2160 subsequentia,
1904 2093 1966 2141 ut
2011 2089 2095 2142 vel

397 2177 634 2232 verbum
653 2176 951 2241 extundas,
984 2191 1097 2244 quo
1126 2176 1347 2242 innuat,
1398 2183 1658 2230 sanctum
1688 2177 2093 2246 imperatorem

399 2265 689 2320 Benedicti
720 2272 910 2332 partes
968 2264 1253 2332 suscipere
1283 2263 1567 2330 debuisse,
1614 2271 1713 2318 aut
1740 2264 1848 2334 ipsi
1876 2265 1988 2318 ulla
2035 2265 2092 2319 in

395 2369 457 2407 re
487 2351 832 2421 patrocinari
865 2350 949 2404 vel
983 2351 1254 2420 opitulari
1288 2369 1300 2417 ;
1337 2359 1435 2405 aut
1478 2357 1669 2422 postea
1702 2353 1940 2406 Romam
1974 2368 2097 2422 per-

394 2439 626 2503 rexisse,
658 2444 721 2491 ut
748 2438 934 2508 ipsum
967 2453 1333 2507 quocumque
1363 2440 1534 2493 modo
1583 2439 1641 2492 in
1697 2438 1890 2492 sedem
1926 2438 2095 2492 resti-

394 2527 761 2582 tueret.Utut
807 2525 1102 2579 obscurius
1158 2526 1412 2578 locutum
1471 2541 1701 2580 censeas
1751 2526 2091 2584 Ditmarum.

393 2620 494 2670 aut
549 2615 693 2669 nihil
760 2613 922 2678 dixit,
995 2618 1095 2666 aut
1151 2613 1288 2666 satis
1330 2613 1617 2680 indicavit,
1678 2616 1923 2683 periste,
1975 2629 2090 2667 non

396 2703 788 2769 Benedictum,
815 2702 911 2754 sed
946 2701 1284 2772 Gregorium
1335 2701 1510 2754 fuisse
1567 2700 1870 2771 fugitivum
1903 2703 2088 2756 istum.

399 2810 421 2836 σ
453 2789 545 2844 cui
576 2789 906 2843 Benedictus
937 2789 1254 2857 praevdluit,
1293 2809 1314 2834 ι
1351 2794 1547 2858 utpote
1564 2789 1701 2858 qui«
1737 2789 2091 2859 praecaeteris

393 2877 843 2932 antecessoribus
934 2877 1179 2929 maxime
1263 2876 1686 2930 dominabatur.
1754 2899 1774 2923 ι
1829 2877 1896 2930 Et
1956 2893 2089 2932 vero

2202 503 2320 558 imo
2351 503 2580 574 imperii
2605 504 2727 574 ejus
2760 504 3037 575 epocham
3067 503 3485 558 inchoabimus.

2203 611 2230 676 ἓ
2287 611 2428 665 XIII.
2487 612 2540 666 S.
2607 612 2830 665 Henrici
2889 613 3062 665 Rome
3127 612 3424 676 coronatio,
3481 615 3534 663 et
3610 625 3732 679 qua
3788 625 3907 664 eam

2271 687 2454 734 secuta
2481 687 2626 751 sunt,
2659 697 2828 751 usque
2864 681 2938 734 ad
2979 681 3274 736 adventum
3331 682 3607 736 Benedicti
3633 683 3741 736 PP.
3781 682 3909 736 VIII

2272 754 2333 804 in
2364 750 2734 806 Germaniam.

2277 859 2400 911 130.
2476 859 2707 912 Librum
2800 873 2965 911 suum
3057 856 3368 925 septimum
3467 857 3547 910 sic
3611 856 3907 911 exorditur

2205 944 2489 997 Ditmarus
2522 961 2534 998 :
2583 967 2602 992 α
2633 946 2893 998 Decursis
2922 962 2955 998 ει
3001 945 3292 998 Dominica
3343 946 3737 1000 incarnatione
3778 953 3908 1014 post

2204 1032 2510 1086 millenarii
2550 1033 2966 1103 plenitudinem
3021 1033 3250 1086 numeri
3309 1034 3475 1087 annis
3523 1034 3823 1101 tredecim,
3849 1041 3908 1088 et

2201 1122 2260 1174 in
2289 1121 2688 1190 subsequentis
2708 1122 2873 1175 annis
2900 1121 3148 1175 secundo
3185 1137 3382 1175 mense
3435 1139 3499 1176 ac
3538 1123 3907 1176 hebdomada

2204 1209 2392 1273 tertia,
2421 1225 2570 1263 anno
2609 1215 2798 1263 autem
2853 1210 3011 1278 regni
3047 1210 3169 1278 ejus
3226 1210 3396 1263 tertio
3447 1210 3690 1276 decimo,
3730 1219 3786 1264 et
3815 1213 3906 1264 die

2206 1297 2521 1362 Dominica,
2553 1313 2618 1351 ac
2648 1314 2697 1350 γι
2727 1298 2846 1351 Kal.
2877 1297 3014 1365 (tege
3061 1313 3148 1350 xv:
3198 1298 3320 1351 Kal.
3355 1299 3458 1351 sub
3497 1299 3606 1352 litt.
3645 1299 3812 1352 Dom.
3846 1300 3905 1366 (Ξ)

2207 1386 2409 1452 Martii,
2435 1387 2706 1440 Henricus
2745 1386 2845 1439 Dei
2878 1385 3061 1454 gratia
3099 1401 3196 1439 rex
3240 1385 3506 1456 inclytus,
3537 1402 3570 1439 a
3620 1387 3906 1441 senatori-

2203 1473 2311 1528 bus
2341 1474 2642 1528 duodecim
2673 1473 2932 1538 vallatus,
2984 1489 3233 1544 quorum
3265 1490 3360 1528 sex
3415 1475 3530 1528 rasi
3557 1473 3760 1540 barba,
3809 1474 3907 1528 alii

2205 1562 2424 1632 prolixa
2455 1561 2691 1631 mystice
2711 1561 3053 1614 incedebant
3080 1577 3210 1614 cum
3242 1561 3479 1630 baculis,
3528 1579 3657 1616 cum
3701 1564 3907 1617 dilecta

2207 1649 2416 1704 suimet
2473 1649 2715 1719 conjuge
2799 1649 3154 1719 Cunegunda
3231 1651 3300 1703 ad
3371 1650 3663 1704 ecclesiam
3728 1651 3908 1704 sancti

2207 1739 2378 1799 Petri,
2415 1739 2566 1809 Papa
2594 1743 2972 1808 exspectante,
3003 1738 3180 1804 venit,
3221 1743 3276 1791 et
3303 1743 3612 1808 antequam
3641 1740 3907 1792 introdu-

2206 1831 2450 1892 ceretur,
2483 1827 2554 1880 ab
2606 1827 2804 1880 eodem
2858 1826 3268 1895 interrogatus,
3311 1827 3359 1878 si
3389 1825 3572 1880 ﬁdelis
3601 1829 3775 1881 vellet
3798 1828 3906 1882 Ro-

2206 1930 2390 1968 mane
2421 1919 2695 1984 patronus
2753 1930 2873 1967 esse
2913 1918 2968 1967 et
3024 1914 3291 1968 defensor
3347 1915 3629 1976 Ecclesiae,
3662 1916 3772 1970 sibi
3803 1931 3904 1969 au-

2202 2007 2320 2056 tem
2347 2003 2578 2073 suisque
2602 2002 3020 2056 successoribus
3049 2019 3152 2072 per
3209 2002 3405 2056 omnia
3432 2003 3640 2070 ﬁdelis,
3695 2005 3906 2058 devota

2202 2091 2554 2162 professione
2585 2090 2877 2161 respondit
2911 2110 2927 2158 ;
2982 2096 3039 2143 et
3075 2096 3209 2144 tunc
3255 2090 3326 2144 ab
3376 2092 3574 2146 eodem
3615 2093 3909 2146 inunctio-

2204 2195 2337 2232 nem
2368 2183 2422 2232 et
2449 2195 2719 2232 coronam
2764 2195 2894 2232 cum
2953 2179 3251 2232 contectali
3294 2194 3398 2233 sua
3445 2181 3709 2250 suscepit.
3741 2181 3906 2235 Prio-

2203 2281 2324 2320 rem
2354 2272 2543 2320 autem
2572 2283 2842 2320 coronam
2865 2283 3037 2337 super
3065 2268 3240 2320 altare
3286 2267 3566 2338 Principis
3599 2271 3906 2335 Apostolo-

2205 2371 2328 2408 rum
2359 2357 2628 2426 suspendi
2659 2356 2948 2426 praecepit.
2983 2357 3200 2410 Eodem
3229 2356 3320 2410 die
3365 2357 3519 2427 Papa
3569 2357 3650 2411 eis
3679 2373 3906 2411 cauam

2201 2445 2269 2496 ad
2306 2444 2644 2499 Lateranum
2700 2444 2835 2497 fecit
2881 2446 3195 2513 copiosam.
3226 2465 3248 2492 ι
3301 2444 3439 2508 Quae
3494 2461 3663 2515 porro
3723 2450 3910 2499 tui-hae

2200 2535 2394 2584 octavo
2431 2531 2641 2585 abhinc
2670 2530 2763 2585 die
2813 2532 3007 2586 Romae
3038 2539 3096 2585 et
3132 2548 3165 2585 a
3222 2533 3432 2602 quibus
3478 2533 3757 2596 excitatae,
3789 2552 3910 2589 non

2201 2624 2280 2673 est
2341 2619 2513 2689 hujus
2579 2619 2689 2672 loci
2757 2619 3079 2674 describere
3131 2635 3144 2672 :
3205 2620 3546 2690 compendio
3623 2639 3725 2676 sua
3774 2626 3912 2678 inde

2197 2708 2412 2778 accepit
2459 2708 2940 2778 Chronographus
2995 2709 3158 2772 Saxo,
3213 2710 3620 2778 Imperatorem
3670 2711 3913 2783 Papiam

2199 2797 2478 2850 reducens
2527 2796 2599 2850 ad
2636 2795 3111 2850 resurrectionem
3137 2797 3384 2864 Domini,
3434 2799 3525 2850 cui
3577 2798 3912 2855 Chronicon

2200 2885 2503 2940 Casinense
2534 2883 2632 2938 lib.
2657 2901 2715 2951 II,
2761 2900 2807 2938 c.
2841 2887 2928 2950 3|,
2978 2884 3162 2954 ipsam
3212 2884 3528 2940 Romanam
3579 2888 3911 2942 coronatio~

393 2965 841 3020 Tusculanorum
899 2964 1173 3017 comitum
1239 2964 1539 3018 notissima
1606 2979 1708 3033 per
1760 2963 1820 3018 id
1869 2969 2095 3034 tempus
2127 2967 2168 3022 ϐ
2205 2988 2336 3026 nem
2369 2972 2572 3042 afﬁgit,
2615 2973 2764 3042 quod
2817 2971 2936 3041 jam
2981 2973 3116 3026 alibi
3159 2988 3192 3025 a
3242 2973 3408 3026 nobis
3455 2975 3762 3030 refutatum
3793 2982 3908 3031 est.

392 3052 653 3122 potentia
703 3051 973 3104 facillime
1036 3051 1209 3103 etiam
1273 3051 1445 3104 armis
1515 3051 1829 3120 praevalere
1883 3053 2092 3121 potuit,

393 3141 662 3195 adversus
715 3137 952 3192 minoris
997 3145 1148 3192 notas
1223 3137 1518 3192 hominem
1577 3139 1936 3209 Gregorium,
1997 3141 2096 3210 qui

395 3236 628 3283 externa
691 3225 902 3280 auxilia
980 3225 1288 3296 implorare
1373 3227 1721 3298 compulsus,
1807 3244 2007 3282 verum
2064 3245 2097 3283 a

394 3316 596 3372 Sancto
624 3313 923 3369 exauditus
951 3329 1069 3368 non
1118 3313 1208 3367 sit.

470 3406 590 3460 I29.
639 3403 823 3456 Verbo
861 3402 1066 3468 dicam,
1095 3418 1213 3456 non
1245 3402 1315 3457 de
1364 3403 1641 3458 electione
1679 3403 1967 3475 pontiﬁcis
1997 3412 2096 3460 aut

307 3500 324 3520 '
397 3491 468 3547 de
497 3491 799 3545 schismate
829 3507 894 3544 ea
914 3505 1082 3544 causa
1129 3498 1326 3544 exorto
1353 3490 1432 3545 ibi
1483 3492 1604 3562 agit
1661 3492 1966 3560 Ditmarus,
1996 3494 2094 3548 sed

397 3595 466 3634 ea
493 3574 766 3649 expendit
814 3578 1179 3648 potissimum
1228 3595 1357 3649 quae
1409 3580 1652 3634 Romani
1703 3581 2009 3636 Pontiﬁces
2040 3587 2096 3636 et

394 3667 449 3722 S.
492 3667 769 3722 Henricus
795 3665 856 3719 in
917 3665 1176 3719 Ecclesia:
1217 3671 1588 3736 augmentum
1641 3672 1698 3721 et
1727 3668 2092 3736 splendorem

393 3753 653 3808 certatim
719 3755 1149 3819 contulerunt;
1218 3769 1291 3806 en
1361 3755 1556 3809 ultima
1647 3756 1820 3810 verba
1885 3756 2092 3826 quibus

392 3842 601 3896 librum
660 3848 879 3896 sextum
928 3841 1254 3894 concludit:
1305 3862 1327 3889 ι
1394 3842 1666 3895 Henricus
1724 3843 1936 3896 etenim
1996 3860 2090 3898 rex

393 3931 686 3984 ecclesiam
745 3929 974 3984 adauxit
1034 3935 1288 3982 nostram
1343 3931 1540 3982 multis
1593 3930 1954 3998 utilitatibus,
2003 3932 2089 3986 in-

391 4020 595 4088 primis
623 4019 814 4072 divinn
845 4021 1148 4087 apparatu,
1208 4021 1262 4070 et
1292 4016 1360 4070 de
1392 4017 1662 4070 omnibus
1714 4018 1890 4070 curtis
1916 4035 2087 4089 quam

390 4106 449 4160 in
481 4106 750 4174 Turingia
782 4111 839 4158 et
897 4103 1141 4158 Saxonia
1191 4103 1412 4172 habuit,
1471 4105 1614 4157 duas
1665 4105 1827 4156 nobis
1857 4107 2091 4161 tradidit

389 4192 657 4247 familias.
685 4192 1048 4261 Evangelium
1079 4207 1218 4244 auro
1259 4195 1313 4243 et
1368 4190 1563 4243 tabula
1611 4197 1875 4244 ornatum
1917 4194 2082 4248 ebur-

389 4296 518 4346 nea,
538 4286 593 4333 et
620 4280 849 4332 calicem
877 4294 1115 4332 aureum
1151 4284 1321 4348 atque
1352 4284 1709 4347 gemmatum
1733 4296 1859 4334 cum
1888 4285 2079 4351 patina

389 4373 446 4420 et
475 4368 697 4432 ﬁstula;
740 4367 876 4420 item
931 4382 1126 4420 cruces
1173 4366 1316 4420 duas
1365 4371 1420 4419 et
1449 4367 1678 4437 capulas
1736 4385 1801 4421 ex
1852 4381 2088 4440 argento

387 4456 586 4522 factas,
620 4461 676 4508 et
707 4470 979 4524 magnum
1021 4453 1254 4507 calicem
1302 4470 1366 4507 ex
1400 4455 1600 4508 eodem
1649 4458 1902 4522 metallo,
1957 4475 2086 4514 cum

387 4544 584 4612 patina
609 4542 774 4597 simul
820 4547 876 4594 et
913 4543 1102 4596 ﬁstula
1129 4543 1304 4596 dedit.
1349 4542 1634 4612 Quidquid
1668 4543 1724 4596 in
1761 4546 1987 4614 przrdiis
2018 4550 2087 4602 ab

383 4630 882 4686 intercessorsibus
913 4630 1052 4684 meis
1104 4631 1429 4700 neglectum
1462 4637 1600 4698 erat,
1661 4641 1947 4703 prmeepto
1993 4653 2086 4690 re-

386 4723 659 4784 novarat;
689 4738 717 4766 »
775 4722 839 4770 ut
890 4717 966 4771 ita
991 4723 1046 4771 et
1105 4718 1274 4786 hujus
1329 4719 1578 4772 ecclesiae
1630 4735 1746 4773 non
1779 4721 1963 4775 solum
1996 4739 2086 4777 re-

386 4811 688 4867 staurator,
769 4805 866 4860 sed
943 4810 998 4858 et
1080 4805 1350 4859 fundator
1433 4807 1708 4876 appellari
1777 4816 2083 4876 mereatur,

384 4893 870 4964 quemadmodum
931 4900 986 4948 et
1042 4895 1546 4958 Paderbornensis,
1591 4912 1763 4964 quam
1823 4897 1930 4951 hoc
1985 4916 2084 4952 eo-

381 4979 513 5034 dem
546 4996 637 5033 an.
676 4981 810 5034 1013
841 4979 1115 5050 opulento
1159 4979 1377 5050 przedio
1401 4987 1610 5049 praeter
1639 4982 1748 5035 alia
1789 4984 2083 5048 donatam,

383 5065 520 5121 dum
578 5067 780 5122 Werlis
835 5067 1222 5133 decumberet,
1286 5068 1547 5137 pluribus
1603 5069 1728 5122 aliis
1791 5071 2081 5126 beneﬁciis

381 5155 746 5221 cumulavit;
789 5161 844 5209 et
880 5156 933 5210 S.
995 5156 1330 5210 Bernwardo
1401 5156 1739 5210 Hildesiensi
1813 5160 2079 5229 episcopo

381 5242 714 5296 comitatum
769 5242 1054 5314 integrum
1113 5245 1280 5297 solita
1327 5243 1434 5298 sibi
1501 5246 1764 5314 largitate
1816 5250 2077 5316 contulit,

381 5345 622 5400 quarum
673 5329 1047 5384 donatiouum
1116 5333 1494 5385 instrumenta
1535 5335 1713 5386 refert
1765 5333 2079 5390 Schatenus

378 5423 573 5472 uoster
601 5435 633 5472 a
662 5433 793 5488 pag.
825 5419 947 5472 402.
982 5419 1204 5472 Diceres
1251 5426 1507 5473 sanctum
1558 5421 1965 5491 imperatorem
1998 5429 2078 5478 tot

380 5505 486 5577 piis
517 5506 915 5575 largitionibus
938 5523 1271 5578 prosperum
1320 5509 1428 5562 iter
1453 5508 1707 5562 Italicum
1735 5525 1768 5562 a
1821 5511 1931 5564 Deo
1966 5511 2074 5567 im-

2205 3062 2396 3130 Papim
2424 3061 2602 3130 igitur
2648 3061 2998 3114 conﬁrmatis
3045 3067 3338 3131 utcunque
3399 3061 3910 3133 Longobardorum

2205 3149 2428 3214 animis,
2474 3147 2532 3201 in
2581 3149 2881 3201 Saxoniam
2927 3149 3247 3202 remeavit:
3299 3155 3425 3204 tum
3485 3152 3555 3205 de
3605 3154 3912 3208 monachis

2204 3237 2639 3291 Corbeiensibus
2661 3252 2725 3288 ea
2745 3237 3114 3306 adjiciuntur,
3145 3253 3294 3308 quae,
3327 3244 3394 3292 ut
3417 3244 3474 3293 et
3533 3240 3913 3296 Fuldensium

2202 3341 2332 3378 cum
2364 3324 2566 3378 Sancto
2613 3324 3048 3391 controversias,
3107 3325 3258 3380 malo
3315 3327 3463 3396 apud
3510 3328 3913 3384 Mabillonium

2201 3413 2263 3467 in
2294 3413 2612 3466 Annalibus
2653 3413 3149 3466 Iienedictinorum
3195 3414 3331 3484 legi,
3391 3432 3564 3486 quam
3585 3415 3677 3470 hic
3716 3434 3751 3471 a
3804 3437 3909 3476 me

2203 3501 2503 3573 operosius
2532 3501 2778 3555 recitari.

2277 3593 2394 3645 131.
2429 3591 2544 3644 Huc
2576 3590 2809 3660 propius
2857 3594 3072 3660 spectat
3127 3590 3281 3660 quod
3311 3597 3505 3645 narrat
3555 3593 3758 3649 Glaber
3788 3597 3914 3651 Ro-

2203 3675 2472 3746 dulphus,
2533 3677 2797 3731 Historias
2844 3694 2961 3732 suae
3007 3679 3104 3732 lib.
3148 3694 3187 3744 ι,
3223 3681 3425 3749 eap.5,
3478 3681 3549 3734 de
3597 3698 3770 3752 pomo
3801 3701 3910 3740 seu

2201 3765 2373 3835 globo
2405 3781 2598 3831 aureo,
2658 3765 2926 3836 pretiosis
2969 3767 3210 3835 gemmis
3239 3769 3608 3835 circumdato,
3642 3776 3698 3823 et
3735 3788 3915 3828 cruce

2199 3869 2374 3907 aurea
2426 3854 2891 3924 supereminente
2939 3861 3164 3924 ornato,
3217 3857 3368 3925 quod
3423 3863 3694 3928 tanquam
3731 3877 3914 3916 mun-

2199 3942 2346 3994 data:
2395 3942 2668 4011 potentiae
2716 3942 3039 4012 symbolum
3090 3945 3144 3999 S.
3204 3945 3446 4000 Henrico
3475 3947 3750 4002 obtulerit
3787 3949 3911 4004 Be-

2199 4029 2454 4082 nedictus
2483 4031 2612 4095 PP.,
2644 4029 2767 4100 ipse
2796 4046 2930 4084 vero
2961 4054 2980 4078 α
3016 4033 3278 4102 protinus
3330 4035 3552 4089 miserit
3574 4037 3640 4090 ad
3672 4037 3910 4092 Clunia-

2197 4132 2365 4170 cense
2447 4119 2855 4172 monasterium
2915 4120 3247 4186 Galliarum,
3305 4123 3456 4192 quod
3525 4125 3696 4178 etiam
3760 4131 3905 4181 tunc

2197 4205 2472 4274 temporis
2502 4204 2817 4258 habebatur
2864 4207 3358 4277 religiosissimum
3413 4219 3773 4276 caeterorum,
3809 4217 3906 4268 cui

2191 4297 2248 4347 et
2296 4292 2407 4344 alia
2451 4292 2599 4346 dona
2660 4294 2910 4362 plurima
2966 4297 3285 4350 contulerat
3336 4307 3840 4365 ornamentorum,
3876 4325 3904 4351 ›

2197 4378 2386 4448 inquit
2408 4378 2621 4433 ibidem
2674 4381 2939 4434 laudatus
2985 4383 3208 4437 Glaber.
3241 4389 3314 4439 At
3369 4387 3417 4439 si
3447 4403 3577 4440 vera
3609 4395 3745 4442 sunt
3768 4406 3908 4459 qua

2200 4466 2463 4536 Legenda
2496 4468 2674 4522 tradit
2703 4485 2826 4538 cap.
2887 4473 2977 4534 26,
3013 4487 3128 4525 non
3164 4489 3310 4542 opus
3368 4474 3477 4529 fuit
3503 4492 3569 4530 ea
3601 4477 3907 4540 missione,

2197 4569 2349 4620 cum,
2407 4561 2470 4607 ut
2518 4555 2577 4608 in
2632 4557 2753 4609 Vita
2811 4557 3119 4626 videbitur,
3190 4560 3520 4616 Cluniacum
3578 4568 3913 4632 porrexerit

2195 4647 2424 4695 sanctus
2451 4642 2570 4712 ipse
2600 4642 2936 4713 imperator,
2992 4650 3048 4697 et
3097 4662 3214 4701 non
3263 4649 3448 4702 solum
3510 4649 3764 4719 globum,
3799 4656 3908 4708 sed

2192 4743 2462 4782 coronam
2517 4745 2748 4784 auream
2801 4733 3120 4800 obtulerit;
3169 4736 3286 4790 imo
3325 4742 3380 4790 et
3440 4737 3552 4791 alia
3603 4740 3771 4809 plura
3831 4742 3909 4795 de

2193 4813 2401 4884 quibus
2432 4815 2746 4870 meminere
2785 4819 2969 4872 ambae
2991 4820 3045 4874 S.
3091 4821 3347 4876 0dilonis
3400 4823 3540 4878 Vitae
3572 4840 3601 4876 a
3659 4826 3909 4894 majori-

2189 4902 2296 4956 bus
2351 4903 2561 4956 nostris
2607 4905 2772 4960 editas
2824 4909 2842 4960 1
2905 4907 3216 4963 Januarii:
3275 4913 3330 4963 et
3414 4912 3602 4980 prima
3659 4912 3907 4982 quidem

2189 5005 2322 5060 pag.
2361 4993 2424 5044 18
2456 4996 2513 5044 et
2549 4994 2638 5059 26,
2700 4995 2983 5063 posterior
3037 5012 3172 5052 vero
3223 5013 3383 5054 num.
3421 5001 3452 5052 6
3495 5015 3558 5052 ac
3593 5001 3680 5054 2t.
3721 5001 3800 5054 De
3834 5019 3908 5056 ea

2188 5078 2651 5148 peregrinatione
2709 5081 2851 5135 nihil
2911 5091 3235 5140 memorant
3276 5087 3582 5153 Ditmarus,
3635 5089 3911 5145 Chrono—

2187 5167 2442 5235 graphus
2491 5166 2632 5222 Saxo
2698 5175 2797 5224 aut
2872 5174 3120 5242 aequales
3195 5175 3313 5240 alii,
3375 5192 3570 5230 verum
3642 5193 3709 5230 ex
3769 5178 3910 5234 Vita

2186 5253 2243 5308 S.
2276 5253 2588 5308 Meinwerci
2619 5255 2676 5311 id
2709 5273 2825 5312 non
2858 5258 3170 5331 incongrue
3223 5263 3452 5334 collegit
3503 5265 3906 5332 Mabillonius,

2184 5340 2491 5395 Annalium
2524 5342 2626 5397 lib.
2653 5358 2739 5412 Lv,
2797 5361 2926 5416 pag.
2959 5347 3083 5414 2H,
3143 5347 3241 5404 ubi
3294 5365 3409 5405 non
3474 5352 3642 5406 video
3692 5369 3800 5407 cur
3823 5356 3905 5410 ad

2186 5443 2399 5481 annum
2438 5432 2570 5484 1015
2629 5439 2854 5487 revocet
2912 5450 3042 5506 qum
3094 5439 3545 5504 verosim‘llime,
3603 5440 3650 5494 si
3685 5456 3790 5511 per
3837 5444 3908 5498 id

2186 5520 2412 5586 tempus.
2439 5519 2581 5572 facta
2633 5525 2784 5588 sunt,
2846 5521 2916 5576 ad
2974 5539 3189 5580 annum
3227 5527 3360 5581 1014
3407 5528 3719 5597 pertinent,
3749 5529 3900 5585 dum
