4058 6216
151 295 193 342 Ῐῖ
1780 284 1805 334 Α

3576 308 3642 359 78

146 422 307 476 nempe
328 420 419 474 per
449 403 824 493 Burgundiam
859 403 918 456 in
968 399 1291 493 Alsatiam,
1334 404 1414 493 et
1452 402 1587 456 inde
1634 421 1665 493 ξ(
1701 417 1811 493 per
1849 405 1897 456 Α
1927 417 2091 493 mum
2122 405 2319 458 Natale
2353 406 2584 461 Domini
2615 409 2802 480 Papias
2840 414 3176 481 celebrasse,
3212 439 3237 465 ››
3281 419 3412 475 inde
3452 422 3641 493 ipsum

145 494 369 550 Leodium
398 497 450 544 et
473 491 742 545 Trevirim
780 513 801 540 ι
851 490 1149 545 transitum
1214 482 1448 544 fecerit
1506 496 1571 544 ut
1634 491 1816 544 habet

145 584 279 635 citato
306 580 471 648 capite
505 581 857 647 Anonymus.

206 671 303 723 l32.
332 666 534 721 Referri
567 672 854 720 merentur
882 682 1009 737 quae
1040 664 1115 719 ibi
1146 661 1350 717 tradit
1381 664 1765 719 Mabillonius
1802 682 1813 719 :

148 762 477 825 .Anonymus
507 760 722 820 auctor,
776 755 873 824 qui
927 755 1135 807 librum
1197 751 1449 822 scripsit
1505 753 1582 805 de
1640 754 1817 807 rebus

144 846 283 916 gestis
306 844 443 897 beati
474 843 788 896 Meinwerci
818 838 1322 902 Paderbornensis,
1358 840 1527 894 haud
1567 839 1818 895 obscure

141 934 379 1004 significat
421 931 725 985 Henricum
766 931 1167 1001 imperatorem
1198 927 1262 981 in
1312 928 1515 980 reditu
1550 941 1622 979 ex
1676 927 1819 982 urbe

146 1023 289 1077 Roma
315 1025 431 1090 post
459 1035 623 1072 suam
656 1019 1102 1083 coronationem,
1143 1032 1273 1069 cum
1334 1015 1572 1068 domno
1642 1015 1819 1068 Mein-

140 1125 283 1163 werco
332 1108 599 1179 episcopo
625 1106 934 1177 paucisque
990 1103 1366 1158 familiaribus
1435 1100 1509 1153 ad
1578 1102 1819 1156 Clunia-

138 1214 271 1251 cense
308 1195 738 1263 monasterium,
789 1210 892 1265 pro
951 1210 1068 1247 sua:
1124 1189 1428 1261 religionis
1468 1187 1711 1243 fervore
1764 1196 1821 1245 et

135 1288 223 1341 situ
247 1287 339 1341 loci
368 1285 616 1339 maxime
657 1284 1039 1347 nominatum,
1074 1279 1401 1340 divertisse,
1476 1275 1817 1335 deducente

133 1377 285 1430 forsan
322 1374 559 1429 0dilone
589 1372 808 1438 abbate,
840 1370 939 1441 qui
972 1369 1156 1439 ipsum
1188 1368 1250 1422 in
1290 1366 1392 1419 illo
1432 1362 1663 1420 itinere
1721 1384 1814 1421 co-

133 1464 327 1517 mitatus
353 1462 571 1527 fuerat;
605 1461 869 1530 visusque
920 1474 986 1511 ea
1015 1455 1426 1527 comprobasse
1459 1468 1626 1523 quae,
1662 1456 1812 1510 fama

134 1553 391 1618 referente,
420 1550 495 1604 de
529 1566 687 1603 sacro
718 1549 812 1603 illo
842 1545 1098 1601 omnobio
1149 1546 1459 1614 acceperat
1485 1557 1497 1595 :
1562 1546 1810 1615 tumque

1927 491 1985 542 in
2015 493 2286 561 Apuliam
2340 494 2601 561 deducit;
2659 499 2751 552 cui
2792 500 3041 557 subactas
3093 506 3391 561 Ismaelem
3430 491 3639 580 praefe-

1928 583 2126 631 cerat:
2210 584 2333 633 tum
2392 581 2458 634 ad
2522 583 2770 639 Montem
2830 587 3131 657 Casinum,
3190 594 3287 647 ubi
3340 612 3370 648 a
3419 598 3639 652 calculo

1930 664 2203 720 liberatus
2252 669 2450 736 fuerit;
2510 688 2573 724 ac
2623 674 2876 741 demum,
2926 694 3086 732 num.
3137 684 3226 749 23,
3314 705 3337 733 ;‹
3394 685 3637 742 Romam

1927 767 2059 807 cum
2094 756 2327 810 domina
2357 759 2764 830 Chunigunda,
2802 780 2929 818 cum
2965 767 3262 838 triumpho
3296 788 3506 841 magno
3538 774 3634 828 in-

1926 844 2236 931 trasseait,
2270 846 2367 899 ubi
2397 862 2431 899 a
2475 847 2640 901 beato
2710 852 3015 906 Benedicto
3074 858 3227 926 Papa
3275 859 3524 931 benigne
3578 868 3635 917 et

1924 926 2241 985 honorifice
2265 939 2675 1002 susceptus...“
2729 940 2970 993 solemni
3017 926 3443 1013 benedictione:
3495 966 3626 1005 cum

1928 1016 2178 1071 universi
2207 1021 2410 1089 populi
2466 1021 2851 1080 inaestimabili
2897 1032 3270 1085 exsultatione
3323 1034 3381 1087 in
3440 1038 3627 1091 Cassa-

1924 1118 2045 1156 rem
2111 1110 2165 1158 et
2218 1107 2629 1177 imperatorem
2707 1121 3065 1170 consecratus
3122 1120 3213 1173 sit.
3252 1144 3276 1165 ι»
3341 1123 3624 1180 Nimirum

1925 1193 2175 1247 confusas
2209 1194 2299 1248 hic
2332 1201 2465 1249 sunt
2492 1198 2638 1252 binae
2688 1202 3073 1270 expeditiones
3130 1206 3337 1262 Italica:
3367 1210 3422 1264 S.
3472 1213 3623 1267 Hen-

1925 1279 2048 1345 rici,
2081 1297 2291 1352 nempe
2341 1284 2459 1336 haec
2486 1301 2599 1354 qua
2630 1289 2748 1340 sola
2807 1294 3099 1345 coronatio
3148 1294 3306 1349 brevi
3364 1302 3622 1368 tempore

1922 1377 2154 1439 paracta
2185 1376 2289 1438 est,
2324 1388 2453 1426 cum
2488 1373 2600 1427 alia
2628 1377 2760 1445 palo
2805 1378 2990 1433 fusius
3037 1381 3186 1436 infra
3240 1386 3571 1455 explicanda
3604 1406 3616 1441 :

1921 1457 2075 1528 quod
2107 1458 2270 1511 facile
2302 1460 2633 1517 advertisset
2659 1464 2921 1536 scriptor,
2955 1466 3001 1519 si
3033 1472 3415 1525 coronationis
3441 1476 3615 1534 diem,

1920 1562 2126 1617 nempe
2155 1563 2245 1600 XIV
2275 1548 2585 1617 Februarii,
2607 1554 2928 1621 expressius
2964 1556 3274 1626 signasset;
3301 1560 3429 1630 quis
3460 1562 3611 1616 enim

131 1655 355 1693 coronam
388 1655 629 1692 auream
682 1634 1175 1707 pretiosissimam,
1236 1632 1305 1685 ad
1356 1631 1619 1698 Missam,
1676 1650 1805 1705 quae
1838 1675 1877 1728 Β
1917 1634 2080 1687 facile
2137 1636 2424 1706 concipiat
2450 1638 2503 1693 S.
2542 1640 2847 1695 Henricum
2883 1643 3077 1697 Natale
3137 1647 3361 1701 Domini
3426 1651 3614 1719 Papias

131 1728 183 1780 de
208 1727 469 1781 Cathedra
497 1727 553 1781 S.
590 1726 739 1780 Petri
769 1726 1111 1796 appellatur,
1144 1721 1450 1787 obtulisse,
1478 1726 1562 1787 et,
1602 1724 1802 1776 frater-

129 1816 272 1869 nitate
325 1815 739 1869 monachorum
809 1813 1107 1867 humiliter
1182 1808 1363 1880 petita
1420 1814 1476 1862 et
1536 1817 1794 1881 accepta,

131 1904 347 1957 omnium
377 1903 621 1957 fratrum
682 1901 949 1971 precibus
995 1917 1051 1954 se
1082 1896 1544 1953 commendasse.
1581 1919 1610 1949 »
1668 1901 1798 1953 Hzec

128 1997 169 2043 et
193 1992 357 2060 plura,
390 1991 458 2045 de
501 1991 624 2043 aliis
655 1989 946 2043 beneficiis
977 1990 1165 2043 eidem
1215 1985 1476 2039 coenobio
1508 2002 1542 2038 a
1589 1987 1797 2042 Sancto

126 2080 327 2145 collatis,
379 2079 761 2149 abductisque
810 2078 946 2131 inde
979 2074 1285 2130 monachis
1340 2090 1442 2143 pro
1495 2076 1796 2129 condendo

126 2166 433 2220 monasterio
504 2164 982 2235 Abdinghoffensi
1026 2163 1149 2217 vide
1221 2161 1290 2215 ad
1351 2161 1503 2213 diem
1561 2178 1592 2213 v
1641 2163 1799 2216 Junii

123 2270 221 2323 cap.
250 2254 297 2307 4.
331 2271 385 2308 n.
408 2256 502 2317 26,
544 2269 677 2323 pag.
720 2255 855 2318 521;
891 2253 1012 2305 Ιιωο
1042 2268 1147 2304 nos
1178 2249 1358 2320 paulo
1410 2249 1639 2318 longius
1693 2251 1795 2302 ab-

123 2341 302 2395 duxere
322 2342 390 2395 ab
418 2342 494 2395 iis
535 2357 667 2411 quae.
698 2345 832 2409 post
864 2339 1301 2393 coronationem
1363 2337 1636 2390 Romanae
1686 2338 1798 2407 ipsi

124 2430 347 2483 Ecclesiae
378 2430 623 2483 indulsit
644 2444 843 2481 recens
864 2429 1242 2497 inauguratus
1282 2429 1600 2491 Augustus,
1637 2442 1796 2495 qua!-

121 2518 284 2586 quein
316 2518 471 2587 Pagii
506 2516 795 2572 Breviario
836 2517 1112 2585 explicata
1164 2514 1348 2567 habes
1398 2529 1430 2564 a
1461 2528 1591 2582 pag.
1648 2516 1750 2567 293
1781 2530 1793 2567 :

121 2606 299 2674 quibus
320 2606 463 2659 adde
486 2606 600 2659 alia
649 2602 1034 2658 liberalissimi
1080 2602 1324 2659 Cresaris
1379 2601 1587 2669 placita
1644 2602 1797 2671 apud

117 2694 377 2747 laudatum
443 2692 841 2748 Mabillonium
874 2707 1002 2761 pag.
1049 2693 1149 2744 237
1199 2696 1256 2743 et
1316 2691 1461 2754 239;
1514 2693 1685 2759 atque
1733 2706 1800 2743 ea

120 2782 322 2836 demum
350 2799 479 2853 quae
511 2799 617 2852 pro
664 2781 867 2833 dilecta
897 2778 1130 2833 ecclesia
1188 2777 1611 2845 Bambergensi
1651 2794 1797 2832 euu-

121 2876 275 2923 merat
305 2871 665 2925 Hofmanuus
695 2869 800 2921 col.
832 2869 921 2921 49.

1917 1722 2249 1786 celebrasse,
2287 1724 2422 1779 inde
2447 1728 2782 1797 subjugasse
2810 1731 3101 1800 Apuliam,
3130 1740 3301 1805 atque
3334 1736 3392 1789 in
3424 1737 3612 1792 Monte

1915 1810 2118 1866 Casino
2173 1828 2389 1882 agrum
2451 1815 2809 1884 decubuisse,
2871 1820 3110 1876 Romam
3171 1822 3403 1879 interim
3478 1827 3611 1880 satis

1912 1901 2249 1971 tempestive
2283 1903 2534 1973 attigisse
2569 1912 2632 1958 ut
2674 1906 2823 1961 dicto
2883 1908 2972 1962 die
3003 1926 3092 1963 xrv
3149 1911 3441 1967 Februarii
3494 1916 3605 1968 im-

1909 1989 2256 2058 peratoriam
2320 1990 2823 2061 inaugurationem
2881 1998 3210 2066 susciperet.
3286 2002 3410 2055 Non
3474 2003 3607 2057 satis

1911 2081 2041 2145 apte
2062 2078 2422 2143 temporibus
2454 2080 2570 2133 suis
2594 2080 2787 2135 isthasc
2817 2083 2998 2136 divisa
3039 2091 3191 2152 sunt,
3254 2105 3381 2158 quae
3433 2090 3607 2145 etiam

1911 2164 2104 2217 omnia
2136 2165 2247 2218 huc
2279 2166 2420 2218 falso
2470 2169 2750 2221 revocavit
2784 2170 3124 2224 Hofmanrus
3155 2175 3261 2228 col.
3334 2180 3401 2231 50
3446 2179 3608 2246 cujus

1910 2266 1976 2303 ea
2005 2251 2228 2305 facilius
2280 2253 2587 2321 admisero,
2641 2272 2770 2326 qum
2820 2256 3030 2313 ibidem
3078 2262 3250 2315 refert
3280 2280 3439 2319 num.
3497 2271 3605 2332 79;

1908 2343 2030 2392 tum
2064 2356 2197 2393 vero
2224 2343 2485 2411 sequenti
2518 2344 2587 2397 de
2640 2345 2969 2413 compositis
3028 2363 3132 2417 per
3175 2348 3297 2402 bwc
3352 2357 3609 2423 tempora

1909 2443 2039 2480 cum
2071 2428 2405 2483 Gundecaro
2439 2431 2777 2500 Eystettensi
2828 2433 2897 2487 de
2931 2434 3140 2489 finibus
3171 2436 3608 2510 Bambergensis

1908 2515 2160 2569 ecclesia:
2193 2520 2622 2573 controversiis.

1984 2607 2101 2657 135.
2136 2606 2267 2658 Post
2298 2606 2469 2660 citata
2516 2609 2776 2678 proxime
2811 2610 3049 2666 Ditmari
3100 2615 3293 2684 verba,
3351 2618 3465 2672 alia
3524 2619 3609 2674 in-

1908 2696 2288 2759 terseruntur,
2342 2711 2471 2764 quae
2520 2701 2848 2765 temporum
2898 2700 3104 2753 seriem
3170 2704 3434 2758 nonnihil
3484 2710 3607 2760 tur-

1909 2778 2045 2832 bare
2125 2786 2377 2849 possent,
2430 2782 2540 2835 nisi
2589 2801 2655 2837 ex
2721 2785 2988 2840 distincto
3045 2789 3368 2845 charactere
3419 2794 3605 2863 posito

1910 2882 2040 2937 pag.
2110 2869 2213 2921 402
2280 2875 2569 2924 constaret
2601 2879 2861 2927 sanctum
2928 2874 3337 2944 imperatorem
3395 2882 3607 2936 Pascha

184 2960 287 3011 133,
347 2959 547 3028 Neque
600 2972 730 3008 vero
785 2954 1184 3025 praetereunda
1238 2957 1387 3007 sunt
1444 2968 1573 3022 quae
1627 2953 1799 3007 habet
1833 2946 1873 3000 C
1911 2955 2226 3009 celebrasse
2266 2956 2324 3010 in
2380 2958 2709 3031 Merseburg
2738 2978 2830 3014 an.
2890 2965 3047 3023 1015.
3080 2980 3195 3033 quo
3238 2966 3434 3036 vigilia
3490 2970 3603 3023 Re-

122 3044 401 3109 Ditmarus,
432 3044 505 3097 ad
565 3059 732 3112 quem
771 3043 979 3095 iterum
1016 3042 1205 3107 redeo,
1257 3042 1338 3095 de
1399 3040 1661 3095 instituto
1697 3057 1800 3110 per

121 3131 162 3182 S.
202 3132 499 3185 Henricum
528 3134 861 3201 episcopatu
906 3130 1173 3184 Bobiensi
1222 3129 1572 3200 priusquam
1634 3130 1797 3184 Italia

119 3220 403 3273 excederet.
445 3241 474 3267 α
513 3222 577 3273 In
602 3219 690 3272 his
730 3218 1008 3288 partibus,
1061 3218 1271 3289 inquit,
1334 3217 1522 3270 Ctesar
1579 3217 1795 3287 episco-

120 3312 310 3373 patum,
340 3307 495 3377 quod
524 3312 649 3361 erat
668 3307 899 3360 tertium
928 3306 1117 3360 devoti
1149 3304 1344 3375 operis
1374 3304 1463 3356 sui
1494 3321 1800 3359 ornamen-

120 3399 239 3455 tum,
292 3396 349 3448 in
397 3396 581 3449 Bobia
635 3394 884 3462 civitate,
943 3394 1043 3447 ubi
1099 3392 1456 3447 Christicolae
1522 3393 1700 3446 sancti
1748 3400 1802 3447 et

118 3482 426 3536 confessoris
452 3483 654 3552 inclyti
686 3482 1075 3536 Columbanus
1100 3487 1158 3535 et
1204 3479 1399 3534 Attala
1431 3481 1803 3549 corporaliter

117 3570 484 3640 requiescunt,
534 3571 832 3624 communi
877 3570 1118 3623 consilio
1153 3573 1210 3623 et
1258 3568 1489 3622 licentia
1534 3584 1803 3637 compro-

118 3658 423 3713 \incialium
504 3658 910 3729 episcoporum
969 3657 1321 3722 construxit;
1379 3656 1513 3724 quia
1580 3673 1804 3710 summa

120 3746 416 3810 necessitas,
453 3750 537 3811 et,
570 3762 699 3816 quae
731 3762 857 3799 eam
882 3746 1180 3815 praecellit,
1216 3742 1427 3797 Christi
1460 3743 1705 3797 charitas
1732 3745 1802 3798 ad

121 3831 211 3887 hoc
229 3834 546 3904 instigavit.
580 3834 678 3887 Hic
707 3849 837 3887 cum
864 3833 1111 3886 maxima
1147 3830 1528 3901 prosperitate
1553 3836 1610 3884 et
1670 3831 1801 3901 glo-

120 3920 191 3973 ria
214 3922 448 3992 Alpinas
479 3926 719 3991 superat
748 3921 1137 3982 difﬁcultates,
1182 3937 1245 3973 ac
1280 3923 1490 3972 nostrae
1549 3919 1804 3989 regionis

120 4009 241 4063 adiit
268 4011 632 4077 serenitates,
666 4010 801 4080 quia
831 4009 979 4062 aeris
1011 4014 1067 4061 et
1116 4007 1510 4061 habitatorum
1561 4007 1804 4077 qualita-

125 4100 199 4148 tes
222 4099 431 4152 nostris
455 4114 575 4153 non
607 4096 953 4150 concordant
987 4095 1269 4166 partibus.
1298 4115 1321 4143 ι
1356 4094 1514 4147 Mitto
1555 4110 1683 4163 quae
1716 4094 1806 4148 hic

126 4184 358 4241 odiosius
392 4187 454 4241 in
494 4185 901 4256 Longobardos
933 4184 1189 4253 aliosque
1222 4186 1453 4277 torquet
1488 4181 1802 4277 Ditmarus;
1834 4223 1878 4277 Β

122 4274 242 4326 satis
279 4275 350 4329 sit
380 4276 546 4329 hunc
578 4290 792 4327 annum
843 4274 980 4326 lOl4
1032 4287 1163 4325 cum
1224 4271 1349 4341 ipso
1400 4268 1689 4323 absolvere
1750 4278 1807 4325 et

119 4361 339 4416 alterum
382 4363 688 4426 inchoare,
738 4362 826 4414 his
858 4360 1089 4413 verbis:
1158 4379 1184 4409 ιι
1238 4360 1558 4428 imperator
1614 4365 1807 4412 autem

120 4451 450 4504 transcensis
490 4450 751 4520 Alpibus,
809 4448 1127 4518 ceterisque
1158 4445 1552 4515 adjacentibus
1582 4448 1809 4515 provin-

117 4536 205 4590 ciis
262 4539 526 4609 regendo
577 4538 842 4602 decursis,
906 4538 1099 4590 Natale
1134 4534 1359 4589 Domini
1391 4534 1699 4588 celebravit
1746 4535 1806 4588 in

120 4626 327 4692 Palithi,
362 4632 421 4679 et
450 4631 582 4696 post
614 4626 731 4678 haec
763 4625 829 4677 ad
862 4624 1195 4692 Merseburg
1226 4622 1477 4685 veniens,
1534 4622 1806 4675 Boleslavi

121 4711 278 4768 fidem
303 4720 361 4768 et
390 4714 677 4768 auxilium
696 4712 811 4765 suis
842 4711 1093 4764 innotuit
1116 4710 1404 4773 fidelibus,
1431 4713 1487 4761 et
1514 4716 1574 4762 ut
1612 4709 1682 4762 ab
1726 4711 1808 4762 eis

120 4802 181 4853 ad
206 4802 659 4863 excusationem,
693 4805 792 4853 aut
838 4798 1069 4851 indicta:
1098 4798 1179 4851 rei
1234 4796 1717 4863 emendationem,
1762 4797 1808 4849 is

120 4895 428 4950 vocaretur,
489 4888 787 4941 unanimes
832 4886 1033 4955 poscit.
1066 4906 1087 4931 ι
1128 4888 1315 4956 Atque
1357 4885 1477 4936 haec
1524 4900 1591 4937 eo
1644 4890 1809 4955 pacto

121 4985 256 5031 recte
288 4976 575 5047 disposita
604 4980 737 5028 sunt
773 4978 829 5027 et
859 4972 1027 5027 annis
1054 4974 1170 5025 suis
1211 4978 1340 5041 apte
1390 4971 1620 5037 innexa,
1680 4988 1808 5042 quas

121 5064 503 5135 abaliquibus
524 5079 639 5116 non
694 5077 900 5131 parum
950 5060 1277 5126 turbantur,
1310 5065 1433 5113 tum
1484 5058 1612 5113 aliis
1671 5076 1809 5113 con-

121 5153 231 5205 fusa
262 5160 319 5206 et
348 5150 683 5205 commixta.

186 5241 299 5293 l34.
338 5240 403 5293 ln
434 5254 639 5291 eorum
673 5252 916 5290 numero
948 5236 1308 5290 collocandus
1337 5239 1421 5288 est
1468 5236 1558 5289 hic
1615 5240 1811 5289 auctor

126 5327 249 5381 Vitae
274 5328 330 5382 S.
369 5326 714 5390 Meinwerci,
743 5325 843 5395 qui
875 5340 998 5394 cap.
1049 5325 1104 5392 4,
1138 5340 1299 5377 num.
1334 5326 1422 5385 22.
1483 5339 1811 5377 memorans

122 5431 147 5459 ι(
172 5412 221 5466 S.
279 5414 614 5477 llenricum,
668 5410 941 5480 subjectis
971 5409 1240 5463 omnibus
1282 5412 1339 5462 et
1367 5408 1425 5462 in
1460 5409 1810 5463 deditionem

124 5500 361 5555 reductis
390 5514 527 5571 quae
574 5498 853 5553 rebellare
897 5500 1255 5551 tentaverant
1312 5496 1571 5567 urbibus,
1628 5497 1812 5568 proxi-

1910 3042 2276 3096 surrectionis
2298 3043 2497 3098 incidit
2518 3045 2575 3099 in
2602 3063 2631 3097 v
2654 3047 2786 3100 Idus
2811 3050 3042 3118 Aprilis,
3080 3051 3151 3104 ab
3170 3051 3291 3122 ipso
3341 3070 3606 3125 expresse

1910 3130 2199 3199 signatum
2227 3148 2240 3196 ;
2275 3132 2541 3186 Paschate
2573 3133 2863 3189 incidente
2899 3136 2957 3189 in
2993 3153 3046 3190 1v
3071 3140 3204 3192 Idus
3226 3156 3328 3194 seu
3360 3142 3511 3197 diem
3567 3163 3599 3199 x

1910 3220 2168 3288 ejusdem
2200 3219 2457 3273 mensis:
2498 3242 2519 3267 ι
2572 3220 2633 3274 in
2690 3223 2863 3277 Coena
2914 3229 3107 3279 autem
3165 3228 3417 3296 Domini,
3452 3251 3480 3282 ››
3530 3233 3608 3286 ait

1913 3308 2221 3371 Ditmarus,
2252 3323 2309 3359 se
2348 3327 2370 3355 ι
2405 3308 2653 3363 chrisma
2691 3310 2750 3363 in
2781 3311 2904 3380 ejus
2935 3316 3242 3381 praesentia
3298 3317 3604 3388 indignum

1911 3394 2287 3447 benedixisse.
2326 3417 2345 3441 ιι
2382 3395 2471 3449 Sic
2503 3412 2606 3465 pro
2637 3413 2704 3451 eo
2737 3414 2886 3451 anno
2919 3400 3407 3473 Chronographus
3424 3404 3600 3461 Saxo:

1916 3502 1937 3527 σ
1976 3482 2251 3535 Henricus
2282 3482 2597 3553 imperator
2632 3486 2691 3538 in
2750 3486 3009 3541 Walbike
3064 3488 3219 3544 diem
3278 3493 3605 3548 Palmarum

1914 3586 2107 3639 agens,
2164 3571 2395 3623 nuntios
2448 3573 2517 3624 de
2577 3574 2734 3627 Italia
2785 3575 2890 3627 sibi
2953 3575 3010 3628 in
3068 3586 3420 3634 sacramenta
3470 3583 3606 3636 con-'

1914 3658 2159 3725 strinxit,
2191 3663 2246 3710 et
2301 3659 2433 3712 inde
2464 3658 2770 3729 digressus,
2808 3664 3139 3734 Merseburg
3189 3669 3457 3722 Paschale
3526 3672 3605 3724 fe-

1915 3750 2063 3797 stum
2096 3745 2337 3813 peregit,
2374 3746 2471 3798 ubi
2506 3747 2787 3801 Bolizlavo
2828 3750 3023 3804 omnia
3053 3768 3315 3822 munera,
3347 3772 3475 3825 quas
3523 3759 3607 3811 illi

1917 3832 2167 3895 miserat,
2194 3832 2508 3886 simulcum
2536 3834 2720 3903 gratia
2772 3836 2978 3904 perdit,
3036 3839 3172 3893 dum
3224 3842 3387 3895 illum
3450 3843 3603 3913 lega-

1916 3916 2069 3970 tione
2130 3917 2376 3986 superba
2405 3917 2675 3971 infestum
2705 3920 2969 3973 reddidit.
3001 3942 3029 3972 »
3084 3925 3212 3977 Haec
3259 3928 3406 3980 viam
3456 3936 3605 3982 ster-

1918 4012 2065 4057 nunt
2090 4006 2155 4058 ad
2193 4007 2460 4075 repetitas
2491 4008 2856 4059 excursiones
2888 4013 2944 4061 et
2986 4009 3137 4064 bella
3190 4015 3375 4067 rarius
3436 4016 3609 4069 inter—

1919 4101 2083 4164 rupta
2118 4111 2242 4147 cum
2316 4095 2565 4148 Boleslao
2616 4101 2753 4149 tunc
2810 4096 3015 4150 acriter
3067 4107 3246 4168 gesta,
3289 4102 3349 4155 in
3398 4106 3608 4173 quibus

1918 4183 2073 4236 vario
2108 4188 2285 4237 marte
2316 4190 2636 4253 pugnatum
2665 4189 2768 4247 est,
2817 4190 2881 4238 ut
2928 4186 3053 4239 istic
3093 4194 3149 4241 et
3191 4190 3338 4259 apud
3393 4193 3607 4246 Ditma-

1918 4286 2045 4323 rum
2080 4272 2260 4324 fusius
2293 4271 2401 4341 legi
2446 4277 2658 4342 potest;
2690 4288 2818 4325 cum
2852 4272 2919 4326 ad
2971 4282 3235 4330 nostrum
3283 4278 3608 4335 institutum

1919 4374 2030 4410 non
2066 4358 2246 4427 magis
2289 4360 2615 4429 pertineant
2643 4376 2816 4430 quam
2875 4370 3235 4417 recurrentes
3265 4365 3451 4421 denuo
3513 4370 3609 4422 de-

1920 4447 2209 4515 plorandas
2246 4463 2374 4500 cum
2407 4447 2845 4501 Corbeiensibus
2877 4451 3173 4503 monachis
3217 4455 3611 4509 contentiones
3686 4512 3691 4517 ,

1918 4534 2069 4602 apud
2100 4536 2416 4587 Ditmarum
2460 4551 2587 4604 pag.
2620 4537 2745 4601 403,
2780 4536 2849 4588 ad
2877 4551 3018 4605 quas
3073 4539 3399 4594 excitandas
3458 4560 3607 4597 non-

1916 4622 2134 4675 nullam
2162 4627 2383 4691 partem
2418 4622 2682 4675 habuisse
2736 4622 2789 4675 S.
2826 4622 3241 4689 Meinwercum,
3293 4629 3609 4685 Paderbor-

1917 4725 2149 4763 nensem
2183 4710 2535 4779 episcopum,
2568 4710 2738 4779 paulo
2763 4709 3083 4764 distinctius
3125 4714 3441 4785 exploravit
3498 4721 3609 4779 Ma-

1918 4796 2187 4851 billonius
2256 4798 2439 4850 citatis
2485 4797 2801 4850 Annalibus
2873 4798 2942 4851 ad
2995 4798 3148 4854 hunc
3203 4818 3420 4857 annum
3476 4821 3605 4876 pag.

1916 4884 2041 4949 242,
2071 4901 2185 4954 quo
2219 4884 2459 4937 lectores
2496 4884 2863 4938 remittimus.

1995 4974 2110 5025 136.
2144 4972 2486 5042 chuentem
2537 4988 2752 5025 annum
2785 4975 2919 5027 1016
2974 4972 3202 5028 inchoat
3259 4976 3610 5050 Chronogra-

1917 5061 2110 5130 phus:
2157 5082 2183 5108 α
2216 5061 2534 5131 Imperator
2581 5060 2834 5115 Natalem
2894 5060 3117 5116 Domini
3172 5062 3232 5115 in
3276 5063 3610 5122 Patelbrun-

1918 5163 2049 5200 nem
2100 5147 2595 5218 festivisperegit
2655 5148 2923 5218 gaudiis:
2977 5147 3227 5217 posthaec
3276 5151 3609 5222 Popponem

1924 5235 2211 5304 Luitpoldi
2244 5236 2579 5290 Marchionis
2612 5237 2815 5303 filium,
2875 5241 2930 5289 et
2994 5236 3472 5309 Bavenbergensis
3519 5261 3612 5298 ec-

1920 5323 2103 5375 clesiae
2150 5324 2551 5394 prmpositum,
2584 5323 2904 5379 Trevirensi
2961 5324 3291 5393 praefecerat
3338 5330 3486 5385 urbi.
3551 5334 3615 5387 Et

1920 5424 2048 5463 cum
2094 5410 2139 5461 is
2170 5409 2240 5463 ab
2293 5410 2681 5465 Erchenbaldo
2751 5410 3128 5480 Mogontiensi
3184 5415 3612 5488 archiepiscopo

1915 5498 2075 5567 jussu
2111 5498 2348 5551 Caesaris
2392 5504 2447 5551 et
2477 5498 2705 5553 licentia
2754 5498 3127 5552 Virdunensis
3180 5503 3432 5574 episcopi
3490 5507 3611 5575 (qui
