4028 6206
420 323 487 377 79
1719 322 1774 377 S.
1821 318 2114 376 IIENItICI
2161 318 2632 375 IMPERATORIS
3850 329 3916 380 80

418 446 638 518 primus
669 445 876 500 horum
901 443 958 498 in
993 442 1194 498 ordine
1219 444 1591 514 confratrum)
1643 445 1960 499 consecrari
2018 445 2110 498 de-
2139 446 2184 498 Α
2222 443 2352 498 dem
2382 445 2505 514 ejus
2535 459 2714 499 unum
2747 443 3030 498 facturum
3077 445 3565 500 monasterium.»
3599 448 3734 513 Pag.
3761 448 3867 502 414
3904 466 3916 502 :

417 534 665 599 buisset;
700 549 731 586 a
756 533 1088 587 Tbiederico
1130 532 1362 586 Metensi
1401 532 1680 600 antistite,
1706 550 1771 586 eo
1806 533 1960 603 quod
1994 550 2023 586 a
2056 549 2112 585 se

410 623 620 692 justius
650 623 772 676 bzec
799 621 1086 674 ordinatio
1116 621 1241 674 ti‘eri
1274 621 1522 688 deberet,
1567 623 1791 675 assidua
1842 623 2112 675 acclama-

416 712 593 775 tione,
627 709 944 779 humilique
970 710 1245 778 petitione
1267 711 1322 764 id
1344 711 1627 763 incassum
1656 711 2068 780 prohibebatur
2094 725 2109 763 :

417 815 553 852 nam
609 798 923 868 imperator
992 799 1162 863 hunc,
1214 799 1423 869 scripta
1490 799 2001 864 demonstrantem,
2056 803 2112 852 et

418 886 606 940 hanno
625 886 678 940 id
703 886 1157 951 interdicentem,
1193 904 1308 940 non
1341 887 1647 952 exaudivit,
1683 893 1739 941 et
1777 888 2109 941 unctionem

416 975 549 1028 fecit
569 975 860 1043 compleri.
899 993 924 1024 η
960 975 1117 1028 Adde
1162 974 1250 1027 his
1305 976 1488 1028 varias
1547 975 1872 1045 principum
1924 976 2108 1044 parti-

415 1063 694 1116 cularium
725 1063 1032 1115 discordias
1063 1067 1163 1114 aut
1209 1063 1384 1116 armis
1439 1069 1538 1116 aut
1589 1064 1769 1116 amica
1825 1063 2106 1132 composi-

414 1151 568 1205 tione
609 1151 841 1220 sopitas,
891 1158 946 1203 et
977 1156 1282 1220 perpetuas
1323 1151 1538 1204 inimici
1586 1167 1812 1221 semper
1868 1150 2106 1204 Boleslai

413 1239 790 1307 incursiones,
824 1239 893 1292 de
926 1239 1135 1309 quibus
1171 1241 1458 1292 Ditmarus
1489 1255 1667 1308 usque
1703 1239 1771 1292 ad
1805 1255 1936 1309 pag.
1981 1240 2102 1292 406.

411 1325 603 1380 Eidem
651 1333 926 1396 praeterea
983 1344 1132 1379 anno
1192 1327 1476 1395 altigenda
1522 1332 1652 1380 sunt
1708 1344 1836 1398 qua:
1892 1327 2105 1380 ibidem

413 1415 712 1484 subjungit
740 1415 808 1467 de
837 1436 863 1461 «
897 1415 1158 1483 proxima
1190 1415 1517 1467 Palmarum
1553 1415 1912 1484 jucunditate
1947 1436 1972 1461 ››
2034 1415 2104 1468 ab

409 1502 755 1571 imperatore
827 1522 851 1551 «
913 1519 1040 1555 cum
1101 1503 1365 1568 Henrico,
1425 1502 1739 1555 venerabili
1788 1503 2100 1557 Wircibur-

412 1590 576 1658 gensi
607 1590 871 1658 episcopo
901 1591 1202 1659 completa,
1261 1608 1324 1643 ac
1373 1607 1532 1644 coena
1586 1591 1810 1644 Domini
1869 1597 1925 1644 et
1973 1608 2103 1662 pas-

414 1678 590 1737 sione.
627 1684 746 1730 tum
784 1678 1036 1730 Pascliali
1067 1678 1318 1748 tripudio
1346 1678 1758 1732 honorabiliter
1787 1677 1846 1732 in
1887 1680 2100 1733 Baven-

413 1765 554 1833 berg
579 1765 842 1834 peractis,
877 1787 904 1812 »
949 1771 1060 1817 etc.
1105 1768 1249 1835 Lege
1274 1782 1401 1835 quae
1437 1766 1646 1819 ibidem
1671 1771 2000 1820 attexuntur
2031 1769 2100 1822 de

413 1853 719 1922 Rudolplio
755 1854 1098 1922 Burgundia:
1130 1870 1261 1923 rege
1293 1855 1482 1907 Sancti
1522 1856 1820 1922 avunculo,
1864 1871 2105 1925 regnum

413 1957 580 1994 suum
633 1957 736 2009 per
798 1941 1164 1994 donationem
1226 1941 1276 1993 ei
1331 1943 1610 2007 tradente,
1667 1944 1816 2013 quod
1873 1943 2107 1998 biennio

411 2035 557 2098 post,
603 2028 903 2081 accedente
939 2045 1240 2098 procerum
1295 2045 1596 2092 consensu,
1646 2030 1754 2084 fuit
1814 2031 2109 2085 conﬁrma-

412 2123 569 2182 tum;
597 2117 733 2170 item
763 2122 998 2169 eventus
1025 2117 1166 2169 alios
1197 2118 1366 2170 etiam
1401 2118 1765 2187 Anglicanos,
1799 2136 1943 2190 quos
1966 2137 2104 2173 enu-

412 2220 633 2258 merare
666 2221 778 2257 non
805 2209 984 2258 vacat.
1019 2205 1101 2258 Ad
1135 2206 1190 2259 S.
1248 2206 1553 2260 Henricum
1612 2207 1759 2260 redit
1819 2209 2106 2261 Ditmarus

410 2309 543 2362 pag.
576 2296 699 2357 412,
735 2293 813 2346 ita
840 2293 1128 2346 scribens:

486 2383 640 2434 137.“
691 2385 850 2436 Anno
905 2382 1214 2434 Dominica:
1275 2382 1692 2436 Incarnationis
1746 2383 1917 2454 [nxvn
1977 2385 2101 2437 Kal.

407 2467 692 2540 Junuarii]
727 2471 1040 2538 imperator
1077 2485 1106 2521 a
1161 2469 1389 2536 Palitlii,
1422 2470 1520 2522 ubi
1549 2471 1856 2525 celebravit
1911 2473 2106 2525 Natale

414 2558 661 2623 Domini,
705 2559 920 2624 exiens,
954 2559 1011 2610 in
1043 2557 1250 2610 Alstidi
1293 2558 1668 2628 Epiphaniam
1734 2559 1960 2613 Domini
2011 2577 2127 2624 so-,

410 2645 682 2699 Iemniter
711 2645 950 2716 peregit.
987 2667 1015 2694 ››
1046 2646 1221 2698 Paulo
1252 2645 1489 2699 inferius
1518 2663 1530 2699 :
1567 2667 1594 2694 ‹‹
1619 2647 1814 2700 Nuntii
1855 2649 1923 2701 de
1944 2649 2102 2702 Italia

409 2733 520 2788 huc
541 2734 835 2787 venientes
859 2734 1283 2799 gradulabundi
1315 2734 1384 2787 ad
1432 2751 1531 2788 sua
1565 2735 1840 2803 redeunt;
1879 2756 1906 2787 »
1936 2737 1975 2790 ii
2001 2737 2104 2791 for-

409 2827 555 2876 tasse
611 2823 778 2892 quia
831 2822 1132 2876 Benedicto
1181 2823 1288 2876 PP.
1351 2823 1470 2876 VIII
1522 2824 1819 2878 attulerint
1861 2846 1889 2874 «
1947 2827 2103 2880 aurei

410 2911 666 2980 capitalis
721 2911 1060 2975 ornamenti,
1117 2911 1359 2964 invicem
1443 2913 1739 2981 gemmati,
1800 2935 1820 2959 ι
1885 2914 2100 2984 reginae

2227 555 2254 581 «
2289 535 2609 604 Imperator
2635 539 2826 587 autem
2853 533 3110 599 audiens,
3142 534 3514 588 contectalem
3545 548 3705 586 suam
3738 533 3920 585 levius

2223 622 2455 689 habere,
2513 627 2568 675 et
2632 627 2824 676 votum
2874 621 3072 676 fecisse
3133 623 3395 687 Domino,
3457 627 3646 690 grates
3697 621 3918 675 Christo

2223 711 2493 781 persolvit
2521 727 2586 764 ex
2619 710 2831 764 animo.
2864 731 2891 759 »
2923 711 3098 764 Paulo
3122 710 3270 765 infra
3312 727 3324 764 :
3361 732 3389 760 ‹‹
3422 711 3609 764 Caesar
3659 726 3791 763 vero
3850 711 3916 763 ad

2223 799 2504 853 orientem
2529 799 2786 860 tendens,
2819 799 3244 868 imperatricem
3280 799 3346 853 ad
3396 815 3456 852 se
3495 798 3556 851 in
3607 798 3750 865 loco,
3815 798 3919 868 qui

2221 888 2721 942 Patherbrunnum
2779 887 3004 952 dicitur,
3051 886 3244 941 venire
3299 887 3483 956 jubet.
3545 887 3682 940 Inde
3743 888 3917 940 ambo

2219 991 2401 1045 usque
2425 975 2492 1028 ad
2533 974 2882 1044 Magdeburg
2912 974 3168 1043 profecti.
3205 993 3232 1025 ιο
3264 975 3348 1028 Ad
3388 975 3498 1028 alia
3531 974 3741 1028 deinde
3795 973 3920 1028 loca

2219 1063 2388 1116 simul
2414 1063 2653 1134 profecti
2681 1068 2830 1125 sunt,
2889 1063 3088 1125 donec,
3125 1084 3153 1111 ι(
3206 1079 3462 1129 regressa
3523 1063 3916 1134 imperatrice,

2217 1151 2552 1221 ueterisque
2575 1150 2988 1221 compluribus,
3020 1151 3212 1220 ipse,»
3257 1152 3589 1220 imperator,
3627 1172 3654 1199 «
3703 1157 3919 1204 turma-

2217 1238 2316 1290 tim
2368 1237 2676 1307 processit;
2713 1257 2740 1285 »
2795 1252 3004 1306 nempe
3048 1251 3177 1290 cum
3223 1236 3446 1307 ingenti
3487 1237 3739 1290 exercitu
3803 1239 3916 1290 Bo-

2216 1325 2391 1378 leslao
2424 1325 2752 1386 imminens.
2787 1341 2960 1396 quem
2991 1330 3114 1379 toto
3146 1325 3262 1378 fere
3285 1326 3505 1396 reliquo
3553 1342 3704 1379 anno
3760 1326 3915 1379 inse-

2213 1419 2377 1467 cutus
2401 1417 2500 1468 est.
2543 1415 2669 1467 Hinc
2697 1415 2870 1484 paulo
2901 1413 3134 1467 uberius
3191 1413 3431 1468 deducta
3477 1413 3568 1467 hic
3619 1414 3802 1468 voluit
3855 1420 3916 1467 ut

2213 1501 2572 1556 manifestius
2601 1507 2808 1571 pateat,
2837 1517 3010 1572 quam
3034 1517 3146 1554 non
3167 1501 3304 1555 satis
3345 1517 3596 1571 congrue
3626 1503 3697 1555 ad
3761 1503 3914 1556 hunc

2213 1606 2426 1644 annum
2465 1593 2595 1643 lOl7
2628 1591 2986 1643 referendam
3042 1589 3329 1656 censuerit
3380 1591 3733 1643 Hofmannus
3764 1592 3912 1643 cele-

2213 1678 2520 1732 berrimam
2581 1679 2740 1732 illam
2797 1679 2848 1732 S.
2901 1678 3270 1748 Cunegundis
3318 1694 3420 1747 per
3466 1695 3724 1731 vomeres
3782 1696 3913 1732 can-

2219 1765 2417 1820 dentes
2471 1767 2891 1836 probationem,
2943 1783 3071 1837 quaa
3128 1766 3291 1819 alteri
3343 1767 3545 1820 melius
3601 1768 3914 1821 convenire

2218 1853 2469 1926 potuisse
2537 1855 2774 1908 videtur.
2851 1855 3068 1909 Cretera
3139 1855 3266 1908 vide
3357 1856 3620 1926 superius
3702 1862 3760 1909 et
3841 1859 3911 1910 ad

2219 1960 2277 1996 Ill
2311 1943 2515 1998 Martii.

2291 2033 2408 2085 139.
2473 2033 2540 2084 Ut
2595 2031 2819 2084 nullum
2868 2046 3082 2084 annum
3139 2031 3274 2085 vitae
3344 2048 3460 2085 sum
3507 2031 3916 2101 largitionibus

2219 2121 2434 2172 Caesare
2467 2119 2656 2189 dignis
2681 2135 2921 2172 vacuum
2971 2135 3092 2173 esse
3131 2120 3311 2172 voluit
3361 2119 3416 2174 S.
3480 2121 3780 2186 Henricus,
3837 2122 3914 2174 sic

2217 2214 2273 2262 et
2301 2207 2453 2260 hunc
2481 2207 2537 2260 in
2587 2223 2700 2277 quo
2753 2222 3048 2261 versamur
3096 2207 3378 2261 illustrem
3436 2207 3706 2275 reddidit,
3766 2212 3914 2260 teste

2218 2297 2470 2349 Ditmaro
2501 2311 2631 2364 pag.
2675 2298 2796 2349 316.
2860 2295 3038 2349 Verba
3084 2295 3207 2364 ejus
3242 2295 3417 2348 recito
3452 2312 3464 2348 :
3502 2317 3529 2344 «
3578 2295 3914 2365 Insequenti

2217 2383 2510 2437 Dominica
2576 2383 2688 2443 die.
2746 2383 2801 2436 id
2834 2385 2917 2436 est
2973 2399 3031 2436 ιιι
3084 2383 3271 2436 Nonas
3327 2383 3664 2436 Novembris
3723 2383 3918 2437 Caesar

2215 2471 2502 2542 quoddam
2532 2471 2830 2540 pradium,
2885 2470 3131 2541 Bogalici
3166 2475 3449 2538 vocatum,
3476 2471 3630 2542 quod
3673 2476 3802 2524 tum
3846 2473 3920 2525 ab

2217 2559 2490 2613 Hatholdo
2523 2559 2704 2612 milite
2765 2559 2871 2612 sibi
2928 2559 3137 2629 placito
3193 2559 3491 2630 acquisivit
3547 2559 3919 2623 concambio,

2213 2647 2595 2700 confratribus
2621 2647 2828 2700 nostris
2866 2647 2926 2699 in
2977 2647 3307 2717 Merseburg
3347 2647 3571 2701 Christo
3623 2647 3920 2700 famulan-

2212 2735 2366 2788 tibus
2398 2735 2573 2797 dedit,
2609 2741 2667 2788 et
2709 2736 2894 2788 locum
2926 2735 3234 2805 quemdam
3263 2735 3331 2788 ab
3377 2736 3618 2805 Hagero,
3649 2735 3921 2805 praedicti

2212 2823 2452 2876 senioris
2483 2839 2778 2892 germano,
2811 2823 3008 2876 decem
3045 2824 3270 2876 talentis
3328 2823 3542 2893 argenti
3601 2839 3921 2894 compara-

2209 2916 2355 2980 tum,
2407 2912 2736 2966 eorumdem
2815 2912 3155 2965 utilitatibus
3209 2912 3681 2971 accommodavit.
3758 2929 3921 2982 prae-

409 2998 844 3066 Saracenorum,
883 2999 1077 3052 Romae
1109 2999 1292 3068 capite
1343 3001 1545 3068 plexm,
1588 3020 1609 3047 ι
1665 3006 1910 3070 partem,
1971 3018 2099 3070 quas
2131 2995 2171 3050 C
2208 3000 2502 3069 ceptisque
2553 3000 2764 3053 suimet
2843 2999 3060 3053 ﬁrmari
3113 3000 3406 3070 praecepit.
3465 3000 3601 3053 Tres
3675 3016 3922 3072 quoque

409 3086 566 3140 mille
596 3086 756 3140 libris
777 3088 1285 3156 computabuntur,
1319 3105 1344 3135 »
1377 3091 1438 3139 ut
1459 3088 1802 3155 prcecedenti
1832 3104 1962 3157 pag.
1997 3090 2091 3144 411

409 3175 562 3228 idem
606 3175 891 3228 Ditmarus
921 3180 1360 3228 memoraverat.
1398 3194 1425 3224 ι(
1469 3175 1880 3230 Gratulabundi
1917 3198 1944 3226 ››
1999 3193 2100 3231 au-

409 3268 522 3316 tem
553 3285 580 3310 ‹‹
639 3263 930 3317 redierent
975 3263 1183 3329 nuntii,
1218 3284 1244 3312 »
1301 3263 1454 3333 quod
1507 3264 1790 3332 postulata
1833 3265 2102 3319 adversus

408 3352 718 3406 Saracenos
741 3356 797 3404 et
843 3351 1068 3406 Graecos
1101 3351 1312 3404 auxilia
1369 3351 1681 3406 addixisset
1714 3351 1921 3419 Caesar,
1971 3368 2099 3423 quae

407 3445 600 3493 tamen
632 3439 833 3509 quinto
863 3439 1094 3494 demum
1125 3443 1256 3509 post
1279 3455 1431 3492 anno
1461 3439 1812 3508 suppeditari
1843 3445 2097 3509 potuere.

410 3547 438 3575 «
463 3528 575 3581 Iter
603 3527 967 3598 imperatoris
999 3528 1066 3581 ad
1101 3527 1455 3580 occidentem
1485 3527 1845 3598 dispositum,
1876 3529 1950 3582 ob
1994 3531 2098 3583 via:

407 3615 776 3687 asperitatem
838 3620 922 3668 est
972 3615 1234 3669 dilatum.
1303 3616 1621 3684 Imperator
1669 3615 1776 3669 hoc
1819 3617 1973 3685 quod
2031 3633 2096 3670 ex

407 3710 569 3775 parte
599 3703 858 3758 Bolislavi
891 3710 1138 3774 rogatus,
1173 3703 1395 3770 laudat;
1468 3704 1797 3757 convenisse
1835 3704 1904 3756 ad
1967 3721 2099 3758 eum

407 3793 696 3864 principes
725 3809 877 3859 suos,
911 3798 965 3845 et
994 3792 1040 3846 si
1072 3792 1208 3862 quid
1233 3792 1366 3846 boni
1417 3792 1585 3846 vellet
1642 3792 1748 3845 sibi
1803 3792 2096 3860 exhibere,

407 3898 535 3936 cum
569 3897 769 3935 eorum
829 3880 1070 3936 concilio
1129 3881 1373 3934 libenter
1409 3880 1736 3950 acciperet:
1789 3882 2100 3937 mittuntur

405 3971 647 4024 invicem
723 3970 932 4036 nuntii,
993 3975 1051 4023 et
1109 3968 1352 4023 inducite
1405 3974 1718 4038 ponuntur.
1781 3991 1808 4018 »
1864 3971 2096 4026 Interim

409 4081 436 4107 ‹‹
468 4061 783 4129 Imperator
809 4058 1272 4112 Purificationem
1302 4063 1510 4111 sanctas
1547 4059 1644 4112 Dei
1675 4059 1971 4112 Genitricis
2002 4077 2098 4114 no-

403 4146 624 4200 biscum
681 4147 946 4200 celebrat.
994 4147 1249 4200 Posthaec
1299 4146 1549 4216 episcopi
1609 4150 1664 4200 et
1721 4147 1959 4200 comites
2023 4150 2095 4203 ob

2211 3088 2472 3142 ecclesias
2502 3087 2560 3140 in
2595 3086 2748 3158 Lipzi
2780 3093 2834 3140 et
2864 3088 2922 3141 in
2957 3087 3217 3156 Olscinzi,
3249 3103 3313 3141 ac
3367 3088 3426 3142 in
3473 3087 3662 3142 Gusna
3692 3089 3925 3159 positas

2212 3175 2353 3228 mihi
2380 3175 2673 3230 concessit.
2699 3175 2762 3230 In
2793 3176 2898 3230 hoc
2936 3177 3158 3230 vernali
3183 3181 3442 3247 tempore
3476 3176 3628 3230 idem
3661 3192 3920 3232 aureum

2211 3263 2385 3316 altare
2417 3262 2487 3317 ad
2547 3264 2721 3318 decus
2770 3264 3018 3318 ecclesiae
3069 3263 3335 3318 fabricari
3375 3264 3627 3334 jusserat
3673 3269 3917 3329 nostrae,

2211 3351 2277 3405 ad
2307 3351 2455 3422 quod
2487 3367 2593 3422 ego
2621 3369 2686 3406 ex
2726 3351 2950 3423 antiqui
2998 3353 3192 3407 altaris
3249 3352 3430 3406 nostri
3487 3359 3721 3423 sumptu
3776 3356 3920 3408 auri

2207 3456 2305 3494 sex
2335 3440 2509 3494 libras
2541 3441 2689 3495 dedi.
2724 3463 2751 3489 ››
2786 3442 2944 3495 Circa
3003 3441 3262 3495 medium
3331 3442 3702 3495 Decembrem
3734 3443 3919 3496 Bam-

2206 3529 2441 3599 bergam
2483 3528 2736 3598 primum
2789 3529 3051 3599 pervenit
3102 3530 3444 3599 Imperator,
3499 3530 3600 3584 ubi
3659 3551 3686 3578 «
3749 3531 3917 3586 Hen-

2207 3619 2410 3684 ricum,
2461 3617 2750 3687 quondam
2807 3617 3172 3672 Bavariorum
3213 3617 3440 3683 ducem,
3482 3623 3541 3672 et
3593 3621 3729 3672 tunc
3770 3627 3918 3674 octo

2207 3719 2390 3758 annos
2439 3709 2495 3758 et
2549 3720 2695 3774 pene
2750 3709 2836 3758 tot
2888 3719 3132 3771 menses,
3166 3720 3269 3758 sua
3319 3704 3645 3775 depositum
3705 3707 3911 3778 culpa,

2207 3793 2460 3864 pristinis
2507 3791 2756 3847 restituit
2805 3792 3119 3845 honoribus
3193 3792 3285 3846 die
3339 3793 3662 3860 Dominica;
3707 3815 3735 3843 »
3785 3811 3920 3866 quo

2205 3885 2466 3951 tempore
2497 3897 2664 3935 nemo
2702 3880 2930 3948 dixerit,
2983 3880 3210 3934 Henrici
3265 3881 3427 3935 istius
3477 3897 3732 3936 sororem
3783 3883 3915 3937 Cu-

2205 3969 2519 4040 nigundem
2541 3969 2611 4023 ad
2642 3969 3040 4040 probationem
3085 3969 3275 4023 vocari
3320 3970 3591 4040 potuisse.
3639 3971 3710 4025 Ut
3763 3986 3914 4026 cum

2205 4056 2462 4112 Ditmaro
2490 4079 2517 4107 «
2545 4059 2965 4111 conclusionem
2993 4057 3130 4111 anni
3184 4057 3417 4122 faciam;
3444 4077 3471 4108 ι)
3527 4059 3700 4113 verbo
3756 4061 3915 4130 adji-

2205 4147 2352 4200 ciam
2383 4146 2875 4200 contirmationem
2905 4161 2937 4198 a
2996 4145 3202 4199 Sancto
3255 4146 3587 4200 monasterii
3645 4147 3910 4202 Kenina-

405 4239 800 4304 contemptum
843 4233 1128 4300 Bolislavi,
1163 4249 1219 4286 se
1260 4233 1526 4299 fallentis,
1585 4233 1774 4286 tristes
1833 4233 2090 4288 advenie—
2125 4243 2166 4297 ι)
2205 4233 2418 4299 densis,
2454 4233 2669 4305 prmdia
2697 4232 2946 4287 ecclesiae
2986 4233 3470 4287 Parderbornensi
3496 4234 3727 4301 donata,
3760 4237 3910 4290 alia-

403 4321 562 4386 bant,
613 4328 668 4375 et
720 4321 1083 4391 imperatoris
1128 4326 1383 4375 mentem
1441 4321 1652 4392 apertis
1710 4322 2094 4392 legationibus

401 4409 734 4464 incendunt.
770 4409 850 4463 Ibi
877 4414 1012 4462 tunc
1033 4410 1102 4464 de
1129 4410 1325 4464 futura
1354 4410 1714 4480 expeditione
1735 4415 2028 4466 tractatur.
2064 4435 2091 4460 »

402 4499 714 4553 Videantur
738 4498 971 4552 totailla
1005 4515 1135 4569 pag.
1165 4499 1270 4552 413
1301 4499 1466 4569 plura
1496 4498 1548 4552 S.
1608 4497 1831 4552 Henrici
1875 4497 1937 4552 in
1988 4516 2088 4553 va-

401 4587 514 4640 rias
549 4585 814 4639 ecclesias
866 4585 1166 4652 beneficia,
1222 4601 1256 4639 a
1305 4584 1513 4656 quibus
1557 4585 1830 4640 nimirum
1871 4602 2090 4641 cessare

401 4692 514 4730 non
545 4680 795 4729 noverat.

471 4765 626 4818 138.‹‹
661 4763 882 4817 Palmas
914 4763 1029 4817 Rex
1055 4761 1305 4816 celebrat
1334 4761 1393 4815 in
1427 4761 1736 4832 Magontia,
1789 4765 1847 4815 et
1889 4761 1950 4814 in
1991 4763 2090 4816 In-

396 4852 643 4922 gelheim
675 4851 908 4916 Pascha,
943 4855 999 4904 et
1031 4851 1090 4904 in
1147 4850 1236 4904 his
1264 4849 1526 4920 partibus
1560 4849 1744 4920 magis
1771 4849 2086 4904 honorifice

397 4957 460 4995 ac
490 4941 827 5012 potestative
886 4955 1184 5010 nunquam
1236 4939 1362 4992 fuit.
1426 4939 1489 4992 Et
1535 4939 1670 5008 quia
1728 4937 1800 4992 ob
1866 4943 2089 4992 tantam

395 5030 818 5084 solemnitatem
873 5028 1120 5082 maxima
1163 5026 1375 5080 ibidem
1430 5025 1586 5079 ﬁniri
1633 5042 1749 5080 non
1795 5031 2086 5096 poterant,

393 5117 464 5171 ad
490 5116 836 5188 Aquisgrani
869 5115 1106 5186 ponitur
1134 5119 1465 5178 conventus,
1497 5117 1554 5166 et
1588 5117 1726 5166 tunc
1776 5113 1894 5166 illic
1955 5130 2085 5167 cum

393 5206 630 5260 consilio
662 5205 943 5260 Heriberti
977 5203 1417 5274 aschiprmsulis,
1456 5201 1847 5256 Thiedericum
1875 5202 2085 5256 Meten-

391 5309 514 5348 sem
534 5295 866 5364 episcopum
888 5299 944 5348 et
961 5292 1264 5347 Henricum
1293 5291 1524 5346 fratrem
1555 5290 1814 5360 placavit.
1865 5289 2086 5359 Regina

390 5387 583 5436 autem
625 5381 1013 5452 Cuneguudis,
1047 5397 1080 5435 a
1132 5379 1504 5434 Francoforde
1541 5395 1574 5432 a
1633 5378 1851 5433 Caesare
1897 5379 2084 5432 disce-

391 5471 554 5535 dens,
581 5485 709 5524 cum
739 5469 809 5524 ad
839 5470 1049 5535 locum,
1084 5469 1183 5541 qui
1223 5468 1542 5538 Capungun
1592 5466 1822 5534 dicitur,
1873 5469 2080 5530 venire,

389 5558 739 5626 infirmatur,
771 5563 830 5613 et
875 5557 956 5612 ibi
979 5562 1115 5612 tunc
1145 5556 1388 5612 Domino
1431 5554 1699 5626 promisit
1745 5571 1805 5610 se
1845 5556 1914 5610 ad
1961 5557 2081 5610 lau-

2204 4338 2315 4392 que
2344 4321 2666 4376 istiusmodi
2725 4337 2973 4392 quorum
3024 4321 3406 4376 instrumenta
3434 4322 3661 4378 exhibet
3728 4323 3910 4379 Scha-

2203 4416 2370 4466 tenus
2409 4427 2440 4465 a
2469 4427 2600 4481 pag.
2633 4413 2757 4464 422.

2278 4500 2396 4554 140.
2468 4499 2550 4553 Ad
2636 4515 2855 4552 annum
2913 4499 3048 4552 1018
3103 4497 3428 4568 ingressum
3489 4500 3705 4570 praebet
3781 4501 3913 4557 Dit-

2201 4603 2394 4642 marus
2444 4587 2583 4641 dum
2639 4603 2771 4657 pag.
2831 4587 2935 4640 418
2988 4585 3066 4638 ait
3122 4586 3553 4656 Imperatorem,
3597 4593 3730 4658 post
3763 4589 3912 4645 bre-

2201 4675 2485 4728 vissimam
2547 4690 2790 4742 moram,
2833 4693 2860 4724 α
2906 4673 2975 4726 ab
3023 4674 3351 4744 Bavenberg
3382 4675 3788 4745 discedentem,
3828 4680 3911 4732 ad

2204 4763 2521 4833 Wirciburg
2551 4763 2758 4833 primo,
2808 4761 3057 4831 denique
3107 4762 3179 4816 ad
3229 4763 3592 4817 Francofordi
3644 4765 3910 4835 venisse,

2197 4850 2527 4922 ibidemque
2609 4850 2967 4904 nativitatem
3033 4850 3392 4904 Dominicam
3482 4851 3694 4905 festivis
3760 4869 3910 4923 per-

2197 4939 2379 5010 egisse
2402 4939 2646 5010 gaudiis.
2685 4960 2706 4986 ι
2761 4938 2897 4992 Inde
2938 4939 3010 4993 ad
3067 4937 3280 4992 librum
3328 4943 3590 4993 octavum
3649 4945 3705 4993 et
3760 4941 3911 4996 vita!

2197 5042 2361 5096 mque
2391 5042 2455 5080 ac
2494 5025 2754 5081 Chronici
2785 5026 2873 5080 sui
2901 5025 3172 5080 ultimum
3199 5027 3506 5087 transiens,
3539 5027 3765 5080 orditur
3839 5030 3910 5084 in

2197 5115 2348 5168 hunc
2378 5113 2611 5168 modum
2648 5130 2660 5167 :
2691 5132 2719 5164 ι
2751 5117 2914 5168 Anno
2953 5114 3265 5168 Dominicaa
3299 5114 3716 5167 Incarnationis
3748 5117 3910 5171 mil-

2195 5203 2395 5256 lesimo
2424 5219 2556 5266 χχιι,
2591 5201 2765 5256 Indic.
2812 5205 2897 5268 ll,
2925 5217 3075 5255 anno
3133 5207 3327 5256 autem
3377 5201 3606 5255 Domini
3656 5204 3908 5260 Henrici

2197 5292 2340 5361 Imp.
2373 5293 2519 5362 Aug.
2553 5307 2663 5359 xu,
2708 5289 2938 5361 imperii
2975 5294 3168 5343 autem
3225 5306 3302 5355 v1,
3355 5290 3722 5345 Circumcisio
3775 5293 3908 5346 Do-

2195 5379 2411 5433 minica
2463 5383 2518 5432 et
2595 5378 2966 5449 Theophania
3040 5377 3102 5432 in
3173 5379 3446 5449 praedicta
3507 5364 3750 5433 'civitate
3819 5381 3907 5436 ab

2194 5467 2394 5522 eodem
2425 5467 2829 5521 venerabiliter
2861 5465 3172 5535 colebatur,
3206 5472 3518 5538 posteaque
3568 5469 3733 5539 jussu
3779 5486 3904 5526 suo

2192 5559 2248 5609 et
2268 5553 2494 5609 assidua
2525 5553 2787 5608 Bolislavi
2826 5553 2986 5608 ducis
3042 5554 3482 5625 supplicatione,
3541 5555 3601 5610 in
3633 5555 3902 5627 quadam
