4058 6216
134 338 185 389 81
1781 332 1978 385 ACTA.
3573 330 3641 380 8‘2.

137 455 283 519 urbe,
318 452 587 508 Budissin
620 452 793 520 dicta,
824 467 856 505 a
893 452 1112 506 Gerone
1148 454 1205 505 et
1257 451 1556 522 Arnulpho
1603 452 1819 523 episco-
1853 457 1898 506 A
1935 454 2141 508 Sancto
2192 452 2491 524 subjungit
2540 471 2552 507 :
2603 476 2623 501 κ
2682 454 2759 507 De
2824 455 3171 523 Imperatore
3230 456 3423 507 nostro
3499 452 3641 507 mihi

134 545 321 615 pis.....
385 559 500 613 pax
558 540 931 596 sacramentis
984 540 1214 595 ﬂrmata
1270 544 1354 594 est
1394 557 1453 593 Ill
1541 541 1663 594 Kal.
1728 542 1825 594 Fe-

130 631 355 696 bruarii,
410 647 526 685 non
588 636 655 684 ut.
714 628 923 698 decuit,
988 628 1086 682 sed
1131 633 1198 683 ut
1248 633 1387 681 tunc
1434 628 1562 681 ﬁeri
1615 629 1827 698 potuit,

127 719 422 791 electisque
508 717 807 772 obsidibus
892 714 1157 785 acceptis,
1237 715 1499 786 praedicti
1574 715 1829 768 seniores

124 809 324 863 reversi
350 814 504 862 sunt.
572 828 598 857 υ
637 805 970 877 Hujusmodi
1019 804 1242 859 iteratus
1291 803 1501 874 saapius
1544 820 1676 857 cum
1716 805 1827 858 Bo-

124 899 284 952 leslao
316 897 740 951 trausactiones
781 897 1127 949 constantem
1170 909 1374 964 pacem
1408 892 1651 962 imperio
1708 909 1827 946 non

122 987 437 1049 reddidere,
498 989 562 1039 ut
629 986 977 1039 demonstrat
1028 981 1304 1052 deinceps
1344 981 1627 1051 pluribus,
1694 998 1826 1051 qua:

121 1076 221 1129 huc
252 1092 367 1128 non
412 1074 739 1144 pertinent,
797 1072 873 1125 uti
902 1086 999 1124 nec
1053 1071 1364 1140 gentilium
1415 1068 1827 1123 abominandae

119 1163 574 1233 superstitiones,
613 1162 686 1215 ad
720 1177 855 1231 quas
888 1179 914 1210 ‹‹
942 1160 1127 1214 Ctesar
1152 1158 1405 1229 graviter
1440 1157 1759 1226 suspirasse
1794 1177 1821 1209 ι)

119 1251 319 1305 dicitur
363 1267 499 1320 pag.
553 1250 683 1315 4⁵20,
740 1264 848 1317 qua
918 1247 1147 1301 demum
1219 1265 1286 1299 ea
1342 1245 1636 1315 subjungit
1691 1262 1826 1315 quas

118 1355 297 1408 nuper
328 1337 666 1407 attigimus.
709 1356 735 1386 ‹‹
765 1337 907 1401 lam,
968 1334 1156 1406 inquit
1188 1335 1475 1388 Ditmarus
1531 1334 1825 1387 declinem

115 1428 178 1479 ab
210 1424 316 1490 his,
360 1428 419 1477 et
470 1424 683 1493 loquar
730 1421 1087 1492 Imperatoris
1140 1421 1319 1474 nostri
1375 1420 1824 1492 prosperitatem

116 1529 295 1580 nuper
324 1511 437 1565 sibi
468 1515 753 1565 exortam.
787 1510 1109 1563 Avunculus
1155 1526 1406 1580 namque
1460 1525 1616 1575 suus,
1682 1511 1824 1561 Bur-

112 1601 472 1671 gundionum
526 1616 626 1653 rex
735 1598 1085 1668 Rudolphus,
1146 1613 1417 1651 coronam
1496 1602 1551 1651 et
1610 1596 1826 1649 suimet

114 1694 401 1759 sceptrum
433 1703 567 1741 cum
602 1702 778 1741 uxore
802 1702 903 1739 sua
929 1691 987 1739 et
1018 1686 1295 1755 privignis
1324 1702 1388 1739 ac
1439 1684 1823 1755 eptimatibus

112 1776 390 1830 universis
450 1774 560 1828 sibi
621 1773 916 1838 concessit,
992 1774 1409 1844 reiteraturque
1468 1771 1823 1826 sacramenti
1858 1793 1896 1846 Β

112 1863 491 1927 conﬁrmatio,
547 1868 857 1932 actumque
915 1865 998 1914 est
1052 1862 1193 1915 illud
1262 1861 1688 1933 Mogontiaa.....
1770 1863 1827 1913 et

110 1969 213 2006 xvu
243 1952 360 2005 kal.
397 1950 609 2021 Aprilis
641 1966 853 2018 magna
882 1950 946 2003 ﬁt
997 1949 1055 2003 in
1108 1949 1427 2021 Nuimagen
1476 1946 1758 2019 synodus.
1796 1968 1823 1994 n

112 2042 305 2095 Cetera
336 2039 397 2092 in
430 2039 586 2093 fonte
613 2037 860 2108 legenda
890 2042 1041 2091 sunt.

181 2132 296 2183 141.
346 2128 428 2183 Ad
486 2128 663 2180 tinem
696 2125 885 2196 operis
942 2141 1177 2194 vergens
1232 2126 1549 2192 Ditmarus,
1616 2122 1825 2195 gratis-

112 2218 315 2270 simum
364 2232 502 2285 erga
568 2215 854 2270 Ctesarem
911 2213 1164 2266 animum
1196 2215 1391 2268 testari
1424 2231 1549 2268 non
1587 2210 1824 2278 desinit,

112 2322 232 2374 pag.
266 2305 369 2358 «1'22
403 2302 651 2374 insignia
680 2300 793 2355 alia
827 2300 888 2355 in
919 2300 1210 2355 ecclesiam
1263 2318 1426 2355 suam
1472 2299 1699 2354 collata
1755 2299 1824 2352 ab

113 2410 174 2446 eo
230 2392 511 2447 beneﬁcia
593 2405 955 2445 enumerans.
1046 2412 1065 2437 ι
1116 2390 1350 2459 Oportet
1396 2395 1610 2444 autem
1662 2393 1826 2442 tuam

112 2484 251 2537 scire
294 2482 568 2554 pietatem
624 2480 779 2550 regis
837 2477 1014 2531 nostri
1049 2482 1103 2532 et
1156 2479 1526 2548 Imperatoris
1593 2477 1826 2532 Henrici

115 2572 524 2626 multiformem
610 2566 1069 2623 benevolentiam
1157 2567 1403 2621 ecclesia
1491 2564 1823 2620 exhibitam

114 2666 341 2727 nostrae,
399 2661 466 2715 de
522 2676 633 2730 qua
689 2663 911 2728 partem
982 2656 1287 2726 quamdam
1334 2654 1612 2726 superius
1663 2670 1822 2709 com-

115 2748 419 2819 prehendi,
471 2749 747 2817 majorem
798 2762 932 2799 vero
989 2743 1123 2814 quia
1165 2743 1541 2798 indiscussam
1588 2740 1821 2812 reliqui,

116 2855 267 2893 nunc
288 2837 534 2891 scribere
588 2835 693 2888 tibi
747 2833 1028 2904 optimum
1083 2831 1229 2885 duxi.
1285 2831 1418 2885 Vide
1469 2834 1540 2883 ut
1594 2830 1824 2885 assidua

121 2924 513 2980 recordatione
572 2924 657 2977 tui
691 2922 769 2976 sit
812 2925 1130 2987 renovator,
1176 2925 1231 2974 et
1279 2918 1623 2974 indeticiens
1670 2919 1824 2973 auxi-

120 3015 284 3068 liator
316 3012 523 3078 nostri,
553 3018 617 3065 ut
680 3009 1036 3080 temporibus
1080 3008 1209 3067 illis.
1265 3008 1326 3061 in
1384 3007 1602 3077 quibus
1664 3006 1825 3060 deest

118 3120 241 3171 spes
319 3100 567 3165 miseris,
655 3103 713 3152 et
771 3098 1023 3152 ecclesiae
1097 3093 1668 3165 Merseburgensi.....

120 3189 251 3259 quia
309 3195 544 3258 tempus
605 3203 718 3240 non
777 3192 862 3239 est
946 3184 1311 3254 singulariter
1372 3197 1643 3237 enarrare
1694 3198 1824 3252 quae

122 3277 425 3348 praceptis
455 3276 716 3346 ejusdem
760 3274 1098 3327 conﬁrmata
1159 3273 1369 3341 poteris
1428 3272 1641 3337 videre,
1704 3272 1825 3324 tunc

122 3368 235 3419 sola
264 3366 506 3435 assigno
542 3380 692 3433 quae,
757 3362 1088 3415 auctoritate
1119 3360 1390 3423 carentia,
1447 3360 1822 3429 imposterum

122 3455 362 3508 forsitan
414 3454 673 3524 peritura
719 3453 897 3505 timeo
990 3450 1267 3518 :,Sanctae
1345 3449 1824 3503 victoriosissimae

120 3544 305 3596 crucis
380 3546 604 3612 partem
670 3556 798 3593 cum
869 3537 1073 3592 ceteris
1145 3539 1477 3590 Sanctorum
1544 3537 1820 3606 reliquiis,

118 3634 380 3683 etaltare
432 3644 696 3690 aureum,
744 3626 988 3697 gemmis
1033 3626 1343 3679 honoriﬁce
1391 3625 1740 3683 distinctum,
1769 3632 1827 3678 et

118 3719 379 3786 pixidem
437 3732 671 3770 auream
723 3714 1009 3783 lapidibus
1054 3713 1313 3783 pretiosis
1368 3718 1650 3774 ornatam,
1710 3715 1821 3765 col-

116 3807 543 3875 lectariumque
571 3820 701 3857 cum
755 3802 1032 3871 impensis
1078 3802 1342 3871 propriis,
1403 3806 1459 3853 et
1488 3802 1661 3853 etiam
1713 3817 1823 3853 no-

112 3897 243 3949 stris
276 3896 621 3948 decoratum
654 3908 783 3945 cum
817 3891 1043 3944 duobus
1069 3890 1377 3944 tburibulis
1437 3906 1498 3942 ac
1550 3893 1822 3959 argenteo

110 3984 374 4043 bicareo,
413 3982 573 4050 larga
618 3996 791 4033 manu
817 3981 1005 4033 Caesar
1042 3984 1252 4031 nostra)
1277 3976 1433 4030 dedit
1479 3977 1816 4030 ecclesia...

110 4072 221 4125 Sed
266 4070 410 4140 quia
442 4068 511 4122 de
566 4067 842 4122 melliﬂua
875 4066 1131 4136 ejusdem
1189 4065 1398 4134 pietate
1455 4063 1589 4116 satis
1637 4063 1823 4116 dicere

113 4173 499 4228 nequaquam
582 4155 823 4219 sufficio,
879 4154 950 4207 de
992 4170 1095 4206 sua
1174 4152 1621 4217 conversatione,
1681 4150 1825 4203 sicut

111 4246 425 4317 proposui,
463 4244 772 4297 ordinatim
827 4241 1110 4311 explicare
1165 4240 1473 4294 studiosius
1531 4238 1758 4291 anhelo.
1799 4260 1818 4285 ι

110 4336 255 4398 Quae
328 4334 552 4386 utinam
630 4332 699 4384 ab
766 4330 891 4400 ipso
966 4328 1235 4399 explicari
1317 4326 1652 4396 potuissent,
1725 4326 1896 4403 quiD

112 4424 301 4476 tinem
351 4422 484 4474 vitae
536 4437 603 4474 eo
656 4435 805 4473 anno
888 4417 1020 4471 fecit
1079 4435 1090 4470 :
1152 4417 1256 4469 sub
1313 4415 1548 4481 exitum,
1599 4414 1824 4485 opinor,

113 4528 256 4564 nam
315 4511 473 4563 ultra
561 4508 956 4578 Septembrem
1034 4504 1360 4560 Chronicon
1433 4518 1603 4556 suum
1694 4517 1825 4572 per-

112 4600 305 4654 duxit.

194 4689 324 4741 142.
365 4686 439 4739 Ut
486 4684 723 4755 reliqua,
758 4682 825 4737 ad
878 4683 1030 4736 hunc
1064 4695 1278 4735 annum
1337 4678 1655 4749 spectantia
1694 4695 1830 4748 pau-

117 4773 200 4827 cis
226 4774 565 4833 decurram,
621 4787 752 4841 pag.
811 4771 915 4825 423
977 4769 1075 4836 ait,
1127 4788 1155 4819 ‹ι
1208 4768 1638 4837 Imperatorem,
1704 4770 1831 4836 post

118 4862 366 4932 longam
419 4858 894 4913 inhabitationem
949 4856 1011 4910 in
1070 4857 1424 4925 Neumagen,
1460 4872 1485 4903 (ι
1534 4853 1629 4907 ubi
1686 4868 1830 4905 non-

117 4950 290 5003 nulla
323 4948 597 5017 praeclare
650 4950 861 5001 statuta
882 4951 1035 5010 sunt,
1070 4962 1095 4995 α
1130 4942 1586 5008 descendentem,
1637 4941 1831 4993 solen-

118 5054 224 5091 nes
275 5035 670 5106 Bogationum
735 5034 855 5089 dies
899 5033 960 5087 in
1012 5032 1357 5102 Aquisgrani
1401 5030 1651 5084 studiose
1693 5029 1833 5081 cele-

118 5126 452 5180 brasse.....
514 5124 887 5178 Pentecosten
937 5121 994 5174 in
1051 5120 1389 5190 Ingelbeim,
1449 5138 1475 5168 ι)
1509 5117 1663 5171 unde
1712 5116 1833 5169 «in

123 5212 536 5283 Burgundiam
564 5211 918 5282 properavit;
954 5229 979 5259 ι
1014 5208 1352 5277 Imperatrix
1383 5222 1538 5273 vero,
1570 5205 1834 5258 ordinata

121 5303 183 5355 in
236 5302 521 5371 Capunga
565 5300 681 5352 vita
732 5297 1066 5362 monastica,
1122 5297 1355 5349 fratrem
1404 5310 1571 5346 suum
1628 5292 1832 5345 ducem

125 5389 473 5452 Henricum,
504 5386 573 5441 de
627 5401 742 5456 quo
814 5400 983 5455 supra
1030 5399 1145 5437 non
1189 5383 1385 5445 semel,
1414 5402 1441 5431 »
1509 5380 1834 5451 Ratisponaa

124 5474 569 5531 inthronizavit.
619 5496 645 5521 ››
700 5472 964 5528 Pluribus
1044 5470 1178 5525 hinc
1241 5470 1605 5533 intermixtis,
1662 5468 1833 5522 etiam

126 5565 202 5619 iis
238 5581 375 5636 quae
422 5582 457 5618 a
515 5563 771 5619 Boleslao
828 5564 1051 5632 patrata
1097 5562 1250 5625 sunt,
1307 5558 1430 5612 haec
1479 5558 1710 5611 demum
1767 5556 1835 5611 de

1762 3078 1892 3148 EtC

1942 559 2095 596 nunc
2151 559 2336 595 sermo
2395 542 2635 608 oriatur,
2685 542 2786 612 qui
2881 542 2950 596 de
3013 541 3196 595 invisa
3277 540 3637 610 expeditione

1942 632 2168 701 (opinor
2220 632 2599 701 Burgundica)
2634 647 2913 695 reversus,
2946 630 3023 683 nil
3049 630 3117 683 de
3169 629 3463 700 promissis
3515 644 3636 699 per-

1940 722 2108 790 cepit,
2147 721 2242 773 sed
2294 737 2497 789 parum
2542 720 2650 773 sibi
2708 719 3084 773 renitentibus
3130 718 3345 772 nocuit.
3408 740 3433 766 ››
3484 719 3636 772 Habe

1941 809 2112 862 verba
2148 807 2348 860 ultima
2382 825 2394 861 :
2436 830 2454 856 σ
2496 810 2816 877 Imperator
2846 813 3039 861 noster
3099 823 3227 859 cum
3285 808 3353 860 de
3398 806 3486 860 his
3517 823 3638 859 om-

1941 897 2131 960 nibus,
2168 914 2283 949 non
2344 897 2591 949 multum
2662 896 3003 961 faventibus,
3049 896 3371 948 efticeretur
3426 900 3634 957 certus,

1938 1002 2121 1038 unum
2178 985 2236 1037 in
2296 985 2502 1039 Suevia
2541 985 2773 1053 regione
2814 985 3164 1055 colloquium
3222 984 3291 1037 de
3342 984 3638 1052 republica

1938 1073 2162 1137 habuit,
2214 1078 2271 1126 et
2323 1090 2452 1127 mox
2503 1090 2605 1142 per
2646 1074 2912 1126 Rhenum
2974 1071 3245 1125 sollicitus
3325 1072 3633 1125 descendit.

1939 1163 2199 1231 Namque
2230 1167 2629 1231 cooperatores
2653 1162 2777 1231 ejus
2825 1166 2878 1214 et
2919 1160 3079 1229 regni
3107 1161 3316 1213 suimet
3357 1160 3640 1213 columnas

1937 1249 2191 1303 maxima
2218 1255 2399 1319 parte,
2450 1249 2596 1318 proh
2652 1250 2837 1313 dolor,
2880 1249 3153 1314 cecidere,
3215 1248 3437 1318 sibique
3469 1264 3637 1317 grave

1938 1338 2163 1408 pondus
2216 1338 2522 1403 occultum,
2607 1337 2739 1390 tidei
2804 1337 3164 1390 simulatores
3251 1336 3485 1389 occultis
3541 1351 3637 1389 re—

1936 1425 2137 1478 sistere
2189 1424 2409 1478 insidiis
2470 1440 2573 1493 per
2652 1427 2948 1476 extraneos
3030 1423 3312 1489 nituntur,
3390 1430 3453 1475 ut
3521 1439 3637 1476 non

1937 1513 2103 1566 liceat
2158 1512 2208 1566 ei
2265 1513 2527 1566 libertate
2570 1510 2909 1580 congruenti
2959 1510 3266 1581 imperare,
3322 1527 3637 1579 eorumque

1935 1600 2208 1668 injustam
2239 1602 2622 1654 temeritatem
2654 1600 2713 1652 in
2745 1600 2939 1670 aliquo
2965 1598 3274 1652 minorare.
3325 1620 3344 1645 ι
3375 1601 3559 1667 Atque
3591 1598 3634 1650 is

1936 1690 2201 1743 Cbronici
2234 1690 2362 1743 linis
2394 1694 2494 1755 est,
2552 1705 2667 1758 quo
2728 1693 2784 1741 et
2830 1688 2975 1740 hanc
3000 1687 3140 1741 Vita:
3175 1688 3228 1741 S.
3289 1685 3513 1741 Henrici
3544 1701 3637 1755 pe-

1937 1779 2158 1832 riodum
2216 1778 2635 1840 concludimus,
2705 1776 2841 1830 alibi
2882 1775 3181 1846 quaesituri
3212 1791 3340 1846 quae
3370 1774 3440 1827 ad
3495 1773 3632 1827 reli-

1934 1884 2080 1938 quos
2108 1868 2235 1921 vitae
2268 1883 2453 1920 annos
2479 1865 2828 1919 ordinandos
2878 1865 3200 1919 conducent
3256 1879 3269 1917 :
3329 1864 3387 1916 in
3438 1880 3551 1932 quo
3578 1861 3636 1913 id

1937 1956 2239 2010 molestum
2274 1955 2521 2012 maxime
2572 1955 2722 2024 quod
2770 1954 3253 2025 Chronographus
3293 1952 3435 2006 Saxo
3493 1950 3636 2004 duos

1934 2044 2026 2098 hic
2058 2061 2236 2098 annos
2261 2045 2320 2097 in
2349 2059 2528 2096 unum
2569 2043 2843 2096 conﬂasse
2876 2032 3169 2108 videatur;
3201 2041 3352 2095 unde
3384 2037 3635 2092 turbatio

1937 2132 2007 2187 de
2067 2150 2178 2203 qua
2229 2132 2485 2202 proxime
2531 2131 2817 2199 agendum
2870 2130 2996 2184 erit.
3072 2129 3157 2183 Ad
3206 2127 3633 2182 indeﬁcientem

1934 2222 2121 2274 Sancti
2148 2220 2555 2273 liberalitatem
2592 2218 2884 2288 pertinent
2931 2217 3143 2271 tabqu
3200 2217 3352 2287 apud
3400 2216 3631 2269 Schate-

1936 2324 2072 2360 num
2109 2325 2140 2360 a
2173 2324 2299 2377 pag.
2335 2307 2457 2360 438.

1931 2416 2124 2485 §XIV.
2176 2414 2466 2480 Reliquum
2511 2414 2636 2485 Uil$
2692 2412 2748 2465 δ.
2784 2410 3031 2485 fieriﬁeri
3069 2423 3237 2476 usque
3293 2406 3368 2460 ad
3414 2407 3630 2473 felicem

2229 2507 2243 2520 ο
2532 2484 2737 2535 «citum
2775 2481 3027 2536 MXXIV.

2008 2574 2123 2627 143.
2148 2570 2454 2626 Deticiente
2483 2569 2575 2623 hic
2589 2584 2822 2638 prorsus
2847 2568 3121 2629 Ditmaro,
3155 2565 3434 2619 steriliora
3464 2568 3636 2618 erunt

1932 2677 2060 2731 qua:
2090 2660 2159 2714 de
2212 2660 2417 2712 ultima
2477 2657 2604 2709 vitae
2639 2657 2691 2710 S.
2760 2655 2983 2708 Henrici
3054 2654 3320 2723 periocha
3378 2651 3632 2705 ordinari

1931 2752 2243 2818 poterunt;
2292 2746 2465 2815 idque
2509 2744 2824 2799 dolendum
2879 2742 3185 2814 imprimis,
3269 2743 3632 2811 Chronogra-

1932 2836 2113 2905 phum
2157 2834 2437 2887 Saxonem
2471 2832 2575 2884 sub
2609 2831 2800 2900 ipsum
2859 2830 3211 2900 principium
3250 2834 3369 2883 toto
3405 2845 3554 2882 anno
3600 2845 3632 2881 a

1930 2939 2063 2977 vera
2094 2920 2465 2991 chronologia
2499 2919 2819 2983 deﬂectere,
2852 2919 2990 2971 dum
3040 2934 3105 2971 ea
3161 2934 3291 2987 qua:
3346 2916 3634 2969 Ditmarus

1933 3016 2083 3064 recte
2116 3014 2173 3063 et
2223 3014 2376 3062 certo
2428 3023 2578 3060 anno
2642 3008 2777 3059 1018
2837 3004 3218 3075 consignavit,
3258 3004 3377 3074 ipse
3426 3003 3495 3057 ad
3553 3019 3635 3056 se-

1936 3100 2367 3168 quentemltll‘.)
2408 3110 2710 3166 perperam
2766 3094 3014 3160 reduxit,
3062 3101 3123 3146 ut
3198 3109 3263 3146 ex
3312 3086 3512 3162 primis
3571 3096 3626 3144 et

1939 3185 2156 3239 ultimis
2210 3186 2334 3253 ejus
2387 3183 2571 3237 verbis
2623 3183 2745 3253 jam
2797 3183 2925 3236 faxo
2985 3181 3294 3250 intelligas.
3343 3203 3369 3229 α
3419 3183 3624 3243 Caesar,

1933 3274 2143 3345 inquit,
2174 3292 2208 3328 a
2241 3273 2569 3342 Bavenberg
2624 3287 2889 3343 pergens,
2943 3287 3047 3341 per
3104 3270 3423 3339 Wirciburg
3475 3270 3631 3323 venit

1937 3361 2434 3427 Franckenvorde,
2491 3360 2591 3413 ubi
2651 3360 2908 3414 Natalem
2980 3358 3206 3412 Domini
3256 3359 3411 3426 regio
3466 3373 3624 3410 more

1934 3452 2174 3520 peregit.
2240 3471 2266 3501 »
2318 3451 2397 3503 Ita
2450 3449 2545 3502 ille
2590 3464 2875 3513 exerrans,
2946 3464 3077 3501 nam
3129 3446 3628 3500 Circumcisionem

1935 3539 2105 3591 etiam
2141 3537 2365 3592 Domini
2406 3540 2461 3589 et
2484 3536 2896 3606 Teophaniam,
2955 3552 3069 3589 non
3133 3551 3284 3587 anno
3339 3538 3470 3589 1019
3534 3534 3629 3588 sed

1942 3629 2070 3679 lOl7
2116 3625 2471 3681 Francot'urti
2519 3625 2834 3677 celebrasse
2866 3631 3123 3677 sanctum
3198 3624 3627 3690 Imperatorem,

1935 3731 1999 3765 ex
2061 3716 2260 3767 ordine
2322 3718 2377 3766 et
2435 3714 2587 3765 ﬂuxu
2650 3728 2842 3765 rerum
2931 3716 3101 3780 atque
3186 3711 3631 3779 expressissimis

1941 3800 2180 3854 Ditmari
2227 3799 2493 3853 terminis
2539 3799 2903 3867 paragrapho
2967 3796 3311 3865 praecedenti
3374 3796 3627 3849 ostendi-

1937 3905 2093 3954 mus;
2126 3895 2179 3942 et
2234 3904 2451 3954 rursus,
2513 3901 2664 3953 szrpe
2716 3885 3011 3938 laudatum
3070 3883 3389 3936 Ditmarum
3449 3888 3504 3937 et
3554 3884 3629 3936 vi-

1934 3977 2105 4031 vendi
2131 3985 2184 4031 et
2214 3973 2497 4030 scribendi
2528 3973 2702 4025 tinem
2732 3971 2949 4037 fecisse,
3010 3976 3072 4023 ut
3103 3969 3252 4039 apud
3327 3971 3629 4039 scriptores

1936 4065 2151 4133 passim
2194 4079 2391 4118 omnes
2423 4062 2479 4115 in
2535 4060 2793 4113 confesso
2844 4064 2948 4124 est,
3006 4064 3203 4112 contra
3247 4075 3420 4128 quam
3478 4059 3629 4112 idem

1936 4154 2416 4223 Chronograplius
2445 4152 2606 4214 Saxo,
2666 4149 2737 4203 ad
2796 4149 3011 4202 dictum
3053 4147 3162 4217 ipsi
3216 4162 3430 4200 annum
3496 4151 3628 4202 1019

1937 4240 1995 4293 in
2036 4240 2149 4294 ﬁne
2179 4239 2385 4294 subdat
2423 4258 2450 4289 α
2509 4238 2623 4291 Pias
2675 4237 2970 4290 memoriae
3003 4236 3363 4290 Thietmarus
3419 4236 3632 4307 episco-

1938 4345 2046 4399 pus
2068 4326 2547 4397 Merseburgensis
2575 4324 2843 4396 migravit
2865 4327 2932 4379 ad
2960 4324 3270 4379 Christum.
3310 4344 3336 4375 n
3360 4327 3431 4377 At
3476 4325 3630 4378 enim

1938 4433 2029 4470 res
2086 4420 2205 4470 tota
2251 4417 2404 4469 salva
2457 4414 2731 4484 persistit,
2792 4413 2840 4466 si
2890 4413 3011 4466 sola
3068 4414 3164 4465 iiat
3229 4414 3629 4467 transmutatio

1940 4519 2244 4569 annorum,
2312 4503 2456 4556 forte
2506 4501 2949 4555 amanuensium
3005 4502 3260 4554 socordia
3320 4518 3622 4571 perperam

1938 4591 2315 4661 signatorum,
2341 4590 2493 4660 quod
2543 4606 2606 4643 ex
2636 4589 2871 4642 confuso
2902 4589 3247 4657 praecedenti
3280 4605 3517 4655 canone,
3563 4591 3632 4645 de

1939 4696 2054 4750 quo
2093 4679 2352 4749 proxime
2380 4678 2770 4741 meminimus,
2811 4677 3147 4746 proﬂuxisse
3188 4677 3630 4733 existimandum

1939 4770 2041 4820 est.
3614 4820 3617 4821 ν

2018 4856 2133 4908 144.
2166 4856 2267 4909 Ast
2299 4853 2379 4907 ibi
2432 4868 2592 4906 error
2641 4868 2754 4905 non
2804 4852 2969 4919 sistit,
3018 4854 3217 4907 eodem
3273 4853 3429 4908 enim
3460 4872 3631 4924 passu

1939 4942 2323 5011 procedendo,
2358 4958 2487 5012 qua:
2519 4941 2590 4994 ad
2635 4957 2832 4994 verum
2889 4956 3105 4994 annum
3160 4943 3294 4995 1019
3350 4948 3632 5011 spectant,

1941 5031 2046 5084 sub
2103 5030 2395 5101 sequentis
2451 5028 2586 5082 anni
2639 5030 2773 5082 1020
2806 5029 2972 5082 titulo
3019 5030 3290 5082 collocata
3329 5033 3479 5096 sunt,
3512 5030 3633 5100 ipse

1946 5117 2221 5171 nimirum
2274 5116 2562 5170 Benedicti
2611 5116 2723 5170 PP.
2776 5118 2889 5171 VIII
2950 5116 3320 5184 Bambergam
3350 5117 3417 5169 ad
3453 5117 3632 5171 Caesa-

1942 5222 2063 5260 rem
2117 5206 2412 5273 adventus,
2448 5221 2620 5275 quem
2672 5205 2984 5258 certissime
3014 5208 3233 5256 constat
3289 5220 3440 5258 anno
3500 5209 3632 5260 1019

1942 5294 2270 5363 contigisse,
2302 5298 2367 5347 ut
2413 5294 2626 5346 habent
2676 5292 2926 5346 Annales
2960 5291 3432 5361 Hildesemenses,
3464 5294 3635 5347 breve

1943 5379 2264 5435 Chronicon
2338 5380 2814 5448 Wirciburgense,
2874 5380 3231 5433 Hermannus
3300 5379 3635 5433 Contractus

1948 5467 2278 5522 Lambertus
2359 5465 2924 5536 Schafnaburgensis.
3042 5466 3325 5520 Marianus
3414 5468 3633 5532 Scotus,

1950 5556 2070 5609 'v'ita
2100 5555 2154 5610 S.
2189 5554 2505 5609 Meinwerci
2531 5554 2589 5608 in
2617 5551 2771 5607 Actis
2821 5570 2847 5605 ν
2891 5552 3047 5607 Junii
3098 5570 3231 5624 pag.
3290 5557 3415 5621 538,
3474 5570 3632 5609 num.
