4058 6216
414 381 480 433 83
1718 378 1773 433 8.
1825 377 2107 433 Ηεκιυω

2319 376 2618 432 ItATORIS
3884 378 3950 432 84

415 505 504 567 82,
555 507 611 558 et
656 508 876 558 veteres
921 502 1135 574 passim
1187 517 1316 557 cum
1372 503 1715 569 Hofmanno,
1769 518 1912 573 quos
1952 507 2105 556 recte
2135 505 2179 556 A
2218 501 2481 556 meminit
2545 505 2741 556 auctor
2822 500 2963 556 Vitae
3047 501 3234 573 primo
3311 501 3435 556 loco
3515 500 3716 556 datus.

411 596 644 647 secutus
670 596 753 647 est
817 593 1116 656 Baronius,
1178 596 1375 646 contra
1418 591 1798 660 Sigebertum,
1889 591 2110 644 Alberi-

415 695 546 733 cum
573 686 631 732 et
671 679 969 749 pauciores
1021 679 1182 741 alios,
1231 679 1568 750 sequacibus
1621 683 1816 732 tamen
1847 678 1965 732 suis
1998 695 2111 731 non

413 775 692 822 carentes.
748 769 984 822 Interim
1039 784 1168 838 quas
1232 773 1364 820 ante
1415 767 1891 838 augustissimum
1983 784 2113 820 con-

415 873 676 926 gressum
738 873 772 911 a
828 857 1046 911 Caesare
1116 873 1184 910 eo
1235 871 1385 910 anno
1433 861 1593 926 gesta
1653 862 1786 909 sunt
1847 856 2115 909 adversus

419 945 776 999 Bernardum
868 937 1125 998 Saxoniee
1224 943 1427 998 ducem
1511 945 1746 1013 exponit
1828 944 2112 998 Shatonus

417 1038 609 1086 noster
658 1049 723 1086 ex
782 1032 906 1086 Vita
957 1033 1010 1086 S.
1070 1031 1404 1095 Meinwerci,
1468 1049 1590 1102 cap.
1657 1035 1737 1096 11,
1797 1047 1956 1086 num.
2023 1037 2111 1097 81,

417 1121 520 1176 ubi
540 1121 729 1175 denuo
762 1120 876 1174 imo
908 1137 1011 1191 per
1040 1125 1217 1174 totam
1275 1137 1403 1175 eam
1467 1121 1790 1189 Legendam
1825 1121 2115 1174 observari

415 1213 603 1279 potest
673 1209 1123 1278 propensissima
1206 1208 1591 1278 Imperatricis
1670 1207 1732 1261 in
1816 1208 2114 1262 ecclesiam

418 1297 946 1351 Paderbornensem
1012 1297 1408 1359 beneficentia,
1466 1315 1500 1350 a
1575 1295 1803 1349 laudato
1841 1297 2116 1350 Schateno

418 1401 486 1439 ex
546 1383 956 1453 diplomatibus
999 1388 1466 1437 commonstrata.
1497 1384 1759 1436 Ceterum
1809 1389 1966 1437 extra
1992 1401 2121 1438 con-

419 1472 760 1526 troversiam
794 1471 1087 1541 ponimus,
1119 1473 1331 1542 Papam
1390 1470 1760 1524 Benedictum
1793 1472 2122 1542 Bambergze

424 1577 457 1614 a
491 1561 552 1614 8.
623 1559 860 1613 Henrico
893 1565 1190 1630 exceptum
1231 1574 1384 1612 anno
1440 1575 1592 1629 saepe
1625 1559 1776 1612 dicto
1813 1562 1969 1627 1019,
2022 1577 2120 1614 cu-

420 1650 516 1718 jus
545 1647 870 1717 ingressum
902 1652 956 1700 et
1014 1647 1324 1700 solenniter
1355 1652 1478 1700 acta
1543 1643 1810 1700 describit
1863 1645 2124 1716 Legenda

426 1754 552 1807 cap.
608 1738 698 1801 23,
740 1736 1142 1806 chronologice
1172 1736 1380 1790 iterum
1429 1733 1649 1799 infelix,
1677 1734 1828 1805 quod
1864 1735 2122 1787 ultimam

427 1824 622 1881 Sancti
676 1825 734 1877 in
803 1823 1023 1878 Italiam
1075 1824 1468 1878 excursionem
1514 1822 1786 1876 adventui
1837 1821 2124 1876 Benedicti

433 1915 538 1968 PP.
594 1911 654 1965 in
713 1911 1078 1966 Germaniam
1129 1911 1465 1982 praemittat,
1541 1927 1674 1965 cum
1741 1915 1858 1964 toto
1947 1911 2130 1964 ferme

430 2001 680 2055 triennio
733 2001 1106 2070 prazcesserit,
1154 2006 1215 2054 ut
1262 2016 1328 2054 ex
1398 1999 1770 2070 sequentibus
1833 1997 2130 2052 manifeste

432 2089 669 2160 patebit.
719 2090 857 2153 Qua:
923 2094 1117 2142 autem
1174 2088 1234 2142 in
1304 2105 1372 2142 ea
1427 2088 1552 2142 Vita
1605 2090 1997 2141 memorantur
2042 2087 2132 2139 hic

434 2177 650 2232 anubis
671 2177 1042 2231 describenda
1093 2193 1209 2230 non
1261 2182 1424 2241 sunt;
1488 2177 1768 2230 nonnulla
1831 2175 1965 2229 hinc
2000 2174 2131 2228 inde

434 2265 584 2335 apud
623 2265 1007 2319 Hofmannum
1040 2265 1144 2318 col.
1166 2265 1233 2317 54
1263 2263 1542 2333 explicata
1570 2262 1844 2316 invenies.

508 2354 625 2407 145.
669 2353 758 2408 Sic
803 2352 998 2423 paucis
1029 2352 1511 2422 Chronographus
1542 2351 1684 2405 Saxo
1719 2367 1732 2404 :
1775 2373 1795 2399 ι
1853 2348 2130 2403 Dominus

438 2443 589 2512 Papa
646 2441 985 2496 Benedictus
1028 2456 1159 2495 cum
1224 2440 1466 2494 Henrico
1515 2441 1867 2510 Imperatore
1909 2453 2129 2492 cuinam

442 2528 817 2593 Dominicam,
860 2528 1166 2599 ipsumque
1225 2527 1493 2582 Paschale
1547 2527 1756 2581 festum
1811 2527 1872 2579 in
1925 2527 2132 2578 Baven-

436 2618 578 2688 berg
649 2617 874 2672 decenti
923 2617 1104 2670 fertur
1164 2616 1473 2670 excoluisse
1534 2615 1871 2681 ministerio,
1937 2613 2132 2682 ibique

445 2706 808 2777 Imperatoris
857 2722 920 2758 ac
952 2705 1276 2774 principum
1309 2703 1502 2757 debito
1548 2703 1956 2774 obsequiorum
1989 2701 2127 2765 ritu,

439 2792 755 2846 honorifice
809 2807 874 2844 ac
931 2790 1236 2861 multiplici
1271 2806 1443 2860 opum
1500 2788 1667 2858 copia
1713 2788 1976 2850 donatus,
2036 2788 2132 2840 du~

439 2881 656 2934 minam
704 2879 904 2934 mundi
953 2879 1194 2932 Romam
1246 2878 1499 2948 locuples
1539 2892 1602 2929 ac
1633 2891 1824 2945 sospes
1853 2874 2067 2928 revisit.
2103 2896 2130 2920 υ

442 2967 729 3032 Quamdiu
766 2966 1098 3035 Bamberga:
1145 2967 1529 3018 commoratus
1584 2963 1675 3027 sit,
1718 2969 1818 3016 aut
1837 2979 1952 3033 quo
1993 2978 2134 3032 pra:-

3801 501 3950 555 Rem

2221 589 2492 660 adoptare
2561 589 2786 644 videtur
2861 589 3221 645 Mabillonius
3302 606 3438 660 pag.
3529 591 3659 655 301,
3721 589 3834 644 ubi
3884 605 3951 644 ex

2222 678 2392 732 citata
2421 677 2672 748 epitome
2725 678 3018 733 inducitur
3057 679 3119 733 8.
3166 678 3469 745 Henricus,
3501 683 3795 749 tanquam
3850 679 3951 750 qui

2224 765 2639 820 monasterium
2669 766 2961 835 ingressus
2988 767 3142 821 hunc
3200 767 3520 821 Psalmistm
3581 767 3951 822 versiculum

2225 855 2528 926 protulerit
2561 871 2573 908 :
2632 875 2658 906 α
2715 857 2840 908 ιίςνα
2898 855 3125 926 requies
3158 871 3287 908 mea
3318 855 3373 908 in
3403 856 3684 909 saxulum
3719 855 3949 918 saeculi,

2224 942 2315 996 hic
2345 943 2614 996 habitabo
2643 985 2656 1010 ,
2691 945 2962 1014 qUouiun
3014 943 3162 1012 elegi
3210 959 3360 998 eam.
3427 963 3450 993 ι
3506 948 3579 998 At
3637 944 3953 1014 professio-

2226 1046 2358 1084 nem
2385 1031 2640 1084 emisisse
2703 1030 2831 1085 istic
2869 1047 2987 1084 non
3049 1031 3291 1096 dicitur;
3324 1031 3419 1084 sed
3447 1033 3643 1084 solum
3703 1031 3947 1084 deside-

2227 1119 2376 1172 rium
2407 1118 2720 1173 ostendisse
2778 1117 3160 1172 monasticum
3215 1118 3476 1172 habitum
3551 1119 3945 1190 suscipiendi,

2225 1206 2318 1260 cui
2373 1206 2691 1278 reposuerit
2770 1212 2996 1261 sanctus
3055 1208 3244 1261 Abbas
3291 1223 3304 1260 :
3355 1208 3622 1261 volumus
3684 1225 3835 1279 ergo
3896 1214 3951 1263 et

2229 1295 2616 1366 praecipimus,
2670 1300 2733 1349 ut
2777 1295 2850 1348 ad
2893 1295 3334 1365 gubernandum
3369 1295 3531 1348 tibia
3592 1297 3716 1349 Deo
3778 1312 3946 1349 com-

2233 1383 2469 1436 missum
2516 1383 2823 1454 imperium
2863 1384 3080 1437 redeas.
3123 1383 3284 1447 Quod
3321 1399 3386 1436 ex
3413 1383 3751 1437 obedientia
3793 1399 3950 1454 pra:-

2233 1471 2380 1525 stitit
2421 1472 2760 1541 Imperator,
2803 1471 3069 1542 deinceps
3102 1471 3160 1524 in
3199 1470 3253 1525 S.
3289 1471 3665 1524 Benedictum
3697 1471 3951 1542 ejusque

2233 1559 2502 1615 Ordinem
2553 1559 2802 1630 amplius
2831 1559 2997 1612 solito
3027 1559 3283 1612 affectus.
3314 1560 3455 1613 Item
3487 1575 3606 1612 non
3630 1558 3948 1630 impugno,

2236 1647 2343 1702 etsi
2373 1663 2497 1700 eam
2519 1648 2590 1702 ab
2620 1647 2745 1700 aliis
2765 1649 3033 1717 rejectam
3085 1646 3344 1700 noverim
3380 1661 3392 1699 :
3425 1646 3482 1700 id
3561 1646 3681 1701 dici
3738 1651 3951 1718 potest,

2237 1751 2452 1789 annum
2483 1740 2581 1790 aut
2613 1741 2840 1806 tempus
2895 1751 3010 1806 quo
3041 1751 3108 1788 ea
3145 1734 3453 1804 contigerit
3504 1734 3802 1789 hactenus
3866 1735 3954 1790 in-

2236 1829 2458 1878 certum
2489 1839 2634 1877 esse.

2313 1912 2430 1965 147.
2477 1913 2642 1964 Anno
2700 1909 2961 1981 sequenti
3023 1911 3156 1964 1020
3228 1914 3381 1964 recte
3430 1909 3768 1979 aftiguntur
3818 1926 3950 1981 qua)

2239 2001 2435 2051 narrat
2453 2003 2651 2050 auctor
2681 1997 2820 2052 Vita:
2849 1998 2905 2051 S.
2939 1997 3254 2050 Meinwerci
3285 2013 3409 2068 cap.
3446 2001 3530 2063 1‘2,
3592 2014 3734 2068 pag.
3797 2001 3906 2052 539
3939 2014 3952 2050 :

2243 2106 2265 2134 ι
2324 2084 2598 2155 Sequenti
2657 2101 2808 2138 anno
2864 2089 2992 2154 post
3035 2085 3233 2138 Natale
3290 2083 3539 2148 Domini,
3597 2086 3958 2154 Imperator,

2237 2178 2525 2227 commoto
2581 2173 2854 2239 exercitu,
2932 2171 3202 2226 comitem
3280 2171 3593 2242 quemdam
3677 2171 3958 2225 Ottoneni

2238 2262 2431 2315 saeculi
2475 2261 2752 2330 dignitate
2804 2277 2924 2315 non
2989 2259 3295 2313 minimum
3372 2259 3855 2330 praepollentem,
3900 2259 3958 2312 in

2238 2354 2420 2403 castro
2452 2349 2607 2419 quod
2639 2349 2847 2402 dicitur
2876 2348 3255 2413 llamerstein,
3299 2346 3470 2401 situm
3541 2363 3724 2416 supra
3762 2348 3954 2402 Rheni

2243 2438 2417 2502 littus,
2493 2437 2736 2501 obsedit,
2803 2460 2820 2483 ι
2876 2444 3111 2506 propter
3181 2436 3303 2504 ejus
3366 2435 3521 2488 varia
3567 2435 3846 2489 facinora
3901 2436 3957 2489 in

2241 2525 2576 2596 episcopum
2611 2524 3010 2595 Moguntinum
3067 2528 3127 2577 et
3176 2524 3323 2577 alios
3354 2527 3711 2593 perpetrata,
3753 2528 3823 2578 ut
3877 2523 3959 2578 ibi

2240 2613 2423 2666 fusius
2479 2611 2786 2666 deductum
2858 2610 3135 2664 invenies.
3187 2611 3268 2664 Ad
3324 2611 3381 2664 id
3431 2610 3653 2664 bellum
3713 2617 3960 2665 vocatus

2239 2701 2296 2755 S.
2359 2699 2690 2754 Heribertus
2735 2698 3112 2766 Coloniensis,
3168 2715 3300 2752 cum
3369 2715 3426 2752 se
3485 2699 3560 2752 ob
3642 2699 3959 2753 molestam

2241 2787 2446 2844 febrim
2479 2802 2610 2840 cum
2648 2803 2761 2857 qua
2790 2786 3223 2840 conﬂictabatur
3251 2793 3598 2850 excusasset,
3651 2791 3710 2840 et
3753 2789 3958 2842 omnia

2243 2877 2475 2929 suborta
2508 2878 2658 2942 sunt,
2693 2891 2822 2944 quae
2861 2873 3044 2928 videri
3100 2878 3341 2944 possunt
3411 2879 3467 2926 et
3494 2875 3622 2926 loco
3654 2873 3867 2934 citato,
3901 2881 3958 2930 et

2241 2962 2300 3015 in
2333 2962 2455 3033 ipsa
2535 2963 2589 3016 8.
2653 2961 2933 3016 Heriberti
2964 2961 3086 3014 Vita
3115 2961 3184 3014 ad
3213 2977 3299 3014 xvr
3334 2960 3517 3014 Martii
3548 2976 3727 3032 pagg.
3758 2964 3870 3015 472
3902 2968 3958 3016 et

441 3059 553 3110 cise
579 3061 838 3124 tempore
865 3052 934 3105 ad
968 3051 1198 3122 propria
1245 3049 1582 3104 remeaverit
1634 3049 1891 3104 Pontifex
1933 3050 2126 3119 explo-
2169 3057 2210 3112 C
2242 3051 2365 3116 485,
2419 3054 2485 3103 ut
2523 3049 2592 3103 de
2644 3048 2734 3103 his
2781 3049 2919 3103 nihil
2966 3049 3055 3102 hic
3109 3048 3413 3103 dicendum
3464 3049 3739 3118 supersit.
3783 3050 3962 3105 Addit

443 3149 633 3198 ratum
669 3158 786 3194 non
844 3141 1056 3208 habeo;
1152 3138 1419 3191 reducem
1487 3137 1660 3191 fuisse
1727 3142 1952 3207 oportet
2001 3142 2131 3191 ante

441 3244 700 3285 mensem
758 3225 1156 3290 Novembrem,
1212 3239 1342 3277 cum
1404 3223 1676 3276 Baronius
1724 3223 1979 3292 diploma
2064 3239 2132 3276 eo

445 3333 639 3372 mense
670 3313 995 3386 expeditum
1023 3311 1306 3367 exhibeat.
1358 3310 1501 3375 Quid
1555 3327 1726 3381 porro
1756 3311 1938 3380 egerit
1989 3312 2133 3365 Hen-

444 3407 595 3460 ricus
651 3408 772 3457 toto
832 3401 1056 3471 reliquo
1116 3400 1224 3453 isto
1275 3415 1443 3462 anno,
1489 3397 1807 3451 innumeris
1862 3399 2135 3452 monstris

443 3495 594 3564 apud
625 3490 1140 3560 Chronographum
1179 3487 1500 3550 nobilitate,
1555 3486 1759 3556 collige
1804 3503 1872 3540 ex
1917 3486 2137 3556 adjecta

443 3577 725 3651 Sigeberti
770 3576 1044 3632 Chronico
1100 3575 1172 3628 ad
1194 3590 1326 3628 eum
1403 3589 1618 3626 annum
1667 3596 1686 3620 ι
1741 3573 1990 3626 secunda
2043 3573 2136 3626 in—

443 3669 708 3723 cursione
756 3665 947 3720 hostili
990 3664 1270 3718 exercitus
1315 3663 1466 3730 regis
1521 3662 1746 3715 Henrici
1807 3661 1868 3715 in
1915 3662 2135 3715 Gauda-

441 3773 575 3811 vum
609 3757 782 3810 Nonis
813 3752 1076 3824 Augusti,
1111 3774 1138 3801 ››
1186 3768 1316 3824 qua:
1363 3756 1497 3804 sunt
1550 3749 1837 3820 ipsissima
1891 3748 2138 3803 Alberici

441 3847 633 3908 verba,
668 3860 795 3898 cum
829 3842 1086 3913 pluribus
1117 3841 1186 3895 de
1246 3839 1546 3910 Rudolpho
1604 3838 1949 3908 Burgundite
2002 3853 2136 3907 rege

443 3950 510 3989 ex
547 3932 844 4003 Sigeberto
874 3929 1194 4000 descriptis,
1243 3945 1374 3998 qua).
1434 3933 1627 3981 tamen
1678 3927 1748 3980 ab
1805 3925 1930 3979 aliis
1984 3926 2136 3979 refu-

441 4027 658 4079 tantur.
707 4019 794 4074 Λᾶ
851 4017 1238 4072 incursionem
1283 4015 1641 4068 Gandensem
1699 4013 1848 4083 quod
1913 4014 2135 4077 attinet,

443 4125 567 4162 eam
597 4109 676 4160 ita
703 4106 943 4176 explicat
991 4105 1246 4173 Meyerus
1277 4101 1336 4154 in
1389 4101 1706 4155 Annalibus
1743 4117 1755 4153 :
1789 4123 1810 4147 ι
1865 4101 2140 4154 Henricus

443 4199 630 4252 Caesar
659 4194 866 4246 iterum
899 4192 1230 4245 Gaudavum
1267 4206 1451 4256 usque
1491 4189 1756 4241 hostilem
1783 4187 1843 4240 in
1868 4189 2140 4242 Flandros

441 4284 574 4338 fecit
611 4280 1004 4334 excursionem
1065 4293 1258 4330 mense
1309 4279 1584 4345 Augusto,
1609 4275 1667 4328 in
1697 4291 1810 4345 qua
1843 4276 2135 4346 Epponem

442 4379 500 4426 et
528 4373 813 4427 Canonem
847 4371 1087 4439 nepotes
1123 4363 1485 4436 Imperatoris
1525 4363 1857 4417 occubuisse
1907 4365 2053 4434 lego.
2104 4386 2132 4411 υ

445 4463 530 4514 An
549 4460 670 4513 haec
694 4457 763 4510 de
801 4455 856 4510 S.
892 4453 1118 4509 Henrici
1150 4453 1454 4524 nepotibus
1492 4452 1627 4506 satis
1684 4458 1835 4506 certa
1891 4452 2005 4506 sint
2055 4453 2132 4507 fa-

441 4553 568 4603 teor
598 4561 691 4601 me
743 4544 1057 4616 plurimum
1089 4542 1372 4609 dubitare,
1432 4555 1619 4612 neque
1650 4539 1749 4594 ubi
1777 4541 1900 4594 haec
1929 4541 2135 4611 legerit

443 4639 698 4708 Meyerus
728 4634 1016 4704 integrum
1049 4636 1134 4686 est
1159 4633 1474 4701 explorare.

516 4727 634 4780 146.
701 4724 1061 4776 Postremum
1116 4720 1288 4790 hujus
1346 4717 1482 4772 anni
1506 4717 1816 4772 articulum
1871 4717 2131 4786 impleat,

441 4813 592 4886 quod
645 4809 940 4866 Albericus
970 4808 1178 4873 eidem,
1208 4806 1400 4861 nescio
1447 4822 1561 4876 quo
1616 4805 2132 4874 fundamento,:in-

440 4901 618 4958 nectit
650 4917 663 4954 :
697 4919 725 4950 α
784 4899 860 4953 De
891 4896 1129 4952 Henrico
1189 4897 1538 4965 Imperatore
1572 4900 1861 4960 narratur,
1917 4898 1974 4946 et
2001 4893 2134 4947 scri-

439 4997 599 5063 ptum
650 4987 954 5059 reperitur,
988 4983 1146 5054 quod
1201 4982 1394 5037 abbati
1445 4982 1730 5036 Richardo
1792 4982 2135 5035 Virdunensi

438 5078 848 5150 professionem
886 5072 1100 5136 fecerit,
1136 5077 1194 5124 et
1225 5073 1348 5141 ejus
1379 5070 1619 5124 consilio
1663 5087 1721 5124 se
1759 5075 1940 5124 totum
1971 5086 2132 5123 com-

442 5167 685 5232 miserit,
742 5165 936 5218 volens
980 5159 1132 5232 apud
1178 5159 1234 5212 8.
1300 5157 1563 5211 Vitonem
1615 5158 1932 5210 monachus
1988 5157 2133 5222 ﬁeri,

441 5254 535 5307 sed
566 5259 792 5306 sanctus
847 5250 1024 5304 abbas
1079 5247 1391 5302 Richardus
1441 5245 1647 5300 virtute
1694 5245 2035 5299 obedientiaa
2084 5245 2137 5298 ei

443 5340 713 5411 injunxit,
768 5355 839 5392 ne
901 5337 1209 5409 imperium
1267 5335 1582 5390 dimitteret
1603 5334 1857 5404 quandiu
1903 5333 2132 5399 viveret,

442 5437 500 5484 et
554 5429 634 5482 ita
710 5444 842 5481 eum
897 5428 967 5480 ad
1004 5426 1314 5497 imperium
1386 5422 1622 5477 remisit.
1669 5445 1695 5471 ››
1755 5422 1951 5476 Simile
1994 5422 2133 5494 quid

444 5519 653 5588 legitur
674 5517 730 5570 in
777 5515 1027 5587 epitome
1079 5515 1218 5568 Vitae
1249 5531 1312 5567 ex
1347 5511 1613 5568 Menardo
1646 5514 1701 5565 et
1733 5511 2133 5582 Wassehurgio

443 5608 510 5661 ad
555 5622 604 5657 Vl
657 5604 832 5667 Junii,
875 5619 1000 5673 pag.
1039 5605 1191 5664 1003,
1224 5619 1382 5655 unm.
1419 5605 1472 5667 6,
1514 5600 1582 5654 de
1624 5617 1736 5669 quo
1788 5603 1977 5653 tamen
2009 5616 2124 5654 non

2247 3136 2599 3190 Hofmannus
2663 3135 2768 3190 hoc
2837 3151 2986 3190 anno
3037 3136 3308 3204 (Annales
3368 3135 3807 3190 Hildesemense
3871 3153 3958 3191 se-

2245 3230 2515 3294 quentem
2555 3227 2773 3290 notant)
2824 3223 3148 3277 vehementi
3191 3227 3358 3277 terrae
3391 3228 3551 3277 motu
3608 3239 3956 3279 concussam

2247 3312 2560 3374 Bavariam,
2596 3317 2650 3364 et
2680 3311 2966 3382 praecipua
2995 3311 3153 3366 clade
3201 3310 3493 3365 ecclesiam
3553 3311 3957 3367 Basileensem

2247 3400 2560 3454 admodum
2615 3399 3058 3454 labefactatam:
3123 3400 3272 3470 quod
3329 3419 3356 3449 (ι
3414 3399 3841 3454 detrimentum
3874 3419 3959 3455 re-

2247 3487 2455 3540 sarcire
2506 3486 2740 3556 cupiens
2834 3487 3127 3548 Henricus,
3186 3486 3450 3557 sequenti
3535 3503 3693 3541 anno
3784 3489 3954 3544 ΜΧΧΙ

2251 3575 2529 3629 Basileam
2587 3574 2766 3640 venit,
2827 3580 2884 3628 et
2936 3575 3112 3628 totius
3158 3575 3396 3628 ecclesia
3459 3574 3670 3628 malam
3733 3575 3808 3630 ad
3853 3593 3947 3630 xlv

2246 3679 2496 3734 passusa
2547 3662 2731 3717 Rheni
2781 3662 2907 3732 ripa
2954 3663 3270 3729 transtulit,
3321 3668 3379 3716 et
3416 3661 3731 3717 fortissimo
3777 3679 3951 3718 muro

2249 3751 2438 3806 ruenti
2467 3751 2664 3822 aggeri
2718 3751 3001 3822 opposito,
3050 3767 3174 3805 eam
3230 3751 3292 3804 in
3339 3753 3582 3805 formam
3626 3753 3818 3806 multo
3867 3770 3960 3808 ve-

2247 3840 2561 3894 nustiorem
2593 3844 2649 3892 et
2696 3840 3010 3893 firmiorem
3044 3839 3310 3904 restituit,
3345 3844 3400 3892 et
3421 3839 3608 3903 nonis,
3653 3840 3957 3893 Munstero

2247 3934 2413 3986 teste,
2466 3927 2800 3991 ditionibus,
2861 3927 3086 3997 populis
3136 3931 3192 3979 et
3250 3926 3448 3979 castris
3489 3927 3956 3982 cumulatissime

2248 4015 2536 4070 instruxit.
2579 4034 2606 4066 ι)
2665 4016 2871 4069 Eadem
2902 4013 3293 4068 munificentia
3333 4014 3744 4084 Bamhergensi
3776 4019 3954 4070 eccle-

2249 4103 2346 4158 sia:
2374 4108 2511 4157 tunc
2549 4102 2724 4157 etiam
2773 4101 3130 4173 prospexisse
3186 4101 3401 4156 ibidem
3459 4107 3746 4156 memorat
3793 4103 3953 4159 idem

2251 4191 2639 4255 Hofmannus;
2674 4189 3166 4260 quemadmodum
3223 4194 3278 4242 et
3305 4189 3620 4243 Schatenus
3652 4191 3954 4259 productis

2251 4278 2647 4331 instrumentis
2706 4278 3043 4348 comprobat
3098 4293 3227 4349 quas
3273 4277 3334 4330 in
3366 4277 3491 4330 Vita
3527 4277 3582 4331 S.
3628 4277 3957 4333 Meinwerci

2252 4366 2341 4419 vix
2371 4365 2667 4420 credibilia
2693 4365 3044 4420 viderentur.

2319 4460 2436 4513 148.
2474 4458 2641 4514 Redit
2668 4459 2741 4513 ad
2772 4459 2958 4530 justos
2983 4459 3230 4513 calculos
3276 4458 3762 4530 Chronographus
3804 4463 3956 4518 Saxo

2245 4546 2536 4600 nonnullis
2563 4546 2656 4600 hic
2693 4546 2832 4600 locis
2867 4546 3124 4605 mutilus.
3154 4547 3316 4617 cujus
3346 4549 3424 4600 rei
3467 4547 3727 4616 primum
3759 4553 3956 4619 speci—

2244 4649 2377 4687 men
2422 4638 2527 4700 est,
2569 4633 2726 4704 quod
2776 4649 3016 4702 annum,
3050 4649 3224 4705 quem
3270 4634 3392 4704 jam
3423 4634 3668 4705 ingressi
3718 4653 3952 4693 sumus.

2251 4724 2372 4775 10'21
2407 4721 2486 4775 sic
2516 4720 2800 4791 inceptet:
2835 4741 2863 4772 α
2897 4722 3214 4792 Imperator
3266 4739 3370 4794 pro
3400 4737 3668 4777 concessa
3700 4724 3815 4778 sibi
3867 4727 3957 4781 di-

2244 4808 2454 4863 vinitus
2480 4809 2734 4870 victoria,
2786 4809 2962 4862 Deum
2994 4809 3235 4863 deorum
3271 4809 3580 4864 Dominum
3613 4811 3958 4869 collaudans

2244 4896 2546 4950 Saxoniam
2595 4899 2883 4966 properat,
2943 4896 3362 4950 solemnitatem
3419 4898 3750 4953 Palmarum
3806 4902 3951 4956 Wil-

2242 4984 2389 5039 beke
2415 4991 2769 5056 peracturus,
2800 4985 3124 5056 gaudiaque
3154 4985 3446 5041 Paschalia
3486 4988 3830 5060 Merseburg
3862 4991 3959 5044 de-

2243 5072 2362 5127 bita
2408 5073 2795 5128 celebraturus
2851 5073 3174 5128 devotione.
3233 5075 3347 5128 Hoc
3389 5073 3595 5128 itinere
3642 5077 3957 5132 venerabi-

2245 5160 2355 5214 lem
2382 5161 2742 5216 Heribertum
2774 5160 3264 5230 archiepiscopum
3297 5161 3570 5231 migrasse
3600 5162 3749 5216 felici
3774 5180 3961 5220 cursu

2244 5248 2533 5316 cognovit,
2563 5248 2735 5302 celeri
2776 5249 3076 5302 intimante
3123 5249 3435 5320 legato.....
3503 5250 3746 5304 Emensa
3807 5269 3958 5308 vero

2245 5337 2562 5405 Imperator
2643 5341 2931 5408 Augustus
2987 5337 3246 5391 inchoata
3303 5336 3412 5405 via,
3469 5337 3708 5404 cunctis,
3751 5344 3821 5394 ut
3868 5342 3957 5396 ita

2243 5423 2447 5491 dicam,
2474 5425 2714 5495 Europae.
2746 5425 2945 5496 primis
2975 5425 3046 5478 ad
3077 5441 3209 5478 eum
3249 5425 3690 5490 conﬂuentibus,
3742 5427 3955 5484 diver-

2241 5529 2550 5586 sarumque
2581 5515 2840 5582 gentium
2873 5513 3175 5569 missaticis
3205 5515 3275 5570 ad
3310 5515 3609 5586 imperiale
3665 5517 3795 5587 ejus
3827 5522 3950 5575 ob-

2244 5601 2505 5672 sequium
2541 5601 2792 5672 undique
2847 5603 3300 5672 properantibus,
3360 5610 3786 5658 sacrosanctum
3832 5608 3952 5661 Do-
