4058 6216
163 338 225 391 85
1674 370 1679 377 ι
1831 338 2001 394 ACTA
2012 378 2025 391 .
3618 347 3685 398 86

160 454 387 510 minicae
417 450 858 508 resurrectionis
884 447 1181 521 gaudium,
1233 453 1359 504 toto
1390 449 1511 521 jam
1543 453 1876 508 conridente
1907 458 1948 510 Α
1988 453 2112 507 bus.
2152 472 2178 503 ››
2212 454 2334 506 Non
2356 458 2546 522 potest
2568 453 2662 507 hic
2686 453 2927 509 indicari
2968 456 3269 510 concilium
3300 457 3451 511 aliud
3482 463 3686 528 prater

159 544 398 610 mundo,
442 542 660 596 eximia
688 538 993 595 celebravit
1022 537 1238 607 gloria.
1276 538 1374 592 His
1403 538 1583 609 igitur
1605 542 1874 596 omnibus

155 632 569 687 convenienter
585 627 848 699 expletis,
876 628 1218 696 Imperator,
1237 627 1703 698 Parthenopolim
1737 647 1873 699 pro-

151 723 352 787 fectus,
404 734 601 773 sacros
659 717 781 771 dies
834 717 1197 771 Pentecostes
1238 715 1390 785 apud
1423 715 1873 773 famosissimum

153 810 415 880 ejusdem
494 805 750 861 civitatis
824 802 1315 875 archiepiscopum
1382 804 1686 872 Gerouem,
1755 822 1873 860 non

150 896 415 951 inferiori
474 894 829 965 gaudiorum
881 891 1191 961 dignasque
1252 891 1637 946 venerationis
1680 894 1872 947 studio

150 983 575 1055 gloriosissime
635 981 873 1053 peregit.
927 980 1062 1034 Inde
1107 984 1333 1033 curtem
1374 979 1615 1049 regiam,
1666 982 1868 1036 Alstidi

151 1073 384 1132 dictam,
433 1076 736 1141 repetens.
768 1068 1071 1137 habitoque
1104 1067 1253 1122 inibi
1301 1067 1588 1138 colloquio
1619 1084 1751 1122 cum
1786 1076 1873 1123 to-

151 1162 265 1214 tius
316 1164 555 1213 senatus
618 1157 918 1228 plebisque
947 1171 1250 1221 concursu,
1299 1155 1425 1226 pios
1454 1155 1687 1210 lenitate
1738 1173 1871 1227 per-

151 1248 462 1302 mulcendo
495 1244 797 1316 praedulci,
830 1259 1023 1298 severa
1038 1243 1393 1298 districtione
1424 1259 1547 1297 reos
1572 1244 1868 1298 terrendo.

151 1341 394 1406 totaque
453 1333 746 1387 industria
796 1331 1034 1402 patriam
1092 1331 1431 1396 muniendo,
1488 1331 1641 1384 intra
1695 1331 1875 1400 hujus

150 1423 462 1492 provincia
494 1421 760 1475 civitates
788 1425 969 1472 totum
1012 1418 1175 1473 illum
1213 1435 1430 1473 annum
1459 1418 1703 1472 feliciter
1734 1434 1871 1487 pcr-

147 1512 329 1563 duxit.
370 1530 397 1559 ι)
437 1511 535 1563 llic
566 1508 811 1572 sistitur,
869 1507 1025 1559 nullo
1072 1507 1271 1559 addito
1319 1507 1488 1559 verbo
1519 1507 1589 1559 de
1648 1521 1875 1575 praepa-

145 1600 377 1653 ratione
407 1597 696 1651 exercitus
730 1596 799 1649 ad
839 1594 1264 1647 celeberrimam
1298 1595 1728 1665 expeditionem
1761 1594 1874 1647 Ita-

146 1687 317 1741 licam
349 1686 625 1739 adversus
676 1683 920 1746 Graecos,
955 1697 1202 1752 quorum
1264 1682 1322 1735 in
1374 1681 1563 1735 medio
1594 1683 1871 1737 Sanctum

145 1774 450 1829 constituit
481 1787 635 1825 anno
666 1769 952 1840 sequenti,
984 1775 1049 1823 ut
1080 1786 1208 1823 mox
1239 1770 1515 1824 dicemus.
1637 1843 1639 1846 q

219 1865 343 1917 149.
386 1883 407 1908 ι
466 1857 763 1930 Sequitur,
818 1856 1007 1926 inquit
1048 1857 1337 1922 Baronius,
1385 1874 1575 1912 annus
1618 1858 1870 1912 Redem-

148 1950 327 2023 ptoris
363 1948 555 2004 ΜΧΧΙΙ
589 1945 794 2001 Indict.
853 1960 907 2010 v,
956 1961 1070 2015 quo
1095 1945 1367 1999 Henricus
1407 1947 1758 2018 Imperator,
1797 1947 1873 1999 le-

146 2037 497 2109 gationibus,
555 2037 621 2088 ut
669 2032 922 2086 vidimus
956 2032 1501 2100 Northmannorum,
1556 2038 1743 2103 atque
1801 2034 1872 2088 ab

147 2128 268 2197 ipso
291 2126 552 2180 Romano
582 2121 861 2177 Pontiﬁce
896 2119 1243 2187 cohortatus,
1275 2122 1336 2174 in
1369 2122 1604 2175 Italiam
1641 2135 1699 2173 se
1730 2136 1874 2175 con-

146 2215 277 2269 tulit
342 2213 616 2266 adversus
666 2209 911 2272 Grecos,
962 2223 1065 2260 sua
1102 2208 1222 2277 jam
1274 2210 1542 2278 potentia
1604 2208 1872 2264 Ecclesiae

150 2306 428 2358 Romana:
460 2297 769 2370 pavendos,
809 2295 1133 2349 tremendus
1192 2296 1309 2367 ipse
1339 2298 1619 2351 hostibus
1650 2298 1874 2366 potenti

148 2390 424 2453 exercitu,
458 2402 631 2459 quem
662 2384 929 2447 ducebat,
965 2403 987 2431 ι
1021 2387 1079 2436 ut
1108 2384 1231 2438 vide
1278 2384 1403 2439 istic
1440 2385 1643 2440 fusius
1672 2401 1871 2440 narra-

148 2486 293 2543 tum,
340 2475 693 2541 intermixta,
744 2488 875 2527 cum
908 2472 965 2527 S.
999 2472 1315 2527 Runinaldo
1365 2472 1669 2544 colloquio
1713 2474 1873 2529 aliis-

152 2584 263 2639 que
302 2571 430 2620 tum
459 2564 528 2619 ad
561 2563 803 2630 bellum,
837 2566 959 2615 tum
992 2559 1062 2614 ad
1116 2560 1476 2615 Casinensem
1509 2561 1573 2615 S.
1641 2562 1871 2617 Henrici

151 2650 761 2708 commemorationem
815 2646 1220 2719 spectantibus,
1278 2663 1347 2701 ex
1400 2647 1623 2702 Glabro
1657 2648 1871 2703 Rudol-

152 2742 267 2813 pho
290 2746 349 2795 et
382 2741 568 2793 Leone
612 2736 961 2793 Marsicano‘:
986 2734 1209 2788 brevius
1240 2751 1338 2788 nos
1367 2751 1434 2789 ex
1484 2734 1869 2806 Chronogra-

154 2831 293 2899 pho,
326 2828 432 2898 qui
478 2826 549 2880 ad
599 2824 869 2879 eumdem
902 2838 1115 2876 annum
1161 2823 1345 2876 denuo
1394 2822 1646 2878 mutilus
1696 2824 1773 2877 sis
1801 2825 1870 2879 de

157 2919 378 2973 Caesare
434 2915 588 2986 loqui
641 2912 868 2983 incipit:
906 2934 932 2959 σι
968 2913 1280 2981 Imperator
1316 2913 1385 2965 de
1415 2912 1544 2964 loco
1584 2908 1647 2961 in
1678 2911 1871 2966 locum

158 3003 599 3075 proﬁciscendo,
649 3002 905 3073 primum
942 2999 1070 3053 urbi
1119 2999 1536 3065 munitissimae,
1569 2997 1755 3067 Trojae
1789 3000 1869 3053 vi-
1902 3002 1942 3054 C

158 3094 369 3148 delicat
400 3112 427 3140 ››
462 3090 842 3158 (obsidionem
874 3088 1190 3142 accuratius
1230 3087 1499 3140 describit
1530 3085 1740 3139 Glaber
1770 3088 1867 3142 lib.

163 3200 241 3247 ui,
273 3198 406 3250 cap.
445 3182 503 3249 l)
536 3201 557 3227 ι
584 3180 743 3248 cujus
766 3176 1053 3231 mmnibus
1082 3175 1397 3246 indigenas.
1426 3173 1872 3245 provincialium

159 3269 473 3340 legatione,
510 3266 716 3321 ditioni
747 3266 921 3334 regias
953 3268 1295 3334 cognoverat
1343 3264 1606 3329 rebelles,
1638 3262 1871 3317 bellico-

161 3375 277 3411 sam
308 3356 533 3412 invexit
552 3354 755 3407 aciem.
783 3356 965 3418 Quam
1002 3352 1133 3405 licet
1161 3351 1459 3405 obsidione
1512 3351 1687 3420 longa
1741 3368 1871 3406 suo-

161 3460 414 3515 rumque
435 3443 734 3496 sudore....
779 3441 1103 3505 devincens,
1151 3439 1480 3509 incolasque
1510 3438 1748 3509 hujusce
1775 3446 1874 3494 aut

161 3534 286 3588 neci
342 3530 581 3585 tradens
630 3536 730 3583 aut
780 3532 975 3599 captos
1023 3527 1279 3597 colligari
1336 3527 1695 3599 prmeipiens,
1728 3545 1873 3599 quos

160 3626 330 3674 antea
388 3616 713 3672 contumaci
762 3615 954 3669 animo
1003 3613 1112 3668 sibi
1140 3614 1503 3684 ingemuerat
1534 3614 1867 3681 renitentes,

159 3725 262 3762 suo
314 3704 695 3777 postmodum
726 3702 1003 3770 dominio,
1038 3703 1149 3756 Deo
1180 3708 1541 3772 cooperante,
1586 3703 1874 3773 gaudebat

159 3796 529 3865 subjugatos.
560 3811 589 3842 ιο
610 3792 689 3845 Ad
704 3790 1180 3860 componendam,
1207 3790 1359 3861 quod
1384 3789 1474 3844 hic
1494 3790 1869 3845 intendimus,

160 3889 503 3950 temporum
531 3879 758 3943 seriem,
792 3879 846 3933 id
879 3894 994 3932 non
1030 3877 1336 3931 oscitanter
1366 3878 1654 3931 observari
1676 3878 1869 3943 velim,

163 3971 509 4043 praedictam
537 3967 718 4021 Troize
752 3965 1134 4031 obsidionem,
1168 3965 1301 4019 totis
1323 3965 1504 4019 tribus
1534 3971 1591 4020 et
1624 3966 1872 4036 amplius

166 4056 491 4119 mensibus,
522 4059 663 4106 teste
693 4052 920 4117 Glabro,
952 4051 1238 4117 tenuisse;
1273 4056 1335 4105 ut
1367 4068 1478 4105 non
1510 4052 1645 4105 satis
1673 4067 1870 4123 prom-

167 4151 334 4215 ptum
394 4142 471 4197 sit
525 4140 720 4194 omnia
766 4139 1096 4193 combinare
1148 4155 1273 4209 quas
1316 4155 1466 4192 anno
1517 4145 1679 4210 gesta
1732 4139 1867 4192 scri-

168 4238 365 4302 ptores
407 4232 881 4283 commemorant.
939 4227 1146 4280 Demus
1201 4226 1422 4297 reliqua
1490 4243 1558 4280 ex
1615 4227 1871 4281 Chrono-

166 4319 417 4391 grapho.

244 4409 372 4461 150.
412 4427 435 4454 ι
470 4404 577 4459 Sed
631 4403 720 4457 bis
768 4402 1244 4473 prosperitatibus
1274 4418 1387 4455 non
1428 4403 1629 4469 elatus,
1672 4419 1872 4456 verum

172 4496 273 4551 Dei
306 4492 701 4547 misericordia
728 4490 1022 4560 praeditus,
1055 4490 1385 4559 hujusmodi
1410 4490 1725 4552 victoriam,
1758 4508 1871 4544 non

172 4586 293 4641 suis
313 4584 415 4637 sed
455 4581 678 4637 Domini
700 4579 1007 4635 virtutibus
1028 4578 1374 4643 adscribens,
1409 4580 1681 4634 Romanae
1712 4580 1874 4633 Sedis

172 4674 401 4744 apicem
435 4670 791 4725 acceleravit:
834 4667 933 4722 ubi
989 4666 1345 4738 aliquamdiu
1390 4672 1661 4731 moratus,
1714 4667 1875 4736 regni

174 4762 334 4816 illius
366 4758 740 4830 optimatibus
761 4772 898 4827 pace
920 4758 1220 4827 gratiaque
1241 4755 1330 4809 sui
1354 4754 1654 4821 redimitis,
1678 4755 1875 4808 nivosa

172 4848 413 4919 Alpium
468 4844 763 4898 cacumina
798 4843 976 4897 veloci
1009 4841 1427 4913 transgreditur
1483 4857 1672 4907 cursu,
1720 4846 1877 4893 tanta

175 4933 530 4990 mortalitate
560 4932 881 4999 subsecuta,
911 4947 1040 5000 quas
1068 4929 1159 4984 vix
1194 4935 1290 4983 aut
1319 4929 1645 4982 nullatenus
1677 4945 1875 4983 vocum

176 5024 440 5087 nutibus,
507 5021 593 5077 vel
649 5020 822 5076 etiam
876 5019 1078 5075 ofﬁciis
1133 5018 1264 5089 styli
1330 5018 1515 5071 valeat
1565 5017 1872 5072 enucleari.

177 5113 365 5176 Quam
424 5108 683 5163 videlicet
726 5108 945 5162 cladem
973 5109 1288 5176 Imperator
1315 5108 1606 5175 Augustus
1637 5105 1880 5156 evadens

177 5200 405 5253 caelitus
434 5196 830 5261 obumbratus,
854 5195 950 5249 sed
981 5209 1112 5249 raro
1138 5192 1318 5246 milite
1366 5192 1689 5257 comitatus,
1724 5208 1881 5245 exce-

179 5286 292 5357 ptis
323 5286 417 5339 his
447 5300 589 5355 quos
634 5284 741 5340 sibi
772 5288 954 5337 mater
983 5283 1210 5352 Europa
1252 5280 1604 5335 occurrendo
1634 5280 1880 5334 admise—

181 5381 290 5441 rat,
345 5373 711 5429 Germanicas
748 5370 1008 5443 pervenit
1037 5370 1107 5425 ad
1153 5386 1300 5434 oras,
1334 5385 1723 5440 magnumque
1756 5385 1881 5439 syn-

183 5464 347 5517 odale
376 5461 752 5533 colloquium,
783 5458 1201 5515 conﬂuentibus
1246 5458 1499 5530 undique
1526 5456 1879 5512 diversarum

187 5550 493 5621 regionum
544 5548 821 5620 episcopis
878 5548 936 5601 in
988 5547 1247 5617 partibus
1279 5546 1479 5600 habuit
1516 5545 1883 5599 occidentali-

1982 540 2131 595 istud
2165 540 2322 610 quod
2339 542 2556 595 notavit
2583 542 2879 611 Baronius,
2909 560 3116 613 nempe
3141 545 3681 614 Seligenstadiense,

1980 628 2072 681 cui
2100 627 2149 680 si
2183 626 2446 680 interfuit
2472 627 2525 682 S.
2566 630 2857 698 Henricus,
2897 647 3123 685 necesse
3178 637 3265 684 est
3294 648 3428 686 eum
3459 632 3519 687 in
3547 633 3683 688 Ger-

1987 715 2236 769 maniam
2270 716 2504 769 rediisse
2538 722 2670 771 ante
2705 734 2961 772 mensem
2992 722 3336 788 Augustum,
3387 721 3491 774 sub
3522 722 3684 790 cujus

1983 802 2333 874 principium
2387 802 2647 858 habitum
2686 811 2791 871 est,
2826 812 2887 859 ut
2920 807 3045 861 vide
3078 809 3132 860 in
3183 808 3515 863 collectione
3550 810 3686 863 Lab-

1985 891 2183 952 beana,
2210 891 2317 945 col.
2352 893 2476 946 841i.
2506 892 2650 956 Quid
2681 894 2775 948 SS.
2836 900 3023 948 Aureo
3073 900 3129 949 et
3167 896 3402 951 Justinas
3433 913 3499 951 eo
3534 914 3683 951 anno

1983 978 2293 1032 contulerit
2346 979 2605 1049 Sanctus,
2666 982 2789 1035 vide
2820 987 2976 1035 tomo
3007 984 3078 1037 III
3112 984 3286 1051 Junii,
3328 1000 3458 1055 pag.
3493 988 3579 1039 78.
3616 987 3685 1040 Ut

1984 1066 2259 1134 praedicta
2290 1068 2489 1121 omnia
2519 1069 2587 1121 ad
2639 1069 2824 1138 justos
2855 1070 3099 1123 calculos
3158 1073 3411 1135 reducas,
3455 1088 3681 1126 necesse

1985 1160 2071 1207 est
2104 1155 2310 1220 dicere,
2346 1156 2693 1209 Cmsarianas
2724 1160 2915 1225 copias
2946 1157 3049 1211 sub
3076 1160 3247 1212 tinem
3298 1160 3434 1213 anni
3464 1176 3680 1229 praece-

1985 1242 2176 1295 dentis
2206 1242 2263 1295 in
2316 1244 2534 1297 Italiam
2570 1244 2912 1314 praemissas,
2950 1246 3186 1299 ducibus
3226 1248 3489 1317 Poppone
3539 1250 3679 1302 Tre—

1988 1330 2198 1382 virensi
2249 1335 2305 1383 et
2352 1331 2641 1401 Peligrino
2689 1332 3017 1385 Coloniensi
3050 1334 3351 1403 episcopis.
3388 1352 3529 1405 quos
3556 1352 3679 1389 san-

1984 1424 2109 1470 ctus
2138 1419 2476 1488 Imperator,
2510 1419 2686 1472 natali
2720 1421 2947 1473 Domini
2978 1421 3036 1473 in
3083 1422 3487 1476 Thorneburch
3523 1424 3677 1477 cele-

1984 1505 2171 1571 brato,
2234 1512 2297 1561 ut
2346 1512 2545 1561 notant
2589 1508 2837 1561 Annales
2896 1509 3364 1577 Hildesemenses,
3399 1510 3503 1564 sub
3541 1511 3679 1564 anni

1984 1594 2157 1662 hujus
2186 1595 2537 1665 principium
2574 1595 2907 1649 subsecutus
2941 1596 3031 1651 sit.

2060 1686 2178 1737 l5l.
2216 1682 2354 1737 Falli
2384 1684 2475 1737 hic
2504 1683 2682 1753 igitur
2728 1684 2988 1737 existimo
3019 1685 3365 1740 Schatenum
3420 1690 3678 1739 nostrum

1982 1769 2118 1823 dum
2166 1772 2225 1824 in
2264 1772 2581 1825 Annalibus
2629 1772 2748 1824 suis
2782 1772 3345 1827 Paderbornensibus
3398 1773 3464 1827 ad
3527 1774 3679 1826 hunc

1984 1872 2199 1910 annum
2240 1857 2318 1910 ita
2345 1857 2573 1911 scribit:
2612 1881 2632 1906 ι
2668 1859 3045 1912 Memorabilis
3076 1860 3182 1913 hoc
3212 1876 3362 1913 anno
3394 1860 3680 1928 expeditio

1984 1943 2197 2011 Italica,
2261 1950 2503 2015 urgente
2582 1946 2885 1999 Benedicto
2941 1947 3211 2001 Pontiﬁce
3288 1963 3391 2018 per
3439 1948 3675 2017 legatos.

1984 2031 2163 2096 Quam
2210 2033 2269 2086 in
2300 2049 2421 2087 rem
2454 2034 2735 2103 synodum
2768 2034 3290 2105 Aquisgranensem
3324 2036 3393 2090 ab
3421 2038 3679 2105 Imfera-

1984 2124 2101 2174 tore
2131 2125 2494 2175 convocatam
2548 2122 2784 2175 tradunt
2830 2139 2899 2176 ex
2932 2123 3249 2193 Sigeberto,
3285 2122 3678 2178 convenienti-

1980 2207 2085 2261 bus
2136 2224 2199 2262 ex
2258 2214 2374 2262 tota
2405 2209 2709 2263 Germania
2762 2210 3065 2280 episcopis.
3100 2212 3206 2267 Sed
3266 2229 3332 2265 ea
3393 2210 3679 2282 expeditio

1984 2312 2097 2350 non
2127 2296 2236 2350 nisi
2269 2297 2374 2350 sub
2406 2298 2621 2350 exitum
2652 2298 2788 2351 anni
2818 2304 3099 2368 suscepta,
3146 2316 3355 2370 magno
3384 2315 3677 2353 armorum

1981 2388 2279 2454 apparatu.
2318 2405 2339 2431 ι
2376 2385 2455 2438 De
2505 2399 2571 2437 ea
2619 2384 2835 2454 synodo
2877 2385 3013 2456 quid
3044 2387 3410 2440 statuendum
3454 2386 3527 2439 sit
3554 2402 3681 2439 nec-

1982 2472 2121 2527 dum
2153 2472 2333 2526 audeo
2374 2471 2646 2538 deﬁnire;
2708 2472 2849 2526 mihi
2880 2479 3101 2528 certum
3149 2474 3375 2529 videtur
3430 2490 3546 2528 non
3574 2490 3679 2544 po-

1982 2560 2159 2613 tuisse
2187 2560 2464 2614 Caasarem
2496 2560 2842 2631 Aquisgrani
2895 2562 3116 2615 haerere
3144 2563 3251 2615 hoc
3281 2578 3454 2627 anno,
3506 2578 3677 2633 quem

1982 2647 2269 2718 expeditio
2318 2648 2510 2701 Italica
2540 2652 2625 2702 tot
2673 2649 2963 2703 mensibus
3014 2650 3336 2719 occupavit;
3393 2636 3715 2721 quemque.

1985 2735 2312 2798 Beneventi,
2363 2752 2431 2789 ex
2479 2735 2792 2805 diplomate
2856 2737 2937 2790 ibi
2996 2738 3127 2791 dato
3181 2738 3351 2791 fuisse
3409 2738 3677 2791 scimusx

1984 2823 2168 2877 Martii
2224 2826 2374 2877 102'2.
2418 2824 2593 2894 Magis
2638 2824 2697 2876 id
2743 2830 2963 2895 pugnat
2993 2827 3263 2879 adversus
3309 2826 3674 2891 Schatenum,

1983 2912 2084 2983 qui
2113 2927 2264 2966 anno
2294 2914 2446 2977 1023,
2480 2912 2537 2964 in
2569 2928 2739 2982 quem
2771 2914 3192 2983 expeditionem
3242 2913 3474 2967 dilatam
3499 2912 3676 2982 cupit,

1983 3002 2261 3055 Caesarem
2296 3000 2460 3053 nobis
2517 3000 2748 3054 exhibet
2776 3007 3084 3070 quaternas
3113 3002 3487 3055 donationem
3519 3002 3678 3055 tabu-

1982 3090 2063 3142 las
2121 3088 2503 3142 Paderbornee
2551 3089 3005 3143 subscribentem
3064 3090 3355 3143 mensibus
3407 3088 3677 3143 Januario

1981 3181 2038 3230 et
2092 3176 2419 3242 Februario,
2482 3181 2542 3229 ut
2592 3178 2735 3230 adeo
2770 3178 2990 3231 Italiam
3040 3177 3339 3247 pervenire
3382 3176 3678 3231 commode

1982 3280 2095 3318 non
2123 3265 2391 3336 potuerit,
2427 3265 2627 3319 saltem
2653 3265 2709 3318 in
2741 3268 3027 3335 Apuliam,
3062 3268 3170 3319 nisi
3202 3266 3306 3320 sub
3341 3266 3514 3319 ﬁnem
3544 3266 3678 3320 Mar-

1981 3354 2044 3408 tii
2073 3360 2173 3407 aut
2210 3353 2563 3423 principium
2594 3355 2841 3423 Aprilis;
2890 3355 2989 3425 qui
3018 3355 3064 3407 si
3113 3355 3295 3407 tribus
3325 3361 3380 3407 et
3433 3353 3678 3423 amplius

1984 3441 2275 3495 mensibus
2307 3443 2364 3494 in
2408 3443 2527 3494 sola
2570 3441 2751 3511 Trojze
2805 3443 3099 3496 obsidione
3130 3447 3434 3511 occupatus
3482 3440 3676 3507 fuerit,

1982 3545 2155 3599 porro
2204 3529 2265 3582 in
2314 3529 2498 3582 Monte
2547 3529 2746 3582 Casino
2819 3530 3169 3597 decubuerit,
3223 3532 3418 3584 Romae
3472 3528 3677 3583 deinde

1987 3640 2006 3664 ι
2043 3617 2378 3689 aliquandiu
2414 3623 2690 3683 moratus,
2727 3638 2754 3667 ›
2783 3619 3006 3688 concipi
3053 3618 3291 3671 omnino
3318 3634 3435 3670 non
3468 3622 3672 3686 potest,

1980 3708 2064 3758 tot
2090 3721 2180 3759 res
2218 3705 2459 3775 gessisse
2512 3708 2808 3769 Cmsarem,
2844 3712 2901 3760 et
2937 3722 3133 3759 mense
3160 3705 3309 3759 Julio
3362 3705 3419 3758 in
3445 3705 3673 3759 Germa-

1980 3792 2138 3846 niam
2183 3794 2451 3846 reducem
2495 3792 2689 3859 fuisse,
2722 3793 2830 3846 nisi
2859 3793 3132 3846 miracula
3171 3793 3297 3862 quis
3326 3792 3519 3862 ﬁngat,
3548 3808 3676 3862 qua:

1980 3880 2093 3933 huc
2145 3895 2454 3944 accersere,
2489 3895 2714 3932 necesse
2745 3897 2863 3933 non
2895 3881 3174 3933 existimo.
3232 3880 3407 3932 Aliter
3433 3880 3677 3932 sentien-

1980 3966 2119 4020 dum
2151 3967 2376 4021 videtur
2428 3966 2496 4020 de
2545 3966 2843 4021 sanatione
2873 3967 3073 4021 calculi
3104 3967 3311 4020 ibidem
3336 3983 3441 4036 ope
3472 3967 3523 4021 S.
3570 3969 3676 4021 Be-

1984 4054 2195 4108 nedicti
2234 4055 2556 4123 impetrata,
2591 4070 2763 4123 quam
2814 4056 2917 4108 etsi
2944 4055 3282 4125 impugnare
3309 4070 3542 4122 prorsus
3575 4069 3675 4104 no-

1983 4141 2107 4207 lim,
2131 4143 2335 4195 vellem
2363 4148 2511 4195 certe
2543 4159 2576 4194 a
2617 4142 2989 4211 scriptoribus
3029 4141 3290 4195 unanimi
3323 4142 3505 4210 magis
3534 4157 3675 4193 con-

1983 4245 2183 4283 sensus
2220 4229 2440 4286 referri.

2064 4319 2181 4371 15‘2.
2214 4315 2501 4387 Anonymi
2531 4332 2651 4385 cap.
2689 4320 2777 4383 2'2,
2830 4319 2977 4388 apud
3028 4334 3132 4370 nos
3171 4334 3329 4371 num.
3362 4320 3450 4382 26,
3482 4317 3535 4371 S.
3576 4318 3678 4369 Be-

1989 4403 2245 4456 nedictus
2276 4403 2597 4457 medicinali
2630 4404 2799 4472 ferro,
2834 4407 2983 4476 quod
3038 4422 3211 4459 manu
3269 4406 3519 4472 tenebat,
3558 4422 3681 4474 par-

1988 4496 2105 4545 tem
2136 4492 2295 4544 illam
2332 4491 2606 4561 corporis,
2642 4493 2737 4545 ubi
2768 4494 3017 4546 calculus
3054 4494 3294 4562 jacebal,
3327 4493 3572 4562 aperuit,
3602 4496 3677 4557 et,

1990 4579 2181 4632 evulso
2233 4579 2479 4632 molliter
2508 4580 2745 4643 calculo,
2782 4582 3001 4634 hiatum
3035 4582 3284 4634 vulneris
3314 4580 3499 4634 subita
3537 4580 3683 4633 saui-

1990 4670 2104 4719 tate
2146 4667 2571 4736 redintegravit.
2626 4667 2729 4721 Sed
2760 4668 2867 4721 alia
2919 4670 3086 4739 plane
3118 4673 3202 4721 est
3258 4667 3456 4721 Leonis
3489 4665 3680 4721 Marsi-

1990 4754 2114 4806 cani
2175 4755 2453 4821 narratio;
2505 4755 2584 4808 sic
2619 4761 2811 4809 tamen
2861 4762 2924 4809 ut
2975 4762 3218 4826 utraque
3264 4755 3579 4816 conveniat,
3623 4753 3681 4806 in

1994 4841 2331 4895 vindicanda
2361 4842 2469 4895 hoc
2515 4843 2640 4911 ipso
2689 4843 2963 4897 miraculo
3012 4844 3262 4914 corporis
3310 4843 3364 4897 S.
3403 4840 3682 4894 Benedicti

1993 4932 2052 4984 in
2084 4946 2151 4984 eo
2202 4931 2615 4985 archicmnobio
2647 4933 2969 5002 praesentia.
3005 4933 3303 4986 Potissima
3334 4930 3511 4999 igitur
3548 4943 3682 4981 con-

1993 5019 2266 5072 troversia
2292 5019 2537 5072 Leonem
2569 5019 2721 5073 inter
2743 5021 2839 5075 lib.
2871 5037 2942 5086 ιι,
2969 5036 3093 5089 cap.
3122 5023 3188 5074 43
3230 5035 3293 5071 ac
3334 5019 3425 5083 44,
3470 5021 3527 5069 et
3552 5015 3685 5069 Gal—

1993 5107 2078 5159 los
2107 5105 2365 5176 aliosque
2418 5107 2739 5177 scriptores,
2801 5126 2911 5162 non
2974 5114 3091 5161 tam
3135 5108 3284 5160 circa
3327 5104 3686 5157 sanationem

1994 5193 2175 5262 ipsam
2207 5195 2370 5264 cujus
2401 5201 2739 5266 perpetuum
2780 5200 3215 5248 monumentum
3251 5191 3689 5246 adventantibus

1995 5281 2317 5352 quibusque
2363 5283 2618 5338 exhiberi
2667 5285 2918 5348 solitum,
2954 5282 3133 5336 oculis
3173 5280 3282 5352 ipsi
3314 5280 3524 5335 nostris
3552 5279 3688 5332 olim

1995 5370 2403 5439 spectavimus;
2437 5388 2612 5443 quam
2663 5373 2810 5425 circa
2862 5371 3131 5439 adjuncta
3187 5370 3447 5433 vertitur,
3502 5382 3687 5436 quina

1995 5457 2167 5512 variis
2205 5459 2358 5513 varie
2404 5465 2689 5525 exornata,
2724 5475 2793 5513 eo
2850 5463 3016 5529 pacto
3051 5458 3341 5513 nonnullis
3374 5456 3689 5511 redduntur

1993 5545 2181 5599 dubia.
2236 5548 2334 5599 Ast
2359 5563 2465 5615 ego
2508 5546 2600 5601 hic
2643 5546 2919 5601 arbitrum
2977 5562 3092 5600 non
3142 5562 3286 5615 ago;
3317 5543 3524 5614 quibus
3570 5541 3691 5593 haec
