4028 6206
391 312 455 363 s7
1695 310 1750 361 s.
1797 304 2086 361 HENHICI
2130 303 2603 360 IMPERA'I‘OBIS
2912 262 2918 268 ’
3811 304 3870 355 ss

391 445 627 485 noscere
655 427 880 483 animus
908 432 993 483 est
1040 427 1268 482 videant
1314 426 1702 482 Mabillonium
1741 427 1800 481 in
1843 425 2078 480 Annali-
2110 429 2156 480 A
2195 430 2513 480 morantur.

395 521 500 573 bus
528 533 661 587 pag.
703 519 827 583 288,
869 532 1031 571 num.
1092 519 1174 583 15,
1207 521 1259 571 et
1289 518 1425 570 Acta
1475 516 1813 570 Sanctorum
1861 514 2087 569 Ordinis

395 613 552 661 tomo
587 607 673 671 VI,
704 610 862 676 parte
900 621 919 658 1
939 623 971 659 a
997 621 1130 676 pag.
1163 606 1302 671 452;
1330 603 1472 658 mihi
1494 603 1630 657 satis
1652 608 1738 657 est
1763 603 1884 657 haec
1915 619 2087 657 vero-

395 693 683 748 simillime
736 692 1042 763 contigisse
1095 709 1244 746 anno
1270 693 1392 763 jam
1422 691 1568 746 dicto
1613 692 1767 746 1022.
1813 693 1889 745 De
1922 691 2089 745 donis

399 781 823 854 pretiOsissimis
869 782 1110 852 aliisque
1167 781 1485 851 insignibus
1515 780 1802 834 beneﬁciis
1831 796 1862 832 a
1892 784 2087 833 sancto

399 873 749 942 Imperatore
805 869 1062 924 emnobio
1111 868 1405 924 Casinensi
1458 885 1525 922 ea
1597 866 1889 922 occasione
1933 867 2092 936 larga

402 974 604 1012 manus
634 957 874 1022 collatis,
932 957 1057 1011 vide
1114 957 1406 1010 laudatum
1433 955 1676 1008 Leonem
1715 954 2090 1008 Marsicanum

400 1046 540 1099 locis
568 1047 826 1118 proxime
873 1045 1082 1098 citatis:
1120 1061 1232 1115 quo
1280 1045 1453 1097 etiam
1511 1047 1725 1112 spectat
1769 1041 2092 1096 coenobium

403 1137 881 1200 Beneventanum,
953 1149 1203 1203 unquam
1267 1151 1300 1185 a
1353 1133 1406 1186 S.
1489 1131 1726 1184 lleurico
1791 1131 2092 1184 fundatum

402 1227 500 1275 aut
526 1222 782 1276 dotatum
813 1221 941 1284 fuit,
968 1224 1029 1274 ut
1057 1219 1237 1290 aliqui
1267 1219 1483 1283 volunt,
1517 1234 1650 1270 nam
1683 1234 1746 1270 ex
1778 1218 2093 1288 diplomate

402 1310 552 1381 apud
575 1311 898 1380 Ughellum,
921 1313 1059 1362 tom.
1085 1308 1341 1373 Vlll,col.
1369 1310 1484 1371 115,
1508 1309 1690 1360 solum
1708 1312 1931 1360 constat
1957 1323 2094 1359 con-

403 1399 658 1452 ﬁrmasse
695 1398 963 1452 Sanctum
998 1395 1204 1449 fundos
1235 1400 1292 1449 et
1318 1395 1470 1449 bona
1517 1395 1712 1448 omnia
1766 1394 1819 1448 S.
1869 1394 2094 1464 Sophia:

405 1485 752 1540 monasterio
783 1490 952 1538 antea
977 1499 1243 1536 concessa
1274 1499 1286 1537 :
1321 1489 1492 1552 atque
1520 1482 1629 1536 hoc
1676 1487 1779 1548 est,
1813 1482 1965 1552 quod
1989 1485 2095 1537 da—

402 1581 526 1627 tum
548 1574 794 1626 diximus
825 1589 877 1626 v1
909 1571 1038 1625 Idus
1065 1572 1247 1626 Martii
1272 1587 1452 1626 uxxn.
1487 1571 1633 1636 Quid
1665 1571 1812 1625 initu
1843 1573 1927 1624 vel
1967 1573 2094 1624 red-

405 1661 490 1715 itu
535 1677 664 1715 cum
714 1661 769 1715 S.
803 1660 1120 1715 Romualdo
1171 1659 1513 1728 transegerit
1543 1659 1597 1713 S.
1654 1658 1948 1726 Henricus,
1977 1662 2092 1710 tra-
2129 1699 2168 1752 Β

407 1748 551 1802 dunt
609 1750 852 1803 Joannes
911 1748 1216 1802 Damianus
1268 1752 1326 1802 et
1372 1747 1755 1818 Hieronymus
1800 1746 2098 1815 Pragensis

408 1838 572 1890 relati
611 1837 682 1890 ad
705 1853 776 1888 vn
811 1836 1122 1890 Februarii.

483 1927 601 1978 153.
673 1924 813 1979 Hinc
863 1925 934 1978 ad
993 1922 1507 1992 Clironographum
1558 1922 1913 1989 revertimur,
1969 1937 2099 1976 cum

409 2028 522 2081 quo
569 2010 873 2081 incipimus
917 2027 1131 2064 annum
1190 2010 1349 2064 1023:
1387 2028 1414 2060 «
1466 2009 1742 2063 Henricus
1785 2010 2102 2078 Imperator

409 2100 578 2152 Albas
631 2099 885 2169 festaque
940 2099 1250 2163 Paschalia,
1285 2098 1636 2168 principibus
1666 2099 1960 2152 turmatim
1998 2113 2102 2150 un-

411 2186 584 2256 dique
609 2186 1098 2249 concurrentibus,
1125 2185 1452 2254 Merseburg
1474 2185 1582 2238 rite
1619 2200 1918 2255 peragens,
1946 2184 2101 2255 quod

411 2291 623 2343 rarum,
681 2277 764 2330 vel
809 2276 1034 2345 penitus
1063 2275 1388 2329 inauditum
1445 2275 1686 2340 videtur,
1742 2281 1903 2329 terna
1933 2274 2102 2328 unius

412 2362 783 2432 ejusdemque
815 2360 1016 2430 templi
1049 2361 1409 2415 dedicatione
1440 2360 1812 2429 gratiﬁcatur.
1851 2382 1872 2409 ι
1897 2360 1960 2414 Id
1990 2376 2103 2430 qua

411 2450 633 2504 ratione
691 2448 1086 2518 accipiendum
1143 2448 1234 2513 sit,
1299 2463 1486 2518 neque
1543 2447 1785 2516 explicat
1839 2447 2101 2518 scriptor,

413 2553 597 2607 neque
644 2553 750 2607 ego
794 2536 1055 2606 pluribus
1083 2536 1462 2606 quaerendum
1490 2551 1716 2588 censeo.
1763 2535 2103 2589 Memorabi-

413 2625 524 2679 lem
575 2624 714 2678 anni
761 2623 923 2678 istius
952 2639 1250 2676 occursum
1309 2624 1564 2692 suggerit
1595 2623 1917 2677 Chronicon
1947 2623 2104 2694 Sige-

410 2712 584 2767 berti:
619 2733 645 2760 α
707 2712 981 2766 Henricus
1012 2713 1329 2782 Imperator
1357 2717 1412 2765 et
1439 2711 1740 2766 Rotbertus
1784 2727 1880 2764 rex
1930 2712 2104 2766 Fran-

410 2817 604 2855 corum
635 2817 808 2870 super
857 2801 1106 2855 Charum
1137 2801 1373 2854 ﬂuvium
1407 2800 1559 2870 apud
1611 2799 1870 2853 Evosium
1902 2816 2102 2854 conve-

413 2888 599 2950 niunt,
632 2889 700 2942 de
729 2894 878 2942 statu
916 2889 1197 2954 Ecclesiae,
1233 2888 1395 2958 regni
1435 2899 1490 2941 et
1519 2887 1748 2956 imperii
1775 2889 2099 2941 tractaturi:

414 2982 470 3029 et
497 2976 758 3030 condicto
785 2982 847 3030 ut
899 2992 1071 3045 super
1101 2976 1188 3029 his
1235 2975 1640 3029 conﬁrmandis
1684 2975 1858 3029 etiam
1891 2977 2102 3045 Papam
2138 2977 2177 3030 C

416 3063 734 3116 Romanum
754 3063 924 3115 simul
954 3063 1121 3116 ambo
1142 3062 1334 3132 Papia:
1365 3066 1687 3132 opportune
1715 3061 2105 3116 convenirent.

415 3152 730 3221 Imperator
772 3151 983 3220 Regem
1036 3154 1093 3203 et
1121 3166 1274 3215 suos,
1311 3151 1516 3203 multos
1546 3150 1716 3203 etiam
1748 3149 1848 3220 qui
1886 3155 2109 3204 tantum

415 3239 483 3293 ad
518 3239 909 3292 demirandam
967 3237 1398 3307 imperatoriam
1429 3238 1787 3308 majestatem
1825 3253 2110 3292 convene-

415 3330 564 3394 rant,
621 3330 779 3380 tanta
833 3325 1176 3379 liberalitate
1225 3325 1476 3391 donavit,
1538 3330 1598 3378 ut
1646 3325 1852 3395 opibus
1906 3341 2108 3395 regum

415 3416 718 3468 Persarum
765 3417 822 3466 et
848 3415 1100 3466 Arabum
1160 3418 1348 3484 posset
1399 3413 1716 3483 comparari
1745 3413 2110 3484 Imperatoris

416 3501 826 3557 muniﬁcentia.
884 3522 904 3548 ι
957 3501 1094 3565 Quae
1155 3501 1350 3554 omnia
1389 3503 1560 3571 paulo
1610 3501 1789 3554 fusius
1845 3501 2112 3556 describit

416 3590 621 3646 Glaber
650 3589 983 3659 Rudolphus
1014 3589 1112 3643 lib.
1147 3606 1227 3655 ιιι,
1281 3605 1405 3658 cap.
1446 3592 1500 3656 2,
1545 3605 1607 3642 ex
1635 3589 1844 3659 quibus
1878 3604 1979 3642 sua
2010 3589 2108 3642 de-

418 3676 664 3748 sumpsit
714 3675 1009 3742 Baronius,
1058 3693 1229 3747 quem
1289 3677 1460 3730 etiam
1513 3677 1641 3730 vide
1686 3692 1815 3746 qua:
1872 3677 1933 3731 in
1980 3693 2112 3731 con-

418 3766 547 3820 cilio
607 3765 784 3834 (tomo
832 3767 920 3832 IX,
973 3766 1192 3820 collect.
1259 3766 1448 3829 Labb.,
1505 3766 1611 3820 col.
1647 3768 1777 3834 854)
1817 3775 1943 3820 acta
1987 3783 2107 3821 me-

2602 426 2676 480 De
2730 425 3015 480 constanti
3070 427 3128 478 et
3197 426 3474 496 perpetua
3541 425 3722 479 sancti
3773 426 3871 481 lm-

2195 514 2474 586 peratoris
2529 513 2591 568 in
2649 513 2857 570 Christi
2902 513 3149 567 famulos
3193 511 3586 578 beneficentia,
3637 528 3706 567 ex
3747 529 3871 584 qua-

2196 603 2374 657 ternis
2421 603 2526 658 hoc
2555 618 2705 657 anno
2759 601 3036 672 expeditis
3065 600 3437 656 donationum
3471 599 3698 666 tabulis,
3748 617 3874 672 quas

2200 692 2371 745 refert
2424 691 2755 755 Schatenus,
2823 691 2944 760 jam
2999 705 3174 760 supra
3231 687 3629 742 meminimus:
3686 693 3876 758 printer

2200 795 2340 850 quas
2389 778 2558 833 aliam
2609 779 2747 832 mihi
2783 777 3067 846 suggessit
3092 776 3355 831 laudatus
3387 792 3558 846 supra
3599 776 3874 831 Schanna—

2198 873 2311 934 tus,
2341 867 2652 938 diplomate
2679 866 2810 921 dato
2847 866 3227 935 Bnbenbergaa
3275 864 3407 919 Kal.
3446 867 3589 935 Aug.
3615 880 3704 917 an.
3736 867 3871 929 1023,

2201 971 2314 1026 quo
2356 953 2416 1009 in
2473 955 2717 1025 gratiam
2748 972 2776 1004 α
2821 953 3158 1008 confessoris
3197 979 3217 1000 ν
3267 953 3352 1005 sui
3381 974 3402 1001 ι
3457 951 3760 1006 Theobaldi
3785 953 3873 1006 ab-

2203 1043 2345 1097 batis
2371 1043 2463 1098 SS.
2494 1043 2738 1097 Udalrici
2759 1048 2815 1097 et
2842 1044 3011 1108 Afrae,
3053 1064 3073 1089 ι
3105 1043 3157 1095 ei
3206 1040 3466 1095 cmnobio
3529 1040 3690 1106 favit,
3721 1057 3873 1111 quam

2205 1131 2726 1185 miriﬁcentissime.
2764 1132 2842 1186 Ad
2901 1137 3238 1200 postrenum
3271 1129 3409 1183 Vita:
3457 1128 3648 1183 Sancti
3681 1145 3872 1182 annum

2203 1219 2562 1273 chronotaxis
2583 1223 2778 1273 nostra
2805 1219 3155 1290 perducitur.
3287 1215 3292 1226 ’

2278 1310 2396 1362 lii-ir.
2453 1309 2589 1372 Quae
2638 1323 2788 1361 anno
2852 1309 2984 1362 1024
3036 1312 3195 1378 gesta
3246 1309 3381 1358 sunt
3419 1305 3498 1358 sic
3524 1305 3722 1376 paucis
3747 1321 3877 1359 com-

2203 1398 2405 1467 plexus
2481 1401 2565 1450 est
2630 1395 3132 1467 Chronographus:
3192 1413 3219 1445 (ι
3262 1393 3597 1464 |Imperator
3654 1394 3878 1448 natalem

2208 1482 2432 1537 Domini
2467 1482 2794 1552 Bavenberg
2819 1481 3056 1552 peregit.
3109 1481 3192 1534 Ibi
3221 1479 3389 1535 turba
3432 1484 3772 1534 convenerat
3801 1497 3880 1550 pa-

2207 1572 2453 1625 storibus
2510 1570 2802 1635 destituta,
2860 1569 2995 1640 quia
3043 1585 3242 1623 omnes
3272 1567 3535 1639 suspensi
3565 1569 3877 1633 manebant,

2207 1659 2368 1729 cujus
2413 1658 2788 1728 providentiae
2829 1674 2965 1712 cura
3003 1656 3289 1728 imperiali
3333 1660 3613 1726 potestate
3671 1657 3882 1711 commi-

2207 1752 2554 1801 terentur....
2603 1747 2789 1801 Caesar
2843 1745 3080 1800 diversis
3109 1745 3399 1799 doloribus
3425 1749 3664 1798 vexatus
3706 1745 3881 1798 eodem

2208 1836 2332 1889 loco
2390 1834 2587 1888 crebra
2625 1833 2961 1886 inﬁrmitate
3007 1833 3309 1886 diuturnas
3359 1831 3639 1902 protraxit
3695 1847 3881 1896 moras,

2209 1923 2632 1993 resumptisque
2681 1922 2915 1976 demum
2968 1921 3203 1985 viribus,
3258 1920 3429 1974 citato
3472 1935 3648 1974 cursu
3679 1921 3885 1974 Parthe-

2210 2012 2464 2081 nopolim
2494 2010 2578 2064 ire
2618 2009 2934 2079 proposuit.
2967 2009 3220 2062 Tandem
3252 2013 3380 2078 post
3423 2007 3663 2077 longam
3695 2008 3887 2062 delibe-

2210 2101 2493 2155 rationem
2525 2096 2796 2152 laboriosi
2830 2096 3071 2164 itineris,
3108 2097 3261 2150 diem
3293 2096 3629 2150 Palmarum
3674 2096 3884 2162 inloco,

2210 2187 2310 2258 qui
2353 2187 2563 2241 dicitur
2589 2184 2838 2250 Alstede,
2895 2183 3090 2238 festive
3135 2184 3462 2238 celebravit.
3516 2183 3618 2239 Die
3653 2201 3780 2237 vero
3815 2200 3886 2237 re-

2209 2274 2642 2339 conciliationis,
2703 2273 2968 2343 exigente
3023 2271 3376 2326 inﬁrmitatis
3433 2273 3767 2344 gravedine,
3820 2288 3891 2326 re-

2211 2369 2368 2417 mota
2402 2380 2434 2416 a
2459 2379 2517 2416 se
2547 2377 2674 2432 quae
2706 2365 3044 2414 convenerat
3069 2360 3465 2426 multitudine,
3498 2361 3699 2432 paucis
3727 2360 3891 2413 comi-

2212 2451 2480 2512 tantibus,
2539 2449 2834 2518 Nieuburg
2874 2463 3095 2502 coenam
3154 2447 3508 2502 Dominicam
3561 2447 3889 2518 peregit;in

2211 2545 2404 2593 sancto
2459 2553 2588 2592 vero
2636 2537 2901 2600 Sabbato,
2954 2541 3242 2590 contracto
3285 2537 3461 2590 totius
3518 2541 3752 2590 senatus
3778 2551 3892 2589 con-

2212 2633 2399 2689 ventu,
2452 2624 2751 2680 contectali
2801 2641 2903 2678 sua
2932 2623 3272 2695 Cunigunda
3314 2625 3646 2690 comitante,
3685 2623 3892 2678 Parthe-

2213 2715 2470 2786 nopolim
2504 2715 2679 2782 venit,
2707 2713 2806 2768 ubi
2834 2729 2964 2768 cum
2993 2713 3200 2783 grandi
3225 2713 3443 2766 honore
3473 2719 3770 2783 susceptus
3794 2714 3892 2773 est;

2216 2803 2525 2858 Dominicte
2580 2818 2809 2873 quoque
2864 2801 3293 2855 resurrectionis
3331 2800 3540 2870 gaudia
3577 2799 3787 2854 celebri
3814 2798 3896 2852 ho-

2213 2907 2353 2944 nore
2383 2889 2690 2960 transegit;
2723 2888 2930 2943 deinde
2960 2888 3030 2942 ab
3067 2887 3321 2942 antistite
3362 2888 3620 2958 ejusdem
3655 2887 3759 2940 loci
3787 2884 3896 2940 auri

2217 2978 2645 3048 sericorumque
2688 2977 2958 3030 varietate
3009 2975 3326 3046 plurimum
3357 2975 3626 3041 donatus,
3687 2975 3895 3028 Halver-

2219 3067 2376 3120 stade
2421 3065 2577 3119 adiit.
2631 3065 2766 3118 Inde
2820 3064 3198 3118 nihilominus
3253 3063 3565 3119 Goslariam
3623 3061 3897 3133 profectus

2219 3158 2322 3220 est,
2358 3153 2454 3206 ubi
2480 3153 2682 3207 diebus
2740 3153 2934 3206 decem
2973 3153 3238 3223 peractis,
3285 3153 3354 3206 ad
3386 3152 3573 3206 locum
3604 3150 3896 3222 quemdam

2219 3242 2403 3295 Grona
2433 3241 2668 3304 dictum,
2709 3245 2996 3311 properat,
3039 3240 3234 3311 ibique
3263 3240 3396 3293 forti
3425 3240 3772 3310 aegritudine
3811 3238 3898 3292 de-

2217 3345 2466 3400 pressus,
2503 3335 2560 3382 et
2590 3345 2800 3382 amaras
2833 3329 3034 3382 mortis
3080 3328 3288 3398 poculo
3319 3327 3630 3392 debriatus,
3689 3327 3896 3381 vitalem

2217 3418 2404 3471 emisit
2431 3417 2715 3487 spiritum.
2751 3437 2776 3467 ››
2833 3417 2970 3488 Quae
3022 3415 3236 3470 ibidem
3283 3421 3604 3486 sequuntur
3637 3416 3707 3470 de
3753 3413 3899 3468 moli-

2216 3504 2469 3559 tionibus
2502 3504 2782 3558 Brunonis
2834 3503 3085 3574 episcopi
3133 3503 3450 3574 Augustani
3491 3503 3668 3558 habes
3700 3519 3758 3556 in
3793 3502 3898 3555 Vita

2215 3609 2337 3663 cap.
2370 3595 2456 3658 3‘2,
2489 3592 2580 3645 hic
2611 3591 2798 3661 primo
2837 3592 2958 3646 loco
2989 3591 3142 3646 inter
3183 3592 3480 3656 miracula,
3512 3591 3664 3646 infra
3713 3607 3777 3645 ex
3798 3595 3898 3644 An-

2215 3696 2424 3751 onymo
2480 3678 2879 3744 describenda;
2912 3695 3013 3733 nos
3055 3679 3391 3733 chronotaxi
3437 3679 3790 3733 Henricianaa
3819 3693 3901 3730 co-

2216 3767 2474 3821 ronidem
2507 3765 2878 3836 imponimus.

1210 4086 1726 4150 ADELBOLDl
1803 4085 2222 4151 EPISCOPI
2308 4085 3116 4151 ULTRAJECTENSIS

1789 4332 2536 4405 FBAGMENTUM

425 4513 618 4614 DE
709 4513 1212 4617 REBUS
1300 4512 1822 4616 GESTIS
1918 4512 2024 4616 S.
2114 4515 2762 4616 HENRICI
2850 4515 3905 4620 IMPERATOBIS

1557 4704 1643 4745 EX
1697 4703 2044 4748 EDITIONE
2099 4704 2349 4748 JACUBI
2404 4703 2782 4748 GRETSERI.

2018 4837 2411 4847 .——-—————.

493 4958 874 5031 Fragmentum
903 4959 1221 5027 appelamus
1275 4959 1419 5028 quod
1463 4962 1560 5031 via:
1592 4960 1741 5014 binos
1792 4962 2025 5027 integros
2068 4964 2348 5028 regnantis
2391 4977 2484 5016 seu
2528 4964 2846 5031 imperantis
2890 4964 2946 5018 S.
3019 4965 3236 5019 Henrici
3283 4979 3453 5019 annos
3501 4965 3906 5030 complectatur.

424 5031 475 5108 et
505 5029 610 5081 tale
640 5028 821 5108 istud,
866 5045 933 5108 ea:
963 5044 1067 5096 quo
1095 5031 1379 5108 scriptoris
1430 5029 1735 5108 ﬁdem,_rei_
1775 5031 2041 5108 historicas
2072 5032 2352 5108 versanda.
2387 5028 2666 5108 peritiam,
2711 5038 2761 5087 et
2817 5039 3133 5108 accuratam
3177 5035 3522 5108 diligentiam
3582 5028 3664 5089 ita
3706 5034 3908 5108 perspi:

425 5100 567 5178 cias,
609 5103 669 5151 ut
719 5100 920 5178 reliqui
963 5100 1644 5178 operis__jactaram_sa_tis
1671 5101 1978 5178 _deplorare
2015 5117 2130 5178 non
2169 5100 2403 5178 possisf
2427 5104 2768 5178 Frustranea
2822 5107 2934 5170 fuit
2989 5107 3162 5178 omnis
3231 5100 3419 5160 nostra
3470 5100 3912 5178 investigatiojad

422 5169 1065 5248 pfetiosumthesanram
1109 5170 1359 5248 alicunde
1403 5169 1798 5248 refodiendam,
1855 5177 1917 5225 ut
1944 5175 2194 5248 superius
2223 5175 2313 5248 §_6
2360 5174 2743 5248 satis_dictum
2799 5169 2900 5239 est,
2952 5175 3047 5227 ubi
3087 5175 3152 5248 de
3203 5182 3418 5230 auctore
3446 5177 3612 5248 plura
3655 5169 3910 5248 invenies-

425 5237 774 5318 Hichpaucis
799 5239 1098 5318 indicatam
1127 5241 1292 5304 volui,
1344 5256 1453 5308 (ιλιι
1504 5237 1842 5318 potissimum
1872 5237 2082 5296 ratione
2127 5237 2449 5318 prédictum
2494 5246 2863 5318 fragmentum
2888 5237 3108 5318 partiti
3150 5248 3347 5312 simus;
3396 5237 3678 5301 mimirum
3721 5260 3826 5298 non
3859 5246 3910 5294 in

427 5308 634 5385 capita,
681 5308 792 5385 sect
823 5313 1004 5378 potius
1029 5313 1088 5385 in
1112 5325 1308 5385 annos,
1333 5308 1626 5366 secundum
1651 5327 1781 5379 quos
1812 5327 1944 5385 opus
1990 5308 2148 5366 suum
2189 5308 2510 5368 distinxisse
2556 5308 2773 5368 videtur
2821 5308 3009 5369 auctor
3057 5317 3192 5382 ipse.
3242 5323 3302 5369 ut
3335 5308 3425 5370 ea:
3477 5321 3759 5385 superstite
3794 5329 3909 5367 con-

427 5381 579 5455 temta
607 5380 892 5455 manifeste
932 5380 1162 5455 patebit.
1215 5383 1366 5435 Hanc
1416 5397 1536 5455 uere
1589 5388 1800 5450 partem
1851 5383 2126 5455 Anonymi
2155 5386 2526 5454 compilationi
2569 5389 2862 5453 praemilto,
2913 5391 3025 5440 tum
3055 5380 3200 5455 quod
3237 5385 3370 5440 vere
3395 5380 3655 5441 historica
3691 5388 3910 5455 simum

427 5447 596 5526 quod_
627 5463 764 5526 cum_
785 5447 1175 5526 commentario
1194 5457 1376 5526 nostra
1433 5447 1822 5526 longe-aptius,
1855 5447 2163 5526 concordet;
2195 5447 2327 5508 adeo
2378 5461 2439 5509 ut
2483 5447 2654 5522 ferme
2708 5447 3078 5511 dubitaverim
3125 5462 3311 5511 utrum
3368 5473 3474 5511 non
3537 5454 3819 5526 expediret
3847 5449 3908 5508 αὑ

426 5532 490 5570 ea
546 5518 973 5587 chronologicam
1005 5523 1144 5576 Vitae
1189 5522 1244 5576 S.
1297 5518 1744 5577 Henriciseriem
1802 5523 2091 5578 inchoare:
2143 5518 2387 5580 ceterum
2419 5541 2455 5579 a
2483 5518 2787 5596 VMajo'rum
2839 5529 3108 5592 institutis
3154 5541 3204 5582 et
3244 5529 3464 5597 placitis
3518 5518 3695 5582 satia:
3742 5527 3911 5580 visum
