4058 6216
214 308 281 360 89

1898 310 2093 366 ACTA.

3680 314 3747 363 9U

188 429 466 505 fait_no_n
513 426 773 505 recedere.
806 426 961 505 ῌίηο
1010 439 1182 505 pqrro
1238 431 1572 505 principium
1600 433 1799 505 facere,
1834 433 2005 505 cuivis
2036 428 2247 505 licebat,
2283 433 2410 505 qui
2432 435 2703 505 gestorum
2742 427 3163 505 ordini-potius
3214 442 3382 505 quani
3413 429 3757 496 Legendistae‘

205 501 531 564 confusioni
564 496 956 551 odhzrmidum
1016 496 1310 553 censuerit.
1344 496 1436 554 Eoi
1480 502 1589 555 solo
1650 502 1929 557 trtelbotdi
1956 503 2197 570 prolego,
2257 496 2321 555 de
2362 496 2476 570 ejus
2507 500 2779 554 scribendi
2828 498 3037 567 peritia
3077 502 3128 551 et
3178 498 3480 555 eruditione
3515 506 3754 555 statuere

202 576 253 625 et
280 586 527 639 pronum
547 573 599 623 et
624 572 943 637 promptum
975 572 1079 620 est.

716 655 1069 711 AUCTORIS
1121 656 1545 713 PROCEMIUM.

276 751 322 802 Ι.
398 747 467 800 In
537 743 711 815 gestis
761 742 1088 797 scribendis
1134 742 1251 796 duo
1319 752 1450 800 sunt
1522 747 1814 801 videnda:
1879 752 1938 801 ut

198 841 252 889 et
327 833 590 904 scriptor
670 833 972 884 veritatem
1053 831 1116 884 iu
1184 834 1502 901 prolatione
1569 839 1762 887 teneat
1813 852 1825 889 :
1884 839 1941 888 et

198 925 382 978 lector
438 922 691 975 fructum
764 919 826 971 in
894 918 1149 972 lectione
1215 921 1423 989 capiat.
1509 922 1613 976 Sed
1701 922 1941 993 scriptor

196 1011 510 1064 veritatem
588 1014 777 1061 tenere
837 1007 1075 1078 nequit,
1142 1006 1252 1060 nisi
1339 1009 1460 1063 haec
1526 1016 1775 1079 quatuor
1843 1015 1940 1064 aut

197 1104 483 1169 potenter
536 1095 889 1160 devitaverit,
957 1097 1059 1147 aut
1119 1094 1491 1164 aliquatenus
1533 1113 1565 1149 a
1603 1103 1792 1150 mente
1842 1097 1939 1151 de-

1969 644 2015 695 Α

197 1187 506 1255 posuerit:
539 1184 745 1246 odium,
774 1190 834 1236 et
871 1183 1171 1235 carnalem
1203 1182 1603 1250 dilectionem,
1640 1184 1938 1254 invidiam,

193 1281 248 1327 et
274 1273 630 1327 infernalem
658 1270 1082 1324 adulationem.
1116 1269 1334 1323 Odium
1361 1273 1536 1337 enim,
1586 1278 1640 1325 et
1668 1273 1939 1327 invidiam

196 1367 344 1416 bene
378 1368 546 1432 gesta
565 1366 656 1413 aut
676 1358 921 1412 omnino
947 1363 1159 1423 tacent,
1195 1364 1308 1412 aut
1354 1360 1593 1412 dicendo
1651 1366 1939 1413 transcur-

192 1457 353 1515 runt,
410 1456 515 1504 aut
574 1447 930 1502 calumniose
989 1452 1414 1500 transmutant.
1464 1449 1504 1500 E
1546 1455 1740 1501 contra
1794 1450 1940 1502 male

192 1546 360 1610 gesta
402 1538 635 1601 dicunt,
670 1536 921 1589 dilatant
985 1540 1040 1587 et
1094 1535 1487 1603 amplificant.
1538 1536 1792 1591 Carnalis
1841 1554 1939 1590 au-

191 1633 316 1682 tem
348 1626 587 1679 dilectio
623 1630 675 1676 et
701 1622 1010 1676 infernalis
1061 1621 1355 1688 adulatio,
1418 1640 1549 1693 quae
1607 1626 1752 1678 male
1784 1630 1943 1694 gesta

193 1720 357 1780 sunt,
388 1713 632 1767 scientes
660 1711 953 1781 ignorant,
1007 1716 1063 1763 et
1115 1709 1526 1780 ignorantiam
1582 1711 1937 1778 simulantes,

194 1803 515 1857 veritatem
543 1801 819 1852 occultant
855 1816 869 1865 ;
908 1800 1051 1853 bene
1081 1804 1246 1869 gesta
1285 1805 1480 1852 autem
1532 1800 1755 1869 placere
1790 1816 1942 1870 quaa-

192 1896 421 1955 rentes,
459 1888 695 1958 spatiose
746 1889 971 1951 dicunt,
1024 1891 1079 1939 et
1132 1886 1270 1957 plus
1327 1888 1488 1957 justo
1552 1887 1937 1958 magnificam.
1972 1916 2012 1968 Β

191 1980 278 2033 Sic
338 1993 451 2048 per
510 1976 627 2028 haec
672 1980 947 2046 quatuor,
1007 1980 1106 2028 aut
1156 1974 1220 2027 iu
1289 1974 1439 2028 bene
1493 1974 1689 2044 gestis,
1748 1974 1944 2028 autin

194 2068 355 2120 male
416 2063 595 2132 gestis
645 2065 846 2116 veritas
925 2062 1234 2129 evanescit,
1316 2062 1534 2117 falsitas
1596 2063 1942 2131 superducto

192 2156 402 2208 colore
446 2151 683 2205 nitescit.
742 2150 1076 2221 Spiritualis
1124 2156 1326 2204 autem
1392 2150 1621 2203 dilectio
1690 2149 1943 2204 veritatis

191 2242 415 2306 amica,
443 2257 549 2293 nec
588 2241 726 2293 male
769 2244 943 2311 gesta
996 2240 1160 2305 celat,
1214 2255 1325 2292 nec
1381 2239 1530 2292 bena
1562 2244 1724 2309 gesta
1772 2254 1943 2309 pom-

190 2348 343 2402 pose
376 2329 610 2393 dilatat;
642 2327 821 2381 sciens
888 2329 1026 2398 quia
1073 2333 1131 2380 et
1177 2333 1344 2397 gesta
1396 2343 1549 2397 saepe
1600 2331 1845 2397 prosunt
1871 2326 1945 2380 ad

187 2417 622 2474 correctionem
651 2436 663 2481 ;
690 2423 742 2470 et
771 2418 938 2471 bene
966 2422 1125 2487 gesta
1157 2416 1495 2486 frequenter
1530 2416 1764 2481 obsunt,
1804 2415 1945 2468 dum

190 2510 503 2562 ducuntur
532 2503 590 2557 in
615 2504 958 2558 elationem.
1011 2503 1207 2556 Melius
1257 2508 1343 2555 est
1395 2502 1551 2555 enim
1597 2501 1944 2557 adversitate

189 2600 463 2650 mentem
492 2592 812 2655 refraenare,
855 2607 1039 2662 quam
1095 2590 1480 2660 prosperitate
1521 2590 1947 2643 contumaciter

188 2682 419 2738 inﬂari.
482 2682 664 2734 Lector
707 2685 927 2734 autem
977 2679 1226 2732 fructum
1279 2693 1486 2746 capere
1542 2694 1655 2731 non
1702 2678 1943 2746 poterit,

190 2773 301 2827 nisi
331 2774 442 2824 aut
471 2768 765 2839 diligenter
803 2766 1145 2831 attenderit,
1202 2770 1301 2819 aut
1348 2766 1578 2836 penitus
1631 2766 1945 2820 intellexe—

188 2862 283 2926 rit,
330 2875 445 2913 cur
470 2858 613 2912 bona
638 2857 835 2923 bonis,
900 2855 1049 2908 mala
1090 2854 1255 2907 malis
1290 2870 1303 2920 ;
1336 2854 1492 2907 bona
1532 2854 1720 2918 malis,
1781 2856 1948 2908 mala

190 2950 368 3005 bonis
406 2947 684 3001 eveniant.

258 3042 317 3092 2.
354 3038 479 3091 Cur
532 3036 674 3089 bona
726 3031 901 3087 bonis
953 3029 1355 3094 concedantur,
1399 3028 1708 3100 dupliciter
1757 3028 1951 3086 intel-

192 3127 298 3198 ligi
338 3129 535 3197 potest
564 3139 577 3187 ;
609 3126 702 3174 aut
731 3119 892 3172 enim
918 3117 997 3169 sic
1040 3117 1176 3169 boni
1207 3121 1361 3181 sunt,
1400 3121 1461 3169 ut
1515 3132 1617 3186 per
1648 3118 1949 3171 tentatio-

195 3195 296 3271 nes
340 3195 540 3282 'hujus
593 3207 784 3263 smculi
838 3221 945 3258 nec
995 3204 1333 3273 probatione
1396 3219 1502 3257 nec
1580 3204 1947 3273 purgatione
1981 3195 2020 3250 C

196 3305 551 3374 indigeant:
594 3303 689 3351 aut
721 3312 789 3350 eo
827 3293 996 3348 modo
1025 3292 1181 3356 boni,
1217 3301 1299 3359 ut,
1337 3292 1383 3345 si
1442 3307 1544 3362 per
1583 3292 1951 3349 tentationes

201 3394 604 3465 pulsarentur,
642 3384 899 3440 fortassis
954 3396 1059 3452 pro
1121 3381 1355 3434 modulo
1397 3378 1782 3448 simplicitatis
1816 3398 1952 3437 sum

205 3482 725 3537 deteriorarentur.
772 3472 983 3528 Taliter
1036 3475 1105 3540 (Ι)
1155 3486 1291 3541 ergo
1335 3484 1441 3523 nec
1490 3469 1549 3521 in
1598 3470 1719 3521 luto
1758 3469 1949 3542 hujus

207 3568 421 3625 mundi
452 3563 889 3620 conversatione
948 3558 1253 3624 foedantur,
1289 3561 1350 3611 ut
1406 3572 1510 3625 per
1540 3571 1628 3619 ea,
1676 3572 1807 3625 qum
1846 3574 1947 3627 pa-

208 3660 466 3721 tiuntur,
502 3658 601 3707 ant
642 3651 712 3705 ad
743 3647 1155 3703 correctionem
1218 3644 1579 3710 invitentur;
1629 3650 1747 3709 aut,
1782 3646 1831 3699 si
1865 3664 1951 3700 re-

210 3746 496 3817 sipiscere
549 3739 772 3802 nolunt,
854 3734 1229 3804 intelligant;
1287 3731 1427 3803 quia
1485 3736 1543 3783 et
1600 3731 1715 3796 hic,
1776 3738 1833 3785 et
1888 3735 1947 3815 in

210 3836 487 3890 futurum
546 3829 697 3882 mala
756 3823 1090 3879 sustinendo
1142 3821 1407 3875 damnari
1471 3819 1739 3874 debeant.
1805 3824 1951 3877 Mala

216 3928 419 3976 autem
453 3916 622 3971 bonis
648 3912 959 3983 aliquando
998 3913 1076 3978 (2)
1113 3925 1227 3962 nou
1270 3914 1330 3961 ut
1378 3913 1735 3975 mereantur,
1764 3910 1862 3964 sed
1891 3917 1952 3966 ut

216 4026 324 4079 per
358 4009 717 4060 tormentum
750 4006 1031 4070 augeatur
1079 3998 1161 4051 eis
1194 3997 1491 4059 meritum,
1527 4012 1632 4065 per
1677 3997 1949 4054 meritum

222 4096 618 4166 amplificatur
676 4090 1001 4160 praemium.
1060 4086 1386 4156 Aliquando
1448 4101 1581 4138 vero
1614 4085 1752 4139 levis
1781 4088 1950 4159 culpa

225 4185 445 4249 subest,
477 4196 585 4250 pro
616 4194 728 4248 qua
760 4176 851 4231 hic
886 4176 1083 4230 leviter
1131 4174 1507 4245 castigantur,
1558 4190 1629 4226 ne
1662 4173 1719 4227 iu
1751 4175 1947 4231 futuro

228 4270 488 4325 deterius
528 4266 873 4320 crucientur.
920 4267 1075 4318 Bona
1132 4279 1267 4316 vero
1330 4262 1495 4314 malis
1535 4262 1945 4331 conceduntur,

226 4366 292 4413 ut
319 4363 421 4411 aut
446 4357 525 4409 sic
557 4356 832 4424 pietatem
889 4352 988 4407 Dei
1016 4356 1454 4422 recognoscant,
1491 4355 1547 4403 et
1587 4367 1620 4402 a
1660 4356 1948 4419 perversi-

227 4454 346 4502 tate
370 4462 477 4499 sua
506 4443 848 4513 recipiscant
880 4457 893 4507 ;
927 4445 1025 4493 aut
1065 4444 1388 4493 reservetur
1415 4437 1497 4491 eis
1558 4437 1616 4490 in
1652 4437 1944 4508 impmpe-
1980 4474 2021 4526 Β

228 4535 411 4597 rium,
442 4531 596 4603 quod
650 4544 1053 4600 recognoscere
1113 4530 1426 4582 noluerunt
1480 4525 1814 4596 largitorem
1842 4527 1943 4581 bo-

229 4638 468 4675 norum.

308 4713 360 4763 3.
422 4708 571 4772 Ilaec,
632 4721 758 4775 qua;
804 4702 1280 4773 praeseripsimus,
1339 4702 1401 4756 in
1450 4699 1718 4755 omnibus
1776 4703 1949 4771 gestis

230 4802 295 4850 et
352 4793 620 4864 scriptori
670 4798 727 4845 et
776 4791 977 4845 lectori
1036 4807 1150 4844 non
1206 4790 1434 4843 inutilia
1482 4805 1603 4842 esse
1656 4793 1944 4858 putamus.

230 4884 462 4938 Scimus
511 4881 767 4950 insuper,
822 4884 880 4933 et
936 4879 1251 4950 saepissime
1325 4878 1609 4937 audimus,
1699 4877 1833 4947 quia
1889 4879 1950 4934 in

231 4972 514 5027 omnibus
578 4968 799 5039 scriptis
878 4968 1189 5039 antiquitas
1266 4966 1524 5020 delitiose
1598 4972 1946 5035 veneratur;

229 5060 461 5115 novitas
490 5056 781 5111 fastidiose
830 5056 1201 5126 repudiatur.
1251 5056 1359 5110 Sed
1415 5070 1544 5124 quae
1589 5054 1949 5124 recipiuntur

232 5153 301 5204 ut
321 5147 583 5217 antiqua,
607 5144 719 5200 nisi
752 5132 973 5216 primus
1004 5150 1193 5198 essent
1250 5160 1412 5206 nova,
1464 5158 1582 5196 non
1640 5147 1829 5197 essent
1854 5160 1951 5198 an-

314 5256 387 5323 (t)
454 5252 779 5323 Legendum
835 5251 987 5305 haud
1028 5250 1200 5305 dubie
1264 5251 1415 5315 tales,
1466 5264 1597 5302 cum
1654 5248 1727 5303 sit
1762 5253 1950 5305 rectus

236 5321 404 5379 verbi
432 5321 731 5388 foedantur.

318 5394 399 5462 (‘2)
426 5394 593 5447 Deest
620 5392 856 5446 verbum
888 5391 1175 5446 obveniant
1206 5390 1293 5462 vel
1328 5390 1601 5462 accidunt.

248 5535 284 5599 Ῡ
317 5465 409 5589 (ἓέ
428 5461 641 5517 Alludit
672 5463 743 5517 ad
772 5462 1019 5517 Terentii
1061 5461 1346 5531 Adelphos
1386 5466 1491 5515 act.
1528 5461 1621 5527 IlI,
1672 5476 1839 5515 scena
1871 5479 1949 5528 ιν,

299 5575 313 5588 .
345 5555 373 5585 ἱ)
419 5576 430 5586 .

299 5575 313 5588 ο
345 5555 430 5588 ῦὸ.

2052 657 2231 729 tiqua.
2265 658 2449 722 Quare
2475 656 2747 727 praecedit
2796 653 3036 721 novitas,
3071 660 3134 709 ut
3188 665 3462 727 sequatur
3498 657 3751 729 antiqui-

2047 750 2157 800 tas.
2195 746 2444 800 Stultum
2488 750 2573 798 est
2620 760 2757 813 ergo
2789 743 2942 813 quod
2998 744 3289 814 praecedit,
3343 762 3611 816 spernere
3647 764 3659 814 ;
3696 751 3753 800 et

2049 833 2203 903 quod
2250 835 2527 903 sequitur.
2588 831 2861 902 quodque
2896 847 2926 883 a
2981 832 3326 899 praecedenti
3368 833 3541 887 habet
3573 838 3632 888 ut
3654 835 3748 899 sit,

2050 939 2165 975 non
2212 923 2482 991 recipere.
2535 921 2682 974 Raro
2714 918 2865 972 enim
2902 936 2934 972 a
2977 919 3202 975 sitiente
3238 919 3414 990 {rivus
3448 923 3748 992 quaeritur,

2048 1009 2183 1062 dum
2206 1010 2334 1062 fons
2380 1010 2642 1061 habetur.
2683 1006 2932 1060 Dicimus
2987 1008 3128 1075 haec,
3185 1025 3300 1062 non
3354 1015 3416 1063 ut
3447 1010 3754 1080 adjiciatur

2048 1097 2381 1167 antiquitas,
2416 1097 2513 1150 sed
2574 1102 2635 1148 ut
2685 1095 2995 1165 recipiatur
3061 1097 3302 1151 novitas.
3369 1099 3427 1151 In
3485 1099 3753 1152 omnibus

2048 1185 2263 1255 quippe
2305 1183 2622 1253 scripturis,
2683 1182 2728 1235 si
2782 1189 2866 1237 est
2924 1183 3143 1249 veritas,
3205 1190 3266 1239 et
3314 1186 3545 1253 utilitas,
3586 1204 3755 1256 mque

2050 1275 2196 1326 valet
2228 1272 2453 1326 novitas
2484 1276 2540 1323 et
2589 1270 2916 1341 antiquitas.
2971 1273 3242 1326 Fortassis
3285 1279 3367 1326 est
3419 1274 3516 1343 qui
3553 1275 3702 1327 dicat
3741 1290 3755 1326 :

2047 1362 2184 1424 Quae
2239 1359 2452 1413 utilitas
2504 1358 2564 1410 in
2622 1360 2795 1427 gestis
2846 1359 3103 1430 legendis
3147 1377 3265 1413 esse
3322 1361 3559 1415 valeat?
3613 1362 3757 1415 Huic

2047 1448 2483 1517 respondemus,
2522 1445 2657 1514 quia
2717 1446 2975 1517 quisquis
3006 1449 3237 1502 alterius
3286 1454 3446 1519 gesta
3505 1449 3663 1519 legit,
3706 1449 3756 1502 si

2049 1537 2200 1589 bona
2256 1540 2410 1598 sunt,
2460 1532 2678 1586 invenit
2725 1536 2879 1604 quod
2934 1541 3223 1606 sequatur,
3258 1537 3305 1589 si
3364 1539 3532 1603 mala,
3582 1538 3758 1591 habet

2051 1624 2200 1677 unde
2247 1626 2620 1676 exterreatur.
2673 1624 2835 1676 Gesta
2887 1640 3134 1695 namque
3192 1624 3424 1679 alterius
3454 1625 3758 1695 legere,in

2049 1711 2343 1782 speculum
2366 1710 2444 1776 (3)
2475 1713 2559 1762 est
2576 1711 2871 1780 respicere.
2908 1712 2965 1767 Si
2999 1712 3139 1782 quid
3166 1713 3224 1766 in
3256 1730 3322 1766 eo
3374 1712 3549 1775 vides,
3599 1714 3752 1784 quod

2049 1799 2154 1854 tibi
2184 1797 2504 1868 displiceat,
2532 1797 2591 1851 in
2625 1803 2679 1852 te
2712 1800 2933 1871 corrige
2969 1817 2981 1854 :
3027 1801 3073 1854 si
3102 1801 3261 1872 quid,
3323 1803 3477 1873 quod
3510 1803 3750 1872 placeat,

2051 1887 2306 1940 imitare.
2372 1886 2563 1938 Cesset
2647 1889 3012 1958 praelocutio;
3096 1889 3528 1960 praelocutionis
3585 1906 3757 1944 causa

2053 1979 2355 2045 sequatur.

2053 2104 2293 2165 ANNUS
2327 2104 2594 2161 CHRISTI
2645 2109 2765 2168 ΜΙΙ,
2817 2109 2870 2165 S.
2904 2110 3205 2195 IIIENRICI
3256 2111 3680 2165 IMPERANTIS
3712 2112 3755 2167 Ι.

2128 2232 2188 2283 4.
2227 2228 2522 2283 Millesimo
2550 2232 2797 2286 secundo
2818 2248 2966 2286 anno
2993 2234 3063 2286 ab
3094 2233 3488 2287 Incarnationc
3504 2233 3755 2287 Domini.

2062 2317 2375 2373 lndictione
2429 2318 2760 2374 duodecima
2814 2321 2906 2390 (-i),
2969 2321 3098 2375 Otto
3181 2321 3383 2374 tertius
3446 2320 3762 2391 imperator

2058 2410 2369 2475 Augustus,
2402 2408 2678 2474 Paternaa,
2737 2410 2891 2479 quod
2946 2414 3031 2463 est
3083 2409 3375 2462 castellum
3436 2408 3757 2475 Romaniae,

2059 2493 2322 2550 moritur.
2378 2495 2471 2549 Vir
2510 2497 2644 2550 dum
2685 2498 2847 2568 juxta
2901 2497 3150 2569 corporis
3190 2497 3545 2567 speciositate
3594 2498 3761 2552 flori—

2062 2583 2188 2649 dus,
2231 2600 2455 2637 morum
2487 2585 2767 2655 probitate
2820 2588 3129 2651 modestus,
3166 2592 3330 2640 aetate
3396 2586 3632 2655 quidem
3657 2585 3761 2656 ju-

2060 2671 2237 2739 venis,
2292 2674 2386 2727 sed
2432 2674 2682 2743 ingenua
2737 2675 3045 2745 capacitate
3117 2674 3332 2739 senilis,
3404 2674 3761 2748 benignitate

2060 2760 2356 2815 mirabilis.
2413 2763 2475 2815 In
2552 2764 2713 2831 cujus
2762 2763 2936 2833 gestis
3008 2762 3323 2816 scribendis
3374 2761 3510 2815 satis
3561 2761 3762 2815 avidus

2061 2866 2263 2919 essem,
2298 2851 2345 2904 si
2393 2855 2488 2904 aut
2555 2852 2887 2905 memoriter
2942 2856 3222 2919 tenerem,
3281 2854 3379 2903 aut
3455 2851 3758 2904 relatorem

2061 2944 2275 2992 certum
2303 2939 2593 2993 haberem.
2656 2941 2767 2993 Hoc
2824 2944 3047 2993 tantum
3096 2939 3230 3004 scio,
3282 2938 3439 3009 quia,
3496 2940 3761 3008 quamvis

2060 3026 2121 3079 in
2176 3027 2448 3097 primaeva
2488 3033 2655 3081 aetate
2730 3028 2980 3097 plurima
3052 3027 3358 3097 pueriliter
3412 3026 3640 3097 egisset,
3702 3026 3762 3080 in

2060 3116 2340 3187 supremis
2394 3115 2977 3186 irreprehensibiliter
3008 3114 3248 3169 vivebat.
3284 3116 3465 3169 Deum
3510 3115 3761 3180 amabat,

2057 3207 2298 3261 amando
2329 3205 2586 3273 timebat,
2645 3204 2911 3258 omnibus
2970 3203 3248 3273 placebat,
3287 3202 3506 3258 nemini
3556 3203 3759 3272 displi-

2059 3295 2236 3361 cebat,
2273 3293 2381 3347 nisi
2411 3294 2558 3347 forte
2586 3293 2913 3347 inﬁdelibus
2946 3307 2958 3345 :
2984 3291 3120 3361 quia
3141 3291 3403 3346 innatum
3432 3296 3517 3345 est
3574 3292 3760 3357 bonis,

2060 3384 2224 3438 malis
2276 3381 2595 3452 displicere,
2650 3387 2706 3435 et
2758 3381 2919 3435 bouis
2970 3381 3211 3450 placere.
3273 3381 3525 3435 Tandem
3579 3380 3766 3450 qualis

2062 3475 2183 3544 ejus
2205 3476 2461 3526 anteacta
2515 3471 2632 3525 vita
2690 3471 2908 3538 fuisset,
2966 3469 3024 3521 in
3059 3474 3241 3523 morte
3297 3469 3497 3539 ipsius,
3551 3468 3649 3539 qui
3681 3469 3764 3522 af-

2060 3563 2314 3623 fuerunt,
2378 3560 2571 3613 videre
2620 3562 2950 3630 potuerunt.
3010 3557 3348 3629 Quicunque
3406 3557 3559 3611 enim
3593 3556 3764 3611 inter-

2061 3651 2187 3719 fuit,
2221 3650 2281 3703 iu
2312 3648 2609 3704 devotione
2642 3649 2763 3717 ejus
2800 3646 3121 3716 intelligere
3182 3648 3392 3717 potuit,
3451 3646 3588 3716 quia
3644 3663 3762 3701 non

2062 3739 2224 3805 obiit,
2262 3738 2355 3791 sed
2387 3737 2456 3791 ad
2515 3736 2861 3791 desiderium
2919 3750 3087 3787 suum
3144 3736 3433 3806 singulare
3476 3733 3758 3802 migravit.

2060 3830 2142 3881 Ad
2191 3831 2504 3880 creatorem
2554 3830 2813 3878 creatura
2883 3823 3067 3876 ﬁdelis
3099 3840 3165 3877 ex
3219 3830 3348 3878 voto
3404 3824 3588 3877 redire
3637 3840 3764 3893 pro-

2061 3916 2300 3985 peravit.
2337 3913 2509 3982 Cujus
2557 3929 2669 3966 non
2719 3911 2925 3976 obitus,
2987 3910 3085 3963 sed
3144 3912 3418 3964 transitus
3474 3910 3756 3973 omnium,

2062 4004 2162 4073 qui
2214 4018 2366 4055 sana:
2420 4001 2628 4054 mentis
2686 4006 2867 4063 erant,
2928 3998 3113 4052 luctus
3171 3998 3466 4067 mirabilis,
3529 3999 3758 4068 plantus

2062 4098 2179 4145 erat
2221 4090 2590 4144 incredibilis.

2131 4183 2182 4235 5.
2246 4180 2417 4234 Dolor
2468 4184 2615 4232 esset
2666 4177 2835 4232 etiam
2886 4175 3240 4242 insanabilis,
3303 4175 3413 4230 nisi
3476 4181 3765 4246 superstes

2060 4268 2113 4322 ei
2142 4267 2443 4322 exstitisset
2501 4267 2796 4321 Heinricus
2845 4266 2955 4319 dux
2987 4265 3291 4332 gloriosus,
3337 4270 3393 4319 et
3440 4264 3525 4317 vir
3555 4264 3625 4317 ad
3681 4281 3764 4318 re-

2059 4372 2238 4425 gnum
2268 4355 2693 4424 suscipiendum
2741 4359 3022 4408 strenuus.
3072 4355 3123 4408 Is
3179 4358 3314 4407 tunc
3348 4353 3623 4423 temporis
3655 4352 3760 4406 du-

2060 4449 2249 4497 catum
2278 4443 2335 4496 in
2382 4442 2708 4498 Bavariensi
2750 4458 2926 4512 regno
2990 4443 3234 4507 tenebat,
3290 4444 3569 4513 populum
3618 4442 3767 4511 paci“

2062 4532 2165 4585 tice
2194 4532 2449 4601 regebat,
2474 4548 2675 4601 pacem
2733 4530 3133 4601 ampliﬁcabat,
3183 4531 3550 4585 ecclesiarum
3580 4530 3764 4584 facul-

2062 4626 2203 4673 tates
2230 4619 2494 4689 augebat,
2514 4621 2680 4690 ieges
2711 4624 2768 4673 et
2799 4619 3103 4688 religiones
3156 4620 3582 4691 magniticabat.
3614 4620 3764 4673 Tan-

2061 4708 2190 4761 dem
2224 4708 2393 4761 sicin
2449 4707 2657 4762 ducatu
2685 4708 2839 4774 vixit,
2901 4707 3055 4777 quod
3113 4709 3380 4762 omnibus
3430 4708 3663 4777 placuit,
3701 4712 3766 4761 ut

2061 4794 2128 4847 de
2185 4795 2393 4848 ducatu
2448 4796 2912 4850 transduceretur
2968 4796 3037 4850 ad
3101 4812 3368 4867 regnum,
3428 4796 3498 4849 de
3562 4795 3764 4848 vexillo

2059 4883 2426 4937 extolleretur
2474 4883 2532 4938 in
2582 4884 2790 4938 solium
2848 4885 3280 4939 hereditarium.
3344 4882 3764 4937 Hereditarium

2060 4970 2301 5024 dicimus
2353 4987 2366 5034 ;
2419 4973 2571 5042 quia,
2645 4978 2708 5026 ut
2772 4973 2841 5027 ab
2906 4973 3012 5040 his,
3082 4970 3450 5043 genealogias
3516 4986 3764 5041 compu-

2058 5062 2181 5112 tare
2213 5066 2508 5127 noverant,
2538 5060 2881 5128 audivimus,
2918 5078 2952 5115 a
3006 5061 3208 5114 Karolo
3240 5075 3450 5130 magno
3501 5075 3570 5113 ex
3604 5064 3764 5129 parte

2059 5148 2236 5217 patris
2278 5148 2561 5203 decimam
2608 5151 2955 5220 septimam;
3007 5166 3071 5202 ex
3126 5153 3287 5218 parte
3356 5147 3571 5213 matris,
3607 5147 3763 5202 deci-

2129 5252 2203 5321 (4)
2259 5253 2447 5307 Voluit
2504 5255 2691 5309 dicere
2742 5256 2959 5310 decima
3007 5254 3256 5324 quinta;
3316 5254 3551 5308 fortasse
3600 5271 3761 5309 ama-

2060 5324 2292 5403 nuensis
2321 5325 2663 5403 aliquis‘per
2689 5342 2757 5380 xv
2812 5324 3177 5403 descripserit
3202 5327 3356 5397 quod
3406 5326 3549 5379 alter
3579 5333 3764 5403 muta?

2058 5394 2275 5472 veritin
2298 5403 2483 5472 xl_i.u_t
2510 5394 2717 5472 clarius
2768 5396 2984 5465 patebit
3033 5395 3090 5449 in
3138 5394 3290 5451 anno
3343 5396 3602 5470 sequenti
3660 5394 3759 5469 qui

2060 5466 2331 5545 signatur,
2348 5466 2660 5521 lndictione
2697 5483 2731 5520 ι.
