4028 6206
340 324 398 376 9t
1649 325 1703 378 S.
1747 319 2032 378 UENRICI
2072 320 2545 377 IMPERATORIS
3771 329 3829 379 92

339 455 492 494 mam
523 443 741 494 sextam
772 438 981 493 lineam
1019 439 1452 511 propagationis
1500 441 1745 495 tenebat.
1797 442 2038 512 Insuper
2074 443 2123 497 Α
2154 440 2348 506 licum,
2374 442 2619 511 majores
2664 446 2829 496 erant
2873 441 2932 496 in
2966 458 3167 513 regno,
3202 442 3393 498 Benno
3434 445 3551 499 Dux
3592 445 3651 499 in
3671 447 3832 501 Saxo—

339 523 541 582 tertius
562 529 691 583 Otto
717 528 791 597 (ὅ)
819 532 949 598 post
978 528 1199 583 obitum
1240 531 1301 583 in
1333 530 1545 600 Regem
1590 529 1926 601 eligebatur,
1984 535 2041 583 et

337 616 448 688 ipsi
502 616 737 671 tertium
812 615 881 669 ad
928 616 1166 670 invicem
1218 617 1727 687 consanguinitatis
1798 618 2037 687 gradum

338 705 631 760 tenebant.
692 704 868 758 Mater
924 709 1116 758 autem
1174 721 1277 759 sua
1328 706 1571 759 Conradi
1609 705 1759 776 regis
1809 705 1883 775 (6)
1933 706 2041 760 fuit

340 794 477 848 ﬁlia.

412 885 460 936 6.
522 881 618 935 His
671 880 1120 935 antecessoribus
1190 885 1415 934 exortus
1462 898 1751 935 successor
1795 881 2040 951 ingentis

342 968 594 1040 eligitur,
636 973 692 1022 et
720 974 780 1021 ut
814 969 925 1022 Rex
960 969 1077 1030 ﬁat,
1110 968 1180 1022 ab
1211 969 1479 1023 omnibus
1523 969 1897 1023 desideratur.
1930 969 2038 1024 Sed

342 1058 589 1126 qualiter
622 1057 690 1109 ad
736 1072 973 1125 regnum
1027 1057 1097 1110 ab
1138 1056 1246 1123 his,
1284 1057 1381 1128 qui
1412 1073 1563 1111 same
1622 1057 1829 1110 mentis
1855 1062 2036 1123 erant,

338 1146 611 1200 invitatus
642 1145 811 1198 fuerit
847 1161 860 1209 ;
900 1144 1146 1214 qualiter
1183 1145 1356 1199 etiam
1398 1145 1615 1199 invidia
1644 1146 1896 1199 virorum
1933 1145 2038 1199 bo-

339 1249 547 1287 norum
605 1233 927 1287 comitatrix
958 1250 1060 1301 per
1100 1250 1230 1285 suos
1281 1234 1550 1286 satellites
1612 1233 1712 1303 [id]
1757 1232 2037 1303 impedire

338 1319 661 1385 tentaverit,
730 1335 834 1373 nec
898 1319 1041 1372 mihi
1110 1318 1466 1372 fastidiosum
1521 1324 1607 1372 est
1658 1319 1865 1384 dicere,
1934 1336 2038 1374 nec

335 1408 536 1461 ceteris
567 1409 925 1477 superfluum
956 1406 1173 1459 audire.
1228 1407 1502 1460 Invidiam
1535 1406 1815 1460 bonorum
1860 1406 2035 1460 comi-

337 1496 596 1549 tatricem
630 1511 719 1547 me
748 1495 953 1547 dixisse
983 1511 1055 1548 ne
1109 1493 1331 1547 mireris
1362 1511 1374 1548 :
1417 1496 1553 1565 quia
1612 1495 1707 1549 ubi
1741 1496 2038 1549 abundant

338 1589 567 1636 strenue
623 1587 800 1652 gesta,
884 1582 1138 1636 abundat
1193 1586 1249 1635 et
1302 1582 1531 1637 invidia.
1596 1584 1752 1637 Unde
1804 1584 2034 1654 quidam

339 1671 720 1741 Philosophus
776 1669 1159 1739 interrogatus
1211 1688 1243 1722 a
1284 1670 1562 1741 discipulo
1619 1688 1722 1726 suo
1789 1672 2038 1742 qualiter

243 1771 249 1777 '
338 1759 526 1812 vivere
577 1763 790 1829 posset,
842 1763 907 1813 ut
964 1758 1309 1814 invidiorum
1366 1760 1718 1814 corrosiones
1790 1759 2042 1814 devitare

336 1847 572 1913 valeret,
606 1846 948 1917 respondit:
1008 1847 1095 1901 Nil
1125 1846 1291 1914 bene,
1328 1849 1405 1900 nil
1462 1854 1710 1915 strenue,
1771 1848 1850 1901 nil
1900 1864 2041 1919 pru-

338 1936 542 1989 denter
572 1940 804 2005 agas,et
826 1935 906 1988 ita
957 1940 1011 1989 te
1055 1952 1221 2005 posse
1281 1936 1657 1990 detractiones
1713 1936 2039 1990 invidorum

340 2023 628 2079 declinare
658 2022 819 2077 scias.
853 2025 965 2076 Aut
1008 2022 1187 2094 igitur
1217 2025 1422 2078 stultus
1474 2031 1614 2091 esto,
1679 2029 1737 2078 et
1761 2024 2040 2079 invidiam

342 2111 670 2177 declinato;
732 2116 833 2165 aut
882 2112 1196 2181 prudenter
1249 2113 1405 2183 agito
1463 2119 1518 2167 et
1565 2112 1842 2166 invidiam
1870 2112 2040 2167 susti-

339 2206 496 2254 neto.

412 2292 463 2341 7.
498 2288 702 2343 Ottone
733 2302 869 2358 ergo
901 2288 1316 2357 gloriosissimo
1370 2289 1720 2356 Iniperatore
1753 2288 2038 2355 defuncto,

340 2375 632 2445 Cisalpini,
680 2375 780 2446 qui
837 2392 967 2431 cum
1027 2393 1094 2430 eo
1152 2380 1335 2442 erant,
1375 2375 1837 2447 archiepiscopus
1887 2377 2044 2431 Colo-

339 2464 576 2530 niensis,
624 2463 877 2534 episcopi
938 2464 1316 2529 Leodicensis,
1367 2463 1745 2533 Augustensis
1797 2467 1854 2518 et
1894 2465 2040 2519 Con-

340 2552 690 2617 stantiensis,
724 2554 852 2607 Otto
891 2553 1044 2607 ﬁlius
1083 2552 1287 2620 Caroli,
1320 2551 1594 2606 Henricus
1649 2558 1705 2606 et
1733 2553 2043 2607 Juncman-

341 2657 447 2695 nus
502 2640 771 2708 Comites,
813 2646 872 2694 et
898 2640 1071 2695 ceteri
1101 2641 1471 2711 quamplures
1501 2640 1748 2695 ﬁdeliter
1787 2644 2037 2712 agentes,

338 2745 471 2785 cum
499 2730 747 2783 maxima
806 2728 1141 2784 difﬁcultate
1193 2734 1249 2782 et
1303 2728 1572 2798 periculis
1633 2729 1897 2799 pluribus
1940 2746 2043 2799 per

338 2820 640 2877 Veronam.
701 2833 803 2888 per
870 2818 1179 2882 Bavariam,
1242 2817 1480 2871 cadaver
1534 2816 1712 2888 ipsius
1765 2817 2039 2888 [reporta-

340 2906 497 2959 bant.
526 2905 744 2970 Quibus
807 2906 924 2959 Dux
976 2905 1365 2959 nobilissimus
1411 2921 1542 2959 cum
1601 2905 1881 2959 Bavaricis
1912 2906 2040 2977 Epi-

340 2991 523 3062 scopis
546 2998 603 3046 et
632 2991 951 3047 Comitibus
982 2992 1210 3045 obviam
1244 2993 1418 3057 venit,
1449 3008 1656 3062 corpus
1696 2993 1935 3046 senioris
1965 2992 2037 3063 (7)
2068 2995 2109 3049 C

342 3084 398 3133 et
427 3078 837 3148 consanguinei
882 3079 991 3143 sui,
1033 3095 1147 3150 qua
1201 3078 1410 3145 decuit,
1468 3080 1830 3134 veneratione
1860 3097 2043 3134 susce-

341 3167 445 3238 pit,
481 3171 665 3221 totum
715 3165 1050 3232 exercitum,
1093 3183 1207 3237 qua
1250 3166 1448 3221 debuit
1501 3167 1841 3223 liberalitate
1887 3184 2041 3222 rece-

341 3255 427 3326 pit
448 3258 518 3324 (8)
546 3274 561 3322 ;
594 3270 697 3325 per
727 3260 938 3308 terram
969 3271 1150 3321 suam,
1186 3271 1299 3325 qua
1330 3255 1583 3324 oportuit
1638 3256 2042 3310 commoditate

342 3344 633 3398 conduxit.
665 3343 916 3397 Tandem
976 3343 1288 3415 Muneborg
1344 3344 1703 3415 perveniens,
1754 3345 1877 3415 ipse
1926 3344 2043 3398 suis

341 3432 597 3486 humeris
622 3446 830 3500 corpus
889 3431 1257 3501 Imperatoris
1310 3431 1370 3484 in
1421 3430 1705 3485 civitatem
1762 3432 2041 3499 subvexit,

318 3520 569 3590 pietatis
595 3519 918 3590 exemplum
950 3525 1005 3573 et
1034 3518 1405 3572 humanitatis
1463 3518 1738 3573 exhibens
1768 3517 2040 3584 debitum,

338 3607 653 3663 exercitum
681 3607 950 3661 diurnare
999 3606 1152 3671 fecit,
1184 3609 1244 3658 ut
1299 3610 1356 3659 et
1390 3605 1499 3675 ipsi
1550 3606 1621 3659 de
1672 3606 1939 3673 utilitate,
1989 3610 2048 3659 et

342 3694 731 3749 consolatione
778 3696 942 3766 regni
994 3696 1477 3767 colloquerentur,
1513 3702 1570 3750 et
1628 3694 1766 3767 equi
1821 3694 2046 3749 itineris

342 3782 699 3854 longitudine
738 3782 869 3837 fessi
901 3788 1311 3838 recrearentur.
1348 3783 1431 3838 Ibi
1489 3783 1812 3854 quibusque
1844 3782 2045 3838 melio-

342 3871 501 3925 ribus
532 3872 690 3942 regia
715 3872 867 3926 dona
917 3871 1150 3939 faciens,
1194 3872 1388 3942 junxit
1436 3872 1545 3926 sibi
1602 3887 1704 3942 per
1736 3868 2046 3925 amicitiam

342 3976 487 4032 quos
517 3961 885 4030 postmodum
905 3965 1270 4030 suscepturus
1301 3966 1422 4014 erat
1451 3960 1511 4013 in
1540 3958 1829 4013 militiam.

413 4052 465 4103 8.
503 4048 713 4101 Deinde
752 4065 883 4101 cum
940 4065 1178 4118 corpore
1224 4065 1403 4119 usque
1443 4052 1761 4116 Augustam
1810 4045 2047 4099 veniens

343 4135 403 4189 in
468 4136 699 4190 basilica
762 4137 815 4189 S.
873 4136 1037 4202 Afrae,
1096 4138 1251 4205 juxta
1320 4136 1643 4205 sepulcrum
1694 4134 1749 4187 S.
1801 4132 2047 4187 Udalrici

343 4223 741 4277 decentissime
796 4224 1023 4293 sepeliri
1071 4223 1439 4293 Imperatoris
1492 4221 1766 4276 interiora
1805 4221 1954 4284 fecit,
1989 4226 2045 4275 et

342 4328 447 4382 pro
479 4311 672 4365 anima
700 4311 822 4379 ejus
872 4311 1058 4365 eidem
1117 4311 1369 4365 ecclesiae
1413 4315 1641 4365 centum
1699 4325 1930 4363 mansos
1976 4325 2042 4363 ex

345 4398 577 4469 prOpria
604 4398 915 4453 hereditate
961 4400 1255 4453 concessit.
1316 4399 1399 4452 lbi
1452 4398 1771 4451 valedicens
1819 4396 2039 4461 ceteris,

343 4487 466 4558 ipse
496 4487 563 4541 ad
598 4487 829 4559 propria
861 4487 1155 4542 remeavit.
1206 4488 1427 4557 Corpus
1492 4503 1625 4540 vero
1656 4485 2041 4555 Imperatoris,

344 4575 688 4647 Aquisgrani
733 4581 1116 4630 transvectum
1159 4576 1495 4643 honorifice,
1530 4579 1591 4637 ut
1642 4573 1826 4627 adhuc
1863 4574 2046 4628 videri

343 4670 547 4735 potest,
584 4666 642 4719 in
691 4666 881 4720 medio
938 4667 1208 4720 ecclesia.
1271 4666 1327 4721 S.
1394 4664 1583 4719 Mariae
1623 4664 1912 4733 sepultum
1937 4668 2041 4717 est.

342 4755 524 4819 Quam
570 4754 865 4808 ecclesiam
922 4754 1075 4808 idem
1132 4753 1577 4826 benignissimus
1634 4752 1954 4822 Imperator
1990 4755 2049 4804 et

346 4843 512 4898 unice
541 4842 755 4910 dilexit,
785 4848 843 4897 et
872 4842 1121 4913 plurima
1154 4843 1418 4896 facultate
1471 4841 1690 4896 ditavit.

416 4934 467 4985 9.
499 4933 655 4987 Tunc
686 4931 962 5003 temporis
1019 4936 1148 5003 post
1198 4931 1527 4986 Heinricum
1579 4930 1793 4984 Ducem
1823 4928 2047 4999 magni-

419 5055 490 5123 (5)
515 5057 721 5110 Locum
740 5056 892 5110 hunc
931 5058 1265 5126 corruptum
1315 5058 1622 5126 esse,recte
1637 5052 2049 5126 advertitGret-

306 5142 543 5190 .serus;
605 5142 806 5181 verum
869 5126 1006 5180 satis
1064 5124 1242 5197 patet,
1307 5125 1613 5196 legendum
1673 5128 1798 5194 post
1839 5124 2047 5179 Ottom's

347 5200 497 5250 tertii
525 5197 745 5250 obitum.

418 5266 491 5337 (6)
513 5267 726 5336 Nempe
760 5266 1124 5337 Burgundias.

418 5334 491 5405 (‘7)
524 5334 714 5394 Senibr
743 5355 846 5409 pro
878 5334 1137 5406 domino,
1172 5336 1324 5409 quod
1358 5335 1472 5400 hic,
1507 5334 2046 5409 _apu_d__t)itmarum

349 5412 407 5462 et
429 5404 572 5463 alios
628 5404 1161 5480 frequentissimum
1188 5404 1207 5409 “
1229 5413 1335 5475 est,
1406 5404 1577 5461 unde
1610 5404 1887 5461 Gallicum
1939 5407 2046 5460 sei-

382 5495 532 5534 neur.

344 5496 693 5619 Ωηῗὲἷῖτοτῑε
752 5552 960 5617 refecit,
1008 5550 1195 5621 inquit
1239 5550 1553 5613 Gretserus,
1588 5546 1846 5621 quamvis
1876 5546 2047 5602 etiam

2153 529 2267 594 nia,
2294 530 2674 583 Herimannus
2715 530 2836 583 Dux
2874 529 2935 583 in
2965 530 3325 596 Alemannia,
3377 532 3758 589 Theodoricus
3782 536 3836 590 in

2150 616 2506 671 Lothariensi
2534 633 2732 687 regno,
2778 618 3110 672 Ekebardus
3170 619 3420 674 marchio
3468 621 3528 676 in
3557 622 3833 693 Toringia.

2152 706 2367 771 Benno,
2426 711 2489 759 ut
2527 707 2776 776 sapiens,
2829 723 2946 760 non
3018 707 3383 762 animabatur
3446 710 3516 765 ad
3582 726 3835 780 regnum,

2149 792 2331 847 sciens
2391 793 2718 847 Heinricum
2778 793 2970 864 vigere
3029 811 3149 865 prie
3201 797 3403 850 ceteris
3458 798 3530 852 ad
3585 798 3839 853 obtinen-

2149 880 2307 934 dum.
2340 881 2622 951 Sapientis
2674 882 2827 936 enim
2882 888 2968 936 est
3015 900 3282 953 spernere
3316 884 3375 938 in
3438 885 3526 939 his
3555 887 3841 956 appetitio-

2150 984 2283 1022 nem
2313 968 2372 1023 in
2402 970 2612 1040 quibus
2672 971 2775 1023 scit
2827 970 2952 1024 fieri
3007 988 3125 1025 non
3182 988 3344 1041 posse
3384 975 3838 1030 consecutionem

2150 1057 2531 1111 Theodoricus
2555 1074 2785 1128 quoque
2816 1058 3140 1113 lleinricum
3177 1060 3385 1114 Ducem
3439 1061 3498 1115 in
3522 1078 3700 1132 regno
3728 1080 3839 1117 esse

2149 1146 2331 1198 sciens
2381 1146 2672 1211 heredem,
2729 1146 2907 1200 noluit
2964 1147 3215 1217 incipere
3276 1150 3428 1218 quod
3487 1166 3601 1203 non
3659 1157 3841 1220 posset

2148 1234 2332 1287 linire.
2368 1234 2749 1288 Herimannus
2799 1251 2929 1287 vero
2978 1235 3149 1289 homo
3202 1240 3425 1306 potens,
3467 1238 3610 1291 etin
3645 1239 3838 1291 ceteris

2148 1320 2438 1388 prudens;
2508 1320 2566 1373 in
2623 1322 2732 1375 hoc
2806 1326 2997 1374 tamen
3052 1320 3277 1391 sapiens
3326 1339 3342 1386 ;
3396 1338 3454 1374 se
3511 1339 3674 1393 posse
3733 1338 3839 1375 cre-

2148 1407 2291 1462 didit
2356 1408 2510 1478 quod
2596 1409 2965 1480 postmodum
3038 1426 3097 1463 se
3172 1425 3289 1462 non
3349 1426 3515 1480 posse
3585 1411 3839 1480 probavit

2152 1494 2478 1549 Ekebardus
2517 1502 2707 1550 autem
2766 1498 2955 1551 nescio
3007 1513 3079 1550 an
3132 1496 3191 1550 in
3248 1497 3611 1566 adipiscendo
3668 1515 3837 1569 regno

2147 1601 2308 1655 spem
2390 1589 2607 1651 tenens,
2667 1602 2737 1639 an
2806 1586 3178 1639 rebellionem
3228 1586 3529 1657 meditans,
3588 1586 3649 1639 in
3695 1586 3846 1657 regia

2149 1678 2328 1739 curte,
2371 1689 2498 1744 qua:
2531 1674 2826 1741 Poleda(9)
2849 1674 3079 1741 dicitur,
3110 1690 3212 1740 per
3247 1679 3472 1728 noctem
3504 1674 3575 1729 ab
3604 1673 3847 1728 inimicis

2150 1763 2267 1816 suis
2298 1762 2611 1833 egreditur,
2654 1761 2895 1816 viriliter
2915 1778 3180 1833 pugnans
3210 1762 3569 1816 interﬁcitur.
3602 1762 3846 1817 Reman-

2150 1852 2220 1905 sit
2242 1850 2533 1906 contentio
2563 1850 2713 1904 inter
2744 1850 3071 1906 Heinricum
3106 1852 3315 1904 Ducem
3371 1851 3846 1921 gloriosissimum

2151 1944 2205 1993 et
2232 1939 2643 1993 Ilerimannnm
2676 1938 2858 1993 virum
2920 1938 3404 2010 potentissimum,
3456 1938 3550 1992 sed
3582 1939 3774 1993 brevis
3801 1946 3853 1993 et

2149 2027 2262 2080 cito
2294 2027 2469 2081 ﬁnem
2502 2026 2786 2081 habitura.
2836 2027 2969 2079 Erat
3014 2042 3266 2096 namque
3324 2028 3466 2080 alter
3495 2026 3658 2081 alteri
3689 2025 3853 2081 dissi-

2154 2115 2306 2169 milis
2338 2114 2637 2168 nobilitate
2694 2118 2750 2167 et
2806 2114 3106 2185 sapientia,
3164 2115 3432 2168 facultate
3486 2120 3542 2168 et
3601 2114 3856 2185 corporis

2150 2202 2451 2272 elegantia.

2228 2294 2311 2345 iO.
2352 2292 2604 2344 Intrante
2636 2289 2811 2360 igitur
2837 2289 3007 2343 Junio
3044 2290 3164 2342 Dux
3224 2289 3538 2358 Heinricus,
3598 2291 3716 2344 Rex
3752 2291 3856 2344 cito

2150 2378 2399 2445 futurus,
2459 2378 2528 2431 de
2584 2376 2819 2431 Bavaria
2887 2382 2943 2431 et
2990 2376 3278 2432 Orientale
3337 2378 3571 2432 Francia
3618 2380 3857 2432 collecta

2151 2466 2519 2555 multitpdine
2545 2482 2663 2520 non
2705 2464 2953 2533 modica,
3007 2480 3180 2535 super
3234 2466 3501 2521 Rhenum
3532 2468 3858 2521 Wormatia:

2150 2552 2620 2624 venit,'cupiens
2676 2552 2757 2607 ibi
2812 2552 3075 2617 transire,
3107 2557 3163 2607 et
3186 2554 3536 2624 Moguntiam
3594 2554 3660 2608 ad
3695 2571 3856 2625 rega-

2148 2644 2264 2698 lem
2324 2641 2779 2697 benedictionem
2826 2640 3259 2711 percipiendam
3328 2642 3541 2696 venire.
3598 2642 3704 2698 Sed
3748 2644 3859 2698 Dux

2154 2731 2557 2795 Herimannus,
2624 2729 2889 2783 adunatis
2974 2729 3306 2784 Alemannis
3381 2735 3438 2783 et
3507 2731 3858 2800 quibusdam

2154 2818 2403 2883 Francis,
2436 2822 2492 2870 et
2545 2815 2975 2882 Alsatientibus,
3036 2817 3407 2870 Wormatiam
3438 2817 3507 2871 ad
3563 2818 3862 2871 contradi-

2151 2906 2397 2960 cenduni
2448 2904 2752 2959 transitum
2824 2903 3131 2970 festinavit,
3186 2904 3382 2975 ibique
3448 2904 3690 2959 transire
3762 2922 3862 2960 nec

2151 3009 2331 3048 unum
2359 2992 2638 3063 permisit.
2674 2993 2740 3045 Et
2788 2991 2951 3045 facile
2978 2990 3241 3046 resistere
3287 2995 3530 3063 poterat,
3584 2992 3684 3062 qui
3719 2992 3863 3047 Rho.

2151 3098 2289 3135 num
2349 3081 2674 3150 adjutorem
2731 3080 2998 3135 habebat.
3063 3080 3235 3134 Erant
3293 3087 3485 3134 autem
3526 3096 3654 3135 cum
3712 3081 3862 3135 Duce

2156 3167 2419 3223 Heinrico
2451 3167 2557 3222 viri
2585 3168 2833 3223 illustres
2864 3179 2921 3222 et
2976 3168 3413 3239 sapientissimi;
3466 3169 3863 3240 Archiepisco-

2150 3271 2258 3326 pus
2304 3256 2688 3323 Moguntinus,
2736 3255 3197 3327 archiepiscopus
3236 3256 3687 3328 Salzburgensis,
3730 3256 3861 3327 Epi-

2151 3360 2354 3414 scopus
2415 3343 2739 3409 Brixiensis,
2802 3342 3110 3415 Episcopus
3166 3342 3673 3413 Wirzeburgensis,
3730 3344 3859 3414 Epi-

2150 3448 2353 3502 scopus
2420 3430 3001 3502 Regenesburgensis,
3058 3430 3368 3500 Episcopus
3444 3430 3859 3501 Strasburgen-

2152 3522 2247 3587 sis,
2317 3520 2631 3591 Episcopus
2690 3519 3058 3583 Bataviensis,
3147 3519 3454 3590 Episcopus
3534 3519 3856 3582 Frisiensis,

2150 3609 2339 3663 Abbas
2415 3608 2729 3676 Fuldensis,
2803 3606 2976 3661 ceteri
3029 3606 3270 3662 Abbates
3326 3612 3381 3661 et
3431 3608 3679 3662 Comites
3740 3608 3864 3678 plu-

2153 3696 2306 3751 rimi.

2227 3788 2313 3839 ll.
2375 3784 2517 3839 Cum
2559 3783 2646 3837 his
2707 3784 2850 3852 Dux,
2906 3781 3102 3837 habito
3179 3782 3441 3851 consilio,
3494 3782 3747 3837 reditum
3805 3784 3862 3837 in

2156 3871 2452 3926 Bavariam
2486 3869 2794 3933 simulavit,
2852 3875 2909 3924 et
2966 3869 3128 3940 quasi
3182 3870 3487 3923 transitum
3527 3871 3860 3940 desperans,

2158 3958 2483 4014 Loresheim
2527 3958 2698 4012 venit.
2770 3957 2905 4011 Inde
2984 3957 3331 4027 Moguntiam
3387 3956 3683 4021 festinans,
3739 3959 3862 4010 sine

2156 4046 2568 4116 impedimento
2595 4045 2873 4099 transivit.
2918 4045 2997 4099 Ibi
3040 4050 3231 4098 octava
3263 4046 3393 4099 Idus
3446 4045 3601 4099 Junii
3656 4044 3718 4099 in
3753 4046 3860 4100 Re—

2155 4150 2284 4204 gem
2343 4133 2592 4203 eligitur,
2672 4133 3037 4197 acclamatur,
3096 4132 3469 4196 benedicitur,
3526 4139 3858 4186 coronatur.

2158 4222 2241 4276 Ibi
2277 4221 2472 4277 Franci
2503 4225 2559 4275 et
2588 4222 2950 4275 Musellenses
2979 4220 3089 4291 (10)
3137 4221 3501 4283 conveniunt,
3537 4220 3705 4289 Regis
3737 4221 3861 4273 efﬁ-

2154 4310 2400 4376 ciuntur,
2435 4314 2492 4364 et
2541 4309 2895 4379 majestatem
2943 4309 3067 4378 ejus
3118 4325 3182 4363 ex
3235 4308 3427 4363 debito
3485 4314 3858 4361 venerantur.

2154 4397 2461 4454 Celebratis
2490 4396 2667 4466 igitur
2686 4397 2889 4451 diebus
2923 4397 3304 4451 ordinationis
3334 4412 3471 4460 suae,
3522 4401 3579 4450 et
3623 4397 3862 4464 quibus-

2153 4503 2265 4558 que
2296 4485 2652 4539 venientibus
2682 4485 2741 4539 in
2773 4485 3036 4538 militiam
3086 4484 3380 4555 susceptis,
3416 4485 3528 4539 Rex
3589 4484 3863 4540 Rhenum

2154 4574 2361 4629 iterum
2396 4573 2643 4637 transiit,
2674 4590 2805 4628 cum
2857 4572 3105 4627 maxima
3131 4573 3499 4627 multitudine
3531 4588 3632 4642 per
3652 4572 3863 4627 Orien-

2155 4663 2327 4717 talem
2387 4662 2678 4717 Franciam
2732 4661 2790 4715 in
2823 4661 3220 4716 Alemanniam
3284 4664 3362 4714 ire
3421 4660 3773 4731 properavit,
3801 4664 3865 4714 ut

2156 4751 2557 4818 Herimannus,
2589 4750 2784 4805 audita
2819 4750 3205 4804 devastatione
3244 4754 3412 4803 terra:
3453 4765 3570 4803 sum
3597 4765 3627 4801 a
3672 4754 3865 4818 capta

2154 4840 2465 4894 rebellione
2494 4838 2811 4899 desisteret.
2862 4842 2920 4892 et
2966 4832 3154 4906 caput,
3187 4842 3252 4890 ut
3305 4836 3498 4903 ceteri,
3536 4836 3711 4907 regiae
3746 4852 3865 4890 ma-

2148 4927 2340 4997 jestati
2371 4927 2668 4982 subderet.
2714 4928 2776 4981 In
2823 4924 3176 4980 Alemanniis
3214 4925 3392 4996 igitur
3448 4926 3565 4979 Rex
3597 4924 3867 4996 pluribus

2155 5049 2400 5121 intelligi
2478 5050 2677 5121 possit,
2724 5049 3034 5105 exercitum
3077 5049 3420 5105 liberalitate
3467 5048 3866 5111 conciliatum,

2154 5123 2413 5191 adeoque
2444 5127 2737 5192 receptum
2770 5122 2963 5192 fuisse.

2227 5191 2300 5262 (9)
2325 5189 2561 5246 Celebre
2576 5189 2701 5245 luit
2733 5208 2834 5257 per
2879 5191 2935 5244 id
2968 5196 3194 5257 tempus
3239 5189 3515 5259 palatium
3548 5206 3581 5243 a
3609 5189 3665 5244 S.
3720 5190 3869 5243 Hen—

2154 5265 2266 5318 rico
2292 5279 2441 5333 saepe
2498 5263 2943 5333 frequentatum,
2988 5267 3064 5333 ut
3101 5262 3228 5332 lege
3278 5264 3427 5332 apud
3460 5262 3779 5314 Ditmarum
3808 5264 3869 5314 et

2156 5334 2215 5389 in
2244 5332 2558 5387 Annalibus
2590 5332 3131 5387 Hildesemensibus.

2226 5403 2333 5473 (10)
2366 5403 2627 5474 Intellige
2648 5404 2987 5463 Mosellanos,
3035 5419 3132 5456 seu
3185 5418 3284 5455 eos
3321 5399 3421 5472 qui
3466 5400 3534 5454 ad
3569 5399 3865 5456 Mosellam

2158 5475 2392 5529 ﬂuvium
2416 5474 2696 5529 incolunt.
