4058 6216
232 311 304 362 93

1920 316 1999 369 AC
2007 314 2112 369 TA.

3705 316 3772 369 9νὶ

228 432 445 488 diebus
479 434 760 496 moratur,
827 430 1029 484 nolens
1089 435 1150 485 et
1214 433 1406 487 volens
1446 438 1656 488 terram
1708 434 1963 507 dcpopu-
1997 429 2037 497 Χ
2079 452 2254 507 quem
2286 442 2543 509 tempore
2576 437 2815 491 ducatus
2846 435 2934 489 sui
2997 436 3143 489 ultra
3175 452 3374 490 omnes
3396 437 3630 492 comites
3687 455 3776 491 re-

228 524 410 577 latur.

310 614 393 665 l2.
432 613 514 665 At
549 610 910 664 Hermaunus
943 606 1063 677 (11)
1097 605 1262 661 dune
1321 610 1550 675 mentis,
1583 616 1641 664 et
1686 615 1968 681 protervas

227 700 506 765 cervicis,
549 698 729 752 iratus
787 712 966 766 super
1026 695 1380 766 Episcopum
1445 699 1966 768 Strasburgensem,

226 807 301 843 eo
334 789 507 859 quod
540 787 831 858 sapienter
887 784 1102 855 egerit,
1137 790 1195 837 et
1226 792 1447 855 partem
1490 787 1786 841 meliorem
1846 788 1966 841 ele-

227 878 405 949 gerit.
445 877 655 947 juncto
695 873 803 927 sibi
848 874 1099 926 Cunone
1140 889 1357 941 genero
1410 892 1534 939 suo,
1596 876 1969 946 Argi-utinam

227 966 438 1031 adivit,
474 971 534 1019 et
576 962 850 1018 militibus
888 959 1171 1031 Episcopi
1225 977 1348 1015 non
1394 964 1645 1017 fideliter
1702 963 1965 1016 resisten-

230 1056 392 1109 tibus
430 1070 630 1107 muros
686 1050 931 1105 civitatis
966 1048 1164 1118 fregit,
1206 1050 1395 1119 spolia
1442 1067 1553 1104 non
1608 1052 1829 1105 modica
1879 1066 1968 1103 ce-

229 1145 335 1214 pit,
376 1142 681 1197 ecclesiam
727 1139 1023 1192 violenter
1052 1137 1319 1205 intravit,
1374 1145 1431 1192 et
1486 1139 1662 1209 impie
1720 1139 1966 1193 violavit.

230 1234 472 1287 Interea
500 1232 635 1294 Rex,
669 1227 758 1298 qui
812 1232 946 1280 erat
978 1226 1037 1280 in
1066 1226 1444 1292 Alemannia,
1507 1227 1705 1297 Augiae
1756 1227 1967 1281 nativi-

226 1326 415 1376 tatem
452 1321 508 1375 S.
539 1318 763 1374 Joannis
812 1315 1176 1382 celebrabat,
1213 1320 1276 1369 et
1316 1317 1613 1371 neminem
1647 1317 1876 1383 timens,
1910 1334 1969 1371 se

224 1413 513 1480 potenter
583 1404 817 1460 habebat
856 1421 869 1457 :
932 1420 1063 1458 cum
1122 1404 1475 1457 nunciatum
1524 1411 1673 1458 esset
1721 1406 1772 1459 ei
1818 1406 1969 1476 quod

228 1497 627 1551 Herimannus
647 1492 843 1546 obvius
880 1492 1079 1545 venire
1123 1492 1328 1556 vellet,
1366 1498 1425 1545 et
1477 1509 1687 1563 pugnae.
1726 1495 1970 1547 termino

226 1586 398 1639 litem
448 1583 646 1648 ﬁnire;
681 1580 973 1634 sententia
1012 1580 1129 1633 haec
1159 1580 1317 1650 Regi
1374 1581 1617 1650 placuit;
1686 1582 1756 1636 ab
1788 1582 1971 1650 Augia

226 1673 541 1737 discessit;
598 1670 655 1723 in
698 1669 973 1739 quaedam
1022 1674 1185 1739 prata
1234 1670 1608 1738 amplissima
1661 1675 1715 1723 et
1767 1672 1835 1723 ad
1871 1672 1969 1723 de-

227 1760 587 1814 certandum
644 1762 972 1828 opportuna
1021 1756 1315 1827 pervenit.
1364 1757 1445 1810 lbi
1495 1758 1801 1811 adventum
1850 1759 1973 1811 Du-

230 1848 317 1901 cis
352 1852 661 1917 expectans
690 1851 741 1898 et
760 1844 1215 1916 pugnaejudicio
1253 1844 1373 1915 (12)
1405 1846 1597 1899 subire
1634 1862 1748 1898 non
1816 1848 1969 1899 refu-

229 1941 395 1998 tans,
486 1932 889 1991 solennitatem
974 1933 1398 2003 Apostolorum
1458 1933 1782 1987 celebravit.
1864 1933 1973 1987 Sed

233 2023 657 2087 Herimannus,
708 2020 930 2074 salubri
987 2020 1231 2073 consilio
1284 2037 1442 2088 usus,
1499 2037 1799 2075 occurrere
1832 2020 1971 2089 Regi

231 2112 465 2176 renuit,
528 2115 584 2161 et
629 2108 727 2161 sibi
772 2109 1014 2179 suisque
1058 2108 1356 2162 salubrius
1403 2125 1529 2162 esse
1588 2114 1649 2163 ut
1702 2110 1969 2175 latitaret,

233 2214 429 2269 quam
464 2195 681 2250 obviam
710 2196 960 2262 veniret,
989 2196 1258 2250 credidit.

325 2289 412 2339 l3.
452 2284 591 2353 Hegi
626 2300 753 2354 ergo
787 2285 879 2338 sic
932 2285 1315 2356 praestolanti,
1372 2285 1609 2355 quidam
1671 2301 1782 2339 non
1839 2301 1973 2356 pro-

230 2374 395 2427 vida:
440 2373 642 2425 mentis
671 2374 894 2428 dabant
927 2374 1257 2440 consilium,
1295 2380 1358 2427 ut
1391 2376 1791 2429 Constantiam
1843 2376 1972 2439 iret,

227 2468 295 2516 et.
320 2463 409 2515 ibi
441 2461 801 2527 Herimanno,
851 2462 1014 2532 quod
1068 2463 1127 2515 in
1163 2463 1486 2532 Argentina
1518 2468 1968 2526 commeruerat,

229 2556 716 2619 recompensaret.
755 2549 1044 2620 Episcopi
1076 2550 1230 2603 enim
1275 2550 1569 2604 Curiensis
1600 2558 1657 2605 et
1689 2553 1977 2606 Constan—

231 2638 470 2703 tiensis,
508 2654 628 2691 cum
657 2639 1027 2692 Herimanno
1061 2644 1242 2700 erant,
1280 2655 1398 2691 non
1423 2644 1651 2693 tantum
1701 2639 1869 2693 illum
1906 2654 1977 2693 ex

230 2726 419 2780 corde
475 2725 542 2779 ad
600 2742 847 2797 regnum
918 2724 1216 2795 eligentes,
1276 2732 1561 2796 quantum
1613 2727 1978 2782 vicinitatem

229 2817 367 2887 ejus
407 2815 682 2881 timentes,
711 2821 772 2869 et
806 2815 883 2869 de
917 2814 1166 2868 termino
1214 2814 1387 2883 litigii
1434 2815 1781 2869 dubitantes.
1855 2814 1977 2872 Sed

235 2908 392 2971 Rex,
428 2910 491 2958 ut
516 2909 630 2958 erat
652 2903 963 2976 providUS,
998 2908 1052 2955 et
1106 2902 1175 2955 de
1205 2902 1464 2956 dominio
1499 2903 1756 2972 ejusdem
1817 2903 1977 2959 civi-

234 2995 382 3046 tatis
416 3010 661 3059 securus,
693 2993 811 3046 illis
854 2990 1061 3044 leniter
1090 2996 1146 3043 et
1175 2991 1384 3044 blande
1435 2992 1729 3061 respondit
1763 3009 1776 3046 :
1842 2996 1979 3049 Ab-

234 3084 334 3145 sit,
365 3086 433 3135 ut
464 3100 567 3151 pro
616 3079 955 3135 Herimanni
987 3079 1207 3132 insania
1239 3079 1298 3132 in
1336 3080 1502 3132 illum
1552 3086 1979 3151 retorqueatur

234 3171 586 3236 vindicta,a
642 3185 754 3239 quo
810 3166 955 3220 mihi
1033 3166 1197 3235 regni
1254 3170 1339 3219 est
1396 3184 1663 3219 concessa
1720 3185 1974 3223 corona.

239 3258 532 3313 Fortassis
559 3257 661 3309 etsi
709 3272 814 3326 pro
848 3254 1162 3324 Argentina
1204 3254 1592 3308 Constantiam
1650 3262 1975 3323 vastarem,

238 3364 367 3400 non
406 3345 552 3399 mihi
584 3345 858 3397 damnum
899 3341 1238 3407 minuerem,
1294 3342 1390 3395 sed
1432 3341 1817 3411 duplicarent.
1876 3347 1976 3401 In-

238 3451 425 3506 super
460 3433 607 3486 male
629 3436 924 3501 comparat
954 3446 1217 3500 regnum,
1247 3431 1347 3500 qui
1382 3430 1444 3482 in
1474 3431 1599 3499 ejus
1654 3431 1979 3500 adeptione

242 3524 469 3578 animae
500 3520 795 3591 postponit
826 3517 1254 3572 detrimentum.
1308 3517 1618 3572 Coronavit
1666 3534 1758 3571 me
1823 3522 1980 3577 Deus

244 3627 371 3666 non
407 3610 478 3663 ad
530 3607 868 3661 violationes
920 3605 1317 3669 Ecclesiarum,
1361 3605 1457 3657 sed
1515 3605 1587 3657 ad
1649 3606 1979 3674 puniendos

249 3700 573 3754 violatores
601 3712 819 3749 earum.
855 3694 960 3749 Diu
991 3694 1170 3764 igitur
1215 3693 1273 3747 in
1304 3693 1486 3764 pratis
1517 3699 1858 3763 exspectans
1924 3706 1980 3753 et

250 3788 324 3842 ad
355 3787 657 3852 ultimum,
691 3784 874 3837 sciens
908 3799 1021 3836 non
1062 3788 1397 3846 venturum,
1422 3781 1568 3834 inde
1592 3781 1872 3851 discessit,
1923 3793 1981 3841 et

253 3892 365 3946 per
388 3874 819 3934 Alemanniam,
853 3878 1043 3924 curtes
1084 3869 1191 3940 (l3)
1228 3872 1396 3924 Ducis
1438 3869 1653 3940 ubique
1699 3876 1977 3929 vastando

258 3966 345 4016 ire
380 3961 559 4030 ccepit
572 4001 584 4015 .

342 4053 430 4104 14·
496 4047 754 4101 Tandem
810 4063 1133 4117 pauperum
1184 4046 1404 4098 clamor
1444 4043 1658 4097 nimius
1707 4049 1975 4113 excrevit,

264 4148 324 4191 et
353 4152 539 4206 usque
564 4136 631 4189 ad
658 4135 803 4205 regis
836 4152 1000 4188 aures
1031 4135 1307 4204 pervenit.
1341 4134 1524 4197 Quem
1558 4148 1651 4185 rex
1686 4133 1777 4187 diu
1828 4136 1978 4190 ferre

265 4242 386 4279 non
445 4223 653 4293 potuit,
713 4223 895 4276 sciens
938 4239 1036 4275 eos
1069 4221 1215 4275 nihil
1246 4221 1307 4274 in
1358 4219 1573 4274 duritia
1632 4221 1797 4273 Ducis
1828 4222 1978 4277 deli-

265 4312 492 4383 quisse,
528 4313 585 4363 et
614 4310 685 4363 ob
715 4311 820 4365 hoc
851 4310 977 4380 plus
1003 4311 1157 4378 justo
1207 4324 1405 4379 passos
1453 4306 1649 4360 fuisse.
1710 4308 1974 4378 Quapro-

262 4407 399 4471 pter
456 4398 665 4468 pietate
740 4403 927 4451 motus
969 4398 1039 4451 ab
1112 4395 1455 4450 Alemannis.
1506 4396 1752 4461 recessit,
1809 4404 1868 4451 et
1919 4400 1976 4453 in

270 4486 577 4542 Franciam
607 4485 714 4555 (14)
739 4492 917 4539 teram
948 4485 1116 4539 unice
1139 4484 1247 4538 sibi
1274 4484 1543 4538 dilectam
1577 4484 1750 4549 venit,
1786 4490 1974 4539 certus

268 4577 342 4629 de
405 4576 560 4628 Duce
620 4573 776 4643 quia,
836 4574 1003 4627 vellet
1048 4574 1246 4639 nollet,
1296 4572 1575 4625 cervicem
1633 4572 1883 4639 flectere,
1913 4579 1969 4628 et

258 4665 476 4733 jugum
500 4662 619 4731 pati
650 4662 993 4732 quandoque
1023 4661 1272 4715 deberet.

348 4755 432 4805 l5.
470 4750 938 4817 Praetereundum
962 4764 1079 4802 non
1106 4748 1397 4817 existimo,
1444 4747 1598 4818 quod
1659 4753 1971 4819 antequam

265 4855 368 4892 rex
404 4839 477 4892 ab
529 4838 867 4891 Alemannia
917 4838 1115 4899 exiret,
1179 4838 1408 4905 llezelo,
1449 4836 1739 4890 Bertholdi
1793 4838 1967 4904 ﬁlius,

340 4979 455 5046 (11)
484 4977 762 5037 Scribitur
793 4977 1116 5048 promiscue
1164 4980 1533 5032 Herimannus
1568 4994 1670 5032 seu
1705 4981 1970 5036 Herman-

269 5063 394 5102 nus.

342 5123 386 5181 (t
405 5119 457 5183 '2)
486 5119 779 5172 Gretserus
812 5118 1063 5172 restituit
1086 5118 1360 5187 judicium
1387 5135 1399 5173 :
1424 5119 1549 5188 lege
1576 5134 1776 5188 pugna:
1795 5122 1969 5177 aleam

268 5189 453 5241 subire
482 5205 587 5241 non
620 5204 865 5241 renuens.

345 5259 389 5328 (1
406 5262 453 5326 3)
478 5260 669 5313 Curiis
695 5276 795 5326 pro
818 5258 1031 5328 palatio
1045 5259 1313 5325 sumitur,
1339 5260 1526 5329 utjam
1548 5258 1616 5329 de
1630 5260 1837 5315 Poledz
1866 5279 1966 5316 seu

272 5330 478 5401 Polithi
508 5330 774 5383 diximus.
815 5330 955 5401 Gali.
981 5345 1127 5397 cour,
1166 5330 1315 5401 Belg.
1346 5328 1483 5396 hor:
1512 5328 1604 5383 hic
1626 5346 1727 5401 pro
1776 5332 1962 5399 bonis,

273 5400 473 5453 fundis
495 5416 595 5453 seu
624 5400 1077 5470 possessionibus
1099 5400 1275 5469 accipi
1299 5402 1541 5455 videtur.

345 5470 459 5539 (14)
494 5472 707 5541 Nempe
753 5473 1049 5526 Franciam
1069 5472 1403 5537 orientalem,
1451 5487 1551 5525 seu
1582 5471 1957 5527 Francomam.

348 5540 456 5605 (l5)
486 5543 612 5597 Haec
638 5540 1009 5595 accommodo
1040 5541 1414 5610 intelligenda
1462 5546 1596 5594 sunt
1629 5558 1641 5594 :
1678 5558 1805 5596 nam
1861 5545 1895 5598 Β
1919 5566 1959 5595 ι-

2011 4270 2051 4321 Ι)

2078 526 2178 595 gni
2218 525 2390 596 hujus
2438 525 2736 591 ditaverat,
2786 526 3005 593 legatos
3058 540 3203 594 quos
3250 524 3310 578 in
3342 523 3467 595 ipso
3519 524 3773 580 exercitu

2078 614 2347 667 meliores
2379 615 2589 684 eligere
2641 617 2882 683 poterat,
2944 612 3016 666 ad
3072 613 3260 681 ipsum
3312 614 3627 669 transmisit
3673 613 3772 685 [et]

2080 710 2141 757 ut
2212 704 2609 756 Bavariensem
2668 701 2939 754 ducatum
2999 701 3107 754 sibi
3172 702 3525 769 concederet,
3577 701 3773 757 incon-

2078 792 2223 845 sulte
2305 791 2539 861 rogavit.
2598 789 2702 843 Sed
2758 788 3095 842 inconsultas
3160 790 3463 860 quaestioni
3510 790 3774 844 consulta

2078 886 2311 950 paratur
2344 878 2662 949 responsio,
2688 882 2743 928 et.
2787 876 3081 930 festinanti
3119 879 3402 948 petitioni,
3454 878 3776 948 ponderata

2079 973 2432 1020 monstratur
2462 964 2817 1019 deliberatio.
2866 964 3152 1019 Patienter
3178 967 3331 1020 enim
3366 966 3558 1020 audita
3615 966 3771 1037 lega-

2076 1054 2235 1108 tione
2294 1055 2416 1108 ait:
2480 1055 2629 1117 Quos
2709 1069 2936 1122 semper
2982 1054 3301 1124 praecipuos
3350 1058 3500 1107 inter
3570 1070 3773 1107 omnes

2078 1148 2299 1212 gentes,
2358 1142 2534 1196 habui
2566 1156 2823 1210 quosque
2871 1158 3099 1210 semper
3153 1148 3274 1196 toto
3330 1143 3537 1195 mentis
3565 1142 3774 1195 atfectu

2077 1229 2286 1297 amavi,
2328 1230 2429 1282 hos
2476 1228 2683 1297 adepta
2731 1228 3122 1284 benedictione
3169 1231 3369 1300 regali,
3427 1230 3483 1283 in
3519 1231 3639 1300 lege
3670 1247 3773 1283 sua

2078 1333 2182 1369 nec
2232 1316 2584 1369 deteriorare
2633 1316 2777 1380 volo,
2828 1333 2932 1369 nec
2977 1317 3308 1371 deteriorari
3368 1317 3569 1387 patiar,
3632 1317 3775 1371 dum

2079 1405 2295 1457 vixero.
2334 1405 2538 1471 Legem
2572 1402 2803 1468 habent,
2836 1410 2893 1457 et
2924 1404 3123 1458 ducem
3149 1405 3395 1474 eligendi
3428 1409 3772 1474 potestatem

2079 1504 2143 1542 ex
2175 1490 2298 1557 lege
2327 1491 2525 1541 tenent
2557 1486 2668 1553 (l5)
2703 1488 2881 1540 :hanc
2912 1505 2981 1541 ne
3015 1489 3149 1541 dum
3180 1504 3286 1558 ego
3318 1488 3606 1557 frangam;
3640 1487 3772 1557 qui-

2078 1592 2326 1646 cumque
2356 1576 2621 1643 frangere
2668 1577 2968 1629 tentaverit
3024 1592 3116 1631 me
3167 1576 3465 1630 inimicum
3514 1576 3769 1628 habebit.

2085 1666 2147 1719 ln
2196 1665 2300 1718 hac
2329 1662 2502 1716 etiam
2535 1664 2893 1733 expeditione
2948 1667 3095 1719 male
3134 1664 3263 1737 [nil]
3305 1668 3770 1735 promeruerunt,

2085 1758 2149 1807 ut
2178 1752 2414 1806 cuilibet
2442 1766 2557 1813 eos,
2596 1753 2810 1823 absque
2841 1755 3174 1808 eorumdem
3207 1753 3511 1817 electione,
3561 1767 3774 1805 conce-

2082 1842 2236 1896 dam.
2294 1838 2495 1892 Adhuc
2541 1857 2766 1896 mecum
2821 1844 2924 1897 sub
2979 1842 3212 1913 ancipiti
3243 1843 3357 1896 line
3405 1842 3656 1895 militant
3714 1844 3775 1892 et

2087 1946 2194 2000 ego
2276 1943 2375 1979 eos
2434 1928 2690 1984 nolentes
2776 1932 3011 1985 cuilibet
3055 1930 3388 1984 mortalium
3445 1926 3772 1982 traderem?

2083 2019 2382 2084 Exspectat
2435 2020 2493 2068 ut
2540 2016 2599 2071 in
2658 2020 2949 2074 Bavariam
3007 2019 3272 2085 redeam;
3319 2019 3417 2079 ibi.
3496 2016 3543 2069 si
3606 2017 3769 2069 illum

2084 2102 2386 2171 elegerint,
2432 2102 2580 2175 eligo
2607 2112 2664 2160 et
2710 2108 2913 2173 laudo;
2947 2108 2994 2160 si
3049 2106 3365 2171 tenuerint,
3402 2121 3600 2164 renuo,
3660 2103 3774 2156 Nec

2085 2190 2262 2245 etiam
2298 2188 2557 2244 existimo
2606 2193 2769 2247 illum
2822 2210 2942 2247 esse
2965 2198 3136 2247 tantae
3168 2191 3535 2263 insipientias,
3588 2194 3650 2243 ut
3705 2205 3772 2242 ex

2085 2293 2217 2331 meo
2258 2276 2526 2333 dedecore
2590 2281 2865 2336 honorem
2911 2297 3077 2335 suum
3131 2287 3353 2351 quaerat
3399 2278 3771 2348 ampliﬁcare.

2088 2363 2315 2427 Hezelo,
2340 2372 2565 2437 accepto
2600 2370 2926 2441 liujusmodi
2958 2385 3249 2440 responso,
3280 2367 3540 2423 fomitem
3590 2365 3773 2418 rebel-

2089 2451 2257 2505 lionis
2304 2457 2577 2527 concepit,
2612 2476 2782 2529 quem
2816 2465 2945 2530 post
3000 2473 3217 2512 annum
3285 2453 3654 2511 monstrando
3714 2452 3773 2505 in

2090 2539 2341 2595 dolorem
2370 2545 2455 2597 sui
2491 2548 2728 2616 peperit.

2169 2631 2244 2681 l6.
2289 2631 2399 2685 Rex
2436 2634 2627 2701 igitur,
2662 2651 2777 2688 non
2831 2634 3022 2688 multis
3053 2634 3253 2687 diebus
3300 2632 3359 2686 in
3388 2628 3621 2686 Francia
3651 2645 3777 2683 mo-

2090 2722 2266 2784 ratus,
2292 2718 2349 2773 in
2370 2721 2702 2791 'l‘uringiam
2730 2723 2848 2776 ivit.
2889 2722 2967 2776 lbi
3024 2723 3235 2792 absque
3293 2736 3454 2773 mora
3512 2718 3775 2774 Guilhel-

2090 2820 2215 2859 mus
2290 2824 2554 2881 princeps
2583 2811 2965 2883 Turingorum
3012 2826 3141 2864 cum
3176 2810 3382 2863 exteris
3440 2822 3769 2870 occurrens,

2090 2896 2236 2966 regis
2283 2896 2548 2954 efﬁcitur.
2604 2900 2737 2953 lnde
2793 2916 2887 2953 rex
2961 2884 3270 2970 procedens
3320 2899 3377 2950 in
3448 2895 3770 2957 Saxoniam,

2017 2991 2056 3044 Ο
2092 2987 2343 3057 pervenit
2372 2988 2860 3059 MerseburgUG).
2919 2991 3106 3043 Benno
3140 2988 3252 3041 dux
3311 2987 3617 3050 Saxonum,
3679 2984 3781 3037 Bu-

2089 3075 2287 3131 lizlaus
2336 3078 2457 3131 Dux
2496 3078 2857 3144 .Sclavorum,
2892 3077 3092 3132 Liebzo
3134 3074 3593 3146 archiepiscopus
3652 3074 3777 3127 Bre-

2090 3167 2317 3221 mensis.
2357 3168 2547 3220 Benno
2581 3167 2880 3237 episcopus
2924 3164 3281 3221 Hildenensis
3308 3164 3441 3235 (l7),
3473 3160 3779 3217 Ratherius

2090 3256 2389 3327 episcopus
2417 3256 2884 3319 Paderbonensis,
2922 3255 3245 3324 Arnulphus
3278 3248 3777 3312 llalherstetensis,

2089 3345 2262 3399 ceteri
2320 3344 2572 3415 episcopi
2620 3345 2687 3399 de
2740 3343 3001 3409 Satonia,
3058 3346 3114 3395 et
3163 3342 3402 3395 comites
3452 3337 3686 3410 plurimi
3718 3336 3778 3390 in

2089 3432 2391 3487 festivitate
2443 3432 2498 3487 S.
2549 3433 2739 3487 Jacobi
2816 3431 2955 3501 Regi
3013 3434 3337 3494 occurrunt,
3400 3426 3774 3481 acclamatum

2090 3521 2428 3592 suscipiunt,
2452 3521 2797 3583 collaudaut,
2821 3518 3141 3573 collaudato
3183 3534 3387 3571 manus
3419 3514 3629 3585 singuli
3674 3530 3778 3585 per

2090 3611 2347 3664 ordinem
2389 3610 2649 3671 reddunt,
2689 3608 2921 3662 redditis
2961 3606 3225 3660 manibus
3254 3608 3427 3661 fidem
3461 3619 3625 3657 suam
3676 3618 3780 3675 per

2091 3703 2443 3752 sacramenta
2476 3698 2829 3767 promittunt,
2859 3696 2968 3749 tide
3006 3695 3306 3764 promissa,
3368 3708 3559 3763 regem
3618 3709 3776 3746 coro—

2091 3792 2248 3850 nant,
2278 3792 2614 3839 coronatum
2668 3785 2726 3838 in
2757 3784 2899 3836 solio
2931 3783 3089 3851 regio
3140 3784 3349 3849 locant,
3383 3783 3633 3835 locatum
3682 3781 3774 3834 de—

2091 3874 2207 3928 bita
2236 3872 2726 3941 congratulatione
2750 3878 3111 3924 venerantur.

2166 3965 2253 4015 l7.
2287 3960 2382 4015 llis
2402 3968 2632 4013 strenue
2664 3958 2925 4030 peractis,
2952 3958 3237 4011 Bulizlaus
3275 3958 3407 4012 inde
3457 3956 3775 4018 discedens,

2094 4050 2162 4104 ab
2212 4050 2336 4119 ipsa
2392 4048 2483 4101 die
2539 4066 2649 4119 qua
2708 4047 2881 4102 tidem
2930 4048 3274 4116 promiserat
3328 4052 3385 4101 et
3434 4044 3775 4115 promissam

2092 4143 2447 4192 sacramento
2483 4140 2825 4203 firmaverat,
2876 4152 3139 4206 perversa
3200 4136 3486 4202 meditari,
3544 4140 3602 4188 et
3654 4150 3772 4188 me-

2092 4228 2287 4292 ditata,
2315 4233 2485 4297 prout
2516 4227 2722 4297 potuit,
2757 4226 2927 4295 cwpit
2958 4226 3296 4280 machinari.
3324 4227 3447 4296 Ipse
3505 4223 3658 4278 enim
3718 4228 3776 4277 et

2093 4316 2296 4369 llezelo
2375 4316 2751 4369 collocatione
2794 4313 2855 4367 in
2899 4313 3142 4368 invicem
3175 4314 3386 4381 habita,
3447 4314 3588 4367 alter
3635 4313 3775 4365 alte-

2088 4403 2206 4455 rius
2265 4405 2560 4456 venenatis
2610 4402 2858 4457 consiliis
2888 4407 3090 4468 tactus,
3138 4409 3379 4473 uterque
3400 4402 3570 4471 coepit
3621 4400 3774 4470 quod

2089 4496 2396 4560 utrumque
2430 4493 2573 4545 male
2617 4491 2807 4545 tinisse
2838 4491 3062 4561 puduit.
3101 4492 3325 4544 Interea
3367 4491 3488 4560 regi
3520 4507 3554 4544 a
3600 4489 3772 4544 Saxo-

2085 4578 2179 4631 nia
2211 4579 2269 4631 in
2303 4596 2546 4648 regnum
2583 4579 2947 4634 Lothariense
2992 4579 3325 4649 properanti
3385 4579 3626 4633 Gruona:
3681 4594 3773 4632 oc-

2082 4667 2263 4727 currit
2315 4684 2453 4720 uxor
2509 4685 2611 4721 sua
2652 4667 2896 4721 Domina
2942 4667 3278 4738 Cunigunda
3344 4668 3579 4721 nomine
3647 4667 3769 4736 jam

2083 4763 2299 4822 extans,
2342 4756 2437 4810 sed
2462 4773 2521 4810 re
2553 4756 2662 4810 cito
2694 4755 2891 4825 regina
2941 4755 3151 4811 futura.
3194 4757 3331 4811 Inde
3362 4756 3517 4809 enim
3566 4756 3771 4810 Pader-

2081 4844 2320 4898 bornam
2353 4843 2609 4909 veniens,
2642 4843 2701 4896 in
2736 4843 2878 4897 festo
2911 4845 2967 4899 S.
3014 4844 3322 4910 Laurentii,
3357 4846 3623 4898 acclama.

2081 4998 2241 5037 varos
2270 4984 2504 5052 plenum
2535 4984 2828 5039 electionis
2858 4986 2948 5053 ius
2987 4986 3252 5039 habuisse
3280 4983 3600 5039 verosimile
3651 5001 3766 5039 non

2080 5058 2163 5126 est
2195 5054 2381 5126 :_quin
2416 5062 2474 5107 et
2512 5056 2749 5126 Sanctus
2798 5056 2919 5125 ipse
2980 5055 3305 5113 Henricum,
3363 5054 3415 5107 S.
3469 5056 3769 5126 (lunegun-

2080 5123 2164 5175 dis
2222 5123 2475 5196 fratrem,
2511 5125 2578 5177 iis
2622 5123 2835 5179 ducem
2882 5127 3055 5184 dedit,
3116 5133 3283 5195 atque
3337 5125 3603 5196 eumdem
3633 5123 3767 5196 'pro

2078 5210 2179 5246 suo
2210 5194 2444 5247 arbitrio
2476 5196 2741 5265 deposuit
2777 5202 2832 5249 et
2864 5196 3130 5261 restituit,
3175 5194 3238 5248 ut
3277 5195 3452 5249 habes
3502 5197 3561 5248 in
3594 5194 3767 5251 Coim-

2079 5271 2256 5317 ment.
2294 5265 2522 5333 praevio.

2149 5336 2254 5401 (l6)
2286 5335 2439 5389 Alias
2469 5344 2526 5388 et
2550 5336 2752 5388 melius
2782 5335 3140 5389 Mersebm'ch.

2148 5404 2256 5474 (15)
2289 5406 2423 5470 Quis
2445 5406 2534 5459 hic
2554 5407 2625 5459 sit
2648 5406 2830 5459 Benno
2852 5406 3193 5461 Ilildenensis
3216 5409 3520 5476 episcopus,
3543 5407 3761 5460 nescio:

2076 5484 2214 5543 puto
2283 5476 2522 5531 indicari
2582 5478 2637 5532 S.
2688 5476 3079 5531 Beruwardum
3132 5478 3444 5533 antistitem
3526 5478 3762 5532 Hildese~

2078 5561 2319 5599 mensem.
2353 5550 2408 5604 S.
2450 5549 2673 5601 Henrico
2696 5547 2871 5603 lidum
2898 5554 2953 5599 et
2982 5548 3239 5603 charum.
