4028 6206
301 296 366 347 93
1604 294 1658 346 S.
1704 290 1991 346 IIENHICI
2032 292 2103 346 1M
2118 291 2508 346 PERATORIS
3739 301 3807 347 96

314 411 694 477 benedicitur,
723 417 1052 480 coronatur,
1075 415 1130 464 et
1150 410 1214 466 fit
1243 411 2004 484 KunigunaKuningaUB),
2037 415 2083 466 A
2123 413 2348 483 quierit,
2408 428 2512 483 pro
2569 410 2658 466 his
2703 411 3101 484 impetrandis,
3149 411 3327 468 humo
3399 417 3568 469 tenus
3622 431 3814 486 genua

315 501 467 572 quod
503 498 700 554 Latine
723 499 1092 571 interpretari
1111 506 1317 572 potest,
1342 501 1559 572 regina,
1594 502 1812 572 regina.

383 625 470 678 18.
505 622 613 687 Sed
637 628 699 677 ut
731 639 1052 695 numquam
1084 627 1380 690 serenitas,
1439 639 1609 694 quam
1644 640 1756 678 non
1796 640 2008 694 sequa-

314 715 410 765 tur
495 712 882 767 nubilositas:
932 713 1011 766 sic
1055 729 1184 767 raro
1240 713 1588 784 jocunditas,
1649 730 1823 784 quam
1893 729 2008 767 non

315 800 624 855 comitetur
651 801 984 855 adversitas.
1030 803 1170 856 Nam
1223 803 1282 856 in
1336 801 1736 856 Benedictione
1793 802 2008 872 reginae

320 888 538 942 cunctis
569 889 1002 954 exsultantibus,
1041 889 1258 942 Bavarii
1315 891 1590 960 (quorum
1639 906 1763 944 mos
1807 896 1891 943 est
1948 889 2007 943 in

317 977 506 1030 aliena
534 981 684 1030 terra
710 978 851 1030 velle
874 977 1024 1047 quod
1050 976 1108 1030 in
1157 994 1257 1030 sua
1278 977 1476 1031 volunt
1509 976 1634 1048 [9]),
1689 977 1837 1032 circa
1871 977 2008 1032 civi-

316 1071 496 1119 tatem
526 1065 718 1136 fruges
747 1066 1038 1135 colligere,
1101 1071 1157 1120 et
1212 1066 1491 1136 agricolas
1541 1083 1646 1119 sua
1699 1067 2007 1121 defendere

310 1155 585 1219 volentes,
658 1154 1130 1207 irrationabiliter
1186 1160 1481 1224 casperunt
1550 1160 1812 1208 tractare.
1873 1155 2007 1218 Quae

310 1258 399 1296 res
427 1242 729 1312 indigenas
775 1243 1105 1309 commovit,
1159 1249 1216 1296 et
1269 1243 1338 1296 ad
1393 1243 1776 1297 resistendum
1833 1243 2004 1297 etiam

307 1330 548 1394 fortiter,
583 1331 880 1384 animavit.
936 1330 1241 1385 Domestici
1288 1331 1464 1401 igitur
1523 1331 1692 1401 regis,
1749 1336 1804 1385 et
1852 1331 2001 1385 indi-

306 1434 492 1488 genas,
525 1417 903 1472 iuvalescente
929 1418 1314 1485 contentione,
1374 1418 1693 1484 contluunt,
1756 1435 1998 1472 concur-

310 1512 464 1568 runt,
495 1506 860 1560 conveniunt.
907 1508 1105 1576 Pugna
1133 1506 1320 1576 gravis
1347 1506 1551 1571 oritur,
1579 1523 1645 1559 ex
1678 1506 2003 1561 domesticis

310 1594 461 1664 regis
482 1593 712 1662 juvenis
773 1609 920 1646 unus
973 1593 1336 1660 interﬁcitur,
1381 1594 1557 1647 frater
1615 1593 1831 1648 scilicet
1888 1594 1999 1649 Do-

307 1682 451 1737 mini
485 1681 736 1748 Filherti,
784 1681 886 1752 qui
933 1686 1070 1735 tunc
1112 1681 1391 1750 temporis
1420 1685 1542 1736 erat
1597 1681 1996 1750 Cancellarius,
2035 1699 2074 1752 Β

308 1770 676 1841 postmodum
732 1786 867 1824 vero
920 1769 1217 1824 Frisiensis
1266 1770 1448 1824 factus
1528 1775 1615 1824 est
1674 1771 1994 1841 episcopus.

301 1853 491 1928 Hujus
541 1857 935 1912 interfectione
1009 1873 1207 1912 omnes
1258 1858 1411 1929 regis
1479 1858 1674 1912 ﬁdeles
1727 1858 2001 1912 commoti

306 1946 576 2017 graviter,
631 1946 778 1999 cives
833 1951 1131 2016 coeperunt
1180 1945 1469 2017 persequi,
1520 1952 1576 2001 et
1653 1963 1750 2000 eos
1806 1963 2000 2018 perse-

310 2034 563 2106 quendo,
597 2033 996 2089 insatiabiliter
1045 2035 1310 2104 grassari.
1345 2036 1412 2089 Et
1459 2035 1573 2089 nisi
1628 2035 1789 2106 regia
1845 2040 2002 2107 pote-

312 2127 459 2176 state
493 2123 897 2188 retinerentur,
932 2139 1131 2178 omnes
1169 2140 1345 2195 usque
1376 2124 1450 2178 ad
1473 2124 1836 2179 interuiciem
1891 2124 2001 2195 (20)

310 2216 811 2282 persequerentur.

389 2338 470 2390 i9.
505 2337 645 2390 Cum
677 2335 929 2406 plurima
957 2336 1134 2406 igitur
1154 2337 1489 2391 difﬁcultate
1532 2336 1729 2391 sedato
1785 2337 2000 2390 tumul-

311 2427 397 2490 tu,
425 2424 830 2496 castigatisque
888 2424 1024 2493 illis,
1068 2440 1319 2494 quorum
1366 2424 1606 2478 stultitia
1648 2440 1818 2478 causa
1862 2424 2005 2478 sedi-

307 2511 481 2567 tionis
510 2513 726 2566 extitit:
788 2513 922 2567 inde
971 2529 1067 2566 rex
1116 2512 1393 2582 Dinsberg
1422 2518 1710 2583 properat,
1741 2511 1861 2566 illic
1901 2513 2004 2567 Lo-

312 2598 693 2654 thariensium
739 2599 1046 2655 adventum
1093 2605 1395 2672 exspectat.
1463 2601 1779 2655 Occurrunt
1829 2601 2004 2674 primi

315 2688 696 2755 Leodiceusis,
728 2694 784 2743 et
830 2690 1252 2746 Cameracensis
1309 2689 1582 2761 episcopi,
1617 2689 1695 2743 uil
1727 2690 1796 2744 de
1853 2691 2004 2760 regis

315 2777 620 2848 prudentia
665 2777 1009 2841 dubitantes,
1061 2778 1139 2832 nil
1179 2778 1249 2832 de
1304 2778 1414 2832 ﬁde
1465 2779 1588 2849 ejus
1651 2777 1999 2833 haesitantes.

317 2864 576 2919 Occurrit
649 2865 820 2919 etiam
889 2866 1237 2921 Coloniensis
1316 2866 1795 2937 archiepiscopus,
1903 2867 2003 2922 sed

320 2958 538 3022 quanto
567 2952 762 3020 ditior,
809 2959 968 3007 tanto
1017 2955 1320 3009 morosius.
1374 2956 1505 3008 Erat
1545 2954 1780 3024 insuper
1835 2970 2004 3010 causa
2037 2980 2076 3033 ρ

319 3037 631 3106 dilationis,
665 3039 972 3109 Moguntiaa
1020 3045 1251 3111 accepta
1302 3056 1513 3094 corona
1568 3039 2000 3095 benedictionis.

317 3126 386 3181 Hi
452 3125 621 3180 simul
671 3127 822 3198 regis
886 3127 1153 3194 efﬁcitur,
1203 3129 1375 3183 ﬁdem
1436 3129 1798 3200 promittunt,
1878 3144 2006 3198 pro-

316 3214 554 3269 missam
580 3221 936 3270 sacramento
966 3216 1335 3270 concludunt.
1369 3217 1509 3271 Cum
1539 3216 1626 3270 his
1657 3233 1754 3270 rex
1782 3220 2001 3286 Aquas-

319 3302 484 3372 grani
532 3303 894 3373 perveniens,
981 3304 1185 3359 ceteris
1248 3304 1708 3359 Lothariensibus
1799 3320 2004 3358 conve-

325 3390 614 3446 nientibus
666 3391 726 3445 in
760 3391 1079 3461 nativitate,
1105 3398 1234 3464 post
1263 3399 1494 3463 partum
1539 3392 1786 3462 Virginis
1813 3383 1817 3387 ’
1840 3393 2001 3463 eligi-

325 3481 440 3546 tur,
490 3478 871 3548 collaudatur,
900 3479 958 3533 in
988 3480 1208 3550 regiam
1237 3481 1429 3535 sedem
1454 3481 1764 3545 extollitur,
1797 3479 2008 3551 gloriﬁ-

315 3574 492 3622 catur.
562 3567 670 3621 Sed
726 3568 829 3622 sub
883 3584 950 3622 ea
999 3569 1414 3638 gloriﬁcatione
1476 3568 1710 3639 quidam
1767 3570 2003 3640 palmas,

318 3654 554 3725 quidam
606 3655 885 3726 lacrymas
918 3657 1254 3711 fundebant.
1305 3658 1701 3728 Lacrymautes
1760 3674 2007 3729 namque

320 3741 590 3797 Ottonem
627 3744 897 3799 dolebant
943 3745 1239 3814 amissum,
1275 3746 1578 3801 Heuricum
1622 3763 1736 3800 non
1793 3763 2006 3818 cogno-

317 3831 548 3886 scebant
573 3839 916 3905 susceptum.

384 3938 474 3994 20.
502 3939 591 3995 Sic
636 3940 813 4012 igitur
844 3957 939 3996 rex
987 3940 1049 3994 in
1104 3941 1296 4012 regnis
1352 3941 1591 4012 singulis
1634 3942 2010 3996 autecessoris

317 4027 427 4094 sui,
461 4034 671 4098 praeter
693 4030 914 4083 Italiam
947 4033 1004 4083 et
1031 4029 1452 4094 Alemanniam,
1516 4035 1796 4099 receptus,
1845 4035 1901 4083 et
1937 4031 2007 4083 ab

319 4115 585 4169 omnibus
642 4117 994 4170 unanimiter
1043 4117 1420 4183 collaudatus,
1481 4116 1541 4169 in
1581 4117 1873 4170 Franciam
1919 4134 2007 4169 re-

320 4203 580 4270 vertitur,
624 4209 686 4258 nt
750 4205 829 4259 ibi
881 4205 1086 4259 hiemis
1138 4205 1442 4274 asperitate
1496 4209 1799 4270 transacta,
1877 4221 2008 4260 vere

319 4291 716 4344 amaenitntem
766 4291 1095 4360 reducente,
1150 4291 1212 4346 in
1260 4291 1656 4345 Alemauuiam
1699 4292 2008 4346 exercitum

319 4378 570 4445 duceret,
595 4382 650 4432 et
669 4379 1242 4451 Hierimannum,qni
1262 4379 1511 4434 consiliis
1532 4380 1900 4450 prudentium
1929 4381 2009 4434 uti

321 4465 572 4533 nolebat,
596 4467 834 4521 diversis
864 4467 1272 4523 vastationibus
1303 4468 1602 4533 afflictum,
1634 4468 1753 4538 pati
1793 4470 2002 4540 jugum

322 4553 578 4608 doceret.
618 4554 724 4610 Sed
757 4555 1162 4624 Herimannus,
1192 4555 1291 4627 qui
1322 4556 1560 4610 consilia
1583 4557 1862 4626 juveuum
1924 4575 2012 4612 se-

323 4642 575 4712 quendo,
609 4650 667 4696 et
697 4661 856 4712 srem
889 4660 1125 4698 vacuam
1174 4645 1421 4698 tenendo
1477 4649 1632 4699 extra
1687 4662 1745 4699 se
1793 4647 2012 4716 positus

321 4735 464 4796 erat,
496 4748 555 4784 se
582 4731 641 4785 in
663 4732 1034 4803 semetipsum
1082 4733 1396 4803 recollegit,
1451 4738 1506 4786 et
1551 4733 1610 4786 in
1669 4734 2012 4787 solennitate

323 4821 379 4873 S.
405 4819 654 4891 Remigii
679 4820 943 4874 Brusellae
965 4820 1076 4890 (2t)
1103 4821 1225 4890 regi
1246 4819 1469 4876 obviam
1492 4822 1665 4887 venit,
1689 4822 1870 4876 sciens
1901 4839 2016 4876 me-

217 4935 220 4938 ~
319 4906 428 4961 lius
458 4924 585 4962 esse
614 4915 748 4963 ante
771 4910 1049 4964 damnum
1077 4926 1193 4963 non
1218 4909 1412 4964 fecisse
1435 4909 1743 4984 [f.,quam]
1771 4911 2013 4982 paenite-

319 5011 401 5048 re.
435 4997 612 5052 Nudis
637 4997 814 5069 igitur
834 4997 1078 5068 pedibus
1101 5014 1232 5052 cum
1252 4999 1379 5053 ﬁdis
1401 4999 1870 5054 intercessoribus
1891 5001 2015 5072 regi

321 5100 380 5136 se
432 5092 829 5155 repraesentat,
869 5101 974 5155 pro
1017 5086 1165 5140 male
1223 5086 1540 5141 commissis
1581 5086 1806 5141 veniam
1845 5086 2011 5158 petit,

319 5172 486 5226 bouis
516 5174 633 5228 suis
662 5191 766 5245 per
797 5175 1020 5244 regium
1088 5175 1305 5230 donum
1365 5175 1724 5246 possidendis
1771 5175 2014 5246 gratiam

394 5314 514 5385 (l8)
541 5315 759 5370 Alludit
784 5322 982 5370 auctor
1012 5316 1084 5372 ad
1114 5333 1328 5380 nomen
1357 5317 1548 5386 hum'g,
1581 5316 1735 5388 quod
1774 5318 2014 5372 Germa-

327 5388 442 5441 Bea:
463 5392 567 5451 est,
599 5390 789 5454 regina
809 5389 1024 5456 hunige.

397 5460 506 5530 _(_l_9)
538 5458 722 5512 Malim
757 5459 950 5530 legere
980 5459 1191 5530 nolunt,
1223 5475 1358 5512 nam
1383 5474 1572 5528 neque
1598 5457 1795 5512 Bavari
1828 5475 2014 5530 neque

330 5526 428 5581 alii
455 5527 513 5582 in
547 5534 693 5585 terra
709 5546 808 5584 sua
821 5526 1153 5599 'praedando
1180 5526 1533 5591 assuescuiit,

2117 503 2313 556 ﬂectit.

2188 593 2277 644 2t.
2311 589 2466 644 Illico
2485 588 2734 660 benigne
2787 589 3081 661 recipitur,
3114 595 3170 648 et
3221 589 3294 657 ei,
3327 591 3483 662 quod
3515 591 3814 663 quaerebat

2117 695 2246 732 cum
2277 679 2432 732 omni
2457 678 2802 744 humilitate,
2839 679 3185 735 conceditur.
3219 682 3463 736 Tantum
3511 680 3811 751 cujusdam

2117 767 2463 822 conditionis
2521 767 2928 821 internectitur
2979 768 3158 834 ratio;
3219 784 3368 839 quas,
3419 768 3679 838 quamvis
3739 769 3810 822 ad

2115 873 2368 927 prmseus
2414 855 2626 927 gravis,
2672 855 2732 909 in
2773 857 2965 910 futuro
3011 861 3222 922 tamen,
3261 857 3314 910 ei
3381 861 3503 910 erat
3542 856 3808 910 salubris.

2117 946 2189 999 Eo
2223 944 2377 998 enim
2419 949 2618 998 tenore
2666 943 2726 997 in
2792 943 3038 1014 gratiam
3086 944 3376 1015 recipitur,
3437 949 3500 998 ut
3537 945 3811 1015 Argenti-

2115 1033 2308 1086 nensis
2348 1033 2584 1087 ecclesia
2612 1032 2680 1086 ad
2713 1031 3020 1103 pristinum
3063 1037 3277 1087 statum
3334 1049 3402 1086 ex
3453 1032 3812 1087 detrimentis

2114 1121 2230 1175 suis
2250 1138 2355 1193 per
2384 1122 2548 1176 illum
2581 1121 2946 1175 reformatur.
2971 1121 3133 1185 Quod
3182 1121 3277 1175 ille
3307 1137 3420 1174 non
3457 1122 3667 1188 renuit,
3709 1123 3808 1175 sed

2110 1211 2275 1281 jussu
2321 1215 2376 1264 et
2413 1210 2674 1263 consultu
2750 1208 2922 1280 regis,
2992 1208 3155 1262 dictae
3205 1209 3456 1263 ecclesiae
3517 1209 3807 1263 abbati-am

2113 1300 2167 1354 S.
2209 1297 2505 1370 Stephani,
2542 1297 2602 1352 in
2655 1297 3247 1367 recompensationem
3303 1297 3636 1350 detrimenti
3686 1314 3718 1349 a
3751 1313 3809 1349 se

2112 1387 2276 1451 illati,
2328 1385 2592 1441 tradidit.
2649 1387 2760 1439 Hac
2806 1384 3132 1438 conditione
3178 1385 3404 1438 ﬁrmata
3453 1400 3555 1454 per
3601 1401 3810 1438 manus

2111 1482 2169 1530 et
2191 1479 2566 1541 sacramenta,
2589 1473 2739 1544 regis
2780 1474 3043 1537 efﬁcitur,
3077 1479 3133 1526 et
3160 1473 3240 1526 sic
3273 1489 3331 1526 se
3383 1472 3807 1527 contentionem

2113 1563 2259 1617 male
2291 1567 2533 1632 ereptam
2566 1561 2760 1615 ﬁnisse
2791 1563 3036 1615 lietatur.
3083 1560 3177 1614 His
3207 1559 3466 1630 expletis,
3505 1559 3566 1613 in
3626 1561 3804 1614 Bara-

2110 1651 2279 1721 riam,
2309 1651 2560 1705 nativam
2608 1654 2820 1704 terram
2883 1665 3066 1713 suam,
3109 1665 3209 1704 rex
3283 1647 3470 1703 redire
3528 1648 3806 1713 decrevit,

2111 1740 2314 1794 nolens
2346 1755 2519 1793 novos
2548 1737 2628 1792 sic
2658 1738 3024 1808 frequentare
3047 1738 3266 1803 ﬁdeles,
3296 1741 3364 1791 ut
3402 1737 3808 1808 postponendo

2113 1827 2537 1882 demembraret
2564 1831 2803 1881 veteres.

2179 1919 2268 1971 22.
2317 1916 2688 1986 Regeusborg
2726 1913 2905 1986 igitur
2955 1914 3011 1969 S.
3076 1913 3304 1969 Martini
3359 1913 3615 1968 solennia
3667 1915 3814 1968 cele-

2109 2002 2304 2071 brans,
2335 2002 2694 2057 Blademario
2732 2001 2956 2056 cuidam
3009 2001 3204 2056 Sclavo
3261 2001 3529 2055 ducatum
3580 2001 3814 2056 Boemi-

2111 2107 2338 2146 censem
2368 2091 2631 2162 largitur,
2682 2095 2740 2144 et
2769 2095 2833 2144 ιιι
2879 2089 3082 2143 ceteris
3132 2089 3536 2158 acceptabilior
3580 2089 3811 2155 existat,

2111 2181 2277 2234 illum
2335 2181 2465 2251 plus
2507 2180 2663 2249 justo
2706 2178 2894 2233 verbis
2927 2183 2984 2232 et
3027 2177 3198 2231 rebus
3220 2177 3484 2231 honorat.
3539 2177 3816 2232 Pluribus

2111 2269 2290 2339 igitur
2364 2267 2566 2322 diebus
2644 2266 2706 2321 in
2785 2265 3018 2320 Bavaria
3087 2269 3364 2327 moratur,
3414 2265 3814 2335 quaerentibus

2115 2357 2302 2426 legem
2346 2354 2634 2425 justitiam
2705 2354 2940 2419 faciens,
3004 2359 3063 2408 et
3117 2353 3388 2408 visitandi
3457 2353 3639 2424 gratia
3719 2368 3814 2406 ve-

2113 2443 2432 2510 nientibus,
2487 2444 2764 2498 bonorem
2823 2446 2993 2514 prout
3061 2442 3304 2514 quisque
3375 2441 3584 2513 dignus
3658 2446 3814 2507 erat,

2113 2532 2406 2588 exhibens.

2185 2624 2274 2676 23.
2331 2620 2542 2675 Eodem
2575 2623 2835 2689 tempore
2900 2617 3138 2689 quidam
3205 2617 3608 2690 episcopicida,
3663 2619 3812 2672 Har-

2114 2709 2326 2765 duinus
2355 2708 2634 2773 .nomine,
2675 2723 2792 2761 non
2841 2707 3136 2778 regnabat,
3206 2707 3305 2761 sed
3349 2706 3496 2760 vitiis
3540 2705 3599 2759 in
3631 2722 3694 2759 se
3731 2723 3818 2760 re-

2114 2797 2430 2867 gnantibus
2451 2795 2841 2850 subserviebat
2869 2794 2930 2848 in
2963 2795 3141 2848 Italia.
3184 2794 3391 2848 Audita
3423 2794 3575 2847 enim
3623 2798 3818 2847 morte

2116 2883 2476 2954 imperatoris
2508 2883 2749 2950 Ottonis,
2777 2881 3138 2953 Longobardi
3158 2882 3315 2936 surdi
3343 2888 3395 2936 et
3431 2881 3584 2947 caeci,
3624 2888 3682 2934 et
3748 2882 3818 2936 de

2114 2973 2307 3026 futuro
2343 2988 2460 3025 non
2483 2971 2728 3043 providi,
2762 2972 2915 3025 hunc
2945 2971 3264 3041 elegerunt,
3310 2975 3366 3024 et
3409 2970 3479 3023 ad
3532 2970 3822 3040 pceniten-

2116 3060 2256 3112 tiam
2311 3059 2667 3126 festinantes,
2739 3059 2799 3113 in
2848 3075 3044 3129 regem
3096 3059 3204 3112 sibi
3260 3063 3695 3112 coronaverunt.
3767 3061 3821 3113 Is

2115 3154 2273 3213 tunc,
2301 3151 2366 3201 ut
2425 3147 2565 3213 dixi,
2607 3147 2966 3201 subserviens
3013 3148 3438 3214 dominabatur,
3494 3152 3552 3200 et
3605 3147 3821 3202 adven-

2113 3241 2237 3290 tum
2312 3235 2465 3306 regis
2508 3235 2758 3290 Ileinrici
2823 3252 3050 3306 semper
3125 3241 3476 3305 exspectans,
3543 3234 3820 3290 introitus

2115 3323 2550 3395 Longobardim,
2608 3341 2752 3394 quos
2809 3325 3005 3380 Clusas
3052 3323 3339 3393 indigenae
3396 3328 3618 3385 vocant,
3675 3339 3817 3378 cum

2115 3414 2337 3468 cautela
2366 3414 2501 3466 satis
2545 3413 2783 3483 provida
2828 3413 3116 3466 tuebatur.
3179 3412 3336 3476 Quod
3387 3412 3559 3466 etiam
3609 3429 3815 3466 verum

2118 3501 2217 3554 Dei
2250 3506 2373 3554 erat
2414 3499 2746 3569 judicium:
2795 3501 3126 3570 Episcopos,
3187 3499 3287 3570 qui
3341 3499 3617 3553 electione
3655 3499 3818 3553 illius

2117 3605 2234 3658 prae
2256 3588 2456 3642 ceteris
2479 3588 2746 3642 omnibus
2779 3594 3088 3642 {astuantes
3145 3592 3200 3642 et
3258 3587 3514 3640 sitientes
3553 3587 3813 3651 fuerunt,

2118 3677 2434 3730 honorabat
2456 3683 2520 3730 ut
2547 3677 2841 3744 bulbucos,
2875 3676 3154 3729 tractabat
3212 3681 3276 3728 ut
3322 3675 3604 3729 subulcus.
3663 3675 3817 3739 Qua-

2118 3766 2248 3820 dam
2278 3781 2526 3835 namque
2558 3765 2649 3819 die
2677 3765 3011 3834 episcopum
3067 3763 3416 3817 Brixiensem
3469 3764 3536 3816 ad
3593 3779 3652 3815 se
3710 3779 3815 3816 ve-

2120 3852 2394 3918 nientem,
2450 3859 2506 3906 et
2562 3853 2753 3906 nescio
2802 3851 2940 3921 quid
2998 3850 3327 3904 ratiocinari
3386 3851 3688 3914 volentem,
3757 3855 3818 3904 ut

2119 3940 2288 4012 cmpit
2317 3940 2370 3994 ei
2393 3940 2749 4006 ratiocinatio
2773 3938 3095 4009 displicere,
3126 3953 3228 4008 per
3255 3938 3495 4007 capillos
3543 3939 3816 4007 arripuit,

2121 4036 2177 4082 et
2204 4031 2380 4083 humo
2412 4034 2578 4082 tenus
2617 4027 2781 4098 quasi
2835 4026 3148 4081 bubulcum
3196 4026 3533 4080 vilissimum
3581 4026 3816 4097 dejecit.

2123 4118 2261 4172 Cum
2295 4117 2610 4186 majoribus
2627 4115 2771 4170 nihil
2824 4115 3120 4180 tractabat,
3164 4130 3294 4168 cum
3339 4114 3647 4184 juvenibus
3693 4131 3821 4169 om-

2121 4205 2217 4257 nia
2238 4203 2600 4274 disponebat.
2651 4203 2814 4268 Quod
2856 4204 3030 4257 etiam
3077 4207 3198 4257 erat
3240 4202 3662 4272 gravissimum,
3703 4203 3818 4257 sub

2121 4309 2188 4368 eo
2220 4291 2707 4361 praevaricatores,
2744 4291 3070 4358 violatores,
3131 4289 3571 4360 depopulatores
3619 4291 3820 4345 domi-

2123 4381 2440 4446 nabantur;
2496 4381 2687 4448 legum
2741 4385 3039 4443 amatores,
3094 4379 3192 4432 Dei
3244 4380 3496 4434 cultores
3531 4379 3822 4449 deprime-

2124 4471 2351 4524 bantur.
2405 4468 2700 4538 Cupiditas
2737 4468 2797 4521 in
2851 4485 2917 4522 eo
2973 4473 3096 4521 erat
3162 4467 3516 4533 consiliaria;
3577 4467 3821 4521 avaritia

2121 4556 2434 4612 cameraria
2461 4577 2476 4624 ;
2508 4557 2768 4628 pecunia,
2819 4556 3055 4610 domina
3094 4561 3149 4610 et
3179 4556 3395 4625 regina.
3431 4556 3526 4611 His
3555 4555 3819 4626 pedisse—

2122 4646 2251 4717 quis
2273 4645 2596 4700 adulterina
2627 4650 2848 4716 sceptra
2871 4644 3119 4700 tenebat.
3214 4666 3216 4668 τ

2191 4735 2278 4788 24.
2341 4735 2699 4804 Quapropter
2782 4732 3015 4803 quidam
3075 4748 3180 4803 pro
3212 4733 3586 4787 coronatione
3633 4731 3816 4797 illius,

2123 4821 2458 4894 paenitentia
2488 4822 2664 4883 ducti.
2695 4822 2819 4892 regi
2851 4820 3133 4888 Heinrico,
3176 4821 3272 4875 alii
3300 4821 3537 4892 legatos,
3595 4820 3692 4874 alii
3723 4820 3820 4873 lit-

2123 4915 2272 4965 teras
2302 4910 2719 4976 transmittunt,
2780 4914 2844 4963 ut
2874 4913 3026 4963 terra
3072 4909 3232 4964 oneri
3286 4909 3623 4976 gravissimo
3680 4907 3820 4962 sub-

2116 4998 2333 5070 jaceuti
2423 4997 2742 5065 subveniat,
2817 4997 3145 5052 humillima
3223 5013 3390 5068 prece
3476 4997 3817 5068 deposcunt.

2127 5086 2394 5142 Mandant
2423 5087 2616 5154 etiam,
2648 5085 2785 5141 utsi
2845 5086 2967 5157 ipse
3022 5085 3176 5140 idem
3219 5086 3280 5140 in
3330 5084 3620 5156 aliquibus
3656 5100 3824 5138 occu-

2127 5181 2291 5245 patus
2317 5179 2628 5241 teneretur,
2661 5174 2864 5229 saltem
2914 5173 2997 5229 eis
3053 5189 3294 5228 suorum
3342 5173 3666 5243 Principem
3711 5171 3819 5225 ali-

2217 5315 2306 5379 20)
2338 5316 2484 5370 Satis
2515 5321 2672 5387 patet
2691 5317 2938 5371 voluisse
2953 5315 3194 5387 scricere
3221 5316 3651 5387 internecionem.

2216 5390 2275 5441 2t
2315 5389 2398 5452 )ln
2420 5383 2637 5441 ditione
2659 5387 2910 5458 episcopi
2940 5386 3246 5458 Spirensis,
3288 5386 3428 5439 alias
3474 5383 3816 5458 Brucksnlia.

2130 5454 2405 5583 Reliqtuus
2461 5474 2662 5512 sensus
2693 5454 2918 5514 'melius
2949 5454 3294 5527 intelligitur
3332 5472 3504 5527 quam
3546 5454 3821 5526 explicari

2130 5545 2281 5583 nossi
2313 5569 2326 5583 .

2127 5545 2326 5599 possit.
