4028 6206
206 294 263 343 97
1832 290 1865 343 Α

3617 306 3685 356 98

205 428 360 484 quem
383 427 508 464 cum
565 409 757 480 paucis
786 409 1217 464 transmitteret.
1252 410 1315 463 In
1345 410 1636 465 voluntate
1667 411 1863 481 bujus-
1892 413 1939 466 Α
1978 411 2407 465 existimabatur
2438 412 2571 467 MXV
2592 429 2713 468 esse
2738 414 3010 471 virorum.
3040 418 3116 471 De
3136 418 3501 475 Theutonicis
3545 440 3679 477 vero

206 500 342 556 modi
398 499 572 570 aliqui
626 498 932 559 manifesti,
994 498 1172 570 aliqui
1240 504 1402 552 erant
1458 500 1687 554 occulti.
1746 500 1872 553 Tie-

204 591 389 645 boldus
418 605 659 658 namque
678 588 954 653 marcbio,
986 592 1042 640 et
1068 588 1530 659 archiepiscopus
1552 590 1869 651 Ravennas,

204 684 251 731 et
278 678 567 746 episcopus
600 676 954 742 Mutinensis,
987 677 1346 743 Veronensis,
1392 682 1450 730 et.
1478 678 1868 739 Vercellensis,

202 772 378 835 aperte
407 765 467 818 in
500 765 645 833 regis
677 765 922 818 Heinrici
974 764 1247 819 ﬁdelitate
1300 766 1630 819 manebant.
1677 766 1870 820 Archi-

202 855 481 924 episcopus
529 860 719 906 autem
772 852 1229 919 Mediolanensis,
1263 858 1319 907 et
1348 854 1601 924 episcopi
1632 854 1868 908 Cremo-

202 942 394 1009 nensis,
424 941 804 1008 Placentinus,
844 940 1162 1011 Papiensis,
1196 941 1522 1007 Brixiensis,
1556 942 1869 1007 Comensis,

201 1030 337 1101 quod
381 1029 668 1095 volebant,
740 1029 1202 1083 manifestabant.
1284 1030 1494 1083 Omnes
1542 1033 1737 1083 tamen
1811 1030 1871 1083 in

201 1134 482 1172 commune
526 1133 723 1186 regem
756 1117 1084 1171 Heinricum
1145 1118 1563 1188 desiderabant,
1603 1118 1871 1189 precibus

201 1223 291 1278 per
316 1207 529 1275 legatos
557 1212 611 1258 et
649 1206 869 1259 litteras
891 1206 1228 1260 invitabant.

260 1299 338 1349 25.
373 1294 625 1348 Tandem
681 1310 713 1346 a
759 1309 893 1363 rege
949 1295 1080 1349 Otto
1102 1296 1216 1348 dux
1247 1295 1723 1362 Carentanorum,
1769 1297 1869 1367 qui

201 1384 350 1437 etiam
430 1384 814 1436 Veronensem
871 1383 1205 1437 comitatum
1256 1384 1503 1449 tenebat,
1566 1385 1632 1438 ad
1687 1385 1867 1454 petio-

200 1488 313 1526 nem
362 1471 873 1538 Longobardorum
941 1473 1281 1542 explendam
1335 1472 1587 1542 eligitur,
1639 1477 1696 1525 et
1739 1489 1867 1525 cum

198 1559 389 1629 paucis,
426 1564 665 1628 propter
696 1559 961 1612 ﬁduciam
994 1560 1259 1629 superius
1315 1561 1770 1624 nominatorum,
1806 1561 1865 1613 in

196 1644 393 1697 Italiam
433 1645 723 1714 dirigitur.
804 1646 905 1700 Cui
964 1647 1135 1700 etiam
1195 1649 1323 1702 Otte
1382 1648 1533 1701 ﬁlius
1587 1649 1865 1701 Heriberti

199 1749 306 1785 cum
340 1734 577 1786 Ernesto
644 1734 764 1787 ﬁlio
794 1734 1076 1789 Tietboldi
1133 1735 1479 1789 marchiouis
1512 1737 1863 1805 adjungitur.

200 1820 298 1879 His.
345 1822 492 1875 inter
555 1829 825 1875 montana
876 1839 1005 1893 quae
1078 1824 1365 1877 Bavariam
1417 1829 1469 1877 et
1513 1825 1865 1878 Carinthiam

197 1910 254 1963 ab
313 1911 469 1963 Italia
538 1910 871 1980 sejungunt,
904 1928 1077 1980 supra
1109 1929 1338 1982 aquam,
1372 1929 1498 1983 quas
1532 1916 1737 1967 Brenta
1770 1931 1866 1966 vo-

197 2002 347 2063 cetur,
383 1999 882 2065 convenientibus,
933 2000 1238 2053 Carentani
1290 2006 1345 2053 et
1390 2002 1864 2068 Foro-Julienses,

195 2102 301 2138 cum
327 2086 516 2155 paucis
577 2094 902 2152 occurrunt,
954 2089 1130 2142 veluti
1189 2089 1259 2143 de
1308 2089 1602 2158 promissis
1638 2092 1865 2143 Italico—

196 2190 301 2226 rum
327 2175 593 2229 ﬁduciam
618 2176 914 2242 habentes,
966 2182 1021 2230 et
1075 2178 1145 2231 de
1191 2194 1385 2248 pugna
1416 2178 1494 2232 nil
1527 2179 1863 2248 cogitantes.

198 2263 389 2315 Interea
450 2264 918 2335 archiepiscopus
1004 2266 1321 2330 Ravennas,
1409 2270 1465 2319 ct
1560 2267 1868 2320 Tieboldus

197 2350 421 2404 marchin
486 2367 623 2405 cum
678 2353 879 2405 ceteris
939 2353 1255 2406 manifestis
1311 2354 1575 2407 ﬁdelibus
1620 2354 1867 2407 Heinrici

195 2439 323 2507 regis
343 2455 470 2492 suos
500 2447 1015 2510 congregaverant,
1048 2443 1305 2495 volentes
1361 2458 1656 2495 occurrere
1677 2443 1865 2496 Theti-

195 2525 386 2589 tonicis,
415 2532 471 2579 et
515 2544 617 2580 eos
664 2528 722 2581 in
773 2529 993 2582 Italiam
1063 2546 1191 2582 cum
1242 2530 1549 2583 securitate
1588 2530 1863 2601 recipere.

196 2612 301 2665 Haec
336 2614 663 2669 Harduinus
716 2618 1039 2686 prmsciens,
1092 2619 1371 2671 Veronam
1430 2634 1559 2671 cum
1619 2619 1869 2672 maxima

196 2702 531 2756 multitudine
593 2705 788 2757 venire
826 2706 1134 2770 festinavit,
1186 2712 1345 2759 utet
1401 2706 1480 2759 ibi
1526 2708 1751 2773 Italicis,
1808 2708 1867 2759 in

195 2789 517 2859 adjutorium
550 2792 1044 2848 Theutonicorum
1076 2794 1498 2860 festinantibus,
1526 2796 1674 2848 viam
1697 2796 1869 2847 inter-

194 2878 398 2946 ciperet,
432 2886 489 2933 et
514 2879 737 2949 Clusas,
775 2898 904 2951 quae
934 2883 1004 2935 ab
1062 2882 1332 2952 episcopo
1389 2883 1701 2937 Veronensi
1742 2899 1864 2936 ser-

195 2966 466 3033 vabantur,
502 2974 862 3038 expugnaret
896 2987 908 3023 :
945 2971 1096 3041 quod
1131 2977 1188 3024 et
1219 2971 1368 3024 fecit.

252 3056 328 3107 26.
361 3055 540 3109 Clusis
572 3056 753 3126 igitur
801 3059 1164 3128 expugnatis,
1192 3059 1431 3112 audiens
1490 3059 1871 3113 Theutonicos

195 3140 241 3193 in
302 3142 732 3198 Tridentensem
822 3146 1122 3215 planitiem
1188 3147 1542 3212 convenisse,
1568 3148 1666 3200 illo
1739 3164 1868 3201 cum

196 3231 432 3285 omnibus
484 3232 610 3285 suis
666 3232 973 3287 festinavit.
1027 3233 1138 3288 Sed
1198 3235 1278 3287 ibi
1328 3235 1694 3288 Tlieutonicis
1750 3251 1870 3289 non

196 3315 430 3384 inventis,
480 3333 539 3370 se
612 3317 671 3371 in
740 3318 1100 3388 campaniam
1168 3320 1555 3373 Veronensem
1614 3320 1864 3385 reduxit,

197 3403 360 3475 ibique
414 3406 471 3459 in
529 3407 787 3477 quodam
847 3407 1152 3462 Castellulo
1206 3408 1574 3462 Nativitatem
1629 3409 1859 3462 Domini

198 3492 487 3549 celebravit.
553 3494 668 3549 Sed
731 3496 803 3549 ab
859 3496 1195 3566 hujusmodi
1260 3497 1498 3550 homine
1556 3497 1866 3551 celebratio

198 3582 373 3634 rectius
397 3583 802 3637 celebrationis
860 3584 1084 3638 dicetur
1132 3584 1351 3639 abusio.
1404 3584 1638 3638 Interim
1678 3586 1867 3639 Theu-

199 3668 344 3721 tonici
366 3670 527 3739 juxta
557 3675 811 3724 montem
842 3671 1172 3741 quemdam,
1207 3672 1306 3742 qui
1341 3673 1622 3739 Ungarius
1656 3673 1868 3740 (nescio

198 3771 290 3823 qua
336 3758 401 3811 de
450 3759 646 3828 causa)
704 3764 959 3825 vocatur,
1020 3760 1458 3831 praevenientes,
1519 3764 1574 3814 et
1626 3762 1869 3816 Hardui-

200 3858 313 3897 num
338 3846 451 3915 jam
483 3848 687 3901 Clusas
739 3863 1041 3919 occupasse
1090 3848 1346 3914 scientes,
1405 3848 1516 3919 ipsi
1576 3850 1865 3904 Harduino

200 3929 383 3999 legatos
412 3951 542 3988 suos
578 3935 995 4001 transmittunt,
1055 3939 1109 3990 et
1140 3940 1203 3989 ut
1233 3940 1329 3989 aut
1358 3935 1438 3989 eis
1469 3935 1652 4003 cedat,
1688 3936 1868 3990 donec

202 4020 477 4088 transeant,
540 4027 662 4082 eaut
730 4022 841 4077 sibi
917 4023 1251 4078 cedentibus
1329 4024 1538 4091 veniat,
1628 4030 1879 4095 rogant,

204 4103 510 4177 Harduinus,
568 4110 765 4163 audita
791 4111 1098 4182 legatione,
1132 4127 1253 4166 sese
1307 4112 1367 4166 in
1415 4112 1677 4166 fraudem
1710 4115 1867 4167 dece-

202 4195 383 4262 ptionis
413 4205 773 4264 convertens,
837 4200 953 4254 ait:
990 4201 1294 4255 Nobiscum
1350 4213 1510 4255 nocte
1565 4203 1857 4269 maneatis,

201 4284 414 4340 crastina
474 4287 571 4341 die
630 4302 758 4341 cum
806 4289 1016 4342 nostris
1068 4289 1335 4344 ﬁdelibus
1391 4290 1538 4344 inito
1591 4292 1855 4359 consilio,

200 4370 331 4424 vobis
358 4375 704 4445 respondere
730 4375 1067 4444 poterimus.

257 4461 332 4513 27.
398 4462 624 4532 Legatis
668 4464 847 4533 igitur
892 4464 1131 4519 insidias
1185 4481 1305 4519 non
1390 4465 1866 4535 intelligentibus,

200 4544 300 4615 ipse
333 4566 429 4619 per
466 4557 649 4605 totam
681 4558 910 4606 noctem
940 4558 1123 4607 castra
1154 4570 1394 4607 suorum
1460 4554 1680 4621 circuit,
1713 4561 1777 4609 ut
1806 4555 1864 4609 in

200 4637 415 4691 crastino
444 4640 633 4709 parati
661 4640 775 4692 sint
804 4642 875 4695 ad
929 4642 1416 4711 congrediendum
1472 4643 1861 4709 Theutonicis,

202 4730 389 4780 monet.
423 4727 520 4781 Die
553 4727 804 4794 lucente,
836 4728 1009 4799 legati
1040 4730 1336 4783 venientes
1367 4730 1435 4783 ad
1467 4730 1863 4801 accipiendum

200 4823 527 4881 responsum,
579 4816 979 4885 Longobardos
1044 4833 1244 4870 omnes
1322 4817 1587 4871 loricatos
1673 4822 1729 4871 et
1795 4820 1862 4873 ad

201 4900 434 4964 praelium
486 4907 721 4972 paratos
784 4903 1004 4969 vident;
1065 4905 1202 4974 quid
1233 4904 1337 4958 hoc
1369 4904 1670 4976 significet,
1722 4907 1864 4960 Har-

201 4982 409 5041 duinum
442 4990 818 5061 interrogant.
863 4992 961 5045 Ille
1006 4992 1313 5046 consilium
1362 4992 1684 5062 iniquitatis
1726 5010 1860 5047 evo-

203 5086 358 5141 mens,
385 5077 499 5131 ait:
536 5079 812 5133 Fortassis
834 5080 1003 5133 unius
1037 5082 1315 5151 temporis
1349 5080 1459 5134 erit
1507 5082 1857 5136 renuntiatio

203 5167 380 5217 vestra.
442 5166 579 5220 Inde
646 5175 994 5237 promovens
1050 5168 1366 5223 exercitum
1390 5169 1581 5224 media
1640 5170 1732 5225 die
1788 5171 1861 5225 ad

206 5246 515 5319 Ungaricum
571 5260 828 5310 montem
866 5257 1141 5326 pervenit.
1199 5257 1486 5311 Exercitus
1526 5263 1717 5313 autem
1766 5259 1860 5314 ille

264 5374 361 5444 (2‘2)
418 5378 736 5432 Pabulatum
782 5382 937 5434 missi
965 5385 1140 5446 erant,
1170 5396 1303 5434 nam
1342 5382 1565 5447 fodrum
1618 5383 1864 5438 sumitur

209 5455 292 5508 pro
315 5447 510 5524 pabulo
540 5451 625 5524 vel
658 5465 907 5511 annona,
942 5451 1281 5524 hominibus
1302 5468 1465 5521 aeque
1496 5467 1559 5506 ac
1585 5454 1863 5524 jumentis

214 5519 511 5585 necessaria,
530 5519 600 5573 de
625 5536 741 5590 qua
763 5538 896 5576 voce
917 5523 1084 5594 plura
1110 5522 1240 5576 vide
1269 5522 1327 5576 in
1358 5519 1674 5593 glossariis.

1985 499 2072 553 vix
2105 506 2269 553 erant
2297 501 2629 570 quingenti;
2689 509 2745 556 et
2792 503 2852 557 hi
2910 505 3120 574 partim
3182 522 3284 576 per
3308 507 3536 562 fodrum
3570 510 3681 579 (22)
3783 568 3788 574 ,

1984 587 2177 653 divisi;
2211 590 2420 659 partim
2465 590 2534 643 ad
2566 590 2684 644 vias
2714 592 3119 646 custodiendas
3166 595 3509 650 transmissi.
3545 596 3674 659 Qui,

1985 676 2261 729 Harduini
2290 677 2597 731 adventum
2621 679 3014 749 percipientes,
3046 686 3300 750 repente.
3352 690 3673 749 armantur,

1983 768 2057 829 et,
2089 770 2264 833 prout
2303 771 2561 835 possunt,
2588 767 2655 820 ad
2699 768 3079 821 resistendum
3130 775 3406 839 parantur
3448 788 3460 825 :
3504 771 3677 826 virtu-

1983 851 2056 905 tis
2078 852 2353 922 eligentes
2384 853 2617 919 famam,
2649 860 2704 907 et
2724 861 3133 925 postponentes
3160 858 3347 911 vitam.

2051 958 2139 1010 28.
2194 957 2413 1011 Interea
2453 958 2774 1013 Harduinus
2805 976 2935 1014 cum
2990 962 3375 1033 Lougobardis
3416 980 3683 1035 superve-

1981 1044 2091 1096 nit.
2158 1043 2284 1097 Otto
2341 1060 2470 1098 cum
2529 1048 2895 1101 Theutonicis
2936 1050 3161 1103 obviam
3220 1054 3393 1106 venit.
3425 1055 3511 1108 Fit
3540 1070 3682 1108 con-

1982 1148 2216 1202 gressxo,
2247 1132 2311 1187 ﬁt
2342 1150 2557 1204 pugna,
2588 1135 2652 1188 ﬁt
2681 1137 2862 1190 caedes
2901 1154 2966 1191 ex
3026 1145 3270 1209 utraque
3310 1148 3473 1210 parte
3540 1160 3671 1213 gra-

1981 1220 2237 1287 vissima;
2264 1227 2321 1275 et
2365 1238 2511 1292 pene
2542 1225 3043 1289 Theutonicorum,
3083 1229 3343 1297 quamvis
3391 1232 3673 1299 paucissi-

1982 1324 2230 1373 morum,
2285 1315 2433 1363 esset
2489 1310 2745 1377 victoria,
2795 1313 2840 1366 si
2899 1329 3014 1369 non
3070 1315 3376 1385 impediret
3428 1319 3671 1382 Ottonis,

1979 1398 2171 1451 fratris
2222 1400 2747 1469 Regensburgensis
2827 1402 3096 1473 episcopi,
3148 1406 3300 1475 fuga.
3356 1407 3457 1460 Illo
3506 1409 3679 1473 enim

1979 1485 2255 1555 fugiente,
2286 1487 2765 1540 Tlieutonicorum
2820 1490 2969 1542 acies
3000 1490 3303 1558 minuitur,
3357 1500 3413 1545 et
3470 1496 3677 1549 iterum

1980 1589 2012 1625 a
2053 1573 2246 1626 multis
2276 1590 2596 1643 congressa,
2633 1575 2972 1631 devincitur.
3010 1579 3513 1647 Longobardorum
3550 1589 3675 1635 tan-

1981 1660 2110 1713 dem
2155 1660 2339 1714 extitit
2425 1661 2677 1729 victoria,
2771 1664 2865 1716 sed
2930 1664 3179 1733 plurima
3230 1683 3461 1721 suarum
3526 1671 3679 1723 ccede

1978 1756 2327 1819 comparata.
2363 1751 2748 1805 Revertuntur
2783 1753 3141 1818 Theutouici,
3177 1759 3231 1807 et
3256 1755 3335 1808 sic
3369 1762 3504 1809 tunc
3535 1774 3677 1811 con-

1978 1836 2087 1889 fusi
2117 1838 2461 1908 quandoque
2518 1844 2711 1893 tamen
2762 1841 3037 1894 talionem
3088 1842 3386 1896 reddituri.
3445 1845 3673 1900 Interea

1980 1926 2096 1979 Rex
2146 1942 2179 1978 a
2238 1927 2469 1979 Bavaria
2499 1927 2557 1979 in
2629 1928 2921 1981 Franciam
2967 1946 3250 1999 reversus,
3298 1931 3675 1987 Frankenfort

1982 2013 2341 2068 Nativitatem
2392 2014 2616 2068 Domini
2655 2016 2923 2082 celebrat,
2989 2019 3301 2071 multorum
3360 2019 3677 2089 legationes

1979 2102 2233 2170 suscipit,
2294 2102 2511 2172 legatos
2609 2104 2944 2157 muneribus
3024 2110 3080 2157 et
3154 2107 3441 2175 responsis
3488 2108 3677 2177 dignis

1978 2190 2242 2244 remittit.
2312 2191 2691 2244 Herimannus
2744 2191 2939 2256 etiam,
2990 2192 3113 2261 jam
3143 2199 3273 2246 ante
3307 2195 3515 2264 jugum
3562 2198 3679 2266 pati

1980 2278 2221 2343 nescius,
2256 2278 2440 2331 eidem
2469 2279 2835 2332 celebrationi
2868 2280 3143 2346 interfuit,
3202 2288 3276 2348 et,
3313 2288 3374 2335 ut
3397 2288 3674 2354 oportuit,

1978 2380 2082 2435 per
2110 2366 2304 2419 omnia
2341 2365 2514 2436 regia!
2549 2368 2835 2437 majestati
2864 2367 3136 2421 obediens
3157 2368 3285 2423 fuit.

2005 2540 2237 2597 ANNUS
2275 2542 2551 2598 CHRISTI
2590 2544 2735 2610 MIII,
2781 2546 3065 2600 HENRICI
3106 2548 3533 2604 IMPERANTIS
3576 2552 3643 2605 II.

2048 2686 2136 2738 29.
2169 2686 2334 2739 Anno
2358 2684 2426 2738 ab
2453 2685 2733 2739 Incarnat.
2752 2686 2912 2741 Dom.
2948 2688 3102 2754 MIII,
3131 2688 3445 2744 Indictione
3466 2691 3672 2760 prima,

1979 2771 2094 2825 Rex
2124 2772 2422 2825 Heinricus
2451 2771 2511 2825 in
2534 2774 2925 2828 Mosellensem
2958 2792 3191 2845 pagum,
3220 2777 3280 2830 in
3319 2794 3494 2848 quem
3534 2796 3676 2832 non-

1981 2859 2118 2913 dum
2164 2860 2498 2927 intraverat,
2564 2862 2647 2915 ire
2741 2863 3010 2925 decrevit,
3072 2866 3255 2919 sciens
3307 2867 3463 2936 quod
3523 2872 3676 2922 terra

1900 2976 1940 3031 ρ
1978 2964 2152 3018 quam
2186 2950 2298 3003 Rex
2339 2964 2457 3003 non
2481 2949 2827 3020 frequentat,
2851 2951 3167 3020 saepissime
3198 2969 3519 3023 pauperum
3550 2956 3675 3008 cla-

1982 3036 2237 3090 moribus
2286 3042 2344 3090 et
2395 3037 2705 3106 gemitibus
2770 3038 3038 3093 abundat.
3102 3040 3425 3094 Theodonis
3469 3041 3673 3097 Villam

1980 3124 2158 3195 igitur
2179 3124 2354 3190 venit,
2387 3132 2443 3179 et
2473 3124 2552 3178 ibi
2580 3141 2710 3179 cum
2745 3126 3013 3181 omnibus
3044 3127 3472 3183 Mosellensibus
3507 3146 3675 3201 gene-

1979 3211 2097 3264 rale
2152 3211 2503 3280 colloquium
2554 3212 2756 3266 tenuit.
2822 3214 2883 3266 In
2957 3229 3073 3283 quo
3126 3214 3413 3284 colloquio
3501 3216 3674 3270 duces

1980 3297 2359 3352 Herimannus
2404 3304 2463 3352 et
2517 3299 2921 3365 Theodoricus,
2968 3300 3067 3371 qui
3108 3300 3433 3355 defensores
3488 3308 3545 3358 et
3573 3320 3672 3358 co-

1979 3385 2268 3455 adjutores
2326 3387 2516 3456 legum
2572 3404 2693 3441 esse
2751 3388 3054 3455 debebant,
3087 3390 3300 3443 conscii
3351 3391 3461 3445 sibi
3534 3392 3669 3463 ipsi,

1976 3474 2413 3544 impugnatores
2466 3480 2648 3537 erant,
2680 3481 2734 3529 et
2762 3483 3182 3547 expugnatores
3214 3494 3336 3533 esse
3379 3480 3670 3537 volebant.

1979 3563 2085 3617 Sed
2130 3564 2248 3617 Rex
2277 3572 2338 3617 ut
2393 3567 2501 3617 hoc
2532 3566 2801 3634 cognovit
2839 3571 3055 3635 quanto
3086 3582 3183 3620 eos
3242 3568 3513 3621 adversus
3544 3570 3673 3639 jus-

1976 3650 2163 3704 titiam
2219 3651 2630 3720 pertinaciores
2681 3652 2839 3715 vidit,
2875 3658 3035 3707 tanto
3087 3654 3379 3708 ardentius
3436 3656 3665 3725 institit,

1977 3740 2035 3790 et
2062 3738 2407 3807 quibusque,
2441 3754 2613 3808 super
2648 3738 2806 3807 ipsos
2837 3740 3011 3794 etiam
3059 3741 3230 3795 duces
3273 3743 3671 3812 clamantibus,

1977 3826 2164 3895 legem
2248 3826 2508 3880 faciendo
2566 3827 2791 3896 sategit.
2863 3829 3113 3883 Tandem
3190 3829 3342 3884 inter
3423 3832 3674 3886 diversos

1974 3913 2254 3967 clamores
2281 3915 2577 3967 castellum
2619 3930 2803 3968 unum
2835 3915 3015 3981 ducis,
3063 3932 3213 3986 quoa
3246 3918 3534 3988 Mulsberg
3571 3936 3670 3972 vo-

1977 4003 2233 4068 cabatur,
2257 4002 2318 4055 in
2348 4002 2759 4056 detrimentum
2785 4003 3126 4073 pagensium
3149 4020 3271 4058 esse
3283 4006 3669 4075 comperiens,

1977 4089 2206 4144 diruere
2257 4090 2439 4159 jubet.
2500 4096 2564 4144 ut
2639 4106 2758 4144 non
2831 4096 3152 4145 restruatur
3212 4094 3669 4149 communitione

1976 4177 2376 4248 potentissima
2405 4184 2628 4232 monet.

2048 4284 2134 4338 30.
2216 4282 2514 4352 Colloquio
2588 4288 2854 4352 potenter
2912 4282 3129 4344 habito.
3188 4286 3542 4355 Aquasgrani
3590 4287 3671 4341 ire

1974 4371 2243 4436 decrevit,
2271 4376 2332 4423 ut
2381 4372 2459 4424 ibi
2488 4375 2545 4424 et
2573 4371 3029 4426 anniversarium
3062 4373 3428 4443 Imperatoris
3484 4376 3674 4431 debita

1975 4459 2275 4512 devotione
2323 4461 2600 4513 recoleret
2647 4473 2661 4528 ;
2728 4465 2785 4513 et
2830 4461 3224 4515 Lotharieuses
3274 4463 3343 4516 ad
3401 4479 3461 4516 se
3532 4480 3671 4518 con-

1974 4548 2218 4601 ﬂuentes
2250 4548 2320 4602 ad
2370 4548 2703 4601 ﬁdelitatem
2735 4549 2822 4602 sui
2882 4554 2937 4603 et
2986 4550 3293 4604 utilitatem
3325 4552 3488 4622 regni
3540 4570 3671 4606 cor-

1974 4637 2223 4692 roborat.
2286 4637 2520 4690 Interim
2568 4637 2902 4691 inﬁrmitate
2934 4638 3272 4707 gravissima
3302 4641 3583 4711 tangitur,
3614 4649 3671 4697 et

1974 4726 2093 4780 Rex
2123 4741 2250 4780 cum
2284 4725 2376 4793 sit,
2406 4726 2580 4779 homo
2611 4741 2732 4779 esse
2754 4732 3039 4781 monetur.
3062 4728 3175 4781 Iter
3202 4733 3395 4782 tamen
3421 4736 3667 4801 coeptum

1973 4814 2181 4881 ﬁnivit,
2214 4818 2473 4883 etAquas
2502 4830 2681 4884 usque
2713 4814 2989 4885 pervenit.
3020 4816 3102 4869 Ibi
3123 4819 3669 4871 commemoratione

1973 4901 2406 4969 consanguinei,
2430 4908 2488 4955 et
2516 4901 2768 4956 Senioris
2795 4904 2884 4957 sui
2911 4905 3017 4973 (23)
3046 4904 3405 4957 devotissime
3447 4904 3659 4971 habita,

1973 4989 2221 5059 plurima
2242 4990 2311 5043 de
2342 4990 2636 5043 sanctitate
2666 4990 2721 5045 S.
2745 4990 2985 5045 Servatii
3039 4992 3296 5054 audiens,
3344 4992 3666 5061 Trajectum

1974 5078 2093 5141 ivit,
2124 5083 2188 5131 ut
2235 5083 2290 5132 et
2342 5078 2675 5131 Sanctorum
2733 5080 2817 5133 ibi
2872 5068 3289 5149 quiescentium
3338 5078 3447 5133 sibi
3495 5081 3666 5134 inter-

1972 5166 2255 5220 cessiones
2309 5166 2661 5237 imploraret,
2712 5172 2770 5221 et
2804 5168 2874 5220 ad
2906 5166 3201 5220 servitium
3260 5166 3360 5220 Dei
3388 5168 3578 5222 locum
3612 5176 3667 5223 et

1973 5254 2145 5309 vitam
2176 5254 2582 5309 canonicorum
2623 5255 2928 5310 ordinaret.
2993 5254 3078 5307 Ibi
3107 5253 3361 5324 primum
3414 5256 3484 5311 de
3514 5257 3663 5313 bello

2042 5384 2155 5451 (23)
2179 5383 2399 5454 Ottonis
2432 5383 2525 5451 III,
2559 5398 2729 5454 quem
2760 5382 2930 5436 etiam
2961 5398 3134 5454 supra
3162 5386 3423 5441 seniorem
3450 5387 3669 5441 vocavit

1972 5467 2072 5506 seu
2099 5453 2422 5507 dominum.
