4028 6206
349 275 416 325 99
1653 265 1706 317 S.
1753 264 2036 318 llENltltLl
2079 261 2551 318 IMI’ERATORIS

3747 266 3847 318 100

347 396 499 450 inter
551 393 772 448 Italicos
827 396 884 446 et
951 389 1334 446 Theutonicos
1413 387 1605 443 habito
1663 386 1915 451 audivit;
1966 389 2042 453 et,
2073 389 2119 440 Α
2160 387 2432 440 talionem
2468 386 2526 440 in
2552 387 2741 440 futura
2771 401 3088 450 reservans,
3113 401 3146 439 a
3174 384 3301 440 sinu
3334 385 3496 456 regni
3549 384 3636 439 sui
3667 386 3846 441 insita:

350 482 504 555 quod
555 481 828 552 sapientis
877 485 982 546 est,
1017 478 1424 550 aequanimiter
1480 477 1656 530 tulit:
1707 476 1890 529 sciens
1945 491 2050 529 nec

347 573 550 625 caslum
580 584 808 639 semper
840 583 1008 638 posse
1039 565 1314 633 serenari,
1345 580 1449 618 nec
1481 579 1570 617 res
1611 564 1892 616 humanas
1926 561 2049 614 sine

349 657 772 714 intermissione
811 655 1156 726 prosperari.

418 748 504 800 31.
539 747 674 800 Inde
731 749 790 800 S.
845 743 1128 797 Lamberti
1177 742 1381 795 merita
1427 756 1543 794 non
1603 739 2042 809 parvipendens.

349 834 616 888 Leodium
663 833 839 887 venit.
899 833 977 885 lbi
1027 830 1302 884 cholicam
1339 828 1761 889 inlirmitatem,
1816 827 1885 880 ab
1934 831 2044 893 gan-

351 921 730 976 tecessoribus
779 920 894 973 suis
952 919 1291 986 ingenitam,
1349 916 1684 986 gravissime
1762 917 1981 985 patitur
2032 930 2044 968 :

348 1016 426 1076 et,
456 1010 556 1081 qui
587 1025 688 1079 per
719 1008 967 1078 regalem
997 1005 1310 1076 potentiam
1346 1021 1448 1058 usu
1502 1004 1770 1057 humanm
1831 1003 2046 1073 fragili-

348 1099 483 1153 tatis
511 1097 826 1160 extollitur,
864 1111 965 1166 per
1022 1095 1373 1165 corporalem
1431 1093 1747 1146 molestiam
1809 1101 2049 1162 paterna

346 1187 717 1255 castigatione
770 1183 1125 1254 reprimitur.
1201 1181 1560 1252 Aquasgrani
1615 1181 1822 1233 iterum
1885 1195 2046 1233 reve-

347 1274 508 1340 titur,
545 1273 1013 1328 Puriticationcm
1045 1272 1100 1325 S.
1161 1272 1263 1326 Dei
1322 1270 1622 1326 Genitricis
1676 1268 2048 1322 celeberrima

347 1362 649 1417 devotione
700 1366 1027 1415 veneratur.
1094 1357 1581 1425 Lothariensibus,
1617 1357 1750 1412 data
1795 1355 2045 1423 licentia,

346 1451 481 1505 inde
534 1451 812 1511 discessis,
883 1449 1298 1517 Noviomagum
1370 1446 1550 1499 venit.
1619 1445 1704 1499 Ibi
1786 1445 2049 1516 pluribus

351 1539 554 1593 diebus
584 1536 1045 1606 Quadragesimze
1075 1543 1351 1597 moratur,
1388 1537 1520 1599 Deo,
1581 1550 1708 1605 qua:
1761 1534 1856 1588 Dei
1893 1539 2044 1598 sunt,

349 1626 615 1692 reddens,
641 1631 697 1679 et
725 1625 1057 1678 hominibus
1087 1640 1214 1693 quae
1245 1639 1346 1676 sua
1381 1627 1533 1689 sunt,
1565 1622 1794 1676 faciens.
1826 1622 2048 1676 Interea
2078 1662 2117 1715 Β

350 1713 767 1770 Bladeimarius
812 1713 929 1766 dux
988 1711 1316 1765 Boemensis
1351 1710 1616 1779 moritur,
1640 1715 1696 1764 et
1764 1711 2046 1764 Bulizlaus

349 1801 709 1856 infidelitatis
757 1815 1061 1862 venenum,
1127 1815 1194 1852 ex
1241 1799 1490 1869 propriae
1537 1798 1859 1868 iniquitatis
1891 1799 2045 1854 fonte

349 1896 637 1960 potatum,
667 1889 724 1942 in
758 1887 1220 1941 contrarietatem
1281 1887 1450 1956 Regis
1499 1901 1764 1940 evomere
1819 1886 2039 1941 nititur.

287 2047 293 2054 ί
351 1979 492 2032 Nam
524 1979 788 2047 Pragam,
824 1992 952 2047 quae
983 1981 1152 2045 caput
1190 1980 1276 2028 est
1331 1974 1602 2043 Boemiaa,
1632 1991 1734 2045 per
1789 1975 2045 2046 pecunia:

348 2065 738 2136 deceptiones,
772 2081 873 2134 per
911 2065 1078 2118 falsas
1099 2063 1532 2134 promissiones,
1551 2079 1652 2134 per
1672 2064 2044 2116 astutissimas

346 2155 574 2208 fraudes
640 2153 874 2207 invadit.
933 2152 1244 2205 Milzaviam
1326 2167 1554 2222 quoque
1638 2150 1896 2206 Saxonise
1989 2159 2045 2205 et

348 2243 595 2296 Polonias
647 2241 1076 2310 interjacentem
1127 2240 1463 2304 marchiam,
1536 2239 1778 2305 insidiis,
1834 2239 2042 2310 quibus

345 2331 548 2384 doctus
576 2336 717 2395 erat,
752 2346 870 2383 ante
893 2328 1210 2382 infelicitati
1238 2329 1482 2397 subjicit.

415 2421 501 2473 3'2.
567 2418 729 2482 Quod
775 2433 904 2471 cum
972 2416 1112 2486 Regi
1174 2415 1500 2469 nuntiatum
1559 2420 1724 2482 esset,
1774 2431 1889 2469 non
1947 2406 2040 2469 in-

345 2507 764 2574 ﬂammabatnr,
788 2522 904 2559 non
944 2503 1428 2571 stomachabatur,
1465 2519 1581 2557 non
1631 2503 1701 2558 ad
1731 2503 2041 2558 vindictam

344 2595 662 2666 repentinis
709 2594 961 2648 motibus
1007 2591 1401 2658 animabatur;
1439 2591 1624 2645 sciens
1671 2592 1809 2662 quia
1847 2591 1932 2644 ira
1988 2595 2044 2644 ct

342 2683 631 2738 festinatio
661 2698 889 2753 semper
918 2681 1168 2735 inimicae
1185 2685 1321 2733 sunt
1344 2679 1602 2734 consilio.
1637 2680 1743 2734 Sed
1778 2679 2042 2735 notitiam

341 2773 509 2827 dictas
549 2770 862 2826 invasionis
892 2769 1282 2836 dissimulans,
1327 2769 1619 2823 mandavit
1669 2769 1722 2822 ei
1752 2785 1857 2838 per
1883 2770 2038 2839 lega-

341 2865 429 2914 tos
474 2861 762 2930 sapientes
804 2863 863 2912 et
915 2859 1270 2928 eloquentes,
1303 2862 1365 2912 nt
1403 2862 1615 2911 terram
1668 2873 1852 2926 suam,
1911 2873 2042 2929 quae

2158 475 2331 544 pestis
2362 475 2608 528 radicem
2643 475 2893 545 primum
2943 474 3255 544 exstirpare
3301 473 3572 542 decrevit,
3607 479 3670 528 ut
3696 474 3847 529 inte-

2156 563 2404 617 rioribus
2464 563 2643 634 quieti
2694 568 2750 616 et
2794 563 2919 633 paci
2963 562 3254 631 restitutis,
3280 563 3592 616 exteriores
3620 562 3846 634 inquies

2157 652 2404 706 taliones
2434 652 2658 705 facilius
2687 651 3056 723 postmodum
3091 651 3478 722 extingueret;
3538 668 3652 705 non
3682 652 3848 722 igno-

2158 757 2309 809 rans,
2369 741 2644 810 quoniam
2693 739 3020 810 insipientis
3067 744 3150 794 est
3207 740 3267 793 in
3321 740 3554 794 vulnere
3614 744 3845 810 repente

2155 835 2342 882 cutem
2367 845 2567 882 sanare
2623 833 2679 882 et
2721 829 3117 882 contusionem
3174 828 3362 882 carius
3402 828 3505 882 sub
3551 829 3846 882 sanatione

2156 917 2299 970 cutis
2328 918 2635 970 occultare.
2679 917 2944 971 Vulneris
2993 917 3146 971 enim
3203 916 3444 986 curatio,
3499 916 3546 970 si
3575 915 3647 970 ab
3704 917 3846 970 inte-

2154 1005 2404 1059 rioribus
2431 1006 2499 1059 ad
2549 1005 2832 1060 exteriora
2856 1005 3181 1071 deducitur,
3213 1005 3434 1059 firmior
3462 1005 3524 1059 in
3549 1005 3846 1076 superficie

2156 1093 2536 1146 concluditur.

2229 1181 2314 1234 34.
2361 1181 2583 1233 Interea
2640 1185 2697 1234 et
2741 1181 2974 1234 Ernesto
3025 1181 3131 1251 (27)
3181 1180 3368 1235 eidem
3399 1181 3703 1236 rebellioni
3752 1182 3846 1236 ad-

2149 1267 2436 1338 jungitur,
2470 1269 2624 1323 nulla
2660 1269 2896 1323 laesione
2935 1274 3186 1336 coactus,
3238 1269 3358 1338 sed,
3407 1270 3497 1324 vel
3533 1270 3848 1340 juventutis

2157 1359 2394 1423 fervore,
2452 1358 2539 1412 vel
2590 1374 2694 1428 per
2737 1374 2869 1412 eum
2940 1358 3246 1412 commoda
3321 1374 3424 1412 sua
3505 1359 3849 1430 ampliﬁcare

2158 1446 2540 1516 quaerentium
2587 1446 2952 1517 suggestione
3013 1447 3298 1500 seductus.
3325 1446 3600 1500 Dominus
3665 1447 3848 1500 Bruno

2157 1534 2329 1588 etiam
2361 1534 2536 1588 frater
2566 1535 2736 1605 Regis
2763 1534 3013 1588 Heinrici
3065 1540 3124 1588 et
3181 1535 3485 1604 episcopus
3517 1534 3846 1597 associatur,

2157 1629 2323 1678 astate
2369 1623 2620 1693 juvenis,
2673 1628 2730 1678 et
2787 1639 2891 1694 per
2948 1623 3311 1694 juventutem
3366 1624 3435 1677 ad
3467 1622 3848 1677 seducendem

2155 1713 2355 1766 facilis.
2422 1713 2483 1766 Et
2543 1713 2651 1766 hoc
2697 1711 3018 1766 infidelium
3075 1715 3198 1766 erat
3248 1710 3533 1781 gloriatio,
3588 1711 3748 1781 quod
3794 1710 3850 1764 in

2155 1803 2410 1873 partibus
2475 1805 2592 1857 suis
2657 1803 2888 1857 fratrem
2947 1802 3116 1872 Regis
3169 1801 3474 1855 habebant.
3527 1802 3656 1855 Haec
3711 1815 3845 1869 ergo

2153 1891 2523 1962 conspiratio,
2559 1897 2776 1962 quanto
2823 1890 3086 1962 juniores
3137 1895 3194 1946 et
3233 1889 3658 1960 insipientiores
3691 1889 3849 1942 colli-

2153 1981 2258 2050 git,
2287 1985 2444 2034 tanto
2474 1981 2698 2050 turpius
2724 1984 2782 2034 et
2811 1979 3075 2034 enervius
3113 1978 3340 2034 defecit.
3384 1978 3601 2032 Dicitur
3646 1978 3805 2030 enim
3835 1993 3847 2029 :

2155 2067 2558 2136 Insipientium
2612 2068 2951 2137 glomeratio
3001 2067 3223 2122 consilii
3292 2071 3376 2121 est
3410 2065 3712 2137 dissipatio
3748 2081 3763 2118 :
3797 2070 3852 2118 et

2152 2157 2376 2210 consilii
2412 2156 2708 2226 dissipatio
2732 2161 2918 2210 actum
2951 2161 3035 2209 est
3061 2155 3366 2209 enervatio.

2224 2247 2312 2299 35.
2371 2244 2487 2297 Rex
2529 2244 2708 2314 igitur
2729 2243 3008 2315 quasdam
3088 2243 3485 2298 Lotharienses
3538 2245 3593 2295 et
3674 2243 3850 2296 Fran-

2151 2349 2245 2386 cos
2299 2349 2361 2385 ac
2419 2331 2684 2386 Bavarios
2752 2332 3050 2401 colligens,
3129 2333 3376 2386 intrante
3461 2333 3747 2400 Augusto,
3795 2329 3852 2382 in

2155 2420 2448 2472 Franciam
2482 2418 2792 2472 exercitum
2843 2434 3014 2489 super
3065 2418 3403 2471 Ilezelonem
3457 2417 3645 2482 duxit;
3704 2417 3851 2470 bona

2153 2507 2269 2577 ejus
2291 2506 2629 2572 dcvastavit,
2695 2505 2885 2575 ipsum
2919 2521 3049 2559 cum
3106 2505 3342 2559 domino
3382 2509 3440 2558 et
3501 2505 3772 2558 Brunone
3802 2510 3854 2558 et

2155 2596 2460 2649 Ernestone
2489 2611 2592 2665 per
2638 2594 2806 2648 silvas
2856 2594 3082 2647 latitare
3129 2593 3331 2663 coegit.
3389 2593 3644 2646 Tandem
3693 2608 3756 2645 se
3786 2593 3851 2646 ad

2152 2683 2510 2737 castellorum
2564 2682 2927 2736 munimenta
2981 2682 3241 2748 contulit,
3303 2697 3433 2752 quae
3478 2680 3605 2751 capi
3658 2696 3849 2750 posse,

2152 2788 2255 2826 nec
2324 2772 2526 2826 llezelo
2607 2770 2867 2838 timebat,
2921 2786 3024 2823 nec
3091 2770 3336 2823 aliorum
3383 2769 3690 2839 quisquam
3741 2784 3855 2822 cre-

2153 2859 2343 2916 debat.
2389 2861 2451 2913 In
2490 2859 2676 2926 primo
2727 2859 2906 2928 igitur
2946 2857 3166 2928 impetu
3205 2858 3441 2912 Mertula
3476 2856 3756 2923 diruitur,
3801 2862 3854 2910 et

344 2943 603 3018 Principe
633 2948 853 3001 noviter
877 2951 1002 3000 erat
1029 2945 1277 3008 viduata,
1311 2961 1427 2998 non
1470 2944 1784 3011 invaderet,
1841 2961 2037 3014 quam,
2080 2932 2121 2986 ε
2153 2947 2450 3001 Hezelonis
2517 2948 2723 3000 milites
2780 2948 2840 3000 in
2887 2963 2953 3000 ea
3007 2946 3178 3015 capti,
3221 2961 3326 3014 per
3379 2944 3851 2998 intercessionem

345 3037 390 3090 si
422 3037 610 3102 vellet,
643 3051 772 3088 cum
800 3035 985 3102 gratia
1006 3049 1107 3087 sua
1129 3035 1187 3086 et
1221 3033 1373 3086 dono
1392 3031 1712 3086 voluntario
1742 3032 2040 3102 acquirere

347 3128 556 3194 posset.
593 3121 934 3192 Ilujusmodi
965 3119 1313 3191 legationem
1344 3119 1630 3174 Bulizlaus
1681 3119 1921 3174 audiens
1949 3121 2038 3175 in-

342 3213 476 3267 felix
522 3212 790 3266 mandata
854 3208 1070 3280 sprevit
1121 3206 1328 3271 dulcia,
1411 3223 1607 3261 amara
1689 3207 2037 3278 quandoque

312 3316 611 3372 ,passurus
633 3298 889 3353 verbera.
927 3298 1058 3350 Erat
1081 3295 1234 3349 enim
1287 3296 1490 3349 llezelo
1517 3310 1645 3349 cum
1698 3311 1766 3348 eo
1797 3301 2036 3364 puteum

340 3389 561 3443 fodiens
615 3384 965 3452 rebellionis,
1025 3385 1096 3439 de
1154 3399 1268 3455 quo
1322 3383 1512 3437 inﬁdae
1563 3381 1848 3437 bibiturus
1918 3389 2040 3438 erat

345 3492 553 3547 nquam
619 3473 998 3540 confusionis;
1053 3472 1286 3542 laqueos
1365 3486 1597 3542 quoque
1667 3475 2034 3537 connectens,

341 3579 576 3616 casurus
629 3562 686 3616 in
755 3561 937 3632 ipsos.
1000 3559 1446 3630 Quadragesima
1502 3558 1685 3625 ﬁnita,
1736 3559 1872 3624 Rex,
1935 3559 2035 3629 qui

340 3649 664 3720 Tlieleborg
683 3650 797 3717 (24)
817 3647 1028 3703 Pascha
1050 3647 1319 3710 celebrat,
1340 3652 1396 3700 et
1419 3646 1654 3700 Bulizlai
1680 3646 2032 3708 violentiam,

342 3743 404 3792 ut
435 3738 681 3810 sapiens,
741 3737 988 3791 scienter
1040 3736 1311 3806 ignorat:
1349 3735 1610 3790 Ottonem
1670 3751 1921 3807 quoque,
1981 3741 2037 3790 et

339 3826 737 3880 Ernestionem
787 3829 926 3879 tunc
1000 3823 1110 3878 sibi
1173 3823 1400 3878 obviam
1454 3823 1526 3877 ab
1583 3823 1776 3877 Italico
1831 3823 2033 3893 praelia

338 3916 648 3981 venientes,
674 3930 782 3984 pro
816 3913 1116 3967 vulnerum
1149 3911 1529 3982 susceptione,
1562 3928 1668 3981 pro
1698 3913 2035 3967 necessariae

335 4005 486 4075 fugae
538 4003 895 4068 confusione,
962 4000 1130 4056 donis
1183 4000 1358 4071 regiis
1401 4000 1669 4067 honorat,
1730 4007 1787 4053 et
1844 4000 2036 4054 debita

242 4142 253 4152 ,
335 4091 727 4145 consolatione
759 4090 980 4144 relevat
1030 4129 1044 4143 .
1091 4131 1103 4144 .
1150 4129 1164 4142 .
1210 4131 1221 4142 .
1269 4130 1280 4142 .
1327 4128 1340 4141 .
1374 4087 1632 4158 quoque’
1661 4093 1799 4140 tunc
1854 4103 2034 4158 usque

2154 3033 2502 3103 Principum,
2539 3035 2662 3087 sani
2693 3039 2746 3087 et
2778 3034 2918 3087 salvi
2968 3034 3385 3104 permittuntur
3435 3033 3614 3086 abire.
3667 3032 3851 3085 Sclavi

2153 3129 2343 3176 autem
2368 3121 2442 3192 [a]
2468 3123 2718 3176 Bulizlao
2745 3121 2803 3176 in
2828 3121 3179 3192 adjutorium
3221 3121 3401 3188 missi,
3434 3120 3490 3173 in
3519 3121 3849 3174 servitutem

2150 3209 2421 3262 exercitui
2447 3208 2887 3262 distribuuntur.

2222 3297 2446 3350 36.Post
2475 3296 2595 3349 hinc
2625 3296 2740 3349 Rex
2788 3295 3088 3350 Crucinam
3121 3295 3232 3365 (28)
3293 3295 3532 3362 obsedit,
3579 3295 3678 3348 ubi
3717 3311 3855 3348 uxor

2151 3386 2445 3439 llezelonis
2492 3401 2556 3438 ac
2583 3383 2688 3438 ﬁlii
2720 3391 2908 3451 erant,
2933 3389 2990 3437 et
3020 3400 3264 3454 qumque
3298 3383 3380 3437 illi
3428 3383 3691 3436 chariora
3735 3399 3853 3436 esse

2148 3478 2429 3545 poterant.
2463 3474 2525 3527 In
2549 3489 2663 3543 qua
2697 3474 3026 3526 obsessione
3056 3473 3115 3526 in
3145 3473 3348 3543 primis
3389 3477 3517 3542 post
3556 3487 3850 3525 annonam

2146 3562 2373 3616 incaute
2413 3565 2702 3627 exeuntes,
2734 3562 2803 3613 ab
2841 3561 3144 3625 llezelone,
3177 3561 3496 3630 ceterisque
3526 3559 3641 3612 suis
3671 3561 3849 3612 eoad-

2147 3649 2432 3721 jutoribus
2457 3648 2930 3714 vulnerabantur,
2980 3647 3373 3718 capiebantur,
3417 3647 3846 3701 occidebantur.

2148 3740 2283 3804 Rex,
2335 3737 2440 3790 hoc
2471 3735 2724 3806 cognito,
2759 3736 3016 3806 quotidie
3081 3734 3524 3806 quadringintos
3577 3736 3843 3790 custodes

2146 3825 2488 3879 exeuntibus
2531 3824 2812 3889 adhibuit,
2845 3829 2901 3878 ut
2931 3824 3034 3878 bos
3064 3824 3440 3887 custodirent,
3500 3829 3557 3877 et
3603 3823 3846 3877 insidias

2145 3913 2561 3968 insidiantibus
2609 3918 2898 3982 pararent.
2963 3915 3078 3966 Hoc
3127 3914 3330 3966 llezelo
3362 3929 3492 3965 cum
3533 3912 3699 3966 sociis
3745 3927 3844 3965 au-

2145 4002 2326 4066 diens,
2362 4018 2421 4055 se
2456 4003 2513 4055 in
2543 4003 2746 4055 vallem
2779 4001 3089 4071 quamdam
3120 4001 3352 4071 recepit,
3381 4001 3438 4053 in
3470 4016 3640 4070 quam
3673 4000 3843 4064 nulli,

2147 4090 2253 4143 nisi
2287 4106 2390 4160 per
2427 4090 2688 4143 semitam
2724 4105 2899 4144 unam
2949 4089 3180 4160 patebat
3232 4088 3500 4142 introitus
3531 4105 3543 4142 :
3597 4087 3679 4141 ibi
3720 4094 3842 4142 ten-

335 4179 656 4234 Saxonibus
686 4178 950 4240 infestos,
983 4177 1137 4230 ultro
1167 4175 1460 4230 venientes
1505 4175 1621 4244 (25)
1677 4174 1936 4245 suscipit,
1979 4182 2036 4229 et
2067 4213 2109 4266 η
2149 4177 2293 4231 toria
2324 4178 2446 4232 fixit
2477 4194 2489 4232 :
2526 4178 2602 4231 ibi
2635 4177 2916 4246 noctibus,
2953 4177 3164 4240 nescio,
3214 4194 3286 4230 an
3321 4177 3501 4231 tribus
3545 4182 3639 4230 aut
3703 4177 3843 4231 dua-

337 4267 441 4320 sub
471 4265 842 4335 benignitatis
872 4264 1216 4319 discretione
1245 4261 1352 4316 sibi
1385 4261 1748 4316 fidelissimos
1767 4261 2035 4317 reddidit.

409 4357 496 4409 33.
535 4355 666 4408 Post
696 4352 907 4406 haac‘in
937 4351 1139 4406 diebus
1167 4349 1548 4419 Rogationem
1579 4349 1904 4421 Meresberg
1927 4353 2040 4421 (26)

337 4448 618 4507 moratur,
681 4441 876 4511 ibique
946 4440 998 4494 ei
1046 4440 1115 4494 de
1164 4437 1400 4493 Bulizlai
1455 4443 1512 4492 et
1559 4438 1856 4492 IIezelonis
1910 4456 2044 4493 eon-

337 4531 584 4585 tumacia
618 4530 1006 4585 renunciatur.
1039 4529 1189 4597 Ipse,
1225 4525 1460 4580 credere
1490 4525 1875 4593 dissimulans,
1909 4526 2040 4580 inde

335 4619 617 4686 discessit,
647 4623 704 4672 et
733 4617 806 4671 ad
838 4615 1240 4670 celebrandam
1273 4615 1645 4668 Pentecosten
1690 4614 2040 4669 Halberstete

333 4708 514 4762 venit.
551 4707 766 4762 Deinde
815 4706 873 4759 in
929 4704 1222 4758 Bavariam
1271 4703 1478 4764 tendit.
1539 4702 1681 4756 scire
1719 4703 1916 4757 volens
1964 4721 2037 4758 an

335 4812 466 4868 qua:
505 4796 575 4850 de
618 4794 904 4849 Hezelone
958 4791 1294 4867 dicebantur
1320 4807 1453 4844 vera
1497 4796 1711 4844 essent.
1753 4791 1876 4854 Quo
1907 4808 2036 4847 cum

334 4885 703 4957 pervenisset,
734 4887 792 4937 et
820 4879 1113 4936 llezelonis
1157 4880 1409 4934 furorem
1440 4878 1588 4932 circa
1612 4878 1736 4932 loca
1766 4877 1874 4931 sibi
1907 4876 2035 4932 lini-

333 4974 474 5028 tima
548 4970 1022 5026 irrationabiliter
1117 4982 1419 5022 accensum
1510 4967 1898 5038 comperisset,
1972 4982 2036 5022 ac

337 5061 573 5115 Bulizlai
592 5059 881 5129 adjutorio
905 5055 1290 5126 illumlfretum
1321 5071 1444 5110 esse
1468 5055 1738 5123 novisset,
1767 5054 2054 5110 Bullizlao‘

406 5221 518 5289 (24)
551 5218 814 5289 Intelligo
875 5217 1300 5286 Qm’dlingburg,
1327 5216 1432 5281 vel,
1471 5225 1530 5270 ut
1562 5219 1756 5285 legunt
1785 5217 2033 5271 Annales

334 5291 790 5346 Hildesemenses
815 5289 1302 5357 Quidelingaburg,
1347 5289 1466 5341 loco
1499 5304 1660 5359 aeque
1721 5304 1782 5342 ac
1814 5289 2034 5342 Palilhi

337 5380 404 5418 eo
435 5368 694 5429 tempore
717 5359 1032 5414 notissimo.

406 5435 514 5500 (25)
550 5426 649 5486 Hic
665 5432 916 5502 aliquem
943 5428 1571 5502 Sclavorumpopulum
1594 5428 1665 5502 ab
1707 5426 2028 5502 _A_delboldo

336 5497 648 5558 iudicatum
684 5497 876 5566 fuisse,
911 5517 1022 5554 non
1057 5500 1202 5553 male
1233 5497 1494 5554 observat
1525 5497 1856 5555 Leibnitius.

2149 4264 2277 4330 bus,
2311 4265 2474 4336 quasi
2505 4271 2661 4320 tutus
2678 4267 2746 4321 de
2777 4266 2980 4336 rapina
3035 4281 3352 4336 pauperum
3385 4265 3539 4318 vixit.
3600 4265 3718 4318 Hoc
3752 4281 3842 4317 cu-

2151 4353 2341 4407 stodes
2368 4370 2472 4424 per
2492 4354 2764 4408 rusticum
2796 4370 2975 4408 unum
2992 4353 3426 4424 comperientes,
3462 4353 3612 4406 circa
3642 4353 3845 4407 horam

2149 4447 2386 4507 sextam,
2440 4441 2498 4496 in
2547 4459 2660 4513 qua
2710 4442 2797 4496 illi
2843 4459 2923 4510 se,
2963 4458 3069 4512 pro
3138 4447 3278 4496 testu
3362 4441 3496 4506 diei,
3549 4441 3850 4495 remissius

2147 4529 2436 4585 habebant
2493 4531 2551 4584 in
2610 4531 2814 4585 vallem
2863 4530 3110 4584 latenter
3193 4529 3625 4596 descenderant,
3725 4531 3848 4582 loca

2149 4619 2396 4689 plurima
2462 4619 2900 4682 circumeuntes,
2937 4625 2992 4672 et
3024 4618 3332 4688 diligenter
3381 4617 3628 4670 Ileinrici
3659 4622 3850 4670 castra

2146 4710 2490 4778 quaerentes.

2218 4798 2304 4850 37.
2348 4796 2601 4850 Tandem
2650 4811 2799 4849 unus
2851 4810 3048 4848 eorum
3106 4792 3354 4848 tentoria
3399 4791 3616 4857 videns,
3667 4791 3847 4845 nimis

2143 4882 2385 4937 festinus
2440 4883 2509 4936 ad
2562 4882 2923 4937 invitandum
2962 4882 3160 4949 socios,
3218 4881 3354 4952 Kyri
3395 4879 3614 4933 eleison
3670 4882 3846 4950 (ξαερῆ

2143 4970 2411 5036 clamare,
2444 4972 2652 5038 ethoc,
2713 4975 2777 5025 ut
2827 4970 2997 5024 citius
3051 4969 3301 5036 veniant,
3359 4968 3691 5039 frequenter
3739 4969 3847 5022 ite-

2143 5073 2289 5112 rare.
2329 5059 2458 5112 Hasc
2492 5059 2694 5112 llezelo
2723 5058 3067 5129 percipiens,
3101 5057 3311 5111 relictis
3359 5055 3640 5122 tentoriis,
3667 5057 3847 5112 armis

2213 5216 2322 5286 (26)
2357 5217 2502 5285 Lege
2541 5221 2605 5270 ut
2643 5232 2815 5285 supra
2846 5215 3181 5281 Merscburg.

2184 5281 2328 5368 .(27')
2358 5281 2602 5352 Ernesto,
2651 5281 2898 5341 Ernestio
2949 5292 3004 5339 et
3034 5288 3294 5340 Ernestus
3324 5299 3428 5354 pro
3453 5283 3656 5337 eodem
3695 5281 3844 5335 acci-

2139 5368 2572 5496 plgginitlonet
2619 5426 2954 5492 Leibnitius,
3015 5425 3343 5496 legendum,
3383 5425 3636 5486 Crosscn,
3689 5422 3843 5475 forte

2138 5500 2366 5555 Crnusen
2397 5499 2450 5552 iu
2493 5498 2768 5570 superiori
2799 5495 3117 5553 Palatinatu
3149 5495 3421 5551 Bavarize.
