4028 6206
207 280 277 332 101

3557 282 3653 332 102

199 400 361 461 etiam,
389 395 565 462 fugam
619 392 805 459 inivit,
836 396 893 447 et
933 410 966 446 a
1010 392 1274 446 manibus
1313 393 1842 464 snpervenientium
1874 399 1920 450 A
1957 395 2188 450 ANNUS
2244 395 2512 449 CHRISTI
2572 396 2711 449 MIV.
2759 397 3039 450 IIENRICI
3106 398 3521 453 IMPERANTIS
3553 400 3653 454 III.

198 504 245 540 se
269 488 343 538 vix
395 482 657 536 liberavit.
719 481 993 535 Dominus
1049 483 1236 535 Bruuo
1290 498 1521 553 quoque
1585 499 1789 552 parmu

2070 506 2113 555 1.
2146 506 2313 555 Anno
2343 502 2413 554 ab
2442 501 2834 555 Incarnatione
2856 503 3078 555 Domini
3097 503 3402 557 millesimo
3424 514 3652 574 quarto,

198 592 290 628 non
319 576 444 627 bene
473 573 682 635 relicta,
718 588 831 640 qua
869 574 1027 624 extra
1065 586 1123 661 se
1148 570 1365 661 positus
1410 571 1696 633 utebatur,
1720 573 1845 636 hos,
1956 590 2272 642 ιηάίοιίοηρ
2336 591 2596 651 secunda,
2676 590 2746 643 ab
2807 589 3249 661 Archiepiscopo
3327 570 3659 661 Mugdebup.

199 663 371 733 (Ιυίδυε
413 662 686 728 imperare
761 666 972 751 Ροξδθίν
1045 660 1090 711 εί
1122 675 1272 751 μουιη
1344 659 1517 711 fratr“-
1569 666 1845 751 mf‘neret,
1955 679 2134 748 gensi,
2179 678 2449 730 Giselario
2499 678 2747 740 nomine,
2780 678 2878 747 qui
2910 678 3170 747 pluribus
3214 681 3379 731 annis
3410 681 3653 751 paralysi

198 750 401 819 turpiter
426 748 673 816 fngit,et
702 748 763 800 fit
811 746 980 808 risus,
1036 746 1135 816 qui
1188 748 1369 800 honor
1425 763 1544 800 esse
1603 748 1786 801 d8h8l)

2057 776 2135 817 tus
2166 783 2197 817 a
2258 766 2700 834 metropolitana
2755 767 2981 819 civitate
3032 768 3185 819 exire
3258 783 3374 821 non
3406 773 3648 837 poterat,

198 846 243 891 et
267 837 431 890 decus.
458 836 557 889 Sed
599 836 721 889 haec
772 834 1087 905 juventutis
1154 840 1332 887 erant.
1396 835 1610 888 Dicitur
1648 837 1789 889 enim

2060 870 2069 906 :
2095 854 2384 907 invitatur.
2413 854 2619 906 Ductus
2633 854 2858 923 pietatis
2892 854 3093 908 affectu
3127 834 3421 909 obediensv
3445 834 3651 922 exstat,

198 926 285 990 Qui
308 926 417 977 siue
440 924 614 977 fraeno
644 923 895 977 scientiae
921 941 953 976 a
976 924 1279 991 juventute
1308 923 1554 991 ducitur,
1590 925 1647 976 in
1670 925 1789 979 dedt

2060 942 2105 995 ld
2155 942 2503 996 visitandum
2531 943 3037 1013 Archiepiscopum
3071 944 3417 1014 Magdeborg
3446 946 3651 999 tendit.

198 1014 317 1065 coris
343 1012 619 1072 angustias
649 1028 801 1081 sirpe
830 1012 1236 1081 praecipitatur.
1288 1013 1351 1065 Et
1391 1013 1849 1080 litecjuventutis
1954 1032 2077 1093 om,
2137 1047 2265 1084 cum
2345 1031 2710 1100 pervenisset,
2788 1012 3256 1102 Ατείιίερίερορυε
3326 1012 3447 1102 ja'm
3504 1034 3651 1087 viam

197 1102 337 1155 fuisse
387 1108 515 1153 tetas
568 1100 937 1169 postmodum
1026 1101 1364 1153 monstravit
1441 1102 1677 1165 adulta;
1718 1119 1788 1172 qu

2061 1134 2234 1171 versae
2269 1119 2454 1172 carnis
2521 1118 2649 1172 iniit
2682 1139 2697 1183 ;
2738 1124 2812 1184 et,
2872 1120 2970 1189 qui
2996 1100 3219 1189 Regem
3269 1100 3651 1191 exspectabat,

199 1190 331 1241 ilium
374 1187 613 1239 reddidit
664 1194 719 1240 et
773 1188 1054 1277 utiliorem
1108 1188 1215 1241 sibi
1246 1188 1378 1257 ipsi,
1434 1194 1487 1242 et
1532 1188 1849 1243 fideliorem
1955 1208 2024 1259 ad
2058 1207 2227 1275 Regi,
2259 1208 2479 1276 Regum
2541 1213 2824 1276 μνωοεριδ
2883 1187 3165 1277 {nigrm—it.
3211 1208 3273 1261 ιη
3332 1187 3493 1277 chius
3524 1226 3652 1263 δυο,

197 1275 341 1327 fratri.
387 1276 614 1328 Ernesto
673 1276 895 1345 capitur
966 1282 1023 1328 et
1070 1282 1203 1329 ante
1259 1277 1426 1345 Regis
1486 1279 1788 1346 prazsentia

2061 1294 2271 1347 sionem
2302 1275 2666 1364 Tagenoi(30)
2685 1275 2850 1363 Regis
2877 1275 3207 1363 capellanus
3226 1295 3377 1348 illico
3399 1275 3652 1364 eligitur,

196 1364 401 1417 ducitur-
1957 1382 2092 1435 etin
2124 1381 2315 1435 sedem
2346 1382 2726 1451 episcopalem
2759 1384 2910 1435 clero
2949 1388 3007 1435 et
3036 1385 3246 1451 populo
3268 1383 3652 1442 collaudante.

248 1469 321 1521 38.
375 1466 610 1530 Quidam
669 1467 819 1520 illico
896 1468 1038 1536 Regi
1122 1468 1525 1538 suggerebant,
1576 1474 1642 1523 ut
1699 1470 1849 1523 hunc
1957 1470 2266 1524 extollitur.
2329 1470 2465 1523 Inde
2521 1470 2639 1524 Rex
2700 1470 3023 1538 Merseborg
3076 1472 3460 1539 progreditur,
3491 1477 3550 1524 et
3577 1470 3657 1524 ibi

191 1556 379 1624 capitali
408 1556 685 1607 sententia
719 1555 871 1608 feriri
913 1556 1173 1624 juberet:
1230 1562 1513 1625 quatenus
1562 1574 1663 1626 per
1715 1574 1848 1612 eum
1958 1560 2419 1613 Puriticationem
2466 1559 2522 1613 S.
2585 1560 2685 1613 Dei
2741 1560 3040 1614 Genitricis
3097 1559 3290 1612 debita
3333 1562 3655 1612 reverentia

190 1644 368 1714 posteri
419 1646 853 1712 castigarentur,
900 1661 970 1696 ne
1016 1646 1185 1711 Regis
1227 1644 1503 1699 offensam
1556 1646 1845 1700 incurrere
1880 1679 1919 1732 Β
1961 1656 2277 1700 veneratur.
2315 1648 2396 1700 Ibi
2454 1647 2626 1701 etiam
2682 1646 2931 1716 Tagenio
2964 1646 3439 1716 Archiepiscopus
3472 1664 3502 1699 a
3541 1648 3659 1700 suis

190 1733 286 1785 sine
326 1749 482 1784 causa
538 1734 885 1785 niterentur.
968 1733 1073 1785 Sed
1135 1732 1505 1801 Moguntinus
1562 1736 1845 1804 archiepi-
1958 1736 2333 1805 suffraganeis
2364 1741 2745 1789 consecratur.

190 1837 373 1890 scapus,
432 1821 527 1890 qui
590 1836 878 1873 summum
931 1821 1118 1873 locum
1194 1820 1539 1890 impetrandi
1574 1822 1847 1892 quaelibet
2024 1826 2111 1878 42.
2164 1824 2442 1889 Posthzec,
2524 1824 2775 1877 collectis
2845 1823 3106 1893 Toringis
3184 1828 3239 1876 et
3294 1823 3655 1890 Saxonibus,

188 1910 309 1977 apud
356 1910 561 1977 Regem
628 1909 871 1972 tenebat,
920 1908 1258 1962 intercessor
1308 1910 1558 1973 accessit,
1607 1911 1844 1980 etjuve-
1954 1914 2067 1967 Rex
2098 1912 2157 1965 in
2190 1914 2500 1966 Milzaviam
2533 1913 2725 1977 intrat,
2780 1912 3147 1975 munitiones,
3204 1927 3345 1981 quas
3380 1912 3659 1966 Bulizlaus

189 2012 293 2050 nem
321 1997 423 2065 legi
470 1997 769 2067 surripuit,
832 1997 1118 2068 mortique
1172 1997 1467 2052 subtraxit.
1526 2000 1775 2053 Tandem
1815 2016 1847 2052 a
1956 2006 2280 2071 occuparat,
2337 2016 2667 2070 expugnare
2700 2000 2931 2053 volens:
2961 2001 3058 2054 sed
3106 1999 3657 2070 hujusmodidispo-

190 2085 311 2154 Rege
363 2086 595 2139 Crusina
654 2086 893 2154 capitur,
964 2086 1232 2149 diruitur,
1286 2087 1625 2139 incenditur.
1701 2089 1847 2141 Uxor
1957 2091 2129 2142 situm
2159 2089 2366 2143 hiemis
2414 2090 2691 2157 asperitas
2745 2088 3071 2157 intercepit,
3126 2094 3182 2141 et
3238 2087 3527 2153 affectum,
3558 2089 3659 2159 qui

188 2174 443 2226 Hezelonis
471 2190 605 2226 cum
646 2175 761 2227 suis
784 2174 938 2227 abire
988 2174 1357 2244 permittitur,
1420 2181 1476 2228 et
1533 2176 1639 2229 hoc
1669 2176 1720 2229 ei
1746 2192 1848 2246 per
1955 2177 2173 2247 expleri
2220 2177 2419 2231 leviter
2478 2177 2538 2229 in
2622 2182 2815 2229 testate
2873 2181 3081 2246 posset,
3160 2176 3331 2246 regias
3387 2178 3661 2232 voluntati

186 2263 611 2315 intercessionem
642 2262 832 2315 fratris
861 2262 948 2315 sui
977 2264 1199 2317 Ottonis
1254 2264 1597 2317 conceditur.
1646 2266 1848 2319 Hezelo
1957 2266 2273 2334 denegavit.
2333 2264 2569 2319 Omissis
2651 2263 2826 2333 igitur
2921 2262 3362 2326 munitionibus,
3444 2270 3657 2319 terram

184 2359 372 2418 captam
402 2367 520 2403 esse
582 2351 882 2404 Crusinam
939 2352 1196 2418 audiens,
1231 2351 1300 2404 ad
1348 2353 1655 2421 quemdam
1686 2370 1844 2407 suam
1958 2354 2233 2418 devastat,
2265 2354 2411 2406 hanc
2439 2352 2931 2421 incolisdeputans
2957 2352 3205 2421 culpam,
3240 2352 3391 2421 quod
3416 2354 3661 2421 pecunia

182 2439 548 2504 munitionem,
584 2454 714 2508 quas
775 2440 953 2492 Erana
1011 2440 1335 2505 vocabatur,
1407 2439 1681 2510 fugiendo
1713 2457 1845 2510 per-
1957 2443 2233 2512 corrupti,
2294 2458 2358 2495 ex
2434 2442 2545 2495 fide
2604 2441 2853 2495 Bulizlao
2924 2455 3043 2492 non
3108 2440 3444 2492 restiterint.
3523 2440 3659 2494 Inde

182 2528 345 2592 venit;
375 2534 431 2580 et
476 2528 557 2581 ibi
608 2527 951 2597 Sigefriduin
1000 2528 1309 2598 quamdam
1369 2527 1670 2594 Saxonem,
1713 2546 1848 2599 per-
1964 2532 2290 2601 Meresborg
2344 2530 2668 2593 revertitur,
2718 2529 2880 2599 juxta
2960 2527 3265 2581 decursum
3318 2527 3475 2580 Albis
3506 2544 3658 2581 mar-

182 2631 325 2667 versee
349 2616 1157 2686 conspirationisparticipem
1188 2616 1418 2669 obvium
1450 2616 1667 2670 habuit.
1957 2619 2192 2673 chiones
2270 2624 2549 2683 statuens,
2612 2618 2711 2688 qui
2795 2621 2853 2669 et
2918 2615 3245 2680 Saxoniam,
3313 2620 3369 2669 et
3423 2616 3659 2669 Bulizlai

235 2704 309 2754 39.
358 2703 461 2756 Sed
531 2720 637 2757 nec
690 2704 772 2757 illi
820 2720 978 2772 spem
1044 2704 1347 2757 resistendi
1405 2705 1575 2773 regite
1624 2704 1847 2758 iraeha-
1958 2708 2252 2760 incursum
2307 2704 2681 2759 latrocinandi
2735 2703 3078 2767 custodiant,
3124 2709 3180 2756 et
3235 2703 3346 2770 ipsi
3410 2704 3658 2758 Bulizlao

178 2788 309 2854 bens,
365 2793 627 2846 eamdem
684 2792 1066 2845 munitionem
1106 2792 1259 2845 idem
1294 2792 1413 2862 ipse
1447 2794 1757 2859 succendit,
1794 2801 1850 2847 et
1958 2795 2201 2848 assiduae
2231 2793 2664 2864 inquietationis
2687 2792 2974 2845 molestias
2997 2792 3266 2845 inferant.

181 2880 435 2933 miseriam
492 2898 659 2934 suam
714 2882 895 2934 celare
947 2880 1223 2945 nesciens,
1278 2888 1508 2950 quantae
1576 2883 1847 2952 despera-
2028 2885 2114 2937 43.
2177 2884 2395 2936 Interea
2481 2882 2820 2936 Hezelonem
2902 2880 3073 2949 coepti
3133 2880 3390 2949 panitet,
3433 2884 3491 2934 et
3552 2881 3659 2934 sub

180 2967 321 3021 tionis
366 2976 514 3022 esset
577 2970 930 3023 monstravit.
983 2972 1111 3023 Haec
1166 2970 1479 3039 Sigefridus
1526 2969 1670 3024 Saxo
1720 2986 1849 3039 per-
1889 2952 2146 3025 Calieno
2179 2988 2325 3041 pane
2347 2970 2561 3025 diutius
2610 2970 2797 3022 vivere
2855 2968 3051 3038 pudet,
3112 2968 3431 3036 solivagum
3483 2969 3657 3022 etiam

178 3056 406 3123 spiciens,
441 3075 598 3129 aspe
628 3064 828 3129 ereptae
869 3058 1195 3113 rebellionis
1225 3058 1432 3111 cecidit
1464 3074 1479 3126 ;
1530 3064 1587 3111 et
1617 3058 1717 3129 qui
1750 3075 1850 3129 per
1957 3060 2109 3113 inter
2137 3060 2350 3113 alienos
2377 3059 2607 3113 exulare
2640 3058 2829 3110 taedet.
2872 3055 3043 3125 Eligit
3097 3071 3235 3125 ergo
3284 3056 3477 3126 potius
3508 3056 3660 3125 peri-

178 3143 387 3198 alienam
445 3147 718 3200 fiduciam
768 3154 966 3199 contra
1015 3147 1229 3216 regiam
1274 3147 1632 3215 majestatem
1694 3148 1847 3201 intu-
1957 3149 2150 3202 culum
2185 3148 2381 3201 mortis
2402 3146 2571 3214 inire,
2611 3161 2783 3215 quam
2816 3144 2897 3197 sic
2926 3146 3097 3197 vitam
3148 3144 3374 3197 ducere.
3406 3144 3661 3197 Tandem

180 3234 313 3298 muit,
360 3235 562 3289 alienae
622 3235 973 3289 confusionis
1036 3235 1296 3288 acredine
1368 3241 1549 3289 tactus
1604 3236 1844 3305 crepuit.
1958 3238 2279 3301 revertitur,
2345 3242 2402 3289 et
2444 3235 2569 3289 fidis
2636 3233 2893 3304 quaesitis
2950 3232 3443 3296 intercessoribus,
3489 3234 3662 3287 Mere-

180 3319 290 3373 llluc
340 3322 514 3393 igitur
580 3340 709 3377 eum
774 3324 991 3377 venisse
1052 3323 1278 3393 puduit,
1328 3329 1385 3377 et
1432 3329 1648 3395 quanto
1678 3325 1848 3378 citius
1956 3326 2127 3394 sborg
2150 3341 2206 3377 se
2241 3322 2704 3393 majestatiregim
2744 3321 2951 3376 reddit.
2987 3320 3078 3373 Sic
3133 3325 3332 3373 contra
3364 3320 3658 3375 stimulum

176 3412 347 3477 potuit,
402 3412 467 3466 ad
550 3412 787 3483 propria
876 3413 1167 3465 remeavit.
1232 3412 1432 3466 Hezelo
1504 3428 1637 3465 vero
1716 3428 1847 3466 cum
1956 3415 2275 3479 calcitrans,
2309 3414 2393 3465 bis
2417 3411 2678 3464 aculeum
2726 3410 2917 3474 sentit,
2952 3409 3086 3479 quia
3142 3414 3200 3461 et
3233 3424 3336 3462 sua
3388 3409 3658 3478 perdidit,

176 3501 377 3555 domino
409 3503 682 3555 Brunone
712 3502 780 3554 ad
826 3501 1160 3567 Bulizlaum,
1190 3501 1352 3570 quasi
1398 3500 1685 3570 refugium
1719 3502 1847 3554 uni-
1956 3510 2013 3556 et
2064 3502 2436 3571 semetipsum
2494 3500 2696 3553 aliena:
2756 3498 3025 3568 potestati
3073 3496 3323 3551 tradidit.
3388 3496 3662 3551 Dominus

176 3605 297 3653 cum.
327 3591 504 3659 fugit;
539 3596 623 3657 et,
656 3589 807 3660 quod
865 3588 1073 3658 cuique
1106 3594 1190 3642 est
1235 3590 1655 3658 gravissimum,
1683 3590 1847 3660 quasi
1958 3593 2148 3646 Bruno
2198 3594 2389 3643 autem
2464 3588 2614 3658 apud
2680 3586 2995 3640 Bulizlaum
3052 3584 3501 3638 consolationem
3544 3601 3660 3638 non

177 3683 433 3739 mendicus
483 3682 680 3735 alieno
750 3694 897 3749 pane
959 3678 1144 3731 vivere
1204 3677 1391 3731 discit.
1460 3678 1682 3732 Interea
1730 3679 1847 3732 Rex
1954 3679 2274 3743 inveniens,
2334 3678 2406 3731 ad
2464 3691 2719 3730 sororem
2770 3690 2932 3728 suam
3006 3673 3343 3743 Ungaricam
3400 3673 3659 3743 reginam

178 3772 382 3825 Eranam
414 3768 779 3841 perveniens,
811 3782 1040 3819 causam
1070 3766 1158 3819 sui
1209 3766 1485 3820 adventus
1510 3782 1613 3837 per
1644 3784 1848 3824 manus
1956 3765 2253 3837 confugit:
2287 3771 2345 3819 et
2378 3764 2551 3819 etiam
2602 3763 2978 3832 semetipsum
3011 3776 3440 3831 recognoscens,
3476 3762 3659 3816 inter-

179 3859 333 3911 vivere
359 3860 531 3912 hostis
567 3858 787 3911 invenit
816 3855 1117 3924 expletam.
1138 3854 1491 3919 Venitenim,
1522 3855 1849 3913 utdestrue-
1955 3854 2268 3909 cessionem
2300 3852 2422 3923 ejus
2444 3850 2774 3920 imploravit
2802 3850 2939 3919 (31).

181 3954 287 4009 ret;
315 3947 405 3999 sed
432 3947 536 3998 hos
554 3944 855 4004 destruxit,
892 3941 1839 4012 neipsedestruenduminveniret.
2026 3943 2113 3996 41.
2171 3942 2286 3996 Rex
2344 3942 2563 3993 interea
2610 3938 2858 4007 injurias,
2920 3952 3094 4007 quam
3147 3934 3507 3990 Theutonicis
3535 3936 3659 3989 Itali

235 4036 309 4086 to.
344 4035 625 4087 Hezelone
652 4032 828 4101 igitur
880 4030 1097 4099 fugato,
1158 4030 1403 4083 castellis
1462 4030 1586 4100 ejus
1620 4033 1842 4099 dirutis,
1956 4033 2290 4096 intulerant,
2337 4045 2449 4083 non
2506 4028 2832 4092 immemor,
2888 4042 2921 4080 a
2968 4025 3213 4080 Saxonia
3271 4025 3564 4079 discedens
3601 4026 3658 4078 in

186 4119 272 4173 Rex
294 4123 574 4191 Baveberg
612 4121 803 4172 locum
844 4118 1011 4172 unice
1064 4118 1173 4171 sibi
1231 4118 1501 4172 dilectum
1534 4120 1701 4185 redit,
1732 4122 1847 4175 ibi-
1958 4120 2252 4175 Bavariam
2312 4116 2484 4170 venit.
2562 4115 2644 4168 Ibi
2733 4113 2995 4168 Heinrico
3056 4113 3218 4167 fratri
3296 4113 3529 4183 Regina:
3599 4113 3657 4165 in

184 4223 272 4277 que
293 4210 559 4264 exercitui
585 4209 719 4263 data
752 4207 1008 4271 licencia,
1042 4206 1396 4260 nativitatem
1455 4207 1509 4260 S.
1544 4208 1643 4262 Dei
1670 4211 1844 4264 Geni-
1877 4232 1920 4286 ι)
1959 4207 2258 4262 festivitate
2307 4207 2363 4261 S.
2426 4203 2713 4258 Benedicti
2772 4202 3043 4255 ducatum
3106 4201 3484 4253 Bavariensen
3526 4216 3656 4253 con-

181 4294 879 4352 triciscelebravit.lndein
901 4296 1099 4348 silvam
1122 4294 1845 4369 Speichesliart(29),quaa
1957 4296 2141 4350 cessit.
2203 4294 2454 4348 Tandem
2509 4292 2595 4345 illi
2676 4293 2992 4360 Augustam
3067 4289 3339 4353 venienti,
3407 4304 3536 4358 quae
3600 4289 3658 4341 in

182 4385 436 4441 Bavariam
469 4405 500 4440 a
551 4386 790 4440 Francia
838 4383 1055 4443 dividit,
1124 4384 1377 4449 veniens,
1436 4389 1566 4453 post
1590 4383 1845 4438 laborem
1956 4385 2218 4441 confiniis
2250 4383 2497 4439 Bavariae
2529 4388 2586 4437 et
2646 4380 3002 4436 Alemannia:
3029 4379 3136 4432 sita
3174 4383 3277 4445 est,
3324 4378 3660 4431 Lotbarien-

178 4476 541 4543 expeditionis,
596 4473 1032 4529 delectationem
1087 4472 1340 4526 exercuit
1387 4472 1726 4526 venationis.
1764 4474 1847 4526 Ibi
1957 4491 2065 4540 ses,
2102 4473 2296 4528 Franci
2328 4478 2384 4526 et
2440 4469 2743 4527 Alemanni
2791 4468 3017 4521 obviam
3073 4467 3333 4529 veniunt,
3387 4466 3658 4519 adulcis-

176 4565 546 4629 autumnavit;
606 4564 685 4616 ibi
751 4561 816 4615 ad
904 4562 1314 4614 recreationem
1407 4560 1534 4625 sibi,
1616 4561 1846 4630 suisque
1957 4563 2195 4617 cendam
2238 4561 2510 4630 injuriam
2566 4556 2931 4613 Theutonicis
2978 4556 3195 4609 illatam
3250 4554 3659 4621 voluntarii,et

170 4650 547 4718 jocunditatem
594 4654 824 4723 plenam
869 4650 1145 4704 exhibuit.
1212 4648 1347 4703 Inde
1394 4665 1498 4719 per
1553 4649 1845 4702 Franciam
1958 4652 2119 4721 regio
2152 4649 2355 4704 honori
2376 4664 2479 4718 per
2532 4648 2725 4701 omnia
2777 4643 3061 4699 deservire
3112 4642 3318 4713 parati.
3381 4643 3523 4696 Cum
3571 4641 3659 4695 his

176 4754 366 4796 morose
417 4743 721 4804 transiens,
754 4741 815 4793 in
870 4740 1171 4794 Saxouiam
1231 4739 1405 4803 venit,
1481 4744 1537 4790 et
1584 4738 1848 4807 Toringis
1958 4739 2088 4793 inde
2140 4736 2533 4808 progrediens,
2596 4738 2662 4789 ut
2730 4736 3176 4802 congregaretur
3231 4730 3527 4790 exercitus,
3596 4729 3657 4782 in

173 4842 224 4880 ac
282 4829 593 4885 Saxonibus
649 4831 711 4883 in
800 4830 1132 4895 Milzaviam,
1208 4827 1631 4897 expeditionem
1692 4828 1846 4881 futu-
1957 4828 2104 4890 loco,
2128 4824 2227 4896 qui
2259 4824 2466 4879 dicitur
2492 4822 2716 4891 Omuga
2746 4820 2875 4888 (32),
2899 4818 3169 4873 substitit.
3202 4818 3289 4871 Ibi
3314 4817 3657 4870 eidomiuus

173 4931 274 4971 ram
304 4920 520 4975 indixit.
561 4918 771 4974 Exinde
819 4917 1047 4973 Poledas
1081 4916 1443 4971 Nativitatem
1497 4916 1730 4970 Domini
1760 4932 1849 4971 ce-
1958 4917 2149 4970 Bruno
2206 4930 2335 4967 cum
2375 4911 2575 4982 legatis
2634 4908 2924 4978 Ungaricis
2974 4906 3162 4976 Regis,
3214 4905 3313 4974 qui
3360 4904 3432 4956 ad
3474 4903 3653 4955 inter-

174 5003 402 5061 Ῑεδτανίῐ-
1956 5003 2271 5060 cedendum
2305 5018 2408 5073 pro
2432 5016 2501 5055 eo
2526 4998 2851 5063 veniebant,
2898 4996 2970 5050 ad
3002 5010 3061 5048 se
3110 5007 3385 5057 reversus,
3430 4990 3654 5045 obviam

230 5166 325 5235 (29)
371 5167 523 5220 Alias
555 5167 889 5235 Speteshart,
914 5163 1104 5235 inquit
1132 5164 1461 5235 Leibnitius.
1480 5163 1655 5218 hodie
1682 5166 1845 5233 Spes-
2028 5164 2143 5233 (30)
2165 5162 2316 5235 Alias
2349 5162 2554 5235 Τειρίηο
2575 5160 2662 5214 vel
2689 5161 2906 5225 Tagmo,
2940 5155 3008 5208 de
3060 5169 3176 5231 quo
3234 5152 3403 5221 plura
3438 5153 3655 5206 Ditma-

172 5244 285 5305 ξονι.
310 5233 476 5290 mons
537 5233 799 5299 silvosus,
834 5240 891 5289 et
939 5233 1181 5288 transitu
1235 5234 1371 5287 satis
1428 5235 1711 5292 difficilis:
1745 5236 1844 5304 qui
1954 5250 2052 5288 rus
2086 5234 2221 5287 locis
2252 5233 2447 5285 variis.
2942 5295 2975 5305 __
3142 5298 3151 5305 _
3254 5292 3269 5305 ε
3363 5298 3372 5305 _
3414 5293 3470 5305 Α,

174 5292 296 5357 inter
334 5309 610 5360 ditionem
685 5292 1080 5375 Moguntinam
1152 5310 1209 5358 et
1280 5306 1615 5358 ulteriorem
1677 5292 1846 5359 Frein-
2026 5305 2137 5375 (3|)
2171 5305 2296 5357 Haec
2324 5301 2650 5375 annoﬁlOOi
2700 5295 3017 5375 composita
3069 5292 3652 5375 ostenduntQiselam

174 5376 362 5431 coniam
411 5379 555 5430 situs
605 5384 711 5441 est,
764 5364 828 5430 ιῖῑ
881 5376 1058 5430 ferme
1139 5391 1300 5429 error
1374 5376 1463 5429 hic
1520 5376 1580 5429 in
1630 5382 1841 5430 textum
1954 5364 2086 5429 ante
2116 5364 2330 5427 annum
2368 5374 2499 5426 l005
2546 5366 2914 5441 matrimonio
2957 5364 3321 5434 conjunctam
3363 5364 3561 5429 fuisse,
3593 5368 3656 5415 ut

174 5444 434 5519 irrepsisse
454 5437 735 5519 videatur,
770 5445 881 5500 nisi
905 5445 1199 5500 Bavariam
1233 5447 1293 5500 in
1348 5445 1613 5500 Sueviam
1660 5463 1843 5518 usque
1953 5444 2281 5519 diximusin
2316 5446 2632 5519 comment.
2664 5437 2902 5519 praevio,
2933 5506 2951 5519 _
3011 5505 3041 5519 η

176 5505 286 5570 tunc
311 5518 682 5573 extenderint.
719 5505 734 5515 ’
1748 5505 1767 5518 ⁸

1748 5505 1767 5518 ’
2025 5516 2131 5588 (32)
2166 5516 2329 5570 Putat
2362 5514 2639 5579 Om’ugam
2668 5505 2907 5562 indicari
2933 5505 3261 5562 Leibnitius.
