4058 6216
333 278 427 332 103
1631 276 1686 328 S.
1732 272 2013 327 HENRICI
2060 270 2540 326 IMPERATORIS

3742 275 3847 328 104

321 400 495 454 venit.
532 403 588 452 et
619 396 841 451 veniam
865 411 970 467 pro
1023 393 1338 449 commissis
1386 394 1683 449 humiliter
1710 394 2029 465 postulans,
2062 396 2101 447 Î‘
2146 393 2291 447 riam
2325 393 2629 455 reducitur,
2685 392 2763 461 ibi
2822 395 3144 455 Parasceve.
3218 395 3293 449 ibi
3350 395 3658 451 Sabbatum
3712 415 3849 451 san-

323 488 514 545 fralris
560 487 776 541 viscera
833 485 1029 548 movit,
1063 490 1121 539 et
1173 484 1435 538 celeriter
1488 485 1553 538 ad
1608 482 2019 554 ignoscendum

323 577 562 632 inflexit.
599 578 739 631 Nam
762 575 823 629 in
862 574 1164 645 proverbio
1209 572 1455 627 dicitur:
1508 572 1726 641 Cuique
1758 572 2020 624 modesto

324 666 514 721 fratris
578 666 830 735 lacryma
907 663 1018 717 cito
1072 661 1251 715 movit
1312 662 1524 714 viscera
1585 676 1598 714 :
1659 664 1715 713 et
1772 659 2019 729 proximi

324 753 639 817 calamitas,
696 750 931 822 propria
986 749 1053 803 fit
1106 749 1375 802 anxietas.
1436 748 1555 811 Qua
1611 746 1803 800 decuit
1882 761 2017 814 ergo

320 842 534 914 pietate
582 840 797 911 recepit
837 860 850 906 ;
883 843 938 892 et
993 844 1305 908 receptum,
1364 853 1477 907 qua
1517 834 1731 901 debuit,
1770 834 2019 888 familia-

318 930 489 984 ritate
518 928 627 982 sibi
658 926 966 997 colligavit.
1010 925 1146 979 Inde
1186 939 1531 993 promovens
1580 921 1892 975 exercitum
1917 936 2022 990 per

318 1020 443 1073 loca
476 1016 711 1081 sterilia,
762 1031 866 1085 per
919 1017 1192 1067 montana
1241 1028 1463 1082 aspera,
1513 1026 1617 1081 per
1674 1010 1843 1065 silvas
1899 1024 2023 1078 spa-

318 1108 516 1171 tiosas,
550 1121 655 1175 per
684 1104 801 1156 vias
858 1102 1126 1167 lubricas,
1162 1101 1233 1155 ad
1288 1100 1682 1155 Tridentinam
1733 1098 2017 1151 civitatem

320 1193 597 1264 pervenit.
633 1192 733 1253 Ibi,
778 1190 837 1243 in
869 1189 960 1242 die
1010 1189 1356 1250 Palmarum,
1423 1202 1536 1257 qua
1592 1185 1845 1256 oportuit
1872 1186 2021 1238 cele-

318 1282 545 1342 britate,
605 1295 734 1331 suos
781 1278 1048 1331 diurnare
1096 1277 1247 1330 fecit.
1308 1276 1485 1345 Hujus
1527 1274 1837 1327 adventum
1882 1275 2020 1327 Har-

319 1370 533 1423 duinus
588 1383 682 1421 rex
752 1364 1131 1429 adulterinus,
1215 1364 1609 1433 praesentiens,
1671 1363 1740 1416 ad
1805 1363 2019 1428 Clusas,

320 1474 465 1529 quos
513 1456 623 1509 sibi
677 1453 1044 1508 fidelissimos
1092 1452 1470 1515 existimabat,
1519 1451 1779 1504 custodes
1832 1454 2020 1502 trans-

320 1545 496 1609 misit,
532 1549 588 1596 et
626 1547 1155 1612 quantumcumque
1214 1541 1417 1610 potuit,
1470 1538 1777 1592 exercitum
1826 1538 2023 1591 coadu-

321 1650 458 1686 nare
491 1630 795 1685 festinavit.

394 1722 479 1773 45.
517 1719 732 1773 Deinde
761 1718 818 1771 in
858 1717 1153 1788 planitiem
1212 1718 1596 1770 Veronensem
1653 1715 1827 1781 venit,
1856 1731 2022 1769 even-

318 1808 402 1862 tui
448 1808 634 1878 primo
682 1806 925 1859 similem
967 1807 1024 1857 in
1071 1804 1279 1858 futuris
1337 1805 1553 1857 exitum
1605 1820 1858 1873 sperans.
1898 1805 2025 1856 H836

324 1896 617 1952 Heinricus
667 1895 781 1947 Rex
822 1893 1143 1963 percipiens
1197 1892 1263 1944 ad
1324 1892 1463 1944 alias
1492 1892 1610 1943 vias
1655 1908 1713 1944 se
1736 1892 2020 1958 contulit;

322 1989 521 2039 nonut
582 1983 892 2037 declinaret
940 1980 1229 2050 praelium,
1288 1980 1383 2033 sed
1436 1987 1500 2032 ut
1548 1980 1859 2032 faciliorem
1914 1979 2023 2033 sibi

322 2079 609 2146 quaereret
688 2070 1003 2125 introitum.
1094 2071 1182 2123 Est
1277 2068 1431 2122 enim
1512 2068 1847 2138 impossible
1921 2084 2024 2138 per

324 2163 536 2229 Clusas,
609 2161 767 2230 juxta
824 2156 1080 2219 Athesin,
1153 2171 1295 2226 quas
1370 2154 1715 2223 Harduinus,
1774 2155 2025 2225 plurima

323 2248 694 2303 multitudine
726 2246 1013 2309 tuebatur,
1069 2244 1335 2297 transire.
1392 2245 1612 2297 Interea
1664 2244 2023 2312 capellanum

324 2336 634 2407 quemdam
666 2348 854 2398 suum,
906 2332 1293 2401 Hemilgerum
1348 2329 1765 2401 [Helingerum]
1794 2331 2024 2385 nomine

322 2425 391 2477 ad
426 2424 773 2479 Carentanos
804 2418 1103 2491 praemittit
1136 2436 1149 2485 ;
1178 2424 1245 2471 ut
1273 2418 1467 2471 Clusas
1500 2418 1665 2488 longe
1691 2435 1722 2471 a
1754 2419 1845 2471 via
1871 2424 2026 2473 recta

324 2510 623 2581 sepositas,
648 2523 777 2580 quae
809 2508 880 2560 ab
922 2506 1213 2560 IIarduino
1244 2505 1437 2558 minus
1489 2510 1654 2558 caute
1692 2505 2021 2571 tuebantur,

323 2603 775 2670 praeoccuparet,
806 2595 1057 2649 mandat.
1114 2596 1239 2649 Non
1266 2593 1420 2647 enim
1470 2594 1771 2664 quisquam
1793 2595 2024 2648 credere

323 2692 567 2759 poterat,
626 2691 688 2740 ut
744 2684 950 2755 regalis
1000 2683 1282 2737 exercitus
1323 2697 1424 2752 per
1459 2681 1577 2734 vias
1615 2686 1730 2735 tam
1766 2680 2025 2735 difficiles

323 2784 379 2832 et
408 2780 676 2846 angustas
704 2773 948 2827 transire
987 2772 1075 2826 vel
1112 2772 1301 2835 vellet,
1334 2771 1421 2823 vel
1473 2777 1683 2840 posset.
1718 2770 2024 2824 Carentani

320 2866 497 2936 regiis
526 2862 811 2917 mandatis
840 2860 1136 2926 obediunt,
1165 2863 1221 2913 et
1280 2858 1581 2928 Helingero
1638 2859 1929 2925 suadente,
1963 2859 2024 2913 in

2134 486 2288 535 ctum
2385 482 2497 551 piis
2585 480 2880 535 affectibus
2958 483 3184 536 colitur.
3295 484 3503 538 Pascha
3608 486 3849 539 Domini

2134 574 2190 622 et
2218 569 2393 640 digna
2420 570 2787 624 veneratione
2818 571 3157 635 celebratur,
3217 576 3272 625 et
3329 573 3419 642 pia
3457 574 3851 627 celebratione

2132 662 2458 712 veneratur.

2206 746 2292 800 47.
2357 748 2489 801 Post
2540 747 2662 801 hinc
2718 749 2831 802 Rex
2880 748 3134 802 Palatino
3180 748 3383 803 Comiti
3450 750 3729 820 praecepit
3784 754 3852 802 ut

2134 852 2236 907 per
2280 835 2537 889 bannum
2588 838 2778 905 regale
2832 836 3101 890 exercitui
3142 838 3245 890 toti
3304 838 3438 906 fuga
3497 838 3849 890 intermina-

2132 929 2332 978 retur:
2388 923 2620 977 adderet
2685 925 2877 992 etiam,
2939 930 3018 989 ut,
3068 925 3115 978 si
3182 925 3308 995 quis
3360 926 3559 996 fugere
3616 941 3850 996 praesu-

2134 1016 2334 1074 meret,
2400 1013 2769 1081 plectendum
2859 1030 2916 1066 se
2994 1013 3223 1084 capitali
3313 1013 3593 1068 sententia
3648 1014 3845 1067 sciret.

2134 1100 2472 1170 Hujusmodi
2527 1101 2717 1154 banno
2750 1118 2854 1171 per
2894 1103 3199 1155 exercitum
3222 1103 3433 1170 audito,
3476 1104 3595 1157 Rex
3626 1118 3845 1173 aquam

2132 1188 2193 1241 in
2277 1188 2443 1242 tertia
2510 1189 2651 1242 feria
2731 1190 3013 1243 Paschalis
3092 1190 3467 1245 hebdomadas
3551 1191 3848 1259 transivit,

2131 1276 2328 1348 ibique
2359 1278 2602 1331 tentoria
2627 1277 2837 1332 iterum
2868 1278 3041 1349 figere
3076 1280 3269 1346 jussit,
3325 1284 3659 1349 exspectans
3692 1296 3848 1333 nun-

2134 1364 2271 1431 cios,
2304 1380 2447 1435 quos
2477 1365 2547 1418 ad
2578 1367 2989 1435 explorandum
3018 1366 3228 1435 locum,
3254 1368 3315 1420 in
3343 1383 3454 1437 quo
3506 1367 3847 1422 Ilarduinus

2134 1469 2263 1506 cum
2323 1452 2439 1506 suis
2505 1454 2920 1524 hospitabatur,
3003 1455 3378 1525 praemiserat.
3438 1457 3683 1520 Interea,
3726 1473 3849 1527 qua

2133 1544 2352 1596 ratione
2408 1542 2619 1604 nescio,
2686 1544 3184 1614 Longobardorum
3245 1545 3591 1599 unanimitas
3636 1548 3848 1615 sejun-

2056 1673 2098 1725 Î’
2138 1630 2292 1700 gitur
2325 1648 2337 1695 ;
2372 1636 2427 1684 et
2465 1631 2535 1684 ad
2569 1631 2946 1685 resistendum
2995 1631 3305 1697 discordes,
3348 1649 3545 1686 omnes
3585 1633 3656 1686 ad
3706 1649 3844 1704 pro-

2135 1720 2262 1789 pria
2310 1719 2497 1772 redire
2555 1719 2848 1773 festinant.
2885 1720 3012 1774 Sive
3069 1720 3177 1773 hoc
3211 1721 3389 1774 timor
3440 1721 3671 1791 egisset,
3722 1721 3848 1773 sive

2136 1823 2300 1861 amor
2365 1807 2536 1877 Regis
2614 1807 2883 1875 Heinrici,
2964 1824 3064 1862 seu
3121 1808 3397 1862 Harduini
3462 1809 3780 1862 exsecratio
3831 1826 3846 1874 ;

2135 1896 2389 1961 illorum,
2446 1895 2547 1965 qui
2602 1894 3004 1961 interfuerunt,
3065 1896 3321 1951 scientias
3373 1897 3658 1969 relinquo.
3727 1900 3852 1952 Hoc

2134 1988 2355 2037 tantum
2423 1983 2584 2047 scio;
2636 1984 2771 2053 quia
2834 1983 2987 2037 illius
3038 1984 3397 2053 providentia
3460 2001 3575 2038 non
3631 1985 3846 2050 abfuit,

2134 2072 2294 2141 cujus
2351 2071 2748 2125 benevolentia
2799 2076 2857 2125 et
2908 2073 3135 2142 cuique,
3196 2074 3352 2143 quod
3393 2074 3529 2137 vult,
3576 2074 3703 2127 sine
3743 2073 3850 2127 lite

2134 2159 2410 2226 concedit,
2443 2165 2500 2212 et
2550 2160 2706 2230 quod
2763 2161 2901 2226 vult,
2937 2161 3173 2214 occultis
3218 2161 3421 2231 judicii
3471 2162 3677 2227 causis,
3740 2177 3851 2231 per

2132 2264 2384 2320 pugnam
2416 2246 2659 2301 discerni
2687 2248 2984 2303 consentit.

2204 2339 2291 2390 48.
2324 2338 2483 2389 Patet
2539 2336 2715 2406 igitur
2768 2338 3030 2391 Ileinrico
3084 2338 3209 2407 regi
3262 2338 3572 2403 introitus;
3610 2339 3713 2409 qui
3741 2354 3851 2408 per

2133 2425 2385 2481 laborem
2461 2424 2817 2492 sperabatur,
2874 2441 2976 2495 per
3044 2425 3299 2495 quietem
3355 2442 3388 2479 a
3452 2442 3587 2480 vera
3642 2427 3847 2497 quiete

2134 2528 2452 2569 concessus.
2487 2513 2651 2567 Venit
2707 2530 2845 2584 ergo
2880 2516 3180 2579 Veronam,
3230 2515 3505 2585 recipitur
3529 2532 3564 2569 a
3592 2516 3840 2583 civibus,

2134 2603 2500 2663 acclamatur,
2570 2602 2943 2667 collaudatur,
3029 2608 3357 2656 coronatur.
3439 2604 3698 2657 Occurrit
3787 2604 3846 2657 ei

2136 2688 2361 2745 obviam
2431 2688 2759 2745 Tietboldus
2832 2689 3109 2750 marchio.
3197 2695 3506 2744 occurrunt
3553 2695 3610 2744 et
3668 2692 3854 2746 ceteri

2135 2781 2409 2850 plures,a
2464 2779 2723 2834 faucibus
2783 2777 2963 2848 erepti
3034 2778 3267 2839 furoris,
3345 2783 3401 2832 et
3472 2779 3593 2850 spei
3633 2780 3853 2834 redditi

2134 2868 2435 2924 libertatis.
2468 2868 2603 2923 Inde
2650 2865 2899 2920 Brixiam
2933 2867 3318 2936 progreditur,
3366 2872 3423 2920 et
3463 2867 3531 2921 ab
3559 2867 3853 2939 Episcopo

321 2954 464 3007 duas
523 2957 741 3005 turmas
790 2948 1145 3003 dividuntur.
1224 2949 1346 3001 Una
1409 2952 1541 3000 ante
1609 2947 1750 2999 lucis
1809 2952 2020 3009 ortum,
2058 2953 2098 3007 C
2137 2957 2469 3029 civibusque
2520 2971 2649 3009 cum
2708 2953 2866 3008 omni
2915 2954 3205 3008 alacritate
3258 2954 3553 3024 recipitur,
3614 2954 3698 3007 ibi
3750 2971 3852 3009 ur.

325 3039 551 3094 omissis
581 3037 765 3109 equis,
793 3038 1035 3089 latenter
1055 3035 1236 3089 Clusis
1268 3036 1692 3105 superpositum
1727 3035 2025 3104 [montem]

321 3130 598 3193 occupat:
652 3124 848 3190 altera,
907 3123 1227 3176 lucescente
1275 3122 1395 3190 jam
1435 3121 1543 3188 die,
1602 3121 1767 3191 siguo
1824 3123 1893 3175 ab
1917 3123 2027 3188 his,

323 3215 424 3287 qui
451 3214 510 3267 in
540 3214 734 3266 monte
765 3214 949 3274 erant,
983 3208 1195 3271 audito,
1243 3207 1311 3261 ad
1344 3208 1536 3261 Clusas
1593 3210 2024 3277 expugnandus,

322 3301 614 3357 festinant.
680 3297 953 3352 Custodes
1004 3295 1149 3350 nihil
1179 3296 1248 3349 de
1307 3295 1416 3361 his,
1450 3295 1548 3367 qui
1585 3301 1838 3350 montem
1868 3313 2029 3350 occu-

321 3394 613 3463 paverant,
680 3386 943 3446 scientes.
1002 3384 1072 3438 ad
1132 3383 1506 3437 resistendum
1593 3382 1788 3437 Clusas
1843 3382 2028 3453 impu-

324 3477 630 3550 gnantibus
678 3474 970 3528 accedunt.
1051 3473 1303 3541 Repente
1379 3472 1437 3524 in
1528 3475 1721 3524 monte
1789 3471 2028 3525 latentes

323 3565 611 3631 exsiliunt,
672 3561 981 3630 Clusasque
1031 3557 1467 3612 defendentibus
1525 3572 1559 3610 a
1597 3556 1766 3610 dorso
1822 3556 2027 3611 infeste

323 3648 752 3722 superveniunt.
782 3645 1075 3713 Custodes,
1097 3659 1155 3698 se
1186 3644 1454 3713 deceptos
1483 3658 1603 3696 esse
1627 3643 2025 3714 percipientes,

322 3739 420 3792 alii
449 3754 508 3791 se
536 3736 596 3790 in
629 3736 826 3804 fugam
879 3732 1198 3797 miserunt;
1232 3730 1326 3784 alii
1372 3731 1431 3784 in
1468 3730 1849 3801 prmcipitium
1881 3750 1899 3795 ;
1930 3733 2028 3786 alii

321 3826 383 3880 in
417 3827 683 3880 Brentam
724 3836 933 3891 aquam
955 3818 1409 3873 subcurrentem.
1456 3819 1572 3872 Hac
1601 3819 2026 3889 expugnatione

325 3910 631 3969 Carentani
654 3909 849 3964 Clusas
874 3910 1136 3962 tenentes
1170 3906 1382 3975 Regem
1414 3911 1761 3977 exspectant.

392 4020 481 4073 46.
537 4018 666 4071 Hzec
711 4015 830 4067 Rex
881 4027 986 4083 per
1038 4010 1397 4080 capellanum
1429 4027 1620 4081 suum,
1667 4027 1839 4083 quem
1869 4027 2027 4081 prae-

323 4106 578 4169 miserat,
633 4102 904 4163 resciens,
952 4097 1242 4153 festinavit
1268 4098 1338 4151 ad
1384 4099 1622 4152 Clusas:
1674 4105 1730 4152 et
1783 4098 2026 4169 impedi-

322 4197 519 4247 menta
562 4190 913 4259 relinquens,
981 4201 1044 4238 ac
1072 4200 1262 4238 secum
1317 4184 1387 4237 ad
1430 4201 1684 4255 pugnam
1727 4187 2025 4255 expeditos

324 4296 579 4346 sumens,
635 4293 764 4330 cum
812 4274 1062 4330 maxima
1120 4272 1455 4326 difficultate
1499 4272 1772 4326 transivit.
1811 4272 2022 4328 Deinde

324 4370 386 4423 in
418 4366 715 4439 planitiem
752 4362 1008 4424 veniens,
1032 4376 1205 4431 super
1233 4376 1442 4430 aquam
1476 4361 1739 4415 Brentam
1780 4362 2027 4416 tentoria

323 4457 503 4527 figere
527 4453 700 4525 jussit
730 4469 743 4518 ;
774 4456 838 4505 ut
892 4450 973 4504 ibi
1032 4448 1152 4503 dies
1205 4449 1484 4503 solemnes
1542 4450 1777 4520 majoris
1806 4450 2025 4505 hebdo-

328 4546 511 4600 madas
573 4542 749 4613 digna
800 4540 1096 4593 devotione
1151 4542 1536 4593 veneraretur.
1608 4539 1730 4591 Non
1760 4538 1915 4592 enim
1972 4539 2025 4593 ei

325 4634 540 4687 bonum
566 4646 685 4685 esse
706 4627 1027 4693 videbatur,
1079 4630 1142 4679 ut
1184 4625 1242 4679 in
1308 4625 1419 4680 illis
1452 4625 1674 4693 diebus,
1731 4625 1789 4678 in
1817 4626 2024 4695 quibus

326 4721 589 4777 conditor
617 4733 722 4789 pro
771 4714 1034 4783 conditis,
1091 4719 1313 4768 creator
1357 4730 1462 4784 pro
1491 4713 1711 4779 creatis,
1750 4713 2025 4767 Dominus

325 4827 431 4882 pro
501 4807 696 4875 servis,
754 4804 902 4875 capi,
988 4803 1289 4874 flagellari,
1344 4802 1619 4873 crucifigi,
1676 4801 1927 4872 sepeliri,
1965 4802 2021 4855 in

326 4900 678 4971 agnitionem
706 4911 823 4949 suae
868 4892 1159 4947 charilatis
1210 4893 1407 4960 voluit,
1464 4892 1810 4946 indiceretur
1833 4890 2025 4961 aliqua

327 4987 674 5058 congressio,
734 5001 797 5039 ex
866 4997 978 5053 qua
1034 4980 1286 5034 violenta
1351 4980 1654 5035 Christiani
1729 4979 2026 5050 sanguinis

326 5078 491 5130 fieret
528 5075 750 5130 effusio.
801 5071 886 5126 Ibi
934 5086 1068 5140 ergo
1108 5068 1177 5121 ab
1234 5069 1668 5139 Archiepiscopo
1701 5067 2023 5121 Coloniensi

328 5164 647 5218 chrismatis
702 5162 766 5216 fit
829 5157 1197 5221 consecratio,
1250 5156 1362 5210 illis
1398 5156 1657 5227 partibus
1702 5161 1837 5209 tunc
1862 5155 2025 5210 valde

334 5252 665 5307 necessaria.
735 5251 795 5305 In
842 5246 1141 5303 duodecim
1175 5245 1331 5299 enim
1397 5244 1816 5315 episcopatibus
1878 5244 2025 5298 circa

330 5338 633 5394 introitum
669 5337 867 5397 Italiae,
913 5336 1011 5389 illo
1056 5334 1147 5388 die
1217 5349 1327 5403 pro
1358 5330 1689 5385 confusione
1732 5331 2020 5401 praesenti,

329 5444 435 5482 nec
492 5427 800 5497 Episcopus
846 5427 988 5491 erat,
1043 5438 1147 5476 nec
1196 5420 1448 5477 chrisma
1516 5423 1822 5474 sacratum.
1879 5418 2024 5473 Ibia

330 5522 448 5572 toto
490 5513 741 5569 exercitu
796 5512 966 5567 Coena
1021 5510 1251 5565 Domini
1301 5507 1665 5564 devotissime
1691 5505 1764 5561 ad
1810 5522 2024 5562 memo-

2139 3043 2529 3115 chiepiscopus
2568 3044 2888 3109 Ravennas,
2942 3058 3074 3096 cum
3134 3042 3250 3096 suis
3303 3046 3357 3097 et
3414 3043 3521 3096 sibi
3576 3043 3854 3097 ï¬nitimis

2139 3134 2189 3185 ei
2224 3134 2448 3188 obviam
2479 3132 2651 3198 venit,
2709 3136 2765 3185 et
2794 3147 2999 3185 manus
3057 3132 3317 3185 nondum
3381 3131 3639 3186 dominio
3679 3132 3852 3186 adul-

2136 3221 2323 3276 terino
2374 3222 2644 3293 pollutas,
2698 3220 2907 3274 seniori
2948 3220 3047 3274 diu
3101 3226 3421 3291 exspectato
3466 3221 3670 3275 reddit.
3706 3222 3855 3276 Inde

2138 3306 2250 3361 Rex
2283 3310 2630 3379 Bergomum
2693 3309 2868 3375 venit,
2903 3312 2958 3361 et
3013 3308 3495 3363 Mediolanensem
3544 3309 3853 3379 Archiepi-

2137 3410 2374 3466 scopum
2429 3413 2530 3467 per
2603 3412 2809 3450 manus
2862 3399 2920 3449 et
2981 3400 3335 3450 sacramenta
3385 3396 3618 3467 recepit.
3704 3397 3854 3452 Inde

2137 3483 2392 3553 Papiam.
2428 3484 2563 3538 Ibia
2620 3483 2989 3538 multitudine
3039 3485 3285 3538 maxima
3340 3484 3621 3539 nobilium
3688 3487 3853 3539 Lon-

2138 3572 2549 3641 gobardorum,
2596 3572 2695 3643 qui
2728 3573 2797 3626 ad
2853 3571 3278 3643 suscipiendum
3332 3589 3463 3627 eum
3512 3575 3851 3643 congregati

2138 3662 2318 3726 erant,
2342 3675 2445 3729 per
2464 3659 2668 3729 dignos
2693 3660 2997 3729 applausus
3041 3658 3335 3728 recipitur,
3371 3664 3428 3713 et
3480 3675 3608 3713 cum
3652 3660 3851 3713 exsul-

2136 3746 2351 3801 tatione
2400 3746 2577 3801 totius
2629 3747 2872 3800 civitatis
2931 3747 2997 3800 ad
3048 3746 3105 3801 S.
3188 3747 3471 3800 Michaelis
3526 3746 3851 3817 [ecclesiam

2135 3834 2381 3889 ducitur.
2442 3835 2523 3888 Ibi
2582 3834 2788 3901 clerus,
2854 3835 2934 3889 ibi
2992 3834 3273 3888 nobilium
3336 3841 3531 3897 cretus,
3569 3834 3647 3889 ibi
3677 3835 3853 3905 plebs

2136 3923 2437 3993 utriusque
2484 3939 2647 3975 sexus
2696 3938 2892 3976 omnes
2954 3921 3273 3987 unanimes,
3309 3939 3425 3975 uno
3478 3938 3576 3977 ore
3617 3923 3848 3977 Heinri-

2136 4027 2265 4064 cum
2326 4012 2537 4081 Regem
2570 4011 2908 4072 acclamant,
2939 4010 3284 4079 collaudant,
3320 4011 3704 4066 collaudatum
3737 4029 3853 4083 per

2135 4114 2372 4152 manum
2403 4099 2712 4153 elationem
2743 4099 3068 4169 designant.

2206 4189 2294 4241 49.
2359 4186 2722 4242 Collaudatus
2796 4188 2974 4257 igitur
3028 4191 3355 4254 coronatur,
3435 4194 3739 4242 coronatus
3777 4206 3849 4243 ex

2139 4273 2329 4329 debito
2351 4275 2422 4328 ab
2453 4276 2719 4330 omnibus
2772 4276 3105 4330 honoratur.
3176 4276 3257 4331 Ad
3306 4277 3583 4347 palatium
3634 4277 3850 4331 deinde

2135 4378 2265 4417 cum
2326 4364 2482 4417 omni
2516 4364 2867 4433 jocunditate
2950 4364 3260 4433 reducitur.
3340 4365 3613 4433 Tandem,
3665 4365 3848 4419 decli-

2135 4456 2307 4505 nante
2363 4453 2480 4522 jam
2556 4452 2669 4519 die,
2726 4452 2984 4507 diabolus
3034 4453 3189 4523 pacis
3217 4452 3463 4519 invidus,
3517 4454 3847 4509 concordiae

2133 4538 2424 4607 inimicus,
2472 4539 2773 4594 discordia:
2821 4540 3137 4594 seminator
3193 4540 3482 4607 fervidus;
3543 4557 3676 4611 quo,
3711 4547 3851 4611 post

2132 4626 2469 4696 mysterium
2502 4626 2759 4697 corporis
2789 4631 2844 4680 et
2875 4627 3172 4695 sanguinis
3219 4627 3521 4694 Dominici,
3566 4628 3741 4682 Judas
3772 4630 3847 4683 ad

2133 4715 2581 4785 perpetrandum
2630 4713 2787 4768 nefas
2858 4714 3320 4769 infandissimum
3374 4721 3635 4785 suscepto
3680 4716 3845 4771 intu-

2134 4804 2301 4869 muit,
2352 4803 2671 4873 eodemque
2737 4802 3032 4868 suadente,
3100 4803 3161 4857 in
3232 4804 3578 4874 supplicium
3639 4821 3848 4876 perpe-

2130 4890 2352 4944 tuitatis
2400 4891 2661 4960 crepuit;
2722 4889 2767 4943 is
2820 4896 2876 4944 et
2907 4891 3056 4944 cives
3120 4896 3251 4960 post
3301 4907 3580 4947 manuum
3638 4892 3848 4946 reddi-

2133 4978 2368 5039 tionem,
2437 4983 2567 5048 post
2614 4978 2749 5032 fidei
2790 4978 3247 5048 promissionem,
3298 4985 3428 5050 post
3494 4981 3847 5035 sacramenti

2134 5066 2540 5133 securitatem;
2598 5067 2776 5132 nulla,
2828 5082 2958 5137 qua:
2987 5066 3046 5120 in
3078 5067 3355 5122 rationem
3414 5067 3586 5137 digne
3632 5068 3847 5122 deduci

2132 5163 2344 5224 posset,
2402 5154 2640 5209 laesione
2706 5160 2946 5221 coactos,
3028 5155 3298 5209 adversus
3375 5156 3596 5226 regiam
3657 5158 3844 5226 maje-

2135 5247 2337 5297 statem
2392 5242 2631 5313 (veneno
2684 5242 2976 5297 ebrietatis
3031 5242 3312 5311 immisso)
3350 5246 3683 5298 commovit.
3721 5245 3847 5299 Hoc

2132 5331 2326 5402 itaque
2384 5347 2635 5399 suasore,
2692 5336 3028 5396 armantur;
3088 5332 3197 5386 hoc
3269 5333 3643 5399 stimulatore,
3696 5332 3850 5386 inci-

2132 5424 2366 5485 tantur;
2408 5419 2515 5473 hoc
2562 5419 2821 5487 ductore,
2875 5419 2949 5473 ad
2994 5419 3270 5489 palatium
3336 5425 3649 5491 properant
3681 5437 3694 5487 ;
3727 5420 3849 5476 hoc

2134 5506 2479 5573 ordinatore,
2550 5506 2759 5561 mmnia
2814 5507 3069 5578 cingunt.
3143 5507 3381 5571 Quidam
3436 5507 3606 5562 etiam
3662 5507 3847 5563 inter-
