4028 6206
156 300 225 356 403

1731 302 1925 366 ACTA.

3482 336 3579 391 106

152 435 249 483 rant
293 426 642 495 instigatores,
698 425 799 496 qui
855 443 957 497 per
1014 427 1307 498 propriam
1369 430 1771 487 conscientiam
1803 436 1846 487 A
1886 434 2059 504 ditur,
2115 452 2424 513 casumque
2465 442 2736 501 minatur.
2786 442 2891 502 Sed
2933 466 3031 520 spe
3076 453 3297 508 sublata
3352 457 3577 527 refugii,

149 517 334 584 turbidi,
362 515 455 569 sub
494 513 779 568 Harduino
826 515 1115 570 malebant
1144 532 1247 587 per
1274 517 1497 572 illicitas
1537 520 1771 589 rapinas

148 605 313 676 vagari,
349 619 500 674 quam
542 603 647 655 sub
701 603 965 657 Heinr-ica
1024 606 1201 659 frasno
1259 606 1499 675 justitite
1533 626 1596 662 ac
1628 610 1769 681 legis

148 692 385 762 adstringi.
415 691 492 744 Fit
534 690 826 760 strepitus,
876 693 1129 763 exsurgit
1159 695 1407 760 sonitus;
1450 696 1510 749 in
1553 698 1767 766 palatio

150 782 293 835 statim
323 779 549 832 auditur.
585 778 695 832 Sed
726 780 860 849 quia
892 796 1060 833 nemo
1097 782 1253 848 talia,
1290 789 1417 852 post
1447 784 1617 838 fidem
1672 802 1766 839 ea-

147 870 243 922 dem
266 868 341 921 die
370 865 719 935 promissam,
755 868 983 921 credere
1014 875 1258 938 poterat,
1308 887 1423 923 non
1458 873 1570 925 cita
1601 873 1768 927 intel-

149 958 313 1026 ligitur.
346 956 444 1007 Rex
472 959 685 1021 tamen,
723 955 859 1025 quid
893 957 981 1021 sit,
1014 958 1297 1027 explorari
1322 959 1503 1027 jubet.
1534 962 1765 1015 Renun-

148 1046 286 1098 ciatur
322 1042 544 1096 civitatis
582 1042 775 1116 Afuror,
831 1044 1209 1098 renunciatur
1253 1046 1495 1116 plebeiae
1550 1049 1768 1103 anima-

148 1132 285 1185 sitatis
346 1113 598 1184 insania:
639 1132 789 1185 Hanc
856 1133 1209 1187 Coloniensis
1267 1135 1762 1208 Arcliiepiscopus,

147 1221 219 1291 qui
242 1235 347 1273 cum
383 1219 525 1288 Rege
587 1225 729 1287 erat,
788 1236 1147 1291 compescere
1188 1239 1244 1275 se
1270 1239 1466 1300 .passe
1504 1240 1761 1294 sperans,

145 1325 221 1377 per
268 1309 541 1361 fenestram
607 1308 881 1378 suspexit,
952 1325 1263 1380 causasque
1336 1311 1481 1365 tanti
1556 1312 1766 1366 furoris

144 1397 371 1467 inquirere
425 1396 611 1466 coepit.
679 1395 1122 1472 Sed_lapidibus
1179 1402 1235 1451 et
1304 1398 1523 1468 sagittis
1571 1415 1767 1469 super-

142 1484 427 1537 venientibus
457 1485 541 1537 vix
569 1500 703 1537 eum
743 1489 992 1555 coeptum
1031 1484 1197 1540 finire
1228 1502 1551 1540 sermonem
1584 1487 1761 1553 licuit,

144 1571 417 1626 Animositas
466 1572 621 1625 enim
656 1572 1163 1642 Langobardorum
1220 1574 1463 1628 nimium
1496 1575 1760 1651 fervebat.

144 1667 181 1713 et
200 1677 251 1713 ex
276 1666 457 1714 eventu
504 1660 711 1714 bellico
765 1666 962 1714 contra
992 1660 1257 1715 Ottonem
1311 1663 1543 1729 Ducem,
1576 1662 1761 1717 adhuc
1794 1710 1833 1762 Î’

144 1749 440 1802 contumacia
468 1748 617 1802 vires
660 1749 925 1803 habebat.

194 1837 257 1889 50.
286 1837 480 1890 Instant
506 1853 644 1908 ergo
673 1837 950 1907 palatium
971 1852 1345 1908 perrumpere
1366 1839 1759 1909 Langobardi:

144 1925 349 1978 resistunt
394 1925 560 1995 Regis
623 1925 939 1989 domestici,
1001 1926 1261 1996 quamvis
1344 1927 1530 1997 pauci.
1592 1929 1764 1983 Erant

142 2013 251 2066 enim
309 2013 630 2067 Theutonici
683 2013 890 2084 partim
950 2030 1079 2067 cum
1134 2014 1319 2084 equis,
1388 2016 1597 2085 partim
1657 2032 1761 2085 per

141 2100 343 2171 hospitia,
374 2101 578 2171 partim
611 2118 717 2172 per
770 2103 999 2156 castella
1027 2102 1111 2156 illi
1167 2103 1462 2157 comitatui
1494 2104 1758 2159 finitima.

140 2189 219 2243 Rex
253 2190 380 2243 illico
407 2206 506 2261 per
534 2191 995 2260 indignationem
1051 2191 1111 2244 in
1166 2192 1312 2245 iram
1373 2192 1660 2259 efferbuit,
1706 2199 1765 2249 et

140 2293 229 2330 cum
251 2277 341 2344 his,
371 2295 505 2349 quos
534 2294 731 2332 secum
781 2278 1044 2341 habebat,
1094 2284 1349 2333 armatus
1371 2282 1523 2334 exire
1557 2282 1758 2350 voluit,

138 2381 376 2421 numerum
405 2366 653 2421 militum
685 2382 919 2421 suorum
949 2383 1046 2437 spe
1099 2383 1363 2438 superna:
1396 2367 1596 2438 gratiae
1627 2385 1763 2440 sup-

138 2454 269 2521 pleas.
327 2459 391 2508 At
459 2454 818 2509 Coloniensis
894 2455 1367 2526 Archiepiscopus
1437 2460 1575 2523 tota,
1650 2473 1764 2527 qua

136 2546 318 2609 poterat,
348 2542 467 2595 nisu
492 2558 628 2596 cum
659 2542 765 2608 his,
798 2542 895 2614 qui
923 2559 1076 2597 sane
1100 2544 1310 2597 mentis
1339 2550 1521 2610 erant,
1548 2545 1761 2613 Regem

135 2630 381 2697 retinebat;
423 2631 629 2696 sciens,
699 2631 835 2702 quia
887 2631 1071 2701 capite
1127 2632 1367 2702 perdita,
1420 2633 1579 2687 nulla
1634 2650 1764 2704 spes

135 2717 351 2771 evasionis
402 2724 727 2789 superesset
786 2719 846 2773 iu
900 2719 1191 2774 membris.
1247 2722 1489 2789 Interea,
1545 2722 1761 2776 invale-

132 2812 269 2859 scente
314 2807 573 2872 clamore,
609 2805 946 2860 Theutonici
976 2811 1415 2877 congregantur,
1470 2808 1761 2879 complici-

1880 525 2065 596 magis
2128 528 2358 583 animus
2429 548 2626 587 eorum
2698 537 3044 605 accenditur,
3111 547 3168 595 et
3224 543 3293 597 ad
3343 561 3579 616 congre-

1879 614 2153 670 diendum
2223 618 2431 672 iterum
2504 623 2657 675 Italis
2711 624 3020 681 ferventius
3074 629 3360 684 incitatur.
3420 614 3582 688 Clara

1878 702 2071 773 itaque
2098 705 2219 773 jam
2276 707 2383 769 die,
2440 710 2795 781 Alamannis,
2855 715 2955 785 qui
2986 717 3205 771 tardius
3245 720 3577 789 bujusmodi

1877 791 2107 860 negotia
2165 794 2527 863 resciverant,
2598 799 2765 869 longe
2800 793 2831 854 a
2861 804 3073 871 palatio
3107 822 3300 860 muros
3339 808 3580 863 civitatis

1876 879 2294 949 frangentibus,
2355 883 2749 942 Lotharicnses
2815 898 2871 943 et
2924 893 3120 949 Franci
3182 897 3579 966 Langobardos

1876 967 2088 1021 iterum
2138 976 2271 1023 ante
2330 973 2605 1041 palatium
2659 978 2910 1046 graviter
2960 985 3230 1053 persequi
3261 993 3573 1056 coeperunt,

1876 1059 1932 1107 et
1954 1071 2047 1109 eos
2095 1056 2295 1126 fugere
2348 1076 2529 1131 usque
2558 1063 2618 1116 in
2652 1067 2863 1120 muenia
2892 1070 3122 1139 propria
3154 1075 3573 1143 compulerunt.

1874 1142 1978 1197 Sed
2004 1143 2332 1213 jaculorum
2368 1163 2398 1200 a
2445 1149 2609 1203 tectis
2658 1153 3009 1209 venientium
3062 1142 3400 1213 densitatem
3448 1163 3574 1215 diu-

1874 1230 1987 1284 tius
2043 1232 2325 1288 sustinere
2382 1250 2499 1289 non
2529 1238 2800 1307 valentes,
2856 1242 3047 1311 ignem
3093 1246 3273 1300 coacti
3314 1248 3577 1303 domibus

1873 1318 2307 1387 immittunt;et
2362 1323 2511 1377 ferro
2542 1329 2598 1378 et
2633 1328 2866 1381 flamma
2900 1334 3146 1401 stragem
3204 1334 3413 1389 civium
3466 1337 3576 1390 mi-

1874 1408 2175 1463 serabilem
2224 1410 2458 1466 faciunt.
2516 1414 2767 1469 Tandem
2832 1418 3312 1476 Theutonicorum
3358 1424 3443 1477 ira
3492 1425 3576 1479 fa-

1874 1496 1980 1550 cile
2045 1499 2259 1568 expleri
2332 1500 2539 1564 nescia,
2622 1504 2863 1558 satiatur
2935 1508 3088 1561 caede
3165 1510 3444 1579 plurima;
3520 1520 3578 1567 et

1873 1586 2265 1652 postmodum,
2301 1589 2460 1641 nullo
2498 1590 2615 1658 jam
2653 1593 2971 1662 resistente,
3007 1613 3065 1650 se
3096 1599 3315 1652 confert
3346 1601 3414 1654 ad
3443 1618 3577 1671 spo-

1870 1670 1967 1725 lia.
2002 1673 2105 1727 Sed
2152 1674 2271 1744 jam
2331 1676 2591 1732 incendio
2651 1681 2895 1737 nimium
2951 1683 3355 1754 invalescentc,
3416 1705 3511 1742 rex
3544 1706 3577 1742 a

1875 1761 2164 1830 rigiditate
2198 1764 2400 1818 mentis
2455 1783 2573 1820 sua:
2618 1768 2883 1839 ï¬‚ectitur,
2946 1773 3179 1844 suisque
3226 1781 3349 1830 uta
3391 1782 3575 1846 coepto

1871 1848 2165 1913 desistant,
2215 1852 2426 1922 pietate
2484 1861 2671 1910 matus
2702 1857 2972 1928 imperat.
3015 1862 3169 1923 Quos
3221 1864 3309 1917 vix
3341 1881 3574 1936 compe-

1871 1953 2051 2004 sceus,
2080 1939 2413 2011 diutiusque
2467 1947 2941 2001 concremationis
2987 1949 3248 2005 faetorem
3282 1952 3427 2006 ferre
3460 1970 3575 2008 non

1870 2025 2085 2093 valens,
2141 2026 2211 2080 ad
2281 2028 2761 2085 munitiunculam
2815 2035 3148 2104 quamdam,
3218 2054 3346 2108 qum
3396 2042 3574 2094 sancti

1875 2113 2022 2167 Petri
2075 2114 2227 2169 Cella
2279 2133 2451 2171 aurea
2505 2124 2761 2189 vocatur,
2793 2137 2853 2175 se
2883 2124 3143 2179 contulit.
3194 2126 3353 2181 Cives
3383 2133 3575 2182 autem

1870 2200 1963 2255 vix
2012 2202 2360 2272 respirantes
2416 2222 2611 2276 regem
2680 2216 3015 2281 sequuntur,
3064 2217 3120 2266 et
3156 2219 3221 2267 ut
3278 2214 3575 2286 indulgeat

1873 2290 2153 2358 ebrietati,
2184 2292 2393 2347 obnixe
2441 2301 2767 2364 precantur.
2806 2298 2891 2352 Fit
2945 2300 3026 2353 eis
3076 2302 3358 2369 remissio,
3394 2305 3459 2358 iit
3490 2306 3573 2359 eis

1872 2378 2319 2449 indulgentiam.
2354 2382 2466 2436 Sed
2497 2383 2677 2437 facilis
2713 2390 2797 2439 est
2824 2387 3207 2458 indulgentia,
3265 2398 3573 2463 postquam

1870 2467 2096 2538 culpam
2132 2468 2354 2522 excedit
2382 2485 2573 2539 poena,
2606 2471 2695 2525 Sic
2728 2472 2905 2543 igitur
2950 2492 3092 2546 quos
3123 2477 3339 2533 bellum
3373 2482 3571 2533 adver-

1872 2570 1967 2608 sus
1998 2555 2261 2609 Ottouem
2315 2557 2501 2611 effecit
2528 2560 2810 2629 turginos,
2843 2563 3068 2618 naviter
3106 2564 3308 2621 induta
3336 2567 3571 2623 humili-

1870 2647 1954 2697 tas
1986 2643 2274 2713 supplices
2304 2645 2554 2700 reddidit
2580 2652 2752 2718 atque
2783 2649 3085 2720 subjectos.

1942 2734 2029 2786 53.
2064 2732 2285 2787 Domita
2317 2750 2452 2804 ergo
2506 2736 2699 2805 Papia,
2759 2742 2872 2792 tota
2919 2741 3246 2796 concutitur
3297 2745 3478 2811 Italia,
3509 2762 3574 2800 ac

1871 2818 2157 2889 indigenas
2188 2837 2387 2876 omnes
2417 2824 2486 2878 ad
2520 2824 2734 2895 Regem
2756 2842 2872 2880 non
2911 2827 3133 2883 invitati
3163 2831 3482 2899 confluunt,
3516 2841 3572 2889 et

130 2892 204 2945 bus
237 2894 445 2963 junctis,
495 2896 566 2949 ad
610 2893 889 2964 palatium
946 2895 1209 2961 tendunt,
1244 2896 1645 2966 Longobardos
1690 2897 1762 2953 ab
1868 2923 1975 2979 per
2022 2908 2217 2963 omnia
2249 2911 2546 2982 praeceptis
2576 2892 2699 2984 ejus
2737 2914 3029 2971 abediunt.
3077 2918 3341 2974 Civitates
3375 2892 3570 2991 etiam,

132 2982 357 3037 etii-renata
429 2985 627 3038 furore
693 2984 984 3055 paulisper
1051 2989 1439 3054 compescunt.
1508 2986 1759 3040 Tandem
1793 2987 1833 3042 C
1871 2998 1940 3050 ad
1962 3012 2102 3067 quas
2134 2997 2246 3051 Rex
2301 3000 2556 3053 nondum
2607 2982 2859 3069 venerat,
2912 3003 3136 3059 obsides
3193 3008 3343 3062 ultro
3382 2982 3573 3065 trans;

134 3068 261 3121 noctis
286 3070 588 3125 densentur
618 3071 887 3136 tenebrae,
923 3074 979 3123 et
1026 3070 1284 3141 lapidum
1325 3087 1388 3125 ac
1422 3071 1760 3142 sagittarum

128 3154 265 3222 jacula
328 3158 694 3213 Theutonicis
766 3159 913 3211 fiunt
985 3157 1368 3212 infestissima.
1451 3158 1763 3213 Necessitas

134 3242 238 3310 rapit
271 3246 583 3311 consilium,
620 3251 676 3300 et
712 3246 782 3300 ad
838 3245 1188 3315 providenda
1231 3246 1437 3315 jacula,
1492 3247 1762 3302 citissime

132 3326 223 3382 facit
246 3330 570 3387 incendium.
626 3332 765 3387 Cum
818 3332 1000 3386 multo
1050 3331 1230 3402 igitur
1285 3334 1492 3387 sudore
1523 3334 1765 3387 Theuto-

134 3416 211 3469 uici
234 3434 401 3473 muros
441 3420 693 3475 civitatis
744 3420 1118 3490 impugnant:
1178 3436 1309 3475 cum
1340 3421 1523 3475 multa
1553 3421 1761 3475 timore

135 3502 419 3575 longobardi
446 3525 552 3580 pro
588 3508 707 3563 vita
737 3515 1082 3580 repugnant.

180 3598 245 3647 5|.
288 3597 429 3651 Tunc
471 3597 706 3669 juvenis
758 3598 993 3668 quidam
1049 3598 1225 3651 frater
1274 3596 1525 3666 Reginae,
1577 3594 1758 3651 Gisle-

133 3678 270 3737 bertus
288 3687 525 3755 nomine,
562 3704 604 3742 ÎµÎ¹
628 3686 1016 3757 Longobardis
1060 3687 1410 3740 vulneratur.
1460 3686 1569 3738 Pro
1599 3684 1761 3755 cujus

133 3767 274 3824 lethali
319 3776 543 3829 vulnere
598 3775 938 3830 Theutonici
970 3775 1288 3842 irritantur,
1327 3778 1383 3828 et
1410 3789 1530 3843 prta
1564 3773 1759 3827 furore

133 3862 273 3913 contra
301 3861 477 3931 jacula
527 3864 691 3928 caeci,
740 3878 935 3917 muros
991 3862 1232 3917 civitatis
1290 3866 1639 3932 expugnant.
1698 3877 1761 3914 ac

131 3943 467 4019 irrumpentes,
543 3950 826 4021 sanguine
888 3951 1138 4021 juvenis,
1198 3950 1495 4004 stimulum
1548 3948 1763 4003 scilicet

132 4028 304 4103 furoris,
327 4038 607 4093 vindicare
641 4038 934 4092 festinant.
999 4037 1252 4101 Quorum
1284 4036 1518 4108 quidam
1567 4036 1759 4090 animo

132 4124 283 4175 ceteris
328 4127 635 4191 ardentior,
697 4126 1026 4180 Voleramus
1084 4126 1339 4193 nomine,
1372 4141 1431 4179 se
1482 4124 1760 4195 injecitin

131 4208 274 4262 media
318 4213 820 4285 Langobardorum
881 4212 1134 4284 agmina,
1204 4218 1261 4267 et
1313 4212 1589 4291 gladium,
1645 4229 1758 4283 quo

130 4296 353 4354 accinctus
394 4309 535 4368 erat,
596 4307 936 4369 extractum,
978 4301 1079 4356 uni
1113 4317 1335 4367 eorum,
1381 4318 1510 4373 qua:
1558 4302 1758 4356 ceteris

130 4380 393 4453 insanienti,
452 4390 522 4443 ab
581 4389 848 4444 acumine
892 4391 1070 4460 galeae
1127 4406 1310 4460 usque
1371 4389 1431 4443 in
1484 4389 1755 4459 jugulum

130 4469 315 4529 viriliter
338 4478 537 4547 infixit,
587 4494 654 4532 ac
681 4478 831 4531 dicto
861 4478 1047 4545 citius,
1078 4476 1230 4531 inter
1259 4493 1388 4531 suos
1426 4492 1485 4529 se
1515 4477 1754 4529 illaesum

130 4561 307 4629 recepit.
365 4566 465 4619 Per
528 4571 716 4619 totam
773 4565 952 4636 igitur
1011 4569 1239 4619 noctem
1302 4580 1500 4635 pugna
1572 4563 1758 4634 gravis

127 4645 332 4713 habetur,
382 4658 439 4707 et
490 4652 729 4724 ancipiti
778 4653 1027 4707 termino
1061 4668 1357 4722 suspensa,
1408 4651 1581 4706 modo
1628 4652 1756 4716 hos,

129 4736 252 4789 modo
300 4740 436 4804 illos,
476 4742 584 4796 sub
629 4741 881 4795 victorim
940 4757 1039 4812 spe
1096 4740 1431 4795 audaciores
1478 4744 1534 4793 et
1590 4754 1759 4809 expe-

127 4820 306 4879 ditiores
348 4828 549 4883 reddit.
610 4829 935 4900 Aliquando
965 4829 1136 4883 etiam
1181 4829 1539 4894 Theutonici,
1586 4832 1762 4881 testuâ€”

128 4908 221 4963 dine
279 4931 339 4968 ex
400 4917 603 4987 clipeis
678 4917 1012 4987 composita,
1099 4933 1301 4972 eorum
1368 4915 1760 4987 irrumpebant

130 5001 321 5069 agmina,
351 5010 405 5059 et
443 5005 729 5077 quasdam
758 5006 917 5061 vivos
950 5021 1019 5060 ex
1051 5004 1132 5061 eis
1166 5010 1360 5076 captos
1383 5004 1523 5076 Regi
1552 5020 1761 5075 reprae-

134 5090 387 5146 sentabant.

179 5177 244 5230 52.
271 5178 477 5235 Interea
503 5181 810 5252 palatium,
848 5182 1003 5253 quod
1057 5179 1424 5237 Theutonicis
1452 5180 1763 5252 aliquando

137 5259 263 5329 fessis,
291 5269 515 5323 unicum
547 5274 674 5323 erat
727 5269 1042 5340 refugium,
1101 5269 1429 5324 accenditur
1466 5274 1524 5324 et
1560 5268 1763 5323 incen-

1786 4275 1828 4327 D

181 5366 411 5444 (1}?)Satis
435 5377 617 5443 patet,
640 5373 948 5444 legendum
979 5374 1249 5443 dipasitis.

301 5440 454 5527 sorte
486 5440 796 5527 legendum
826 5440 1102 5509 Cremain,
1129 5444 1320 5527 inquit
1336 5444 1675 5527 Gretserus.â€˜

140 5572 147 5579 ,
183 5508 270 5585 (á¼“á½¸)
293 5513 508 5585 ï¬‚agitem
545 5508 785 5569 'celerem
814 5531 987 5569 nemo
1035 5508 1309 5585 explicat;
1343 5530 1447 5584 per
1493 5515 1766 5570 Cenisium

139 5588 174 5626 In
196 5579 502 5638 Sabandiam
534 5601 654 5638 non
705 5592 1032 5654 penetrasse
1063 5579 1199 5641 satis
1230 5579 1452 5639 cert-um
1496 5589 1599 5651 est,
1634 5600 1763 5638 cum

426 5672 700 5735 PATROL.
753 5672 923 5737 CXL.

1871 3084 2131 3151 mittunt,
2172 3083 2465 3157 ï¬demque
2495 3088 2745 3142 debitam
2777 3106 2882 3160 per
2925 3101 3283 3150 sacramenta
3336 3100 3573 3167 promit-

1871 3177 2019 3226 tunt.
2054 3173 2150 3227 His
2176 3174 2412 3243 expletis
2460 3177 2576 3230 Rex
2607 3176 2665 3230 in
2696 3179 3002 3248 quemdam
3034 3181 3241 3249 locum,
3275 3187 3374 3256 qui
3422 3189 3572 3241 Pons

1870 3260 2075 3330 longus
2131 3266 2380 3327 vocatur,
2434 3264 2618 3332 venit;
2672 3264 2869 3338 ibique
2942 3268 3449 3340 Langobardorum
3510 3276 3571 3330 in

1872 3351 2247 3405 numerabilis
2312 3352 2620 3408 multitudo
2681 3356 2931 3424 accessit,
2997 3374 3232 3431 seseque
3289 3363 3358 3417 ad
3411 3366 3570 3419 obse-

1871 3440 2166 3509 quendum
2211 3456 2315 3509 per
2374 3442 2571 3496 omnia
2623 3443 2797 3513 regias
2846 3444 3133 3514 majestati
3180 3448 3440 3519 subjecit.
3486 3452 3569 3504 lbi

1869 3527 2065 3581 habito
2098 3528 2407 3599 colloquio,
2470 3530 2749 3601 regnique
2801 3532 3079 3603 depositis
3136 3537 3252 3605 (33)
3300 3540 3565 3608 negotiis,

1870 3631 2063 3669 amore
2120 3616 2175 3669 S.
2241 3617 2526 3670 Ambrosii
2588 3618 2811 3687 ductus,
2880 3622 3265 3678 Mediolanum
3317 3626 3566 3694 divertit,

1869 3704 2032 3774 cujus
2105 3704 2319 3775 lingua:
2396 3706 2738 3777 libertatem,
2791 3713 2847 3763 et
2900 3726 3125 3765 morum
3184 3714 3565 3770 eximietatem

1868 3791 2113 3845 amabat.
2176 3793 2373 3862 Hujus,
2431 3798 2884 3865 caaterorumque
2935 3798 3353 3867 quiescentium
3384 3801 3568 3856 inter-

1868 3879 2121 3933 cessione
2159 3879 2484 3950 implorata,
2525 3881 2585 3935 in
2634 3887 2795 3951 prata
2833 3884 3026 3938 Pontis
3055 3885 3211 3955 longi
3242 3891 3563 3955 revertitur,

1868 3964 2063 4037 ibique
2123 3967 2523 4037 Langobardos
2577 3968 2647 4023 de
2732 3971 3035 4040 repentina
3121 3973 3368 4028 discessu
3445 3977 3566 4046 ejus

1868 4062 2306 4127 conquerentes,
2359 4056 2549 4112 festini
2626 4058 2844 4113 reditus
2899 4060 3117 4114 solatur
3159 4062 3562 4131 promissione.

1868 4144 2004 4199 Inde
2044 4144 2288 4199 Chromo
2346 4145 2457 4215 (34)
2507 4147 2844 4217 perveniens
2906 4150 3279 4204 Pentecosten
3309 4159 3564 4207 sanctam

1870 4232 1967 4304 pia
2003 4231 2183 4287 animi
2214 4233 2517 4287 devotione
2547 4234 2868 4289 celebravit.
2898 4236 3034 4289 Inde
3066 4236 3378 4294 discedenti
3404 4242 3568 4297 Tusci

1870 4320 1922 4374 ei
1979 4324 2309 4388 occurrunt,
2358 4325 2413 4375 et
2468 4338 2673 4375 manus
2719 4338 2826 4393 per
2876 4322 3137 4378 ordinem
3187 4324 3401 4396 singuli
3438 4329 3565 4382 red-

1868 4407 2032 4531 dugit:
2062 4479 2193 4532 Post
2234 4478 2356 4533 haec
2385 4479 2501 4533 Rex
2550 4478 2822 4549 injuriam
2848 4496 2881 4533 a
2922 4480 3170 4537 Bulizlao
3202 4483 3309 4538 sibi
3346 4483 3566 4540 illatam

1866 4570 2068 4619 tenens
2119 4571 2315 4620 monte
2367 4567 2694 4636 repositam,
2732 4568 3046 4639 repatriare
3092 4570 3347 4638 festinat;
3379 4578 3435 4628 et
3463 4591 3567 4644 per

1870 4653 2118 4709 Montem
2139 4655 2382 4708 celerem
2406 4654 2514 4724 (3â€˜5)
2550 4655 2619 4708 inâ€˜
2639 4656 3039 4711 Alamanniam
3065 4662 3567 4729 properat;sciens

1870 4741 2005 4813 quia
2052 4747 2205 4796 terra
2233 4742 2443 4811 puerili
2501 4742 2753 4812 subjecta
2805 4743 3076 4814 regimini
3121 4747 3259 4801 laxis
3314 4765 3567 4820 persaepe

1869 4828 2109 4883 habenis
2165 4830 2363 4891 utitur,
2418 4834 2473 4883 et
2533 4847 2597 4883 ex
2647 4832 2866 4901 proprii
2921 4833 3142 4888 arbitrii
3195 4837 3568 4890 tumultuaria

1872 4915 2217 4983 diversitate,
2281 4932 2385 4987 per
2440 4917 2662 4972 diversa
2740 4920 3059 4992 praecipitia
3114 4924 3351 4993 rapitur.
3441 4925 3565 4979 1am

1871 5006 2026 5060 enim
2060 5007 2181 5060 Dux
2212 5006 2595 5061 Herimannns
2643 5008 2885 5076 obierat,
2908 5013 2963 5063 et
2991 5010 3143 5063 filius
3173 5028 3307 5063 suns
3338 5010 3568 5067 ducatui

1873 5110 1905 5148 a
1964 5094 2117 5164 Rege
2181 5094 2522 5149 substitutus
2592 5101 2739 5151 erat:
2793 5097 2913 5168 qui,
2982 5096 3176 5151 nimiae
3253 5100 3569 5168 juventutis

1873 5181 2079 5248 adhuc,
2122 5197 2224 5236 nec
2250 5184 2621 5254 semetipsum
2669 5200 2867 5255 regere
2898 5183 3125 5237 sciebat.
3160 5185 3223 5237 In
3257 5186 3379 5240 loco
3410 5203 3567 5258 ergo,

1875 5269 1975 5339 qui
2018 5271 2307 5340 Turegum
2352 5272 2466 5341 (36)
2522 5271 2749 5336 dicitur,
2809 5272 2926 5325 Rex
2982 5271 3333 5342 colloquium
3364 5278 3567 5342 tenuit,

1875 5374 1934 5427 in
1991 5374 2372 5427 Alemanniam
2397 5390 2718 5450 properasse
2746 5373 3018 5450 _dicatur:
3071 5377 3207 5447 quid
3238 5379 3285 5433 si
3315 5396 3453 5450 ergo
3483 5382 3572 5437 le-

1877 5460 2100 5515 gamus,
2133 5459 2237 5513 per
2258 5450 2460 5500 montes
2489 5444 2773 5515 celeriter?

1949 5516 2056 5585 (36)
2100 5516 2227 5585 Non
2277 5520 2361 5569 est
2422 5514 2795 5569 inverisimile
2855 5514 2949 5569 hic
2981 5514 3223 5572 indicari
3270 5521 3443 5575 Zurch
3473 5536 3574 5575 seu

1877 5585 2073 5640 Zurich
2114 5584 2174 5639 in
2237 5585 2517 5639 Helvetia:
2576 5600 2692 5653 quo
2740 5585 2926 5656 posito
2980 5586 3089 5641 dici
3150 5588 3385 5643 fortasse
3440 5607 3575 5660 pos-

3235 5682 3272 5736 4
