4058 6216
429 315 524 370 107

1722 309 1776 362 S.
1823 303 2111 361 IIENRICI
2150 303 2630 360 IMPERATORIS

3835 303 3926 354 tua

422 451 736 507 omnesque
758 451 862 506 pro
891 448 1028 504 pace
1051 432 1282 498 tuenda,
1345 447 1449 502 pro
1481 429 1794 485 latrociniis
1834 444 1951 482 non
1984 444 2121 481 con-
2154 437 2200 485 A
2242 427 2470 494 vitatur,
2527 444 2677 498 saepe
2707 427 2941 481 alterius
2987 426 3313 497 sumptibus
3336 425 3586 496 jocunde
3617 429 3926 480 convivan-

425 525 734 579 sentiendis
787 541 818 577 a
872 522 1112 576 minimo
1171 536 1349 589 usque
1419 521 1485 573 ad
1562 519 1878 571 maximum
1921 518 2119 586 jurare

425 613 721 684 compulit.
783 610 869 666 Sic
902 616 1022 664 tota
1077 607 1418 662 Alamannia
1457 607 1561 659 sub
1607 607 1762 675 pacis
1792 605 1982 676 quiete
2014 611 2121 658 sta-
2173 657 2179 662 ,

423 708 568 768 tuta,
625 700 686 754 in
737 699 1006 753 Alsatiam
1061 696 1235 760 venit,
1290 701 1346 748 et
1404 695 1464 747 in
1531 694 1845 764 Argentina
1895 693 2120 746 civitate

426 791 564 844 dum
597 788 654 842 in
685 787 880 856 vigilia
936 785 988 839 S.
1021 783 1252 837 Joannis
1306 782 1655 851 colloquium
1686 796 1814 832 cum
1844 780 2122 833 Alsatien-

427 878 583 931 sibus
633 875 888 937 haberet,
941 873 1168 938 domus,
1199 871 1256 923 in
1289 886 1403 940 qua
1432 870 1498 923 ad
1542 871 1726 938 legem
1758 875 1814 921 et
1835 867 2122 938 justitiam

425 964 744 1024 faciendam
775 961 1028 1028 sedebat,
1083 965 1319 1028 repente
1364 958 1601 1024 corruit,
1644 957 1856 1026 unique
1889 956 2121 1026 presby-

425 1060 572 1118 tero,
624 1049 724 1121 qui
771 1065 900 1102 cum
952 1045 1193 1100 Domina
1227 1061 1342 1098 una
1370 1046 1851 1098 anathematizata
1890 1058 2122 1096 manere

427 1141 627 1194 solitus
684 1141 824 1202 erat,
884 1135 1066 1188 cruris
1120 1150 1246 1187 ossa
1288 1133 1580 1204 confregit.
1634 1134 1732 1186 Ille
1763 1133 1918 1186 solus
1948 1132 2121 1195 obiit;

428 1227 524 1280 alii
555 1224 722 1290 nihil,
755 1229 966 1294 praeter
995 1221 1290 1289 timorem,
1348 1222 1502 1292 passi
1546 1227 1709 1275 sunt:
1742 1220 1838 1274 sed
1886 1221 1944 1273 in
1972 1220 2125 1273 illius

427 1313 661 1369 interitu
692 1311 1036 1374 didicerunt,
1089 1309 1240 1380 quod
1273 1325 1424 1379 sape
1478 1325 1582 1378 per
1634 1309 1990 1362 Psalmistam
2023 1324 2121 1360 au-

427 1401 696 1456 dierunt:
750 1401 892 1454 Cum
940 1398 1118 1451 electo
1173 1398 1388 1450 electus
1428 1397 1558 1463 eris,
1611 1403 1828 1450 etcum
1861 1412 2124 1467 perverso

427 1486 788 1558 perverteris.

503 1577 588 1629 55.
626 1576 757 1627 Post
784 1573 905 1628 hinc
957 1573 1073 1626 Rex
1121 1571 1472 1642 Moguntiam
1505 1571 1680 1637 venit,
1730 1571 1925 1643 ibique
1959 1570 2125 1626 solito

431 1663 658 1735 pietatis
688 1661 917 1726 affectu,
949 1662 1342 1731 apostolorum
1374 1661 1653 1714 solemnia
1675 1661 1974 1714 celebriter
2001 1677 2126 1730 per-

432 1753 567 1822 egit.
627 1752 769 1805 Tum
820 1765 924 1820 per
976 1749 1324 1804 Orientalem
1384 1749 1676 1801 Franciam
1730 1749 2034 1813 transiens,
2065 1750 2124 1802 in

431 1840 731 1895 Saxoniam
765 1837 1013 1903 festinat,
1069 1853 1164 1890 cor
1203 1853 1368 1890 suum
1421 1837 1833 1906 indignationis
1873 1837 2125 1907 pondere

432 1935 730 2000 gravatum
761 1943 933 1998 super
964 1927 1298 1990 Bulizlaum,
1335 1925 1580 1979 vindicta
1630 1925 1847 1995 potenti
1876 1927 2126 1979 relevare

433 2018 764 2089 disponens.
825 2015 1101 2070 Indicitur
1169 2014 1503 2081 Saxonibus,
1569 2014 1817 2080 Bavaris,
1899 2015 2128 2068 Francis

433 2105 818 2162 Orientalibus
869 2102 1174 2173 expeditio,
1211 2103 1270 2155 in
1326 2103 1513 2156 medio
1559 2106 1816 2172 Augusto
1847 2104 2126 2156 terminus

433 2196 601 2250 datur
645 2192 1046 2264 promotionis,
1108 2196 1174 2244 ut
1229 2191 1492 2261 frugibus
1550 2190 1683 2244 inde
1730 2192 2123 2260 praecolleetis,

434 2282 786 2337 abundantia
815 2295 1004 2333 comes
1027 2279 1296 2332 exercitui
1324 2284 1488 2332 esset.
1516 2278 1791 2332 Mediante
1824 2278 2000 2348 igitur
2018 2283 2127 2333 Au-

432 2373 601 2441 gusto
633 2369 958 2438 Meresborg
971 2367 1258 2422 Saxonum
1281 2367 1341 2419 tit
1368 2366 1756 2436 congregatio.
1785 2367 1902 2420 Rex
1934 2374 2124 2420 autem

433 2457 654 2513 nemini
678 2472 912 2510 suorum
940 2453 1310 2509 familiarium
1331 2452 1496 2506 fateri
1525 2453 1773 2519 volebat,
1797 2453 1912 2506 sive
1943 2453 2002 2506 in
2031 2456 2127 2508 Po-

433 2547 648 2602 loniam
680 2546 796 2599 sive
826 2544 885 2598 in
928 2543 1215 2598 Boemiam
1246 2542 1432 2607 vellet,
1488 2557 1833 2609 cognoscens
1892 2541 2126 2596 Bulizlai

427 2637 708 2689 flexuosas
731 2633 1027 2700 versutias,
1053 2631 1260 2703 quibus
1293 2647 1396 2700 per
1427 2629 1704 2699 quosdam
1736 2630 1844 2682 sibi
1873 2631 2125 2684 occultos

427 2723 642 2778 amicos
663 2722 833 2776 etiam
874 2727 1086 2775 secreta
1119 2720 1274 2789 regia
1310 2717 1519 2772 rescire
1551 2717 1786 2771 solebat.
1820 2718 1925 2772 Sed
1955 2735 2124 2774 naves

427 2825 460 2862 a
489 2808 833 2878 Magdeborg
863 2823 1044 2877 usque
1075 2806 1313 2862 Citizam
1344 2804 1925 2877 congregarijubens,
1962 2807 2125 2876 quasi

425 2897 484 2950 in
539 2896 833 2950 Poloniam
885 2897 1039 2962 velit,
1097 2895 1402 2948 transitum
1467 2895 1722 2946 futurum
1778 2894 2027 2948 simulat.
2063 2895 2122 2948 Id

2231 531 2342 581 tur,
2368 517 2579 570 latente
2611 523 2804 569 tamen
2837 515 2967 585 igne
2997 517 3100 569 sub
3143 516 3352 569 cinere.
3384 516 3632 570 Tandem
3691 518 3927 570 Bulizla-

2230 621 2352 667 vus,
2439 604 2743 658 Meseconis
2830 605 3005 669 filius,
3069 604 3482 673 jocunditatem
3577 604 3805 672 Pragae,
3881 612 3933 657 et

2232 692 2623 747 amoenitatem
2673 693 2940 759 Boemiaa,
2989 692 3283 762 promissa;
3315 692 3601 763 prmpunit
3632 692 3929 757 amicitiae;

2232 789 2310 849 et,
2344 786 2407 834 ut
2466 786 2675 850 nepote
2733 797 2854 845 suo,
2891 780 3146 850 qualibet
3201 781 3445 847 ratione,
3494 779 3724 849 ejectio,
3760 786 3929 836 tantae

2233 876 2394 922 terrae
2438 868 2768 939 principatu
2814 869 2988 938 potiri
3036 869 3234 938 possit,
3265 868 3527 922 fraudum
3555 884 3795 920 suarum
3839 871 3925 922 iu-

2234 958 2376 1011 tima
2423 963 2726 1010 scrutatur.
2785 957 2994 1010 Invitat
3023 972 3155 1010 eum
3186 956 3255 1009 ad
3286 956 3565 1023 convivia,
3617 961 3673 1008 et
3715 956 3935 1009 diversa

2234 1048 2453 1117 praebet
2483 1046 2742 1099 ciborum
2771 1061 3004 1115 genera,
3024 1061 3218 1098 amara
3245 1044 3479 1098 demum
3513 1044 3929 1114 propinaturus

2234 1136 2454 1205 pocula.
2486 1134 2764 1188 Satiatum
2790 1133 2945 1186 enim
3001 1133 3163 1186 illum
3214 1132 3492 1186 militibus
3538 1131 3662 1185 suis
3695 1135 3935 1186 commi-

2236 1222 2328 1287 sit,
2361 1227 2436 1286 et,
2491 1226 2555 1274 ut
2607 1221 2844 1274 eductus
2905 1227 3297 1284 excaecaretur,
3344 1221 3643 1273 oculorum
3704 1221 3936 1274 nutibus

2235 1310 2302 1363 ad
2328 1309 2536 1362 similia
2562 1309 2796 1375 edoctis,
2831 1309 3040 1364 innuit.

2307 1401 2393 1452 58.
2434 1398 2747 1467 Implentur
2801 1397 3112 1467 impietatis
3164 1397 3344 1464 jussa,
3384 1400 3441 1450 et
3491 1396 3935 1452 committuntur

2236 1485 2556 1556 iniquitatis
2611 1501 2800 1554 opera.
2856 1485 2967 1549 Sic,
3009 1485 3109 1554 qui
3161 1486 3392 1538 fratrem
3441 1486 3870 1553 eunuchizavit,
3908 1504 3938 1540 a

2211 1574 2664 1644 'consanguineo
2695 1578 2751 1626 et
2805 1573 2960 1626 socio
3013 1589 3116 1625 suo
3163 1572 3437 1626 deductus
3488 1572 3693 1642 periit:
3723 1573 3935 1644 quique

2237 1665 2474 1718 fratrem
2520 1661 2581 1715 in
2637 1662 2923 1715 consortio
2971 1661 3326 1731 principatus
3357 1677 3552 1730 parem
3590 1661 3812 1714 habere
3842 1679 3939 1716 no-

2235 1752 2364 1818 luit,
2416 1767 2520 1821 per
2550 1749 2895 1820 supplicium
2929 1748 3212 1818 passionis
3263 1747 3444 1800 factus
3498 1754 3587 1801 est
3617 1763 3843 1817 suppar
3891 1754 3944 1801 et

2236 1839 2514 1894 inutilior.
2550 1839 2664 1892 Hoc
2717 1853 2854 1907 ergo
2914 1843 3220 1903 excaecato,
3255 1835 3576 1890 Bulizlavus
3629 1837 3942 1890 Meseconis

2235 1928 2410 1996 lius,
2442 1933 2507 1981 ut
2543 1928 2804 1997 superius
2835 1926 2974 1990 dixi,
3032 1942 3135 1996 per
3193 1925 3418 1979 fraudes
3477 1923 3791 1991 flexuosas,
3850 1942 3945 1995 per

2235 2014 2516 2069 versutias
2557 2014 2663 2068 sibi
2693 2029 2920 2084 semper
2948 2012 3339 2082 pedissequas,
3391 2028 3494 2082 per
3522 2012 3942 2082 promissioncs

2235 2103 2512 2168 infinitas,
2575 2103 2819 2172 Pragam
2877 2106 2934 2154 et
2984 2106 3164 2155 totam
3215 2100 3505 2154 Boemiam
3556 2100 3829 2166 invadit;
3888 2118 3946 2152 ac

2234 2192 2489 2246 dominio
2548 2191 2740 2244 taliter
2804 2189 3036 2259 adepto,
3103 2189 3367 2258 turgidus
3423 2204 3524 2257 per
3583 2189 3734 2255 loca,
3785 2190 3940 2257 regio

2235 2279 2504 2334 exercitui
2537 2278 2750 2350 pervia,
2783 2277 3014 2331 castella
3049 2276 3378 2330 firmissima
3406 2276 3614 2330 munit.

2305 2370 2390 2421 59.
2413 2369 2635 2422 Interea
2659 2369 2770 2422 Rex
2788 2383 2918 2421 cum
2944 2365 3263 2420 Saxonibus
3287 2364 3518 2418 veniens
3549 2381 3653 2434 per
3686 2372 3945 2419 montem

2234 2456 2561 2526 quemdam,
2634 2455 2693 2508 in
2773 2471 2888 2524 quo
2959 2454 3082 2524 jam
3164 2453 3481 2507 Bulizlavus
3557 2453 3948 2508 munitionem

2234 2545 2541 2624 quamdam
2571 2543 2643 2598 ad
2698 2542 3204 2597 contradicendum
3257 2542 3559 2596 introitum
3590 2542 3947 2606 firmaverat,

2233 2633 2544 2703 prmmissis
2592 2633 2653 2685 in
2686 2638 2849 2686 nocte
2882 2631 3332 2697 marchionibus,
3383 2647 3510 2684 cum
3544 2631 3812 2685 maxima
3842 2632 3951 2686 dif-

2234 2721 2484 2774 ticultate
2541 2721 2602 2774 in
2664 2721 2952 2774 Boemiam
3011 2719 3206 2774 intrat.
3258 2720 3431 2789 Cujus
3489 2719 3836 2786 introitum,
3893 2726 3952 2773 ut

2238 2808 2596 2862 Boemieuses
2651 2813 2970 2875 senserunt,
3025 2807 3261 2878 quidam
3309 2823 3514 2878 pavore
3562 2807 3748 2878 regiae
3805 2824 3947 2879 prae-

2236 2897 2432 2951 sentiae
2486 2897 2818 2962 exanimati,
2851 2898 3147 2950 castellum
3208 2912 3388 2950 unum
3433 2911 3564 2949 cum
3612 2897 3950 2967 semetipsis

427 2983 697 3036 omnibus
725 2982 1108 3051 sperantibus,
1132 2990 1370 3050 repente
1403 2981 1464 3034 in
1497 2980 1785 3034 Boemiam
1809 2982 2120 3036 exercitum
2156 2982 2196 3036 C
2235 2985 2378 3055 Regi
2406 2985 2799 3038 reddiderunt.
2827 2985 2971 3038 Illud
2991 2985 3143 3038 illico
3168 2985 3282 3038 Rex
3305 2983 3591 3038 Larameri
3620 2988 3729 3054 (37)
3773 3000 3952 3039 eunu-

429 3071 602 3134 ducit,
668 3086 931 3140 quaerens
981 3069 1269 3138 imprimis
1323 3068 1556 3140 propria
1586 3069 2124 3138 recipere;deinde,

428 3175 536 3230 pro
580 3158 848 3225 vindicta,
907 3157 1091 3211 aliena
1146 3156 1436 3222 invadere,
1479 3173 1596 3209 non
1654 3162 1848 3210 tamen
1897 3157 2128 3227 penitus

430 3251 634 3317 aliena,
666 3265 795 3319 quae
819 3249 982 3318 regni
1017 3248 1105 3302 sui
1135 3247 1254 3318 pati
1276 3249 1415 3318 juga
1448 3247 1749 3302 debebant.

499 3341 586 3392 56.
643 3338 985 3391 Interserere
1025 3336 1165 3391 libet
1194 3336 1488 3406 quiddam,
1521 3351 1634 3405 quo
1695 3334 1911 3403 audito,
1959 3335 2129 3391 datur

425 3425 672 3496 intelligi
751 3440 881 3478 raro
933 3440 1054 3478 esse
1127 3426 1376 3494 culpam,
1437 3438 1610 3493 quam
1668 3438 1783 3476 non
1856 3431 2128 3494 sequatur

426 3515 692 3581 vindicta,
735 3513 846 3567 nisi
899 3512 1296 3584 prtemunierit
1350 3527 1476 3564 eam
1508 3511 1864 3581 poenitentia.
1906 3512 2125 3568 Mortuo

425 3603 674 3657 Bulizlao
723 3601 974 3667 seniore,
1013 3599 1335 3654 Boemiensi
1394 3599 1607 3654 scilicet
1639 3600 1803 3666 duce,
1856 3607 1913 3655 et
1959 3602 2125 3656 istius

427 3689 686 3756 Bulizlai,
745 3689 814 3743 de
863 3706 977 3762 quo
1020 3705 1173 3743 nunc
1230 3689 1440 3760 agitur,
1501 3690 1801 3757 avunculo,
1865 3695 1979 3743 tres
2019 3690 2124 3744 lilii

420 3779 754 3850 superstites
801 3777 853 3833 ei
914 3783 1338 3833 remanserunt.
1391 3777 1648 3842 Quorum
1704 3778 2122 3850 primogenitus

421 3868 705 3922 Bulizlaus
738 3867 990 3933 nomine,
1015 3866 1226 3936 adepto
1257 3871 1383 3937 post
1407 3873 1629 3936 patrem
1658 3867 1888 3932 ducatu,
1925 3867 2120 3922 crude-

417 3956 530 4010 lius
559 3957 729 4027 caepit
759 3955 967 4022 vivere,
1009 3971 1182 4026 quam
1235 3960 1387 4008 terra
1419 3954 1514 4007 illa
1545 3955 1662 4024 pati
1693 3955 1780 4008 vel
1812 3955 1996 4022 vellet,
2033 3957 2117 4009 vel

416 4049 626 4114 posset.
677 4043 970 4114 Indigenis
999 4043 1176 4112 igitur
1217 4043 1378 4096 illum
1419 4059 1525 4113 pro
1563 4042 1744 4096 nimia
1782 4043 2117 4097 crudelitate

416 4133 830 4196 execrantibus,
889 4132 1092 4184 timere
1162 4129 1334 4199 coepit
1383 4145 1452 4181 ne
1503 4145 1536 4182 a
1589 4129 1830 4182 fratrum
1881 4147 2112 4183 suorum

2235 3073 2362 3140 cho,
2397 3073 2558 3126 fratri
2614 3073 2750 3127 caeci
2804 3073 3094 3132 Bulizlavi,
3143 3089 3314 3143 quem
3364 3088 3556 3126 secum
3591 3072 3865 3127 nativam
3896 3073 3951 3127 in

2237 3167 2446 3215 terram
2494 3177 2598 3232 pro
2639 3162 2854 3230 pietate
2907 3162 3233 3228 reducebat,
3265 3177 3394 3214 cum
3428 3177 3654 3214 summa
3685 3161 3950 3215 benevo-

2235 3248 2409 3302 lentia
2464 3250 2757 3303 concessit.
2812 3249 3046 3314 Deinde,
3102 3249 3210 3302 iter
3239 3265 3408 3302 suum
3442 3248 3823 3318 protelando,
3859 3266 3958 3319 per

2233 3342 2444 3391 terram
2529 3337 2682 3391 illam
2761 3337 3144 3408 progreditur,
3234 3343 3566 3406 exspectans
3645 3337 3951 3403 Bavarios,

2233 3425 2442 3494 quibus
2475 3442 2590 3479 non
2621 3427 2794 3491 idem,
2829 3426 2929 3496 qui
2970 3431 3024 3479 et
3053 3425 3368 3480 Saxonibus
3402 3425 3461 3477 in
3495 3425 3797 3479 Boemiam
3831 3433 3954 3478 erat

2233 3513 2530 3567 introitus.

2302 3604 2387 3656 60.
2431 3602 2538 3656 Sed
2593 3617 2722 3656 cum
2781 3601 2864 3656 illi
2922 3603 3230 3656 adventum
3285 3618 3454 3656 suum
3504 3602 3948 3672 protraherent.

2229 3689 2347 3744 Red
2378 3690 2449 3744 ad
2504 3690 2812 3761 quamdam
2867 3690 3178 3759 civitatem,
3225 3707 3355 3760 quae
3408 3691 3588 3745 Satiza
3621 3691 3737 3759 (38)
3771 3708 3946 3745 voca-

2229 3781 2350 3844 tur;
2390 3794 2520 3831 cum
2544 3777 2865 3831 Saxonibus
2890 3784 3111 3832 tantum
3162 3778 3437 3848 pervenit.
3471 3778 3644 3847 Cujus
3674 3781 3953 3848 potentia

2227 3865 2365 3933 visa,
2417 3865 2567 3919 cives
2624 3881 2740 3918 non
2787 3866 3152 3920 mediocriter
3180 3867 3502 3932 turbantur,
3549 3874 3606 3920 et
3637 3869 3851 3921 statim
3876 3869 3944 3921 de

2226 3968 2363 4022 pace
2395 3953 2704 4023 quaerenda
2750 3969 2813 4006 ac
2869 3953 3036 4024 Regis
3079 3955 3264 4024 gratia
3312 3954 3678 4022 impetranda
3750 3955 3948 4009 medi-

2225 4043 2445 4093 tantur:
2477 4047 2672 4110 portas
2703 4040 2858 4094 illico
2888 4041 3133 4095 civitatis
3161 4043 3448 4111 aperiunt,
3479 4047 3536 4095 et
3587 4043 3939 4096 conditione

2223 4128 2604 4198 adipiscenda;
2638 4129 2839 4199 gratiae
2861 4129 3139 4184 intersita.
3175 4132 3437 4196 Polonos,
3502 4147 3650 4201 quos
3682 4131 3941 4186 Bulizla-

417 4219 632 4288 aliquo,
671 4216 1052 4286 Pragensibus
1105 4214 1162 4268 id
1202 4215 1631 4285 instigantibus,
1689 4216 2102 4269 extruderetur.
2221 4231 2323 4268 vus
2353 4216 2432 4269 eis
2471 4217 2539 4270 ad
2593 4217 2896 4270 tuitionem
2928 4217 3187 4286 ejusdem
3221 4219 3326 4271 loci
3359 4218 3650 4286 adjecerat
3682 4221 3942 4290 ejiciunt

417 4307 493 4359 Ex
527 4307 673 4359 mala
733 4320 867 4373 ergo
919 4302 1267 4356 conscientia
1319 4309 1594 4372 concepta
1647 4303 1916 4374 suspicio,
1944 4304 2105 4357 insti-

417 4394 571 4465 gavit
596 4409 728 4446 eum
777 4392 843 4444 ad
901 4390 1085 4444 scelus
1119 4391 1614 4457 nefandissimum,
1643 4391 1905 4462 perduxit
1934 4394 2105 4446 etiam

413 4483 483 4536 ad
514 4482 732 4536 facinus
761 4480 1162 4534 execrandum.
1199 4480 1339 4534 Nam
1365 4479 1606 4533 fratrum
1658 4496 1892 4534 suorum
1925 4496 2105 4534 unum

414 4567 833 4634 eunuchizavit,
864 4570 1109 4622 alterum
1149 4568 1209 4621 in
1257 4567 1494 4621 thermis
1525 4567 1806 4620 suffocare
1842 4568 2101 4621 tentavit.

411 4663 485 4714 At
505 4658 612 4725 illi,
657 4673 804 4711 unus
828 4655 1146 4721 eunuchus,
1179 4656 1322 4709 alter
1349 4655 1656 4709 semivivus
1695 4654 1755 4708 in
1789 4653 2100 4722 Bavariam,

408 4761 442 4800 a
465 4750 706 4816 paterna
734 4743 1050 4797 hereditate
1071 4743 1304 4810 exclusi,
1336 4742 1629 4812 fugerunt.

474 4838 562 4888 57.
595 4832 714 4886 Rex
766 4831 1066 4885 Heinricus
1105 4831 1210 4884 hac
1248 4830 1546 4901 impietate
1595 4834 1935 4894 commotus,
1974 4830 2102 4884 Bla-

400 4920 676 4986 demario,
709 4921 779 4974 de
811 4937 925 4990 quo
951 4919 1071 4989 jam
1103 4919 1370 4982 diximus,
1401 4919 1673 4973 ducatum
1704 4918 2097 4972 Bocmiensem

402 5011 576 5066 dedit.
636 5010 740 5063 Illo
797 5014 1052 5073 mortuo,
1086 5007 1426 5073 Bulizlavus,
1487 5007 1752 5061 Bulizlavi
1783 5006 1957 5072 filius,
1993 5008 2100 5060 Bu-

395 5099 596 5153 lizlavo
641 5097 948 5152 Meseconis
996 5095 1116 5150 filio
1159 5096 1221 5150 in
1277 5096 1607 5150 societatem
1655 5095 2096 5166 conspirationis

394 5187 628 5252 adscito,
687 5185 958 5240 ducatum
1014 5190 1211 5238 contra
1268 5183 1440 5254 Regis
1494 5186 1843 5238 voluntatem
1899 5191 2094 5238 tenere

389 5271 662 5323 tentabat.
689 5271 842 5324 Inter
877 5271 1004 5324 illos
1037 5285 1174 5340 ergo
1206 5270 1351 5323 duos
1401 5270 1718 5325 Bulizlavos
1750 5273 1815 5326 fit
1843 5271 2093 5325 amicitia

393 5358 540 5424 ficta,
597 5359 663 5412 tit
710 5358 948 5413 societas
995 5358 1251 5412 subdola.
1311 5357 1473 5428 Saepe
1504 5359 1648 5412 alter
1675 5359 1743 5412 ab
1794 5359 1973 5413 altero
2002 5360 2088 5412 in-

394 5469 497 5536 set,
543 5468 772 5536 montem
799 5465 1014 5518 celerem
1061 5463 1262 5536 accipi,
1295 5480 1401 5536 pro
1454 5469 1649 5519 monte
1703 5479 1876 5534 quem
1921 5465 2090 5520 hodie

393 5534 449 5588 S.
482 5533 712 5589 Gotardi
742 5536 1056 5605 appellant.

2221 4309 2277 4356 et
2327 4304 2604 4373 ejiciendo
2636 4306 2910 4374 quosdam
2972 4308 3363 4360 membrorum
3423 4308 3782 4361 abscissioue
3838 4310 3940 4362 de-

2217 4394 2481 4460 turpant;
2523 4392 2800 4462 quosdam
2861 4393 2932 4446 ab
2989 4392 3125 4446 locis
3173 4394 3463 4448 altissimis
3514 4396 3940 4464 praecipitant;

2216 4479 2494 4549 quosdam
2527 4479 2698 4534 etiam
2733 4480 3096 4546 interimunt,
3126 4486 3189 4535 ut
3237 4490 3293 4534 et
3322 4481 3566 4551 injurias
3596 4483 3669 4535 ab
3700 4484 3793 4536 eis
3827 4485 3940 4538 sibi

2214 4566 2400 4620 illatas
2425 4567 2789 4634 ulciscantur,
2823 4575 2878 4622 et
2938 4569 3142 4622 honori
3173 4569 3330 4638 regio
3351 4587 3453 4638 per
3501 4571 3700 4624 omnia
3762 4574 3945 4626 satis-

2214 4654 2436 4710 faciant.
2517 4657 2769 4710 Tandem
2818 4656 2990 4727 hujus
3062 4658 3413 4711 crudelitatis
3478 4658 3669 4711 fervor
3753 4661 3944 4730 Regis

2213 4743 2472 4796 animum
2504 4744 2764 4814 perculit,
2812 4750 2868 4798 et
2911 4745 2983 4798 ad
3015 4745 3484 4799 contradicendas
3513 4745 3812 4815 ejusmodi
3857 4749 3945 4802 in-

2210 4831 2398 4885 sanias
2446 4831 2618 4884 insita
2677 4832 2862 4901 pietas
2911 4832 3230 4887 inclinavit.
3279 4833 3399 4886 Jam
3430 4831 3543 4885 vivi
3601 4833 3942 4899 ducuntur,

2210 4924 2265 4972 et
2303 4920 2425 4990 regi
2482 4921 2882 4988 repraesentati
2943 4921 3000 4974 in
3051 4920 3320 4974 Ecclesia.
3377 4922 3510 4974 Post
3565 4922 3690 4974 haec
3724 4924 3945 4977 civitas

2206 5011 2325 5061 tota
2373 5027 2430 5061 se
2463 5008 2605 5078 Regi
2655 5009 2927 5064 reddidit.
2966 5009 3032 5061 Et
3091 5025 3205 5082 qua
3234 5009 3450 5076 debuit,
3481 5008 3619 5062 fidei
3676 5013 3945 5080 promis-

2206 5095 2363 5149 sione
2397 5112 2500 5166 per
2529 5101 2902 5164 sacramenta,
2938 5111 3040 5166 per
3082 5097 3308 5150 obsides
3360 5097 3657 5167 obligavit.
3694 5099 3947 5154 Interea

2203 5182 2357 5236 fama
2410 5183 2627 5248 volitat,
2680 5185 3026 5238 Bulizlavum
3087 5201 3120 5238 a
3171 5185 3552 5255 Pragensibus
3609 5189 3946 5258 conspira-

2202 5271 2374 5324 tionis
2424 5271 2650 5327 vinculo
2702 5272 2985 5341 colligatis
3041 5272 3476 5343 interemptum,
3539 5278 3593 5325 et
3647 5279 3945 5344 quamvis

2201 5360 2467 5425 mendax,
2503 5360 2699 5413 fideles
2729 5365 2924 5413 tamen
2955 5360 3228 5415 Bulizlavi
3269 5362 3590 5416 exterritat.

2274 5465 2384 5534 (37)
2413 5467 2704 5520 Jaremiro.

2274 5539 2386 5605 (38)
2427 5536 2604 5590 Hodie
2633 5538 2775 5592 Saaz.
2805 5535 3105 5593 Leibnitio.
