4058 6216
208 423 3660 439 «mw—mmwmﬁmy

957 547 1084 618 ΑΙ)
1164 544 1745 630 SEQUENTEM
1827 546 2128 619 VITAM
2206 546 2865 620 PR/EMONITIO.

239 698 394 761 Quod
415 699 535 764 jam
566 713 669 750 non
723 699 882 750 semel
912 700 970 750 in
1023 700 1410 752 Commentario
1440 698 1781 753 observatum
1832 704 1932 765 est,
1970 699 2033 752 id
2072 700 2158 753 hic
2202 699 2373 752 denuo
2408 701 2660 752 lectorum
2691 700 2856 752 oculis
2905 700 3325 767 subjiciendum.
3391 701 3656 768 videlicet,

178 784 268 819 non
316 770 493 820 Vitam
524 770 590 819 ab
620 784 882 835 anonymo
918 770 1002 821 hic
1041 769 1185 833 dari,
1220 783 1312 821 seu
1342 770 1659 821 historicum
1687 769 1740 821 S.
1800 770 2024 823 Henrici
2057 775 2324 834 gestorum
2369 772 2758 835 narrationem,
2789 770 2889 823 sed
2927 786 3129 823 meram
3162 787 3342 824 rerum
3382 774 3665 826 variarum

180 839 246 890 ad
274 839 389 905 ejus
440 841 781 892 sanctitatem
819 845 869 892 et
900 842 957 891 in
996 841 1238 893 ecclesias
1268 841 1690 907 muniﬁcentiam
1740 844 2102 907 spectantium
2156 842 2607 908 compilationem,
2655 856 2816 908 quam
2856 856 3053 908 parum
3102 842 3393 895 admodum
3442 844 3661 897 ordina-

182 916 281 961 tam
312 910 490 962 dicere
534 912 719 961 intrito
744 912 941 975 possis,
971 926 1088 962 cum
1130 912 1289 962 varia
1323 912 1451 963 locis
1480 925 1586 962 non
1631 912 1746 980 suis
1778 911 2055 976 corradat,
2108 913 2508 978 immiscentque
2568 910 2889 977 diplomata,
2934 911 3033 965 diu
3064 918 3187 980 post
3226 913 3415 966 Sancti
3463 914 3668 967 obitum

181 995 209 1052 ᾳ
256 980 599 1047 Ponti/tribus
644 980 902 1034 Clemente
950 982 1001 1033 ll
1065 996 1127 1033 ac
1175 981 1345 1034 Leone
1423 982 1498 1034 IX
1545 986 1594 1033 et
1651 979 1719 1032 ab
1776 980 2019 1034 Henrico
2077 982 2156 1034 Ill
2200 982 2407 1036 Caesare
2457 981 2939 1047 Bambergensibus
3004 979 3268 1045 concessa.
3342 998 3460 1050 quae
3518 984 3669 1052 apud

184 1050 480 1103 Grctserum
510 1054 691 1118 capita
740 1052 820 1112 16,
864 1054 946 1115 17,
1002 1052 1066 1103 18
1095 1055 1145 1103 et
1188 1054 1250 1104 t9
1292 1056 1575 1119 occupant,
1609 1067 1643 1103 a
1687 1052 1841 1105 nobis
1871 1067 2015 1116 vero,
2046 1056 2108 1105 ut
2136 1067 2309 1119 supra
2341 1054 2503 1103 etiam
2558 1053 2880 1122 monuimus,
2929 1054 2989 1104 in
3038 1053 3408 1120 Appendicem
3466 1050 3667 1122 rejecta

178 1127 315 1183 sunt,
358 1125 540 1189 utpote
562 1136 740 1173 rerum
771 1123 1212 1188 qualemcumque
1251 1124 1444 1175 seriem
1482 1122 1783 1176 turbantia.
1840 1125 1950 1178 Nec
2000 1124 2187 1175 minus
2233 1124 2413 1189 inepte
2453 1121 2723 1188 capitibus
2753 1122 2821 1174 24
2850 1127 2899 1175 et
2946 1125 3014 1175 25
3055 1126 3280 1177 intrusz
3324 1127 3451 1177 sunt
3504 1121 3671 1178 Bene-

176 1191 303 1243 dicti
354 1193 417 1245 Ρ.
478 1193 599 1245 VII!
650 1192 860 1253 litterae,
917 1197 1029 1245 tum
1077 1192 1150 1244 ad
1198 1192 1457 1246 Sanctum
1496 1192 1561 1245 de
1602 1194 1945 1260 episcopatus
2000 1194 2423 1260 conﬁrmatione,
2488 1196 2611 1262 tum,
2656 1191 2731 1244 ad
2786 1193 3144 1247 Eberardum.
3213 1197 3453 1262 primum
3510 1197 3670 1249 istius

175 1263 393 1314 ecclesiae
439 1263 756 1325 antistitem,
809 1278 1037 1329 quorum
1083 1263 1273 1315 saltem
1314 1265 1527 1330 primas
1578 1267 1640 1315 ut
1681 1264 1969 1317 minimum
2018 1268 2139 1331 post
2176 1268 2339 1330 caput
2390 1264 2452 1314 15
2508 1261 2796 1315 collocatas
2844 1267 3097 1331 oportuit.
3153 1261 3232 1319 Ne
3291 1266 3465 1330 igitur
3503 1271 3553 1318 et
3610 1283 3669 1320 ea

179 1335 531 1385 instrumenta
562 1334 801 1385 lectorem
829 1336 1097 1386 remorari
1125 1335 1354 1401 possint,
1388 1335 1509 1402 ipsa
1539 1335 1719 1401 primo
1749 1334 1858 1388 Ioco
1893 1337 1951 1387 in
1983 1333 2129 1387 dicta
2168 1332 2464 1402 appendice
2502 1333 2817 1400 referemus,
2848 1340 3039 1386 cetera
3075 1350 3196 1387 vero
3226 1337 3437 1388 intacta
3488 1337 3672 1389 trade-
3771 1350 3781 1357 '

176 1416 301 1454 mus.
337 1403 610 1470 Sequatur
636 1404 821 1470 itaque

1080 1669 1219 1791 S.
1353 1671 2166 1793 HENRICI
2293 1670 2748 1791 VITA

1554 1853 1880 1908 AUCTORE
1929 1852 2274 1907 ANONYMO

938 1976 1110 2029 Edita
1159 1978 1215 2029 in
1270 1977 1462 2035 Surio,
1520 1990 1587 2029 ea:
1638 1973 1824 2029 Jacobi
1880 1972 2121 2028 Gretseri
2178 1974 2330 2026 Dms
2389 1975 2888 2028 Bueeaeexsmus.

729 2197 955 2251 CAPUT
992 2197 1288 2251 PRIMUM.

170 2308 204 2359 S
240 2305 469 2358 Henrici
518 2305 575 2356 in
626 2305 912 2372 imperium
957 2305 1244 2365 successio,
1294 2304 1630 2371 Wolffgangi
1684 2317 1857 2370 appa-

232 2378 385 2439 ritio,
424 2377 577 2427 muni
602 2377 810 2441 ﬁcentia
846 2377 903 2427 in
953 2375 1232 2439 ecclesias,
1261 2376 1488 2427 victoria
1520 2374 1586 2427 de
1624 2373 1855 2437 Sclavis,

1891 2196 1936 2248 Α
1976 2194 2096 2248 lare
2130 2209 2143 2247 :
2204 2194 2436 2248 Intuere
2476 2194 2780 2263 diligenter
2817 2196 3036 2251 litteras
3074 2197 3134 2251 in
3192 2213 3379 2261 muro.
3434 2199 3534 2270 qui
3588 2200 3671 2252 est

1970 2283 2137 2351 juxta
2190 2283 2481 2337 tumulum
2550 2300 2764 2351 meum,
2822 2285 3079 2354 scriptas.
3138 2286 3271 2339 Erat
3317 2291 3509 2340 autem
3568 2286 3672 2353 ibi,

1972 2371 2119 2423 sicut
2169 2369 2494 2438 videbatur,
2555 2372 2835 2441 scriptum
2884 2373 3289 2428 solummodo:
3372 2376 3501 2428 Post
3551 2388 3671 2426 sex.

233 2452 283 2499 et
311 2449 645 2499 restauratio
673 2449 1013 2514 episcopatus
1039 2445 1511 2511 Merseburgensis.

240 2556 286 2605 t.
310 2554 481 2605 Anno
516 2550 584 2604 ab
613 2550 1006 2604 lncarnatione
1044 2549 1273 2603 Domini
1312 2549 1618 2603 millesimo
1670 2548 1859 2618 primo

171 2640 274 2708 (39)
293 2640 366 2693 ab
396 2638 546 2693 Urbe
570 2645 755 2693 autem
776 2639 1006 2693 condita
1031 2638 1334 2692 millesimo
1351 2638 1858 2708 septingentesimo

170 2728 653 2797 quinquagesimo
687 2728 975 2782 secundo:
1027 2727 1233 2781 Ottone
1290 2742 1468 2798 puero
1517 2729 1715 2781 Romae
1772 2726 1860 2779 de-

171 2814 380 2882 functo,
424 2820 652 2869 vacante
681 2815 839 2884 regni
872 2814 1041 2882 solio,
1078 2830 1206 2868 cum
1237 2814 1304 2868 de
1343 2814 1603 2884 principe
1660 2813 1861 2866 subro-

172 2902 355 2971 gando
391 2908 688 2973 ageretur;
724 2904 985 2957 omnium
1028 2907 1176 2966 vota,
1216 2908 1361 2956 nutu
1387 2902 1604 2969 divino,
1632 2901 1697 2955 ad
1732 2917 1864 2954 eum

172 2992 547 3057 inclinantur,
577 2991 675 3062 qui
703 2997 839 3045 tunc
858 2992 918 3045 in
949 3006 1134 3061 regno
1165 2991 1479 3045 habebatur
1508 2990 1862 3061 potissimus.

173 3080 291 3132 Fuit
309 3095 571 3149 namque
602 3095 703 3148 per
731 3080 878 3133 idem
905 3085 1136 3148 tempus
1176 3079 1293 3132 Dux
1328 3078 1696 3132 Bavariorum
1732 3079 1868 3132 Hen-

170 3166 335 3231 ricus,
368 3172 491 3219 tam
518 3166 764 3221 bonitate
795 3182 969 3238 quam
992 3165 1287 3219 nobilitate
1313 3166 1471 3236 regia
1497 3166 1865 3236 conspicuus,

169 3262 221 3307 et
249 3254 530 3308 universa
582 3270 803 3309 morum
846 3255 1149 3308 honestate
1203 3255 1529 3324 praeclarus.
1590 3255 1692 3309 Hic
1749 3253 1870 3306 ini-

166 3344 307 3396 tium
376 3343 679 3412 sapientiae
735 3344 1008 3397 timorem
1070 3342 1294 3396 Domini
1347 3343 1594 3413 pleniter
1642 3347 1869 3396 secutus

166 3436 293 3484 est:
342 3430 452 3501 qui
483 3438 604 3485 erat
650 3432 808 3485 omni
848 3432 1166 3485 litterarum
1227 3433 1416 3486 studio
1476 3431 1869 3502 principaliter

164 3520 447 3585 imbutus,
475 3524 632 3573 totus
674 3536 808 3573 sane
839 3521 951 3573 ﬁde
982 3524 1038 3573 et
1066 3525 1193 3573 actu
1216 3521 1557 3575 Catholicus.
1594 3521 1692 3573 llic
1728 3533 1866 3588 ergo

166 3607 231 3660 ab
262 3607 546 3661 omnibus
576 3609 698 3678 pari
729 3613 860 3661 voto
894 3609 1005 3678 (4-0)
1038 3613 1095 3660 et
1125 3609 1414 3662 communi
1463 3623 1742 3662 consensu
1775 3622 1865 3659 ac-

163 3696 432 3761 cersitur,
495 3694 682 3749 divina
729 3696 934 3765 utique
1003 3695 1341 3764 disponente
1397 3696 1748 3749 clementia:
1803 3697 1867 3747 ut

167 3800 266 3852 per
295 3785 642 3853 temporalis
680 3785 849 3854 regni
892 3784 1206 3853 fastigium,
1238 3784 1308 3839 ad
1365 3785 1590 3838 culmen
1624 3784 1866 3838 caelestis

168 3873 328 3942 regni
370 3872 745 3942 pertingeret.
780 3875 1030 3926 Terrena
1060 3871 1213 3925 enim
1255 3873 1407 3927 bona
1454 3873 1667 3939 omnia,
1720 3873 1868 3925 sicut

167 3975 271 4012 usu
312 3960 475 4013 malo
509 3960 647 4013 alios
690 3976 723 4012 a
780 3960 962 4013 salute
1011 3961 1388 4031 praepediunt,
1446 3961 1527 4015 ita
1564 3961 1706 4015 alios
1760 3975 1866 4014 usu

166 4049 315 4101 bono
346 4049 419 4101 ad
451 4049 694 4101 salutem
728 4053 1087 4119 promovent.

239 4139 291 4188 2.
327 4136 437 4189 Cui
484 4137 725 4190 necdum
799 4136 1036 4190 Caesaris
1074 4136 1159 4189 vel
1202 4136 1564 4208 imperatoris
1618 4135 1867 4206 dignita-

166 4228 281 4276 tem
347 4224 636 4278 obtinenti
687 4223 1325 4295 apparuit'Ratisbonaa
1378 4225 1767 4295 Woltl‘gangus
1810 4223 1871 4277 in

165 4314 396 4366 somnis
428 4312 645 4365 visione
666 4313 766 4365 tali
799 4312 927 4381 (41).
964 4311 1159 4364 Visum
1189 4328 1435 4382 namque
1468 4318 1553 4364 est
1590 4311 1665 4379 ei,
1715 4310 1870 4380 quod

166 4417 418 4454 manens
457 4401 518 4453 in
576 4401 755 4454 sancti
804 4400 1208 4455 Emmerammi
1267 4400 1523 4469 ecclesia,
1575 4399 1873 4453 accederet

165 4489 381 4543 orandi
460 4488 645 4558 gratia
734 4488 806 4542 ad
891 4488 1043 4542 beati
1120 4488 1459 4558 Wolli‘gangi
1522 4489 1868 4558 sepulcrum,

164 4579 221 4631 in
293 4577 505 4631 eadem
562 4577 797 4631 ecclesia
851 4576 1072 4630 situm:
1154 4592 1402 4647 eumque
1482 4576 1691 4630 ibidem
1780 4575 1873 4628 do-

161 4668 396 4721 minum
498 4671 874 4736 sanctumque
957 4664 1299 4736 Woltl‘gangi
1381 4664 1644 4735 precibus
1737 4663 1872 4716 inti-

1975 2457 2265 2527 Evigilans
2315 2475 2445 2513 vero
2501 2462 2620 2515 Rex
2679 2462 2953 2515 Henricus
3010 2462 3349 2516 tractatione
3399 2463 3675 2516 diuturna

1974 2562 2169 2600 secum
2230 2549 2492 2615 revolvit,
2546 2549 2892 2619 paucissima
2948 2550 3122 2620 hujus
3168 2551 3407 2604 visionis
3441 2550 3669 2620 scripta.

1974 2634 2247 2704 Inprimis
2297 2652 2434 2706 ergo
2481 2636 2809 2704 arbitratus,
2842 2638 2993 2709 quod
3040 2643 3170 2708 post
3225 2655 3320 2692 sex
3364 2639 3485 2693 dies
3524 2641 3674 2692 esset

1974 2722 2314 2787 moriturus,
2349 2724 2529 2778 multa
2562 2725 2855 2795 dispensat
2887 2718 3258 2797 pauperibus.
3294 2728 3436 2782 Cum
3481 2731 3675 2781 autem

1976 2826 2074 2864 sex
2102 2810 2329 2866 dierum
2361 2829 2638 2867 numerus
2663 2814 2986 2885 praeteriret
3012 2819 3067 2869 et
3095 2815 3239 2869 nihil
3270 2816 3329 2869 in
3388 2832 3447 2869 se
3473 2832 3674 2886 corpo-

1974 2899 2082 2952 rali
2118 2900 2397 2955 molestiae
2431 2902 2684 2968 sentiret,
2718 2903 2938 2973 putavit
2991 2903 3061 2958 ad
3089 2920 3187 2958 sex
3231 2919 3452 2958 menses
3500 2905 3676 2974 perti-

1976 3003 2136 3042 nere.
2162 2988 2471 3043 Transacto
2500 3006 2636 3043 vero
2667 2990 2836 3061 hujus
2867 2992 3097 3045 numeri
3152 2991 3358 3062 spatio,
3413 2992 3673 3063 nihilque

1976 3075 2037 3129 in
2069 3092 2126 3129 se
2156 3076 2510 3131 inﬁrmitatis
2556 3095 2778 3149 passus,
2828 3079 3136 3133 arbitratus
3167 3079 3318 3134 hunc
3366 3094 3674 3134 numerum

1978 3165 2049 3218 ad
2084 3181 2180 3219 sex
2224 3183 2406 3219 annos
2425 3168 2716 3236 pertinere
2746 3184 2758 3221 :
2782 3167 3031 3239 ideoque
3054 3173 3110 3222 et
3131 3185 3260 3240 quae
3284 3185 3481 3240 supra,
3505 3169 3676 3238 coepit

1979 3253 2203 3307 timere.
2238 3256 2494 3325 Cumque
2530 3272 2624 3309 sex
2652 3271 2935 3310 annorum
2977 3272 3250 3310 numerus
3280 3256 3507 3326 integer
3544 3272 3673 3326 per-

1977 3341 2295 3408 transisset,
2345 3349 2401 3396 et
2460 3343 2691 3413 septimi
2730 3344 2865 3397 anni
2911 3345 3029 3398 dies
3078 3346 3368 3399 revolutus
3407 3345 3673 3411 venisset,

1978 3429 2105 3499 ipso
2138 3429 2229 3484 die
2258 3431 2494 3486 Caesaris
2521 3431 2861 3502 dignitatem
2891 3449 2996 3502 per
3053 3433 3438 3503 Apostolicam
3486 3448 3674 3486 susce-

1977 3517 2058 3588 pit
2144 3518 2622 3572 ohsecrationem.
2666 3520 2825 3572 Tunc
2881 3520 3116 3574 tandem
3192 3521 3443 3575 sentiens
3490 3519 3677 3591 qualis

1976 3609 2127 3658 esset
2164 3622 2266 3658 sua
2321 3605 2487 3671 visio,
2540 3606 2751 3674 gratias
2799 3606 2917 3677 agit
2972 3609 3088 3662 Deo
3138 3614 3447 3680 sanctoque
3486 3608 3676 3661 Wolff-

1977 3710 2187 3764 gango,
2222 3693 2322 3764 qui
2351 3693 2459 3747 sibi
2489 3695 2660 3748 talem
2691 3696 2941 3749 revelare
2985 3696 3249 3767 dignatus
3280 3704 3367 3751 est
3417 3696 3675 3751 sublimi-

1977 3787 2177 3836 tatem.

2052 3873 2101 3924 3.
2141 3872 2352 3925 Unctus
2385 3869 2564 3939 igitur
2592 3870 2645 3923 in
2684 3886 2877 3940 regem
2911 3870 3274 3925 beatissimus
3331 3872 3432 3926 Dei
3484 3872 3677 3925 famu—

1977 3958 2087 4023 lus,
2116 3957 2459 4032 temporalia
2506 3958 2669 4028 regni
2699 3974 2815 4011 non
2865 3964 3163 4012 contentus
3207 3960 3507 4028 angustiis,
3568 3976 3674 4029 pro

1978 4045 2348 4115 adipiscenda
2406 4046 2858 4100 immortalitatis
2933 4063 3163 4113 corona,
3222 4064 3450 4102 summo
3532 4048 3677 4117 Regi

1982 4135 2089 4204 (cui
2146 4136 2355 4189 servire
2406 4151 2647 4206 regnare
2709 4136 2811 4205 est)
2866 4136 3111 4190 militare
3167 4134 3467 4206 disposuit,
3517 4152 3674 4191 sum-

1980 4238 2133 4276 mam
2168 4222 2341 4276 etiam
2370 4222 2727 4293 diligentiam
2773 4224 2831 4277 in
2863 4223 3268 4294 ampliﬁcando
3326 4226 3477 4278 cultu
3540 4225 3676 4278 reli~

1982 4310 2170 4381 gionis
2198 4310 2462 4365 adhibuit
2495 4328 2507 4364 :
2551 4312 2815 4365 ecclesias
2865 4312 3047 4367 ditare
3079 4312 3556 4381 possessionibus,
3620 4318 3675 4366 et

1981 4398 2279 4452 immensis
2363 4398 2662 4452 ornatibus
2729 4414 2940 4469 augere
3015 4398 3201 4469 coepit.
3267 4398 3439 4454 Sedes
3485 4404 3673 4453 autem

1982 4487 2356 4557 episcopales,
2416 4485 2806 4539 Hildensheim
2842 4487 2959 4555 (ubi
2995 4504 3028 4540 a
3073 4503 3255 4555 puero
3313 4489 3563 4541 nutritus
3620 4494 3679 4542 et

1982 4575 2202 4629 litteras
2228 4576 2457 4629 edoctus
2488 4576 2635 4641 fuit),
2701 4576 3030 4646 Madeburg,
3071 4578 3468 4647 Argentinam,
3517 4578 3677 4633 Mise-

1984 4679 2119 4717 nam
2176 4669 2236 4717 et
2314 4663 2674 4718 Merseburch
2740 4665 2887 4733 (quae.
2944 4664 3243 4718 barbarica
3321 4666 3678 4720 immanitate

157 4756 273 4809 mis
341 4760 660 4808 conaretur
707 4769 965 4819 exorare,
1010 4753 1197 4807 subito
1258 4753 1558 4807 videbatur
1612 4751 1665 4805 ei
1750 4750 1871 4821 ipse
1906 4764 1947 4819 ρ
1986 4750 2372 4819 adiacentium
2393 4750 2717 4805 Sclavornm
2743 4755 2973 4805 vastatas
3013 4752 3263 4817 fuerant(
3292 4755 3407 4822 (42)
3462 4758 3676 4807 restau-

155 4845 411 4898 Sanctus
445 4843 674 4897 adstare
705 4848 763 4896 et
815 4841 1148 4912 hujusmodi
1198 4841 1385 4895 verbis
1441 4841 1629 4912 ipsum
1679 4840 1876 4910 appel-

234 5000 361 5080 (39)
399 5000 570 5053 Errat
592 4999 651 5053 in
683 4998 991 5080 principio,
1025 5002 1089 5052 ut
1109 5013 1299 5080 supra.
1321 4997 1455 5080 satis
1476 5000 1739 5050 notatum
1772 4999 1877 5080 est,

161 5067 489 5140 eidemque
539 5067 722 5123 errori
780 5067 1012 5134 insistit,
1092 5067 1229 5140 dum
1286 5068 1523 5121 inferius
1570 5082 1732 5132 num,
1758 5069 1877 5140 “12)

163 5142 220 5195 S.
264 5136 503 5196 Henrici
530 5157 749 5194 annum
789 5156 863 5193 vu
897 5139 1184 5194 connectit
1242 5154 1371 5193 cum
1427 5140 1581 5192 t007.
1645 5154 1702 5191 Ill
1756 5136 1879 5191 Kal.

162 5212 541 5266 Novembris.

233 5284 356 5351 (40)
408 5283 597 5346 Quam
628 5280 845 5335 fuerint
902 5279 1086 5350 patria
1116 5283 1249 5333 vota
1286 5278 1613 5349 Principum
1654 5277 1885 5349 imperii

165 5354 388 5407 melius
421 5354 594 5406 docet
612 5351 981 5406 Adelboldus.

242 5426 290 5491 (1
315 5424 363 5492 ι)
397 5425 531 5477 Haec
562 5428 792 5491 accepta
823 5427 955 5475 sunt
984 5437 1049 5475 ex
1082 5421 1207 5474 Vita
1238 5419 1291 5492 S.
1342 5418 1695 5492 Woltgl'gangi
1718 5418 1884 5492 apud

169 5489 419 5548 Su‘riu'm
476 5496 534 5547 31
576 5489 833 5548 Octobris
886 5508 1048 5546 num.
1085 5493 1176 5545 39.
1249 5491 1420 5544 Porro
1467 5490 1521 5545 S.
1582 5489 1887 5559 Wolti‘gan-

1988 4840 2151 4894 ravit.
2187 4841 2251 4894 Et
2280 4845 2397 4893 tam
2445 4838 2646 4909 ipsius,
2701 4856 2874 4910 quam
2923 4840 3046 4894 aliis
3096 4842 3518 4911 episcopatibus
3580 4856 3681 4911 per

1989 5011 2125 5064 gum
2176 4995 2230 5049 S.
2311 4994 2534 5049 Henrici
2592 4995 2978 5049 institutorem
3043 4996 3235 5062 fuisse,
3316 5000 3513 5049 auctor
3598 5000 3683 5050 est

1990 5066 2324 5121 Ditmarus:
2378 5067 2566 5120 Nutrit
2632 5068 2954 5134 praclarum
3030 5066 3405 5133 Wol/fgangus
3480 5068 3684 5135 przsul

1990 5138 2287 5207 alumnum,
2322 5140 2426 5189 etc.
2471 5135 2710 5207 Reliqua
2762 5137 2873 5191 huc
2913 5137 3224 5207 spectantia
3277 5136 3337 5189 in
3380 5137 3682 5191 Commen-

1990 5207 2134 5261 tario
2158 5206 2306 5259 dicta
2347 5210 2495 5259 sunt.

2064 5277 2177 5346 (42)
2212 5278 2341 5330 Haec
2379 5277 2654 5347 explicata
2694 5276 3014 5347 oportebat,
3047 5276 3093 5329 si
3124 5275 3263 5346 quid
3288 5276 3476 5331 dicere
3508 5278 3688 5332 voluit

1995 5347 2262 5420 confusus
2310 5348 2898 5420 scriptorhomittens
2925 5347 3347 5402 Paderbornam
3395 5348 3454 5403 in
3513 5365 3685 5420 quam

1995 5416 2285 5488 praecipua
2309 5416 2552 5472 contulit
2579 5417 2834 5471 Sanctus.
