4058 6216
404 298 496 350 Hl

1704 284 1759 338 S.
1805 277 2085 335 IlENRICI
2130 277 2604 335 IMPERATORIS

3814 279 3906 329 “'2

399 424 733 480 universum
762 432 1027 491 regnum.
1056 416 1114 470 in
1160 411 1616 485 possessionibus
1663 412 1722 463 et
1774 405 2093 475 ornatibus,
2127 410 2173 461 A
2212 421 2348 460 vero
2388 405 2678 476 principes
2736 401 2990 457 Polouize
3046 408 3101 455 et
3151 400 3416 465 Boemiaa,
3470 405 3908 472 ceterarumque

402 508 849 568 innumerabilia
870 506 1114 561 contulit
1144 498 1731 559 Hildesheimensibus
1793 512 1928 550 vero
1966 511 2095 549 san-

403 608 557 656 ctum
611 596 1000 654 Gotehardum
1053 594 1161 660 (43)
1223 590 1419 643 divina
1456 588 1691 642 edoctus
1748 584 2096 638 revelatione

400 689 675 762 praefecit.
702 686 846 751 Quid
869 692 1057 738 autem
1081 676 1534 748 Merseburgensi
1554 674 1805 728 ecclesia:
1834 688 1950 742 pra:
1971 671 2098 725 aliis

402 761 743 849 specialibus
769 771 1071 827 contulerit
1110 769 1434 822 futurorum
1458 761 1719 817 charitati
1746 761 2010 813 volumus
2030 774 2100 812 ex

401 847 562 939 parte
589 862 903 918 notiticare.
968 860 1096 912 [iam
1128 855 1281 909 enim
1315 852 1551 908 ecclesia
1588 857 1848 919 tempore
1906 847 2099 917 Magni

403 935 835 1017 Dttonis,illius,
854 947 1113 1016 inquam,
1138 942 1236 1014 qui
1260 942 1325 1001 ad
1351 942 1559 1011 Lycum
1583 936 1821 992 fluvium
1846 935 1950 989 sub
1964 951 2097 988 san-

401 1046 490 1093 cto
524 1038 782 1093 Uldarico
811 1034 1136 1087 confessore
1187 1029 1444 1098 Ungaros
1502 1026 1614 1095 (44)
1667 1021 1995 1093 prostravit,
2042 1025 2100 1073 et

400 1143 563 1197 reges
594 1139 816 1188 eorum,
853 1121 1087 1175 Laelium
1120 1117 1384 1171 videlicet
1418 1119 1474 1167 et
1528 1117 1704 1167 Assur
1751 1110 2094 1175 Ratisbonte,

399 1214 760 1286 principibus
787 1213 893 1264 hoc
921 1210 1046 1263 ﬁeri
1080 1203 1562 1276 adjudicantibus,
1596 1201 1658 1254 in
1692 1198 1950 1269 patibulo
1973 1213 2096 1286 rsu-

401 1285 649 1373 spendit,
684 1299 927 1353 assiduis
954 1293 1378 1349 incursionibus
1427 1296 1484 1344 et
1535 1288 1729 1343 hostili
1784 1285 2097 1341 vastatione

402 1391 755 1451 Sclavorum,
788 1387 857 1439 ad
886 1384 1132 1437 nihilum
1165 1381 1390 1434 redacta
1417 1382 1519 1431 est.

473 1481 525 1532 4.
588 1478 652 1530 Et
698 1475 835 1545 quia
891 1468 1181 1524 violentiis
1232 1467 1551 1521 vicinarum
1619 1463 1919 1518 nationum
1983 1476 2098 1514 non

403 1570 631 1636 poterat
660 1563 956 1623 resistere:
1000 1560 1058 1611 in
1098 1555 1573 1627 possessionibus,
1612 1553 1669 1606 in
1709 1551 1985 1620 religione
2044 1554 2101 1603 et

403 1655 462 1707 in
495 1652 782 1716 omnibus,
817 1664 945 1720 quae
977 1646 1042 1701 ad
1074 1643 1461 1716 pontiﬁcalem
1485 1640 1821 1711 dignitatem
1853 1637 2098 1709 pertine-

404 1743 562 1807 bant,
597 1740 827 1811 penitus
875 1735 1048 1805 cospit
1090 1732 1339 1788 deticeri.
1400 1730 1610 1786 Accidit
1669 1733 1859 1782 autem
1891 1732 1955 1780 ut
2003 1742 2101 1779 eo-

404 1831 533 1884 dem
566 1834 823 1898 tempore
876 1820 1375 1894 Magdeburgensis
1401 1818 1655 1873 ecclesia:
1705 1816 2099 1886 Archiepisco-

403 1934 511 1986 pus
559 1916 707 1969 viam
739 1913 1018 1968 universa:
1051 1910 1237 1965 carnis
1299 1907 1719 1978 ingrederetur,
1779 1910 1835 1957 et
1889 1905 2093 1958 Merse-

406 2003 708 2074 burgensis
750 2001 985 2071 praesul,
1044 2004 1278 2069 prOpter
1332 1994 1677 2064 sapientiam
1734 2008 1767 2045 a
1824 1993 1937 2046 Deo
1994 1990 2102 2045 sibi

406 2093 694 2155 collatam,
724 2096 784 2141 ot
830 2094 1062 2157 propter
1093 2085 1300 2136 multas
1333 2082 1593 2146 virtutes,
1665 2078 1875 2150 quibus
1928 2078 2099 2132 ador-

404 2185 573 2233 natus
614 2183 757 2242 erat,
793 2176 863 2230 ob
895 2191 1035 2245 quas
1062 2173 1234 2226 etiam
1265 2168 1459 2225 Ottoni
1499 2184 1711 2238 magno
1743 2166 2100 2237 gratissimus

406 2267 629 2321 extitit:
696 2264 755 2318 in
811 2262 1144 2317 cathedram
1208 2258 1775 2329 Magdeburgensem,
1826 2256 2099 2326 praedicto

406 2356 561 2425 Rege
593 2353 649 2407 id
681 2351 988 2417 efﬁciente,
1044 2352 1483 2418 praeponeretur
1540 2346 1675 2414 (45).
1729 2344 1959 2397 Factum
2014 2349 2101 2397 est

405 2449 619 2509 autem,
636 2445 698 2495 ut
715 2436 1199 2507 Merseburgensis
1219 2435 1577 2505 episcopatus
1595 2431 1823 2502 penitus
1851 2430 2102 2486 destrue-

407 2538 589 2599 retur,
622 2535 680 2583 et
708 2545 837 2599 quae
868 2526 1095 2597 potiora
1120 2530 1283 2577 erant
1307 2523 1460 2576 illius
1490 2519 1737 2575 ecclesia:
1769 2519 1828 2574 in
1849 2520 2097 2591 prmdiis.

404 2621 464 2673 in
504 2615 1002 2679 ministerialibus,
1035 2613 1095 2667 in
1121 2610 1499 2676 ornamentis,
1531 2608 1591 2662 in
1630 2607 1905 2662 ditionem
1947 2609 2099 2677 Mag-

406 2706 786 2777 deburgensis
833 2701 1114 2757 eccclesiae
1160 2700 1627 2762 transferrentur,
1653 2701 1711 2750 et
1766 2696 1836 2750 de
1891 2696 2100 2767 quibus

404 2795 667 2866 reliquiis
728 2791 1174 2863 possessionum,
1236 2804 1365 2859 qua:
1423 2785 1753 2855 Merseburg
1815 2800 2101 2840 remanse-

404 2889 553 2948 rant,
585 2880 813 2935 abbatia
868 2878 1011 2932 inibi
1049 2880 1497 2931 construeretur.
1556 2872 1722 2938 Quod
1760 2872 1968 2927 factum
2003 2889 2097 2927 us-

406 2985 517 3039 que
548 2968 620 3021 ad
668 2974 896 3035 tempus
926 2965 1007 3035 pii
1061 2964 1403 3018 confessoris
1449 2960 1675 3015 Henrici
1726 2959 2098 3016 immutatum
2129 2969 2168 3022 ί]

405 3054 740 3128 permansit.
771 3054 913 3108 Cum
942 3058 1136 3106 autem
1167 3050 1487 3105 convocatis
1534 3049 1686 3102 idem
1718 3049 1838 3102 Rex
1888 3048 2098 3103 Princi~

406 3144 576 3216 pibus
611 3142 776 3213 regni
825 3140 915 3194 sui
970 3140 1380 3208 Quendelburg
1434 3137 1651 3191 curiam
1709 3136 2093 3191 celebrasset:

405 3232 687 3285 universis
716 3231 777 3285 in
806 3229 865 3283 id
894 3229 1084 3298 ipsum
1141 3226 1654 3292 consentientibus,
1716 3224 2007 3280 Poloniam
2042 3231 2098 3280 et

405 3320 721 3385 Boemiam,
753 3322 1104 3388 ceterasque
1143 3316 1474 3371 Sclavorum
1531 3314 1854 3383 adjacentes
1904 3314 2094 3385 regio-

408 3422 532 3476 nes,
557 3423 688 3477 quae
740 3406 883 3460 lines
946 3403 1112 3475 regni
1142 3403 1231 3457 sui
1286 3401 1603 3469 vastabant,
1652 3399 1939 3455 debellare
1987 3399 2097 3455 dis-

448 3496 618 3550 osuit.

448 3512 618 3550 osuit.

403 3512 441 3566 Ρ
477 3587 528 3637 5.
558 3582 913 3651 Congregato
960 3577 1159 3648 itaque
1218 3576 1486 3642 exercitu,
1546 3580 1741 3630 contra
1795 3575 2093 3647 praedictas

405 3670 667 3725 nationes
721 3668 904 3723 aciem
957 3665 1184 3721 direxit.
1243 3666 1309 3719 Et
1363 3664 1576 3718 faciens
1634 3664 1936 3718 transitum
1988 3679 2093 3735 per

401 3762 614 3825 locum,
648 3757 749 3829 qui
781 3755 1049 3810 Walbech
1073 3754 1178 3825 (46)
1210 3753 1435 3821 dicitur,
1470 3752 1727 3823 gladium
1758 3752 1939 3806 sancti
1972 3752 2092 3807 Ad-

399 3849 548 3905 riani
580 3844 865 3918 martyris,
898 3844 999 3917 qui
1022 3859 1127 3914 pro
1170 3841 1407 3913 reliquis
1458 3842 1640 3895 multo
1693 3846 1954 3912 tempore
2011 3841 2092 3895 ibi

399 3938 752 4001 servabatur,
804 3933 1039 4002 accepit.
1102 3931 1223 3995 Quo
1270 3930 1573 3995 accinctus,
1634 3946 1698 3984 ex
1749 3934 1866 3983 toto
1917 3930 2091 3984 corde

400 4044 502 4080 suo
534 4022 801 4078 clamavit
829 4028 886 4075 et
909 4020 1054 4074 dixit
1082 4037 1097 4071 :
1127 4018 1327 4072 Judica
1374 4017 1614 4071 Domine
1644 4022 1916 4070 nocentes
1973 4033 2089 4085 me,

398 4128 665 4184 expugna
711 4110 1118 4177 impugnantes
1181 4121 1295 4170 me,
1352 4104 1720 4174 apprehende
1804 4120 1964 4158 arma
2034 4110 2092 4159 et

398 4207 643 4264 scutum,
680 4202 737 4250 et
766 4211 978 4265 exurge
1037 4194 1095 4245 in
1140 4191 1492 4261 adjutorium
1549 4191 1710 4245 mihi.
1764 4192 1899 4246 Inde
1955 4209 2089 4263 pro-

2207 494 2587 549 Sclavicarum
2619 492 2879 564 gentium
2936 491 3209 561 primates
3264 490 3582 543 Romanum
3650 491 3909 559 Impera-

2215 587 2397 636 torem
2452 598 2580 635 cum
2635 580 2882 634 exercitu
2941 579 3009 632 ad
3065 578 3432 632 debellandos
3490 595 3592 631 eos
3641 579 3908 632 advenire

2207 675 2599 741 cognoverunt
2630 686 2643 722 :
2678 667 3088 721 innumerabili
3122 667 3489 720 multitudine
3530 666 3793 731 collecta,
3848 669 3905 719 in

2210 758 2425 811 bellum
2458 758 2511 810 ei
2568 757 2795 809 obviam
2832 760 3250 824 processerunt.
3292 754 3450 817 Quod
3484 754 3628 822 Regi
3664 753 3762 823 pio
3813 770 3910 823 per

2211 846 2594 917 speculatores
2618 861 2751 898 suos
2790 845 2901 897 cito
2930 844 3202 908 innotuit,
3237 847 3294 895 et
3348 842 3491 895 sicut
3524 842 3585 894 iu
3634 843 3901 895 omnibus

2207 934 2485 1005 angustiis
2516 934 2634 987 suis
2668 933 2902 991 solebat,
2958 932 3025 985 ad
3073 930 3349 984 orationis
3401 946 3564 984 arma
3618 930 3895 999 confugit.

2207 1025 2588 1093 Invocatoque
2620 1038 2792 1092 super
2837 1038 2896 1073 se
2944 1020 3178 1073 nomine
3234 1019 3481 1084 Domini,
3541 1019 3714 1072 beato
3762 1020 3905 1072 Lau-

2207 1109 2416 1176 rentio,
2449 1114 2643 1162 sancto
2673 1108 2935 1178 Georgio,
2998 1112 3053 1160 et
3108 1106 3274 1160 beato
3330 1106 3581 1160 Adriano
3642 1108 3907 1175 martyri-

2209 1199 2337 1263 bus,
2395 1214 2454 1251 se
2520 1213 2805 1268 suumque
2884 1196 3198 1250 exercitum
3272 1196 3694 1266 protegendum
3782 1210 3903 1247 cum

2210 1302 2435 1339 summa
2459 1285 2760 1339 devotione
2791 1283 3095 1337 commisit.

2280 1379 2339 1432 6.
2381 1377 2446 1428 Et
2472 1392 2600 1429 cum
2643 1390 2843 1428 omnes
2870 1372 3239 1444 perceptione
3269 1372 3526 1442 corporis
3556 1376 3614 1424 et
3673 1371 3900 1440 sangui-

2211 1463 2300 1516 nis
2340 1463 2567 1516 Domini
2599 1462 2901 1515 conforlati
2930 1461 3187 1525 fuissent,
3224 1460 3293 1513 ad
3332 1460 3525 1513 locum
3571 1458 3905 1512 certaminis

2210 1555 2516 1605 venerunt.
2568 1551 2671 1604 Ubi
2702 1564 2834 1603 cum
2884 1549 2998 1603 Rex
3026 1548 3226 1601 beatus
3254 1547 3441 1600 verbis
3495 1546 3907 1600 exhortatoriis

2222 1639 2289 1692 ad
2343 1638 2584 1691 viriliter
2640 1637 2929 1707 agendum
2959 1636 3317 1705 singulorum
3358 1635 3584 1688 animos
3613 1635 3904 1699 erexisset,

2216 1726 2415 1780 videns
2444 1726 2924 1779 innumerabilem
2951 1724 3409 1778 adversariorum
3454 1722 3907 1786 multitudinem,

2212 1815 2478 1868 clamavit
2522 1815 2588 1868 ad
2636 1814 2964 1879 Dominum,
3014 1817 3071 1865 et
3121 1812 3248 1865 ait:
3303 1813 3453 1865 Deus
3509 1811 3611 1882 qui
3660 1811 3910 1864 conteris

2210 1903 2359 1957 bella
2389 1904 2459 1957 ab
2509 1903 2698 1969 initio,
2741 1902 2898 1955 eleva
2936 1900 3230 1955 brachium
3260 1906 3424 1953 tuum
3476 1917 3652 1970 super
3717 1906 3911 1971 gentes

2211 1992 2311 2063 qui
2350 1991 2602 2061 cogitant
2630 1991 2807 2044 servis
2852 1990 2967 2043 tuis
2997 1991 3165 2043 mala.
3198 1989 3473 2059 Disperge
3521 1989 3655 2042 illos
3686 1990 3753 2042 in
3812 1989 3911 2042 vir-

2210 2084 2330 2133 tute
2363 2087 2460 2133 tua
2489 2096 2502 2133 :
2548 2086 2603 2132 et
2629 2079 2855 2133 destrue
2888 2094 2984 2131 eos
3014 2082 3300 2146 protector
3331 2093 3515 2131 meus.
3574 2078 3740 2130 Pone
3794 2078 3911 2130 illos

2210 2174 2276 2223 ut
2304 2175 2511 2236 rotam,
2544 2176 2599 2222 et
2618 2169 2762 2221 sicut
2791 2168 3063 2237 stipulam
3094 2172 3226 2220 ante
3285 2166 3487 2220 faciem
3539 2167 3725 2221 venti.
3792 2169 3911 2221 Ha’c

2211 2258 2604 2328 dicensaperti
2632 2262 2767 2310 sunt
2796 2256 2946 2309 oculi
2973 2257 3096 2326 ejus
3135 2260 3189 2308 et
3237 2255 3379 2309 vidit
3431 2255 3717 2324 gloriosos
3764 2273 3908 2311 mar-

2208 2351 2381 2416 tyres,
2429 2345 2735 2413 Georgium
2780 2344 3064 2406 videlicet,
3124 2342 3513 2409 Laurentium,
3561 2344 3906 2411 Adrianum,

2210 2450 2342 2488 cum
2373 2435 2579 2504 angelo
2610 2433 2986 2503 percutiente,
3019 2432 3331 2485 exercitum
3359 2448 3527 2485 suum
3569 2434 3910 2500 prmeeden-

2208 2527 2312 2588 tes,
2342 2528 2399 2576 et
2439 2522 2694 2575 hostium
2734 2536 2943 2575 cuneos
2999 2520 3071 2573 ad
3119 2520 3314 2590 fugam
3368 2520 3789 2590 propellentes.
3854 2523 3913 2574 Et

2158 2632 2170 2637 -
2211 2610 2357 2665 sicut
2384 2610 2664 2664 exercitus
2713 2608 3100 2664 Seunacherib
3159 2608 3228 2662 ab
3288 2609 3491 2677 angelo
3546 2610 3913 2679 percutiente

2210 2699 2490 2754 contritus
2512 2704 2599 2752 est
2635 2703 2692 2752 et
2718 2698 2915 2768 periit;
2950 2697 3030 2751 ita
3060 2702 3118 2750 et
3145 2698 3330 2751 omnis
3382 2697 3777 2752 barbarorum
3810 2699 3913 2752 ista

2210 2786 2516 2841 multitudo
2544 2802 2650 2856 per
2682 2785 2948 2839 virtutem
2981 2784 3081 2838 Dei
3108 2784 3441 2848 conterrita,
3484 2784 3769 2853 projectis
3827 2802 3911 2838 ar-

2210 2875 2320 2929 mis
2367 2875 2490 2928 sine
2547 2873 2826 2927 effusione
2882 2872 3180 2942 sanguinis
3229 2871 3708 2939 Christianorum,
3766 2874 3912 2944 fuga!

2209 2962 2545 3034 praesidium
2594 2962 2873 3033 quaesivit.
2931 2962 3054 3025 Quo
3089 2960 3208 3014 viso
3245 2961 3359 3015 ilex
3411 2966 3664 3026 sanctus,
3724 2963 3912 3016 eleva-

2209 3051 2281 3105 tis
2302 3050 2481 3105 oculis
2510 3054 2566 3104 et
2594 3051 2859 3104 manibus
2887 3050 2947 3103 in
2999 3050 3225 3117 caelum,
3258 3048 3548 3103 benedixit
3606 3050 3730 3103 Deo
3788 3051 3913 3104 caeli

2208 3143 2265 3193 et
2289 3140 2415 3193 ait:
2468 3137 2767 3204 Benedico,
2804 3139 2920 3193 Rex
2965 3138 3092 3192 cceli
3134 3143 3193 3193 et
3250 3142 3439 3204 terres,
3491 3138 3591 3208 qui
3637 3139 3911 3208 superbis

2205 3227 2422 3282 resistis
2441 3232 2499 3281 et
2542 3226 2858 3280 humilibus
2888 3208 3295 3296 das'gratiam:
3355 3225 3457 3295 qui
3509 3226 3773 3280 custodis
3832 3227 3913 3280 di-

2206 3315 2448 3387 ligentes
2487 3321 2542 3370 te
2580 3319 2638 3369 et
2686 3315 3037 3386 glorificatus
3097 3330 3157 3369 es
3200 3314 3260 3368 in
3318 3313 3608 3384 gentibus,
3664 3320 3911 3386 propter

2205 3402 2396 3458 datam
2426 3403 2591 3458 nobis
2620 3403 2690 3457 de
2711 3403 2853 3457 caelo
2880 3402 3203 3457 victoriam.
3242 3401 3414 3456 Victis
3442 3417 3579 3472 ergo
3642 3402 3911 3457 barbaris

2205 3496 2261 3546 et
2289 3508 2416 3563 qua:
2446 3491 2516 3545 ad
2548 3492 2802 3545 futuram
2834 3506 3034 3561 pacem
3088 3491 3359 3561 prodesse
3388 3494 3657 3561 poterant
3686 3490 3906 3546 firmis-

2206 3580 2350 3635 sima
2382 3580 2641 3650 pactione
2674 3579 2957 3644 stabilitis,
2994 3578 3081 3632 vir
3111 3580 3316 3633 Beatus
3365 3594 3497 3632 cum
3546 3578 3666 3632 suis
3696 3579 3765 3633 in
3808 3597 3909 3634 sua

2203 3669 2498 3724 redierunt
2519 3684 2651 3722 cum
2672 3684 2828 3738 pace,
2885 3667 3271 3737 glorificantes
3290 3672 3346 3721 et
3365 3666 3661 3721 laudantes
3693 3668 3905 3733 Deum,

2204 3757 2303 3828 qui
2334 3758 2511 3811 salvat
2541 3762 2836 3827 sperantes
2856 3756 2916 3809 in
2943 3771 3023 3810 se.

2275 3851 2325 3899 7.
2370 3846 2627 3917 Cumque
2679 3844 3193 3899 Christianissimus
3250 3859 3350 3898 rex
3384 3843 3704 3910 Polouiam,
3767 3846 3908 3899 Boe-

2201 3934 2403 4001 miam,
2459 3933 2768 3989 Moraviam
2822 3932 3153 3987 tributarias
3191 3931 3458 3986 fecisset:
3511 3932 3584 3986 ob
3634 3949 3909 3988 reveren-

2201 4021 2341 4076 tiam
2372 4021 2427 4077 S.
2472 4020 2761 4075 Laurentii
2809 4019 3098 4091 martyris,
3149 4019 3640 4073 conculcationem
3694 4025 3757 4074 et
3810 4021 3903 4075 de-

2201 4109 2576 4164 structionem
2649 4108 3133 4178 Merseburgensis
3206 4107 3480 4173 ecciesiae,
3554 4110 3736 4180 erepit
3811 4110 3903 4180 pio

2201 4196 2409 4251 intuitu
2456 4196 2863 4252 misericordiae
2897 4201 2953 4249 et
2972 4195 3197 4267 pietatis
3246 4196 3551 4266 respicere,
3582 4201 3641 4249 et
3671 4196 3751 4250 ad
3817 4197 3903 4251 ni-

398 4303 629 4358 gressus
658 4290 839 4338 castra
875 4285 1118 4335 metatus
1137 4286 1223 4333 est
1250 4280 1311 4333 in
1340 4295 1564 4350 campo,
1604 4280 1700 4334 ubi
1768 4280 2083 4335 Mersebur-
2119 4311 2160 4364 ι)
2202 4284 2383 4339 hilum
2442 4286 2669 4340 redacta
2715 4287 2775 4339 in
2834 4284 3113 4351 aedificiis,
3171 4283 3229 4338 in
3292 4284 3798 4352 ministerialibus,
3850 4286 3904 4338 in

399 4375 592 4446 gensis
622 4370 860 4427 ecclesia
887 4371 997 4423 sita
1018 4373 1122 4434 est,
1154 4374 1211 4423 et
1242 4368 1440 4422 videns
1497 4368 1684 4422 locum
1741 4368 2082 4433 desolatum,

400 4472 457 4517 et
504 4464 565 4516 in
618 4461 864 4515 nihilum
914 4458 1226 4525 redactum,
1284 4457 1568 4526 ingemuit
1621 4461 1679 4511 et
1734 4456 1853 4511 ait:
1917 4460 2085 4513 Beate

399 4551 667 4607 Laurenti
700 4553 916 4618 martyr
947 4546 1178 4613 Christi,
1210 4545 1258 4599 si
1297 4551 1396 4599 tuo
1426 4544 1752 4599 interventu
1804 4545 1906 4600 has
1953 4547 2081 4601 bar-

394 4642 564 4695 baras
595 4638 876 4702 nationes,
908 4635 977 4688 ad
1010 4650 1153 4705 quas
1182 4649 1385 4705 pergo,
1420 4633 1679 4688 Romano
1701 4633 1969 4705 Imperio,
2030 4639 2085 4688 et

395 4727 731 4785 Christianae
772 4722 1040 4795 religioni
1096 4724 1501 4793 subjugavero,
1534 4723 1686 4776 hunc
1739 4722 1925 4776 locum
1982 4722 2081 4777 de-

392 4820 641 4873 solatum
701 4820 799 4870 tuo
865 4810 1086 4867 nomini
1146 4816 1556 4877 consecratum,
1615 4809 1808 4864 divina
1859 4810 2084 4865 favente

391 4907 597 4978 gratia,
652 4904 711 4959 in
743 4900 999 4974 pristinae
1050 4899 1346 4969 dignitatis
1372 4904 1585 4954 statum
1622 4899 1969 4954 reformabo.
2014 4901 2084 4955 Ut

462 5102 577 5169 (43)
610 5099 747 5153 Vide
778 5096 842 5169 in
857 5094 1020 5169 Actis
1040 5096 1074 5149 4
1106 5093 1390 5169 Maiipag.
1422 5095 1545 5169 50§,
1570 5109 1730 5169 num.
1758 5097 1857 5169 μδ.

463 5164 569 5239 (44)
596 5167 944 5223 Describitur
972 5165 1208 5220 victoria
1241 5165 1300 5218 in
1332 5164 1456 5217 Vita
1492 5164 1548 5218 8.
1580 5164 1826 5218 Udalrici
1856 5165 1889 5217 4
1943 5164 2081 5219 Julii

387 5258 478 5313 pa.
515 5241 643 5313 ll0,_
663 5258 697 5293 a
727 5255 886 5313 num.
914 5240 1003 5292 46.

460 5310 571 5382 (45)
612 5309 746 5373 Quae
781 5309 869 5382 hic
900 5310 1207 5382 narrantur
1221 5305 1299 5382 de
1343 5303 2076 5382 translatis__Madeburgum

386 5374 743 5451 episcopatus
781 5378 1263 5451 Merseburgensis
1299 5374 1778 5451 possessionibus,
1812 5391 1927 5429 non
1950 5374 2075 5451 70t-

384 5445 508 5506 toni
556 5445 763 5520 primo,
821 5449 916 5502 sed
971 5445 1243 5520 secundo
1273 5445 1686 5520 adscribendaL
1717 5450 1871 5520 sunt,
1923 5447 2076 5520 unde

387 5515 576 5595 ipsum
626 5525 819 5575 secuta
846 5524 933 5573 est
961 5518 1188 5588 punitio
1213 5518 1283 5573 de
1333 5516 1547 5589 quain
1601 5515 1733 5570 Vita
1792 5517 1847 5571 8.
1905 5517 2074 5570 Adal-

2196 4373 2565 4428 saacularibus
2613 4372 3084 4443 possessionibus,
3162 4372 3222 4426 in
3253 4360 3648 4426 ecclesiasticis
3727 4389 3906 4426 orna-

2196 4461 2428 4526 mentis,
2462 4461 2522 4515 in
2554 4460 2860 4532 pristinum
2907 4461 3151 4530 gradum
3198 4459 3535 4531 pontificalis
3572 4460 3905 4530 dignitatis,

2194 4548 2339 4602 sicut
2374 4551 2484 4603 Deo
2514 4554 2571 4603 et
2625 4553 2819 4602 sancto
2868 4549 3170 4602 Laurentio
3222 4553 3477 4613 voverat,
3531 4548 3762 4603 studuit
3819 4566 3903 4603 re-

2195 4641 2469 4691 staurare.
2507 4639 2619 4691 Nec
2641 4636 2801 4707 prius
2830 4635 2899 4689 ab
2938 4636 3210 4707 operibus
3253 4636 3664 4691 misericordiae
3715 4640 3902 4692 desti-

2195 4724 2266 4780 tit
2294 4726 2669 4797 quoadusque
2696 4741 2824 4779 eam
2876 4724 2947 4778 ad
2992 4724 3292 4795 antiquum
3324 4729 3533 4779 statum
3564 4723 3902 4794 dignitatis,

2193 4817 2250 4867 et
2278 4814 2583 4883 pristinum
2612 4815 2893 4869 honorem
2931 4812 3228 4884 religionis
3265 4829 3330 4867 ex
3385 4813 3613 4882 integro
3673 4814 3902 4883 perdu-

2192 4906 2363 4955 ceret.

2190 5093 2341 5148 berti
2369 5093 2535 5165 ad_23
2567 5093 2777 5164 Aprilis
2823 5110 2945 5165 cap.
2984 5096 3103 5148 190.
3145 5093 3282 5148 Vide
3335 5094 3575 5148 citatum
3632 5094 3761 5149 istic
3826 5098 3891 5151 in

2190 5163 2487 5238 Anuotatis
2533 5163 2908 5238 ‘Ditmarum,
2948 5166 3049 5235 qui
3080 5164 3347 5238 pluribus
3397 5165 3522 5218 aliis
3573 5165 3714 5238 locis
3776 5168 3907 5238 agit

2189 5234 2260 5288 de
2300 5233 2664 5290 restitutione
2707 5233 2980 5305 ejusdem'
3013 5235 3372 5306 episcopatus
3426 5251 3531 5306 per
3583 5236 3639 5290 8.
3679 5233 3904 5292 Henri-

2187 5320 2371 5442 “('25s
2402 5375 2482 5428 De
2514 5375 2778 5430 Walbeck
2799 5380 2855 5429 et
2882 5375 2943 5429 s.
2992 5375 3227 5430 Adriani
3272 5376 3461 5445 gladio
3514 5376 3686 5445 plura
3732 5384 3909 5432 nota-

2187 5445 2270 5502 vit
2303 5447 2613 5511 Gretserus,
2650 5462 2779 5518 qua:
2806 5446 2955 5518 apud
2981 5446 3174 5517 ipsum
3204 5446 3390 5501 videri
3423 5454 3687 5517 possunt.
