  <div class='ocr_page' id='page_1' title='image "/cluster/home/n/w/nwhite01/storage/ocr_20150623/140/hvd.32044054760004/062.png"; bbox 0 0 4028 6206; ppageno 0'>
   <div class='ocr_carea' id='block_1_1' title="bbox 184 302 252 350">
    <p class='ocr_par' dir='ltr' id='par_1_1' title="bbox 184 302 252 350">
     <span class='ocr_line' id='line_1_1' title="bbox 184 302 252 350; baseline -0.044 -3"><span class='ocrx_word' id='word_1_1' title='bbox 184 302 252 350; x_wconf 56' lang='lat' dir='ltr'><strong>lli}</strong></span> 
     </span>
    </p>
   </div>
   <div class='ocr_carea' id='block_1_2' title="bbox 223 408 1859 482">
    <p class='ocr_par' dir='ltr' id='par_1_2' title="bbox 223 408 1859 482">
     <span class='ocr_line' id='line_1_2' title="bbox 223 408 1859 482; baseline -0.001 -14"><span class='ocrx_word' id='word_1_2' title='bbox 223 419 260 469; x_wconf 87' lang='lat'><strong>8.</strong></span> <span class='ocrx_word' id='word_1_3' title='bbox 312 412 534 482; x_wconf 84' lang='lat' dir='ltr'><strong>Denique</strong></span> <span class='ocrx_word' id='word_1_4' title='bbox 577 408 978 479; x_wconf 84' lang='lat' dir='ltr'><strong>Episcopatum</strong></span> <span class='ocrx_word' id='word_1_5' title='bbox 1034 409 1568 478; x_wconf 86' lang='lat' dir='ltr'><strong>Babenbergensem</strong></span> <span class='ocrx_word' id='word_1_6' title='bbox 1604 427 1671 464; x_wconf 84' lang='lat' dir='ltr'><strong>ex</strong></span> <span class='ocrx_word' id='word_1_7' title='bbox 1698 412 1783 464; x_wconf 90' lang='lat' dir='ltr'><strong>int</strong></span> <span class='ocrx_word' id='word_1_8' title='bbox 1815 415 1859 466; x_wconf 74' lang='grc' dir='ltr'><strong>Α</strong></span> 
     </span>
    </p>
   </div>
   <div class='ocr_carea' id='block_1_3' title="bbox 174 498 1790 574">
    <p class='ocr_par' dir='ltr' id='par_1_3' title="bbox 174 498 1790 574">
     <span class='ocr_line' id='line_1_3' title="bbox 174 498 1790 574; baseline -0.002 -18"><span class='ocrx_word' id='word_1_9' title='bbox 174 513 289 574; x_wconf 81' lang='lat' dir='ltr'><strong>tegro</strong></span> <span class='ocrx_word' id='word_1_10' title='bbox 308 502 356 555; x_wconf 92' lang='lat' dir='ltr'><strong>in</strong></span> <span class='ocrx_word' id='word_1_11' title='bbox 379 516 468 553; x_wconf 91' lang='lat' dir='ltr'><strong>suo</strong></span> <span class='ocrx_word' id='word_1_12' title='bbox 496 500 712 552; x_wconf 88' lang='lat' dir='ltr'><strong>domate</strong></span> <span class='ocrx_word' id='word_1_13' title='bbox 766 499 880 567; x_wconf 65' lang='grc'><strong>(47)</strong></span> <span class='ocrx_word' id='word_1_14' title='bbox 912 498 1186 555; x_wconf 79' lang='lat' dir='ltr'><strong>fundavit.</strong></span> <span class='ocrx_word' id='word_1_15' title='bbox 1233 499 1495 552; x_wconf 81' lang='lat' dir='ltr'><strong>terminis</strong></span> <span class='ocrx_word' id='word_1_16' title='bbox 1527 499 1790 553; x_wconf 88' lang='lat' dir='ltr'><strong>videlice-</strong></span> 
     </span>
    </p>
   </div>
   <div class='ocr_carea' id='block_1_4' title="bbox 170 587 1790 660">
    <p class='ocr_par' dir='ltr' id='par_1_4' title="bbox 170 587 1790 660">
     <span class='ocr_line' id='line_1_4' title="bbox 170 587 1790 660; baseline -0.004 -14"><span class='ocrx_word' id='word_1_17' title='bbox 170 595 218 646; x_wconf 86' lang='lat' dir='ltr'><strong>ab</strong></span> <span class='ocrx_word' id='word_1_18' title='bbox 258 590 601 660; x_wconf 88' lang='lat' dir='ltr'><strong>adjacentibus</strong></span> <span class='ocrx_word' id='word_1_19' title='bbox 667 587 1087 657; x_wconf 88' lang='lat' dir='ltr'><strong>episcopatibus</strong></span> <span class='ocrx_word' id='word_1_20' title='bbox 1142 587 1399 656; x_wconf 90' lang='lat' dir='ltr'><strong>legitimo</strong></span> <span class='ocrx_word' id='word_1_21' title='bbox 1456 588 1790 642; x_wconf 88' lang='lat' dir='ltr'><strong>concambio</strong></span> 
     </span>
    </p>
   </div>
   <div class='ocr_carea' id='block_1_5' title="bbox 169 675 1789 746">
    <p class='ocr_par' dir='ltr' id='par_1_5' title="bbox 169 675 1789 746">
     <span class='ocr_line' id='line_1_5' title="bbox 169 675 1789 746; baseline -0.004 -11"><span class='ocrx_word' id='word_1_22' title='bbox 169 677 476 734; x_wconf 77' lang='lat' dir='ltr'><strong>commutatis.</strong></span> <span class='ocrx_word' id='word_1_23' title='bbox 511 675 827 729; x_wconf 77' lang='lat' dir='ltr'><strong>Fundatum</strong></span> <span class='ocrx_word' id='word_1_24' title='bbox 876 691 1007 728; x_wconf 89' lang='lat' dir='ltr'><strong>vero</strong></span> <span class='ocrx_word' id='word_1_25' title='bbox 1066 675 1458 746; x_wconf 79' lang='lat' dir='ltr'><strong>episcopatum</strong></span> <span class='ocrx_word' id='word_1_26' title='bbox 1514 675 1789 746; x_wconf 87' lang='lat' dir='ltr'><strong>principi-</strong></span> 
     </span>
    </p>
   </div>
   <div class='ocr_carea' id='block_1_6' title="bbox 167 763 1790 835">
    <p class='ocr_par' dir='ltr' id='par_1_6' title="bbox 167 763 1790 835">
     <span class='ocr_line' id='line_1_6' title="bbox 167 763 1790 835; baseline -0.002 -16"><span class='ocrx_word' id='word_1_27' title='bbox 167 770 242 820; x_wconf 86' lang='lat' dir='ltr'><strong>bus</strong></span> <span class='ocrx_word' id='word_1_28' title='bbox 284 765 649 835; x_wconf 74' lang='lat' dir='ltr'><strong>Apostolorum</strong></span> <span class='ocrx_word' id='word_1_29' title='bbox 709 763 875 816; x_wconf 89' lang='lat' dir='ltr'><strong>Petro</strong></span> <span class='ocrx_word' id='word_1_30' title='bbox 933 767 990 816; x_wconf 88' lang='lat' dir='ltr'><strong>et</strong></span> <span class='ocrx_word' id='word_1_31' title='bbox 1034 764 1230 826; x_wconf 87' lang='lat' dir='ltr'><strong>Paulo,</strong></span> <span class='ocrx_word' id='word_1_32' title='bbox 1292 770 1348 816; x_wconf 91' lang='lat' dir='ltr'><strong>et</strong></span> <span class='ocrx_word' id='word_1_33' title='bbox 1380 763 1790 832; x_wconf 80' lang='lat' dir='ltr'><strong>pretiosissima</strong></span> 
     </span>
    </p>
   </div>
   <div class='ocr_carea' id='block_1_7' title="bbox 167 851 1790 924">
    <p class='ocr_par' dir='ltr' id='par_1_7' title="bbox 167 851 1790 924">
     <span class='ocr_line' id='line_1_7' title="bbox 167 851 1790 924; baseline -0.004 -15"><span class='ocrx_word' id='word_1_34' title='bbox 167 855 346 924; x_wconf 72' lang='lat' dir='ltr'><strong>martyri</strong></span> <span class='ocrx_word' id='word_1_35' title='bbox 387 851 611 921; x_wconf 88' lang='lat' dir='ltr'><strong>Georgio</strong></span> <span class='ocrx_word' id='word_1_36' title='bbox 666 851 1017 904; x_wconf 88' lang='lat' dir='ltr'><strong>attitulatum</strong></span> <span class='ocrx_word' id='word_1_37' title='bbox 1074 851 1307 920; x_wconf 79' lang='lat' dir='ltr'><strong>speciali</strong></span> <span class='ocrx_word' id='word_1_38' title='bbox 1380 852 1510 921; x_wconf 82' lang='lat' dir='ltr'><strong>jure</strong></span> <span class='ocrx_word' id='word_1_39' title='bbox 1583 858 1790 906; x_wconf 56' lang='lat' dir='ltr'><strong>sanctae.</strong></span> 
     </span>
    </p>
   </div>
   <div class='ocr_carea' id='block_1_8' title="bbox 166 939 1790 1003">
    <p class='ocr_par' dir='ltr' id='par_1_8' title="bbox 166 939 1790 1003">
     <span class='ocr_line' id='line_1_8' title="bbox 166 939 1790 1003; baseline -0.003 -6"><span class='ocrx_word' id='word_1_40' title='bbox 166 947 287 998; x_wconf 83' lang='lat' dir='ltr'><strong>Ilum.</strong></span> <span class='ocrx_word' id='word_1_41' title='bbox 317 939 548 994; x_wconf 72' lang='lat' dir='ltr'><strong>Ecclesia:</strong></span> <span class='ocrx_word' id='word_1_42' title='bbox 577 939 944 1003; x_wconf 86' lang='lat' dir='ltr'><strong>contradidit,</strong></span> <span class='ocrx_word' id='word_1_43' title='bbox 979 943 1044 992; x_wconf 87' lang='lat' dir='ltr'><strong>ut</strong></span> <span class='ocrx_word' id='word_1_44' title='bbox 1073 944 1128 992; x_wconf 87' lang='lat' dir='ltr'><strong>et</strong></span> <span class='ocrx_word' id='word_1_45' title='bbox 1165 939 1368 1001; x_wconf 67' lang='lat' dir='ltr'><strong>prima:</strong></span> <span class='ocrx_word' id='word_1_46' title='bbox 1427 939 1557 993; x_wconf 88' lang='lat' dir='ltr'><strong>Sedi</strong></span> <span class='ocrx_word' id='word_1_47' title='bbox 1625 939 1790 993; x_wconf 90' lang='lat' dir='ltr'><strong>debi-</strong></span> 
     </span>
    </p>
   </div>
   <div class='ocr_carea' id='block_1_9' title="bbox 166 1027 1786 1098">
    <p class='ocr_par' dir='ltr' id='par_1_9' title="bbox 166 1027 1786 1098">
     <span class='ocr_line' id='line_1_9' title="bbox 166 1027 1786 1098; baseline -0.002 -15"><span class='ocrx_word' id='word_1_48' title='bbox 166 1039 254 1084; x_wconf 89' lang='lat' dir='ltr'><strong>tum</strong></span> <span class='ocrx_word' id='word_1_49' title='bbox 302 1027 567 1098; x_wconf 82' lang='lat' dir='ltr'><strong>dignitatis</strong></span> <span class='ocrx_word' id='word_1_50' title='bbox 605 1028 964 1097; x_wconf 82' lang='lat' dir='ltr'><strong>impenderet</strong></span> <span class='ocrx_word' id='word_1_51' title='bbox 1012 1028 1312 1093; x_wconf 87' lang='lat' dir='ltr'><strong>honorem,</strong></span> <span class='ocrx_word' id='word_1_52' title='bbox 1346 1031 1401 1080; x_wconf 89' lang='lat' dir='ltr'><strong>et</strong></span> <span class='ocrx_word' id='word_1_53' title='bbox 1428 1043 1588 1080; x_wconf 88' lang='lat' dir='ltr'><strong>suam</strong></span> <span class='ocrx_word' id='word_1_54' title='bbox 1624 1028 1786 1096; x_wconf 88' lang='lat' dir='ltr'><strong>plan-</strong></span> 
     </span>
    </p>
   </div>
   <div class='ocr_carea' id='block_1_10' title="bbox 165 1116 1786 1185">
    <p class='ocr_par' dir='ltr' id='par_1_10' title="bbox 165 1116 1786 1185">
     <span class='ocr_line' id='line_1_10' title="bbox 165 1116 1786 1185; baseline -0.002 -13"><span class='ocrx_word' id='word_1_55' title='bbox 165 1120 376 1173; x_wconf 86' lang='lat' dir='ltr'><strong>tationem</strong></span> <span class='ocrx_word' id='word_1_56' title='bbox 417 1121 564 1170; x_wconf 89' lang='lat' dir='ltr'><strong>tanto</strong></span> <span class='ocrx_word' id='word_1_57' title='bbox 617 1116 935 1185; x_wconf 88' lang='lat' dir='ltr'><strong>patrocinio</strong></span> <span class='ocrx_word' id='word_1_58' title='bbox 988 1116 1212 1170; x_wconf 89' lang='lat' dir='ltr'><strong>ﬁrmius</strong></span> <span class='ocrx_word' id='word_1_59' title='bbox 1258 1116 1662 1169; x_wconf 82' lang='lat' dir='ltr'><strong>communiret.</strong></span> <span class='ocrx_word' id='word_1_60' title='bbox 1727 1117 1786 1168; x_wconf 93' lang='lat' dir='ltr'><strong>In</strong></span> 
     </span>
    </p>
   </div>
   <div class='ocr_carea' id='block_1_11' title="bbox 167 1204 1788 1275">
    <p class='ocr_par' dir='ltr' id='par_1_11' title="bbox 167 1204 1788 1275">
     <span class='ocr_line' id='line_1_11' title="bbox 167 1204 1788 1275; baseline -0.002 -15"><span class='ocrx_word' id='word_1_61' title='bbox 167 1206 411 1260; x_wconf 86' lang='lat' dir='ltr'><strong>meridiana</strong></span> <span class='ocrx_word' id='word_1_62' title='bbox 438 1221 662 1275; x_wconf 90' lang='lat' dir='ltr'><strong>quoque</strong></span> <span class='ocrx_word' id='word_1_63' title='bbox 695 1210 852 1274; x_wconf 89' lang='lat' dir='ltr'><strong>parte</strong></span> <span class='ocrx_word' id='word_1_64' title='bbox 885 1204 1128 1257; x_wconf 82' lang='lat' dir='ltr'><strong>civitatis</strong></span> <span class='ocrx_word' id='word_1_65' title='bbox 1151 1205 1560 1258; x_wconf 81' lang='lat' dir='ltr'><strong>monasterium</strong></span> <span class='ocrx_word' id='word_1_66' title='bbox 1589 1204 1646 1257; x_wconf 93' lang='lat' dir='ltr'><strong>in</strong></span> <span class='ocrx_word' id='word_1_67' title='bbox 1692 1205 1788 1256; x_wconf 85' lang='lat' dir='ltr'><strong>lio-</strong></span> 
     </span>
    </p>
   </div>
   <div class='ocr_carea' id='block_1_12' title="bbox 165 1292 1786 1365">
    <p class='ocr_par' dir='ltr' id='par_1_12' title="bbox 165 1292 1786 1365">
     <span class='ocr_line' id='line_1_12' title="bbox 165 1292 1786 1365; baseline -0.001 -17"><span class='ocrx_word' id='word_1_68' title='bbox 165 1311 264 1348; x_wconf 89' lang='lat' dir='ltr'><strong>nore</strong></span> <span class='ocrx_word' id='word_1_69' title='bbox 285 1294 330 1348; x_wconf 89' lang='lat' dir='ltr'><strong>S.</strong></span> <span class='ocrx_word' id='word_1_70' title='bbox 361 1293 618 1362; x_wconf 84' lang='lat' dir='ltr'><strong>Stephani</strong></span> <span class='ocrx_word' id='word_1_71' title='bbox 653 1293 1092 1365; x_wconf 76' lang='lat' dir='ltr'><strong>Protomartyris</strong></span> <span class='ocrx_word' id='word_1_72' title='bbox 1149 1293 1252 1345; x_wconf 90' lang='lat' dir='ltr'><strong>sub</strong></span> <span class='ocrx_word' id='word_1_73' title='bbox 1285 1292 1487 1346; x_wconf 88' lang='lat' dir='ltr'><strong>ordine</strong></span> <span class='ocrx_word' id='word_1_74' title='bbox 1515 1293 1786 1346; x_wconf 87' lang='lat' dir='ltr'><strong>canonico</strong></span> 
     </span>
    </p>
   </div>
   <div class='ocr_carea' id='block_1_13' title="bbox 162 1380 1782 1451">
    <p class='ocr_par' dir='ltr' id='par_1_13' title="bbox 162 1380 1782 1451">
     <span class='ocr_line' id='line_1_13' title="bbox 162 1380 1782 1451; baseline -0.001 -16"><span class='ocrx_word' id='word_1_75' title='bbox 162 1388 425 1435; x_wconf 87' lang='lat' dir='ltr'><strong>construens</strong></span> <span class='ocrx_word' id='word_1_76' title='bbox 459 1401 472 1443; x_wconf 88' lang='lat'><strong>;</strong></span> <span class='ocrx_word' id='word_1_77' title='bbox 500 1397 565 1434; x_wconf 86' lang='lat' dir='ltr'><strong>ex</strong></span> <span class='ocrx_word' id='word_1_78' title='bbox 600 1382 777 1434; x_wconf 89' lang='lat' dir='ltr'><strong>altera</strong></span> <span class='ocrx_word' id='word_1_79' title='bbox 810 1397 964 1445; x_wconf 87' lang='lat' dir='ltr'><strong>vero,</strong></span> <span class='ocrx_word' id='word_1_80' title='bbox 988 1381 1095 1434; x_wconf 87' lang='lat' dir='ltr'><strong>hoc</strong></span> <span class='ocrx_word' id='word_1_81' title='bbox 1142 1386 1226 1434; x_wconf 90' lang='lat' dir='ltr'><strong>est</strong></span> <span class='ocrx_word' id='word_1_82' title='bbox 1255 1380 1596 1451; x_wconf 87' lang='lat' dir='ltr'><strong>aquilonari,</strong></span> <span class='ocrx_word' id='word_1_83' title='bbox 1632 1380 1782 1434; x_wconf 86' lang='lat' dir='ltr'><strong>aliud</strong></span> 
     </span>
    </p>
   </div>
   <div class='ocr_carea' id='block_1_14' title="bbox 161 1469 1781 1540">
    <p class='ocr_par' dir='ltr' id='par_1_14' title="bbox 161 1469 1781 1540">
     <span class='ocr_line' id='line_1_14' title="bbox 161 1469 1781 1540; baseline -0.001 -17"><span class='ocrx_word' id='word_1_84' title='bbox 161 1469 496 1524; x_wconf 80' lang='lat' dir='ltr'><strong>monasterium</strong></span> <span class='ocrx_word' id='word_1_85' title='bbox 551 1469 656 1522; x_wconf 87' lang='lat' dir='ltr'><strong>sub</strong></span> <span class='ocrx_word' id='word_1_86' title='bbox 697 1469 1019 1522; x_wconf 84' lang='lat' dir='ltr'><strong>monachali</strong></span> <span class='ocrx_word' id='word_1_87' title='bbox 1085 1470 1286 1540; x_wconf 78' lang='lat' dir='ltr'><strong>regula</strong></span> <span class='ocrx_word' id='word_1_88' title='bbox 1337 1470 1396 1522; x_wconf 91' lang='lat' dir='ltr'><strong>in</strong></span> <span class='ocrx_word' id='word_1_89' title='bbox 1454 1470 1670 1523; x_wconf 86' lang='lat' dir='ltr'><strong>honore</strong></span> <span class='ocrx_word' id='word_1_90' title='bbox 1729 1471 1781 1523; x_wconf 89' lang='lat' dir='ltr'><strong>S.</strong></span> 
     </span>
    </p>
   </div>
   <div class='ocr_carea' id='block_1_15' title="bbox 161 1556 1787 1628">
    <p class='ocr_par' dir='ltr' id='par_1_15' title="bbox 161 1556 1787 1628">
     <span class='ocr_line' id='line_1_15' title="bbox 161 1556 1787 1628; baseline -0.001 -17"><span class='ocrx_word' id='word_1_91' title='bbox 161 1559 378 1612; x_wconf 73' lang='lat' dir='ltr'><strong>Michaelis</strong></span> <span class='ocrx_word' id='word_1_92' title='bbox 412 1557 746 1627; x_wconf 78' lang='lat' dir='ltr'><strong>Archangeli</strong></span> <span class='ocrx_word' id='word_1_93' title='bbox 778 1556 906 1627; x_wconf 77' lang='grc'><strong>(48),</strong></span> <span class='ocrx_word' id='word_1_94' title='bbox 951 1558 1246 1628; x_wconf 85' lang='lat' dir='ltr'><strong>sanctique</strong></span> <span class='ocrx_word' id='word_1_95' title='bbox 1299 1557 1583 1612; x_wconf 89' lang='lat' dir='ltr'><strong>Benedicti</strong></span> <span class='ocrx_word' id='word_1_96' title='bbox 1612 1557 1787 1611; x_wconf 86' lang='lat' dir='ltr'><strong>abba-</strong></span> 
     </span>
    </p>
   </div>
   <div class='ocr_carea' id='block_1_16' title="bbox 160 1643 1784 1715">
    <p class='ocr_par' dir='ltr' id='par_1_16' title="bbox 160 1643 1784 1715">
     <span class='ocr_line' id='line_1_16' title="bbox 160 1643 1784 1715; baseline -0.001 -18"><span class='ocrx_word' id='word_1_97' title='bbox 160 1647 206 1699; x_wconf 85' lang='lat' dir='ltr'><strong>tis</strong></span> <span class='ocrx_word' id='word_1_98' title='bbox 242 1645 579 1707; x_wconf 86' lang='lat' dir='ltr'><strong>constituens,</strong></span> <span class='ocrx_word' id='word_1_99' title='bbox 630 1644 759 1708; x_wconf 91' lang='lat' dir='ltr'><strong>sibi,</strong></span> <span class='ocrx_word' id='word_1_100' title='bbox 813 1660 1049 1714; x_wconf 67' lang='lat' dir='ltr'><strong>suaeque</strong></span> <span class='ocrx_word' id='word_1_101' title='bbox 1097 1643 1313 1698; x_wconf 83' lang='lat' dir='ltr'><strong>civitati</strong></span> <span class='ocrx_word' id='word_1_102' title='bbox 1356 1660 1527 1715; x_wconf 82' lang='lat' dir='ltr'><strong>supra</strong></span> <span class='ocrx_word' id='word_1_103' title='bbox 1559 1645 1784 1699; x_wconf 87' lang='lat' dir='ltr'><strong>Petram</strong></span> 
     </span>
    </p>
   </div>
   <div class='ocr_carea' id='block_1_17' title="bbox 159 1732 1784 1804">
    <p class='ocr_par' dir='ltr' id='par_1_17' title="bbox 159 1732 1784 1804">
     <span class='ocr_line' id='line_1_17' title="bbox 159 1732 1784 1804; baseline -0.001 -18"><span class='ocrx_word' id='word_1_104' title='bbox 159 1733 426 1801; x_wconf 75' lang='lat' dir='ltr'><strong>Apostolica:</strong></span> <span class='ocrx_word' id='word_1_105' title='bbox 455 1732 743 1786; x_wconf 89' lang='lat' dir='ltr'><strong>ﬁrmitatis</strong></span> <span class='ocrx_word' id='word_1_106' title='bbox 767 1732 1042 1796; x_wconf 78' lang='lat' dir='ltr'><strong>fundatae,</strong></span> <span class='ocrx_word' id='word_1_107' title='bbox 1063 1749 1342 1804; x_wconf 90' lang='lat' dir='ltr'><strong>muroque</strong></span> <span class='ocrx_word' id='word_1_108' title='bbox 1374 1738 1429 1787; x_wconf 90' lang='lat' dir='ltr'><strong>et</strong></span> <span class='ocrx_word' id='word_1_109' title='bbox 1453 1749 1784 1803; x_wconf 89' lang='lat' dir='ltr'><strong>propugna-</strong></span> 
     </span>
    </p>
   </div>
   <div class='ocr_carea' id='block_1_18' title="bbox 157 1821 1784 1893">
    <p class='ocr_par' dir='ltr' id='par_1_18' title="bbox 157 1821 1784 1893">
     <span class='ocr_line' id='line_1_18' title="bbox 157 1821 1784 1893; baseline -0.001 -18"><span class='ocrx_word' id='word_1_110' title='bbox 157 1822 257 1875; x_wconf 86' lang='lat' dir='ltr'><strong>culis</strong></span> <span class='ocrx_word' id='word_1_111' title='bbox 282 1821 595 1876; x_wconf 87' lang='lat' dir='ltr'><strong>meritorum</strong></span> <span class='ocrx_word' id='word_1_112' title='bbox 639 1821 696 1875; x_wconf 92' lang='lat' dir='ltr'><strong>S.</strong></span> <span class='ocrx_word' id='word_1_113' title='bbox 739 1821 966 1891; x_wconf 88' lang='lat' dir='ltr'><strong>Georgii</strong></span> <span class='ocrx_word' id='word_1_114' title='bbox 988 1826 1425 1893; x_wconf 88' lang='lat' dir='ltr'><strong>ceterorumque</strong></span> <span class='ocrx_word' id='word_1_115' title='bbox 1459 1826 1784 1876; x_wconf 90' lang='lat' dir='ltr'><strong>sanctorum</strong></span> 
     </span>
    </p>
   </div>
   <div class='ocr_carea' id='block_1_19' title="bbox 159 1910 1786 1980">
    <p class='ocr_par' dir='ltr' id='par_1_19' title="bbox 159 1910 1786 1980">
     <span class='ocr_line' id='line_1_19' title="bbox 159 1910 1786 1980; baseline 0.001 -18"><span class='ocrx_word' id='word_1_116' title='bbox 159 1911 334 1962; x_wconf 69' lang='lat' dir='ltr'><strong>munitae</strong></span> <span class='ocrx_word' id='word_1_117' title='bbox 357 1926 414 1962; x_wconf 90' lang='lat' dir='ltr'><strong>ac</strong></span> <span class='ocrx_word' id='word_1_118' title='bbox 449 1915 731 1964; x_wconf 69' lang='lat' dir='ltr'><strong>exornata:</strong></span> <span class='ocrx_word' id='word_1_119' title='bbox 746 1916 942 1963; x_wconf 89' lang='lat' dir='ltr'><strong>contra</strong></span> <span class='ocrx_word' id='word_1_120' title='bbox 965 1910 1278 1966; x_wconf 90' lang='lat' dir='ltr'><strong>incentivos</strong></span> <span class='ocrx_word' id='word_1_121' title='bbox 1302 1911 1572 1966; x_wconf 86' lang='lat' dir='ltr'><strong>vitiorum</strong></span> <span class='ocrx_word' id='word_1_122' title='bbox 1605 1911 1786 1980; x_wconf 84' lang='lat' dir='ltr'><strong>jacta-</strong></span> 
     </span>
    </p>
   </div>
   <div class='ocr_carea' id='block_1_20' title="bbox 157 1998 1784 2068">
    <p class='ocr_par' dir='ltr' id='par_1_20' title="bbox 157 1998 1784 2068">
     <span class='ocr_line' id='line_1_20' title="bbox 157 1998 1784 2068; baseline 0.001 -18"><span class='ocrx_word' id='word_1_123' title='bbox 157 2003 231 2062; x_wconf 87' lang='lat' dir='ltr'><strong>tus,</strong></span> <span class='ocrx_word' id='word_1_124' title='bbox 258 1998 434 2051; x_wconf 89' lang='lat' dir='ltr'><strong>turrim</strong></span> <span class='ocrx_word' id='word_1_125' title='bbox 452 1998 801 2051; x_wconf 84' lang='lat' dir='ltr'><strong>fortitudinis</strong></span> <span class='ocrx_word' id='word_1_126' title='bbox 830 1998 888 2050; x_wconf 92' lang='lat' dir='ltr'><strong>in</strong></span> <span class='ocrx_word' id='word_1_127' title='bbox 907 1999 1214 2068; x_wconf 86' lang='lat' dir='ltr'><strong>Stephano,</strong></span> <span class='ocrx_word' id='word_1_128' title='bbox 1248 2004 1305 2053; x_wconf 89' lang='lat' dir='ltr'><strong>et</strong></span> <span class='ocrx_word' id='word_1_129' title='bbox 1325 2003 1524 2052; x_wconf 87' lang='lat' dir='ltr'><strong>contra</strong></span> <span class='ocrx_word' id='word_1_130' title='bbox 1553 1998 1784 2068; x_wconf 85' lang='lat' dir='ltr'><strong>refrige-</strong></span> 
     </span>
    </p>
   </div>
   <div class='ocr_carea' id='block_1_21' title="bbox 157 2086 1784 2157">
    <p class='ocr_par' dir='ltr' id='par_1_21' title="bbox 157 2086 1784 2157">
     <span class='ocr_line' id='line_1_21' title="bbox 157 2086 1784 2157; baseline 0.001 -19"><span class='ocrx_word' id='word_1_131' title='bbox 157 2092 295 2139; x_wconf 84' lang='lat' dir='ltr'><strong>rantes</strong></span> <span class='ocrx_word' id='word_1_132' title='bbox 333 2089 488 2139; x_wconf 79' lang='lat' dir='ltr'><strong>flatus</strong></span> <span class='ocrx_word' id='word_1_133' title='bbox 542 2086 718 2152; x_wconf 90' lang='lat' dir='ltr'><strong>illius,</strong></span> <span class='ocrx_word' id='word_1_134' title='bbox 779 2087 879 2157; x_wconf 90' lang='lat' dir='ltr'><strong>qui</strong></span> <span class='ocrx_word' id='word_1_135' title='bbox 912 2090 970 2140; x_wconf 88' lang='lat' dir='ltr'><strong>in</strong></span> <span class='ocrx_word' id='word_1_136' title='bbox 1027 2089 1318 2157; x_wconf 89' lang='lat' dir='ltr'><strong>aquilone,</strong></span> <span class='ocrx_word' id='word_1_137' title='bbox 1379 2088 1528 2142; x_wconf 87' lang='lat' dir='ltr'><strong>unde</strong></span> <span class='ocrx_word' id='word_1_138' title='bbox 1572 2088 1784 2140; x_wconf 91' lang='lat' dir='ltr'><strong>malum</strong></span> 
     </span>
    </p>
   </div>
   <div class='ocr_carea' id='block_1_22' title="bbox 157 2175 1786 2246">
    <p class='ocr_par' dir='ltr' id='par_1_22' title="bbox 157 2175 1786 2246">
     <span class='ocr_line' id='line_1_22' title="bbox 157 2175 1786 2246; baseline 0.001 -19"><span class='ocrx_word' id='word_1_139' title='bbox 157 2190 280 2228; x_wconf 89' lang='lat' dir='ltr'><strong>omne</strong></span> <span class='ocrx_word' id='word_1_140' title='bbox 325 2175 601 2242; x_wconf 88' lang='lat' dir='ltr'><strong>panditur,</strong></span> <span class='ocrx_word' id='word_1_141' title='bbox 659 2175 852 2229; x_wconf 88' lang='lat' dir='ltr'><strong>sedem</strong></span> <span class='ocrx_word' id='word_1_142' title='bbox 904 2191 1116 2245; x_wconf 91' lang='lat' dir='ltr'><strong>ponere</strong></span> <span class='ocrx_word' id='word_1_143' title='bbox 1165 2177 1466 2246; x_wconf 86' lang='lat' dir='ltr'><strong>disposuit,</strong></span> <span class='ocrx_word' id='word_1_144' title='bbox 1501 2176 1786 2246; x_wconf 80' lang='lat' dir='ltr'><strong>refugium</strong></span> 
     </span>
    </p>
   </div>
   <div class='ocr_carea' id='block_1_23' title="bbox 153 2263 1785 2334">
    <p class='ocr_par' dir='ltr' id='par_1_23' title="bbox 153 2263 1785 2334">
     <span class='ocr_line' id='line_1_23' title="bbox 153 2263 1785 2334; baseline 0.001 -18"><span class='ocrx_word' id='word_1_145' title='bbox 153 2270 316 2316; x_wconf 88' lang='lat' dir='ltr'><strong>certum</strong></span> <span class='ocrx_word' id='word_1_146' title='bbox 344 2263 394 2317; x_wconf 92' lang='lat' dir='ltr'><strong>in</strong></span> <span class='ocrx_word' id='word_1_147' title='bbox 423 2265 680 2333; x_wconf 90' lang='lat' dir='ltr'><strong>angelico</strong></span> <span class='ocrx_word' id='word_1_148' title='bbox 723 2264 1066 2334; x_wconf 63' lang='lat' dir='ltr'><strong>praeparavit</strong></span> <span class='ocrx_word' id='word_1_149' title='bbox 1116 2264 1424 2334; x_wconf 61' lang='lat' dir='ltr'><strong>praesidio:</strong></span> <span class='ocrx_word' id='word_1_150' title='bbox 1461 2270 1520 2317; x_wconf 91' lang='lat' dir='ltr'><strong>ut</strong></span> <span class='ocrx_word' id='word_1_151' title='bbox 1569 2283 1600 2318; x_wconf 92' lang='lat' dir='ltr'><strong>a</strong></span> <span class='ocrx_word' id='word_1_152' title='bbox 1651 2266 1785 2319; x_wconf 89' lang='lat' dir='ltr'><strong>dex-</strong></span> 
     </span>
    </p>
   </div>
   <div class='ocr_carea' id='block_1_24' title="bbox 153 2351 1785 2420">
    <p class='ocr_par' dir='ltr' id='par_1_24' title="bbox 153 2351 1785 2420">
     <span class='ocr_line' id='line_1_24' title="bbox 153 2351 1785 2420; baseline 0.002 -17"><span class='ocrx_word' id='word_1_153' title='bbox 153 2351 221 2403; x_wconf 82' lang='lat' dir='ltr'><strong>tris</strong></span> <span class='ocrx_word' id='word_1_154' title='bbox 265 2356 312 2403; x_wconf 90' lang='lat' dir='ltr'><strong>et</strong></span> <span class='ocrx_word' id='word_1_155' title='bbox 363 2369 390 2403; x_wconf 91' lang='lat' dir='ltr'><strong>a</strong></span> <span class='ocrx_word' id='word_1_156' title='bbox 443 2351 690 2404; x_wconf 89' lang='lat' dir='ltr'><strong>sinistris</strong></span> <span class='ocrx_word' id='word_1_157' title='bbox 732 2351 968 2420; x_wconf 73' lang='lat' dir='ltr'><strong>justitias</strong></span> <span class='ocrx_word' id='word_1_158' title='bbox 1012 2352 1186 2405; x_wconf 88' lang='lat' dir='ltr'><strong>armis</strong></span> <span class='ocrx_word' id='word_1_159' title='bbox 1245 2353 1468 2406; x_wconf 66' lang='lat' dir='ltr'><strong>vallata:</strong></span> <span class='ocrx_word' id='word_1_160' title='bbox 1521 2353 1576 2406; x_wconf 93' lang='lat' dir='ltr'><strong>in</strong></span> <span class='ocrx_word' id='word_1_161' title='bbox 1627 2354 1785 2407; x_wconf 92' lang='lat' dir='ltr'><strong>nullo</strong></span> 
     </span>
    </p>
   </div>
   <div class='ocr_carea' id='block_1_25' title="bbox 150 2439 1002 2509">
    <p class='ocr_par' dir='ltr' id='par_1_25' title="bbox 150 2439 1002 2509">
     <span class='ocr_line' id='line_1_25' title="bbox 150 2439 1002 2509; baseline 0.004 -19"><span class='ocrx_word' id='word_1_162' title='bbox 150 2440 332 2492; x_wconf 79' lang='lat' dir='ltr'><strong>sufﬁciat</strong></span> <span class='ocrx_word' id='word_1_163' title='bbox 353 2439 646 2493; x_wconf 87' lang='lat' dir='ltr'><strong>insidiator</strong></span> <span class='ocrx_word' id='word_1_164' title='bbox 675 2440 1002 2509; x_wconf 66' lang='lat' dir='ltr'><strong>praevalere.</strong></span> 
     </span>
    </p>
   </div>
   <div class='ocr_carea' id='block_1_26' title="bbox 223 2527 1784 2596">
    <p class='ocr_par' dir='ltr' id='par_1_26' title="bbox 223 2527 1784 2596">
     <span class='ocr_line' id='line_1_26' title="bbox 223 2527 1784 2596; baseline 0.002 -19"><span class='ocrx_word' id='word_1_165' title='bbox 223 2531 263 2578; x_wconf 77' lang='lat'><strong>9.</strong></span> <span class='ocrx_word' id='word_1_166' title='bbox 311 2527 394 2579; x_wconf 89' lang='lat' dir='ltr'><strong>llis</strong></span> <span class='ocrx_word' id='word_1_167' title='bbox 448 2527 634 2580; x_wconf 89' lang='lat' dir='ltr'><strong>tribus</strong></span> <span class='ocrx_word' id='word_1_168' title='bbox 695 2527 946 2580; x_wconf 79' lang='lat' dir='ltr'><strong>ecclesiis</strong></span> <span class='ocrx_word' id='word_1_169' title='bbox 1031 2531 1228 2596; x_wconf 89' lang='lat' dir='ltr'><strong>postea</strong></span> <span class='ocrx_word' id='word_1_170' title='bbox 1275 2543 1378 2596; x_wconf 90' lang='lat' dir='ltr'><strong>per</strong></span> <span class='ocrx_word' id='word_1_171' title='bbox 1430 2527 1784 2582; x_wconf 89' lang='lat' dir='ltr'><strong>Guntherum</strong></span> 
     </span>
    </p>
   </div>
   <div class='ocr_carea' id='block_1_27' title="bbox 148 2615 1783 2686">
    <p class='ocr_par' dir='ltr' id='par_1_27' title="bbox 148 2615 1783 2686">
     <span class='ocr_line' id='line_1_27' title="bbox 148 2615 1783 2686; baseline 0.002 -21"><span class='ocrx_word' id='word_1_172' title='bbox 148 2615 346 2681; x_wconf 81' lang='lat' dir='ltr'><strong>ejusdem</strong></span> <span class='ocrx_word' id='word_1_173' title='bbox 392 2615 877 2684; x_wconf 85' lang='lat' dir='ltr'><strong>Babenbergensis</strong></span> <span class='ocrx_word' id='word_1_174' title='bbox 929 2615 1079 2670; x_wconf 89' lang='lat' dir='ltr'><strong>sedis</strong></span> <span class='ocrx_word' id='word_1_175' title='bbox 1141 2621 1410 2686; x_wconf 90' lang='lat' dir='ltr'><strong>quartum</strong></span> <span class='ocrx_word' id='word_1_176' title='bbox 1459 2617 1783 2685; x_wconf 67' lang='lat' dir='ltr'><strong>praesulem,</strong></span> 
     </span>
    </p>
   </div>
   <div class='ocr_carea' id='block_1_28' title="bbox 149 2702 1777 2772">
    <p class='ocr_par' dir='ltr' id='par_1_28' title="bbox 149 2702 1777 2772">
     <span class='ocr_line' id='line_1_28' title="bbox 149 2702 1777 2772; baseline 0.003 -20"><span class='ocrx_word' id='word_1_177' title='bbox 149 2707 185 2752; x_wconf 89' lang='lat' dir='ltr'><strong>et</strong></span> <span class='ocrx_word' id='word_1_178' title='bbox 208 2718 284 2770; x_wconf 81' lang='lat' dir='ltr'><strong>per</strong></span> <span class='ocrx_word' id='word_1_179' title='bbox 310 2703 681 2772; x_wconf 90' lang='lat' dir='ltr'><strong>Reginoldum</strong></span> <span class='ocrx_word' id='word_1_180' title='bbox 739 2703 1067 2772; x_wconf 86' lang='lat' dir='ltr'><strong>quemdam,</strong></span> <span class='ocrx_word' id='word_1_181' title='bbox 1129 2703 1315 2756; x_wconf 83' lang='lat' dir='ltr'><strong>virum</strong></span> <span class='ocrx_word' id='word_1_182' title='bbox 1378 2702 1652 2767; x_wconf 85' lang='lat' dir='ltr'><strong>nobilem,</strong></span> <span class='ocrx_word' id='word_1_183' title='bbox 1686 2704 1777 2757; x_wconf 87' lang='lat' dir='ltr'><strong>ad-</strong></span> 
     </span>
    </p>
   </div>
   <div class='ocr_carea' id='block_1_29' title="bbox 145 2789 1784 2860">
    <p class='ocr_par' dir='ltr' id='par_1_29' title="bbox 145 2789 1784 2860">
     <span class='ocr_line' id='line_1_29' title="bbox 145 2789 1784 2860; baseline 0.002 -19"><span class='ocrx_word' id='word_1_184' title='bbox 145 2789 230 2842; x_wconf 87' lang='lat' dir='ltr'><strong>dita</strong></span> <span class='ocrx_word' id='word_1_185' title='bbox 253 2800 323 2843; x_wconf 87' lang='lat' dir='ltr'><strong>est</strong></span> <span class='ocrx_word' id='word_1_186' title='bbox 349 2797 541 2860; x_wconf 87' lang='lat' dir='ltr'><strong>quarta</strong></span> <span class='ocrx_word' id='word_1_187' title='bbox 573 2792 811 2844; x_wconf 86' lang='lat' dir='ltr'><strong>ecclesia</strong></span> <span class='ocrx_word' id='word_1_188' title='bbox 844 2793 952 2859; x_wconf 68' lang='grc'><strong>(49)</strong></span> <span class='ocrx_word' id='word_1_189' title='bbox 986 2792 1045 2844; x_wconf 92' lang='lat' dir='ltr'><strong>in</strong></span> <span class='ocrx_word' id='word_1_190' title='bbox 1093 2792 1310 2845; x_wconf 87' lang='lat' dir='ltr'><strong>honore</strong></span> <span class='ocrx_word' id='word_1_191' title='bbox 1341 2797 1550 2844; x_wconf 66' lang='lat' dir='ltr'><strong>sancta:</strong></span> <span class='ocrx_word' id='word_1_192' title='bbox 1596 2792 1784 2845; x_wconf 75' lang='lat' dir='ltr'><strong>Mariae</strong></span> 
     </span>
    </p>
   </div>
   <div class='ocr_carea' id='block_1_30' title="bbox 146 2877 1786 2949">
    <p class='ocr_par' dir='ltr' id='par_1_30' title="bbox 146 2877 1786 2949">
     <span class='ocr_line' id='line_1_30' title="bbox 146 2877 1786 2949; baseline 0.003 -21"><span class='ocrx_word' id='word_1_193' title='bbox 146 2878 292 2929; x_wconf 86' lang='lat' dir='ltr'><strong>matris</strong></span> <span class='ocrx_word' id='word_1_194' title='bbox 347 2877 562 2932; x_wconf 88' lang='lat' dir='ltr'><strong>Domini</strong></span> <span class='ocrx_word' id='word_1_195' title='bbox 601 2895 613 2932; x_wconf 90' lang='lat'>:</span> <span class='ocrx_word' id='word_1_196' title='bbox 650 2883 705 2932; x_wconf 88' lang='lat' dir='ltr'><strong>et</strong></span> <span class='ocrx_word' id='word_1_197' title='bbox 754 2879 932 2932; x_wconf 88' lang='lat' dir='ltr'><strong>sancti</strong></span> <span class='ocrx_word' id='word_1_198' title='bbox 991 2879 1250 2948; x_wconf 86' lang='lat' dir='ltr'><strong>Cangolﬁ</strong></span> <span class='ocrx_word' id='word_1_199' title='bbox 1309 2878 1571 2949; x_wconf 85' lang='lat' dir='ltr'><strong>martyris</strong></span> <span class='ocrx_word' id='word_1_200' title='bbox 1631 2884 1786 2933; x_wconf 83' lang='lat' dir='ltr'><strong>extra</strong></span> 
     </span>
    </p>
   </div>
   <div class='ocr_carea' id='block_1_31' title="bbox 1819 1689 1857 1741">
    <p class='ocr_par' dir='ltr' id='par_1_31' title="bbox 1819 1689 1857 1741">
     <span class='ocr_line' id='line_1_31' title="bbox 1819 1689 1857 1741; baseline 0 0"><span class='ocrx_word' id='word_1_201' title='bbox 1819 1689 1857 1741; x_wconf 88' lang='grc' dir='ltr'><strong>Β</strong></span> 
     </span>
    </p>
   </div>
   <div class='ocr_carea' id='block_1_32' title="bbox 1752 291 1944 346">
    <p class='ocr_par' dir='ltr' id='par_1_32' title="bbox 1752 291 1944 346">
     <span class='ocr_line' id='line_1_32' title="bbox 1752 291 1944 346; baseline -0.005 -2"><span class='ocrx_word' id='word_1_202' title='bbox 1752 291 1944 346; x_wconf 79' lang='lat' dir='ltr'><strong>ACTA.</strong></span> 
     </span>
    </p>
   </div>
   <div class='ocr_carea' id='block_1_33' title="bbox 3498 291 3598 345">
    <p class='ocr_par' dir='ltr' id='par_1_33' title="bbox 3498 291 3598 345">
     <span class='ocr_line' id='line_1_33' title="bbox 3498 291 3598 345; baseline 0 -1"><span class='ocrx_word' id='word_1_203' title='bbox 3498 291 3598 345; x_wconf 64' lang='lat' dir='ltr'><strong>Hi»</strong></span> 
     </span>
    </p>
   </div>
   <div class='ocr_carea' id='block_1_34' title="bbox 1904 411 3597 481">
    <p class='ocr_par' dir='ltr' id='par_1_34' title="bbox 1904 411 3597 481">
     <span class='ocr_line' id='line_1_34' title="bbox 1904 411 3597 481; baseline -0.001 -15"><span class='ocrx_word' id='word_1_204' title='bbox 1904 413 2123 481; x_wconf 81' lang='lat' dir='ltr'><strong>Regum</strong></span> <span class='ocrx_word' id='word_1_205' title='bbox 2157 412 2460 465; x_wconf 90' lang='lat' dir='ltr'><strong>inserimus</strong></span> <span class='ocrx_word' id='word_1_206' title='bbox 2490 411 2942 465; x_wconf 88' lang='lat' dir='ltr'><strong>conﬁrmationis</strong></span> <span class='ocrx_word' id='word_1_207' title='bbox 2973 411 3240 481; x_wconf 88' lang='lat' dir='ltr'><strong>epistolas</strong></span> <span class='ocrx_word' id='word_1_208' title='bbox 3273 426 3286 464; x_wconf 90' lang='lat'><strong>:</strong></span> <span class='ocrx_word' id='word_1_209' title='bbox 3349 415 3430 475; x_wconf 92' lang='lat' dir='ltr'><strong>ut,</strong></span> <span class='ocrx_word' id='word_1_210' title='bbox 3463 411 3597 480; x_wconf 88' lang='lat' dir='ltr'><strong>quia</strong></span> 
     </span>
    </p>
   </div>
   <div class='ocr_carea' id='block_1_35' title="bbox 1900 499 3592 570">
    <p class='ocr_par' dir='ltr' id='par_1_35' title="bbox 1900 499 3592 570">
     <span class='ocr_line' id='line_1_35' title="bbox 1900 499 3592 570; baseline -0.001 -16"><span class='ocrx_word' id='word_1_211' title='bbox 1900 501 2013 554; x_wconf 92' lang='lat' dir='ltr'><strong>duo</strong></span> <span class='ocrx_word' id='word_1_212' title='bbox 2045 506 2196 565; x_wconf 91' lang='lat' dir='ltr'><strong>sunt,</strong></span> <span class='ocrx_word' id='word_1_213' title='bbox 2229 501 2437 570; x_wconf 90' lang='lat' dir='ltr'><strong>quibus</strong></span> <span class='ocrx_word' id='word_1_214' title='bbox 2477 501 2568 554; x_wconf 90' lang='lat' dir='ltr'><strong>hic</strong></span> <span class='ocrx_word' id='word_1_215' title='bbox 2625 501 2875 553; x_wconf 91' lang='lat' dir='ltr'><strong>mundus</strong></span> <span class='ocrx_word' id='word_1_216' title='bbox 2930 500 3320 570; x_wconf 88' lang='lat' dir='ltr'><strong>principaliter</strong></span> <span class='ocrx_word' id='word_1_217' title='bbox 3357 499 3592 568; x_wconf 89' lang='lat' dir='ltr'><strong>regitur,</strong></span> 
     </span>
    </p>
   </div>
   <div class='ocr_carea' id='block_1_36' title="bbox 1901 588 3596 658">
    <p class='ocr_par' dir='ltr' id='par_1_36' title="bbox 1901 588 3596 658">
     <span class='ocr_line' id='line_1_36' title="bbox 1901 588 3596 658; baseline -0.001 -16"><span class='ocrx_word' id='word_1_218' title='bbox 1901 588 2244 658; x_wconf 89' lang='lat' dir='ltr'><strong>pontiﬁcalis</strong></span> <span class='ocrx_word' id='word_1_219' title='bbox 2283 588 2610 653; x_wconf 86' lang='lat' dir='ltr'><strong>auctoritas,</strong></span> <span class='ocrx_word' id='word_1_220' title='bbox 2665 594 2721 642; x_wconf 91' lang='lat' dir='ltr'><strong>et</strong></span> <span class='ocrx_word' id='word_1_221' title='bbox 2772 588 2978 657; x_wconf 81' lang='lat' dir='ltr'><strong>regalis</strong></span> <span class='ocrx_word' id='word_1_222' title='bbox 3029 593 3296 658; x_wconf 88' lang='lat' dir='ltr'><strong>potestas,</strong></span> <span class='ocrx_word' id='word_1_223' title='bbox 3361 603 3424 640; x_wconf 87' lang='lat' dir='ltr'><strong>ex</strong></span> <span class='ocrx_word' id='word_1_224' title='bbox 3468 592 3596 641; x_wconf 93' lang='lat' dir='ltr'><strong>utro</strong></span> 
     </span>
    </p>
   </div>
   <div class='ocr_carea' id='block_1_37' title="bbox 1899 676 3597 747">
    <p class='ocr_par' dir='ltr' id='par_1_37' title="bbox 1899 676 3597 747">
     <span class='ocr_line' id='line_1_37' title="bbox 1899 676 3597 747; baseline 0 -17"><span class='ocrx_word' id='word_1_225' title='bbox 1899 693 2009 747; x_wconf 92' lang='lat' dir='ltr'><strong>que</strong></span> <span class='ocrx_word' id='word_1_226' title='bbox 2041 678 2245 730; x_wconf 91' lang='lat' dir='ltr'><strong>horum</strong></span> <span class='ocrx_word' id='word_1_227' title='bbox 2277 676 2506 730; x_wconf 77' lang='lat' dir='ltr'><strong>suffulta</strong></span> <span class='ocrx_word' id='word_1_228' title='bbox 2535 693 2567 729; x_wconf 88' lang='lat' dir='ltr'><strong>a</strong></span> <span class='ocrx_word' id='word_1_229' title='bbox 2598 677 2844 730; x_wconf 86' lang='lat' dir='ltr'><strong>dexteris</strong></span> <span class='ocrx_word' id='word_1_230' title='bbox 2873 676 3200 739; x_wconf 88' lang='lat' dir='ltr'><strong>etsinistris,</strong></span> <span class='ocrx_word' id='word_1_231' title='bbox 3234 677 3304 730; x_wconf 91' lang='lat' dir='ltr'><strong>ab</strong></span> <span class='ocrx_word' id='word_1_232' title='bbox 3335 676 3597 730; x_wconf 89' lang='lat' dir='ltr'><strong>omnium</strong></span> 
     </span>
    </p>
   </div>
   <div class='ocr_carea' id='block_1_38' title="bbox 1900 765 3596 835">
    <p class='ocr_par' dir='ltr' id='par_1_38' title="bbox 1900 765 3596 835">
     <span class='ocr_line' id='line_1_38' title="bbox 1900 765 3596 835; baseline -0.001 -17"><span class='ocrx_word' id='word_1_233' title='bbox 1900 766 2164 819; x_wconf 86' lang='lat' dir='ltr'><strong>molestia</strong></span> <span class='ocrx_word' id='word_1_234' title='bbox 2195 765 2623 818; x_wconf 88' lang='lat' dir='ltr'><strong>infestationum</strong></span> <span class='ocrx_word' id='word_1_235' title='bbox 2656 781 2850 819; x_wconf 89' lang='lat' dir='ltr'><strong>secure</strong></span> <span class='ocrx_word' id='word_1_236' title='bbox 2909 771 3260 818; x_wconf 80' lang='lat' dir='ltr'><strong>monstretur</strong></span> <span class='ocrx_word' id='word_1_237' title='bbox 3298 765 3356 818; x_wconf 92' lang='lat' dir='ltr'><strong>in</strong></span> <span class='ocrx_word' id='word_1_238' title='bbox 3386 781 3596 835; x_wconf 85' lang='lat' dir='ltr'><strong>perpe-</strong></span> 
     </span>
    </p>
   </div>
   <div class='ocr_carea' id='block_1_39' title="bbox 1900 853 3593 916">
    <p class='ocr_par' dir='ltr' id='par_1_39' title="bbox 1900 853 3593 916">
     <span class='ocr_line' id='line_1_39' title="bbox 1900 853 3593 916; baseline -0.001 -10"><span class='ocrx_word' id='word_1_239' title='bbox 1900 858 2060 906; x_wconf 90' lang='lat' dir='ltr'><strong>tuum</strong></span> <span class='ocrx_word' id='word_1_240' title='bbox 2125 854 2374 906; x_wconf 87' lang='lat' dir='ltr'><strong>defensa.</strong></span> <span class='ocrx_word' id='word_1_241' title='bbox 2440 854 2667 907; x_wconf 84' lang='lat' dir='ltr'><strong>Dicente</strong></span> <span class='ocrx_word' id='word_1_242' title='bbox 2747 853 2901 907; x_wconf 90' lang='lat' dir='ltr'><strong>enim</strong></span> <span class='ocrx_word' id='word_1_243' title='bbox 2972 854 3210 906; x_wconf 88' lang='lat' dir='ltr'><strong>Domino</strong></span> <span class='ocrx_word' id='word_1_244' title='bbox 3267 853 3593 916; x_wconf 84' lang='lat' dir='ltr'><strong>Salvatore;</strong></span> 
     </span>
    </p>
   </div>
   <div class='ocr_carea' id='block_1_40' title="bbox 1897 941 3594 1011">
    <p class='ocr_par' dir='ltr' id='par_1_40' title="bbox 1897 941 3594 1011">
     <span class='ocr_line' id='line_1_40' title="bbox 1897 941 3594 1011; baseline 0.001 -18"><span class='ocrx_word' id='word_1_245' title='bbox 1897 941 2040 994; x_wconf 91' lang='lat' dir='ltr'><strong>duos</strong></span> <span class='ocrx_word' id='word_1_246' title='bbox 2097 941 2355 995; x_wconf 62' lang='lat' dir='ltr'><strong>Ecclesiae</strong></span> <span class='ocrx_word' id='word_1_247' title='bbox 2414 942 2634 1011; x_wconf 90' lang='lat' dir='ltr'><strong>gladios</strong></span> <span class='ocrx_word' id='word_1_248' title='bbox 2694 942 2972 1009; x_wconf 86' lang='lat' dir='ltr'><strong>sufﬁcere,</strong></span> <span class='ocrx_word' id='word_1_249' title='bbox 3033 957 3278 1011; x_wconf 91' lang='lat' dir='ltr'><strong>quorum</strong></span> <span class='ocrx_word' id='word_1_250' title='bbox 3339 958 3484 994; x_wconf 90' lang='lat' dir='ltr'><strong>unus</strong></span> <span class='ocrx_word' id='word_1_251' title='bbox 3529 941 3594 994; x_wconf 89' lang='lat' dir='ltr'><strong>ad</strong></span> 
     </span>
    </p>
   </div>
   <div class='ocr_carea' id='block_1_41' title="bbox 1898 1028 3600 1099">
    <p class='ocr_par' dir='ltr' id='par_1_41' title="bbox 1898 1028 3600 1099">
     <span class='ocr_line' id='line_1_41' title="bbox 1898 1028 3600 1099; baseline -0.001 -17"><span class='ocrx_word' id='word_1_252' title='bbox 1898 1028 2292 1083; x_wconf 90' lang='lat' dir='ltr'><strong>defensionem</strong></span> <span class='ocrx_word' id='word_1_253' title='bbox 2342 1030 2548 1083; x_wconf 71' lang='lat' dir='ltr'><strong>animm</strong></span> <span class='ocrx_word' id='word_1_254' title='bbox 2603 1045 2666 1082; x_wconf 90' lang='lat' dir='ltr'><strong>ac</strong></span> <span class='ocrx_word' id='word_1_255' title='bbox 2724 1029 2956 1099; x_wconf 87' lang='lat' dir='ltr'><strong>spiritus</strong></span> <span class='ocrx_word' id='word_1_256' title='bbox 3013 1034 3316 1099; x_wconf 88' lang='lat' dir='ltr'><strong>penetrat;</strong></span> <span class='ocrx_word' id='word_1_257' title='bbox 3350 1031 3492 1082; x_wconf 91' lang='lat' dir='ltr'><strong>alter</strong></span> <span class='ocrx_word' id='word_1_258' title='bbox 3518 1029 3600 1081; x_wconf 88' lang='lat' dir='ltr'><strong>in-</strong></span> 
     </span>
    </p>
   </div>
   <div class='ocr_carea' id='block_1_42' title="bbox 1898 1116 3593 1188">
    <p class='ocr_par' dir='ltr' id='par_1_42' title="bbox 1898 1116 3593 1188">
     <span class='ocr_line' id='line_1_42' title="bbox 1898 1116 3593 1188; baseline 0 -19"><span class='ocrx_word' id='word_1_259' title='bbox 1898 1116 2169 1170; x_wconf 80' lang='lat' dir='ltr'><strong>flexibilia</strong></span> <span class='ocrx_word' id='word_1_260' title='bbox 2199 1123 2254 1170; x_wconf 93' lang='lat' dir='ltr'><strong>et</strong></span> <span class='ocrx_word' id='word_1_261' title='bbox 2275 1117 2419 1170; x_wconf 90' lang='lat' dir='ltr'><strong>dura</strong></span> <span class='ocrx_word' id='word_1_262' title='bbox 2447 1119 2622 1171; x_wconf 89' lang='lat' dir='ltr'><strong>corda</strong></span> <span class='ocrx_word' id='word_1_263' title='bbox 2656 1118 2844 1187; x_wconf 86' lang='lat' dir='ltr'><strong>rigore</strong></span> <span class='ocrx_word' id='word_1_264' title='bbox 2876 1135 2978 1170; x_wconf 89' lang='lat' dir='ltr'><strong>suo</strong></span> <span class='ocrx_word' id='word_1_265' title='bbox 3029 1119 3226 1170; x_wconf 89' lang='lat' dir='ltr'><strong>domat</strong></span> <span class='ocrx_word' id='word_1_266' title='bbox 3254 1125 3310 1170; x_wconf 92' lang='lat' dir='ltr'><strong>et</strong></span> <span class='ocrx_word' id='word_1_267' title='bbox 3339 1118 3549 1188; x_wconf 85' lang='lat' dir='ltr'><strong>premit</strong></span> <span class='ocrx_word' id='word_1_268' title='bbox 3581 1134 3593 1169; x_wconf 89' lang='lat'><strong>:</strong></span> 
     </span>
    </p>
   </div>
   <div class='ocr_carea' id='block_1_43' title="bbox 1895 1204 3596 1276">
    <p class='ocr_par' dir='ltr' id='par_1_43' title="bbox 1895 1204 3596 1276">
     <span class='ocr_line' id='line_1_43' title="bbox 1895 1204 3596 1276; baseline 0 -19"><span class='ocrx_word' id='word_1_269' title='bbox 1895 1204 2176 1275; x_wconf 84' lang='lat' dir='ltr'><strong>quidquid</strong></span> <span class='ocrx_word' id='word_1_270' title='bbox 2221 1205 2555 1259; x_wconf 90' lang='lat' dir='ltr'><strong>eorumdem</strong></span> <span class='ocrx_word' id='word_1_271' title='bbox 2611 1206 2932 1276; x_wconf 81' lang='lat' dir='ltr'><strong>gladiorum</strong></span> <span class='ocrx_word' id='word_1_272' title='bbox 2979 1207 3108 1275; x_wconf 87' lang='lat' dir='ltr'><strong>jure</strong></span> <span class='ocrx_word' id='word_1_273' title='bbox 3141 1205 3273 1259; x_wconf 91' lang='lat' dir='ltr'><strong>hinc</strong></span> <span class='ocrx_word' id='word_1_274' title='bbox 3305 1206 3437 1259; x_wconf 92' lang='lat' dir='ltr'><strong>inde</strong></span> <span class='ocrx_word' id='word_1_275' title='bbox 3468 1221 3596 1258; x_wconf 88' lang='lat' dir='ltr'><strong>mu-</strong></span> 
     </span>
    </p>
   </div>
   <div class='ocr_carea' id='block_1_44' title="bbox 1897 1292 3597 1364">
    <p class='ocr_par' dir='ltr' id='par_1_44' title="bbox 1897 1292 3597 1364">
     <span class='ocr_line' id='line_1_44' title="bbox 1897 1292 3597 1364; baseline 0.001 -19"><span class='ocrx_word' id='word_1_276' title='bbox 1897 1292 2072 1360; x_wconf 90' lang='lat' dir='ltr'><strong>nitur,</strong></span> <span class='ocrx_word' id='word_1_277' title='bbox 2108 1297 2324 1348; x_wconf 86' lang='lat' dir='ltr'><strong>constat</strong></span> <span class='ocrx_word' id='word_1_278' title='bbox 2358 1293 2629 1363; x_wconf 87' lang='lat' dir='ltr'><strong>profecto,</strong></span> <span class='ocrx_word' id='word_1_279' title='bbox 2661 1294 2815 1364; x_wconf 92' lang='lat' dir='ltr'><strong>quod</strong></span> <span class='ocrx_word' id='word_1_280' title='bbox 2852 1294 3063 1347; x_wconf 89' lang='lat' dir='ltr'><strong>nullius</strong></span> <span class='ocrx_word' id='word_1_281' title='bbox 3110 1294 3244 1347; x_wconf 90' lang='lat' dir='ltr'><strong>mali</strong></span> <span class='ocrx_word' id='word_1_282' title='bbox 3274 1293 3597 1347; x_wconf 88' lang='lat' dir='ltr'><strong>incursione</strong></span> 
     </span>
    </p>
   </div>
   <div class='ocr_carea' id='block_1_45' title="bbox 1895 1381 3599 1435">
    <p class='ocr_par' dir='ltr' id='par_1_45' title="bbox 1895 1381 3599 1435">
     <span class='ocr_line' id='line_1_45' title="bbox 1895 1381 3599 1435; baseline 0.001 -2"><span class='ocrx_word' id='word_1_283' title='bbox 1895 1381 1964 1434; x_wconf 91' lang='lat' dir='ltr'><strong>ab</strong></span> <span class='ocrx_word' id='word_1_284' title='bbox 1995 1386 2172 1434; x_wconf 89' lang='lat' dir='ltr'><strong>status</strong></span> <span class='ocrx_word' id='word_1_285' title='bbox 2202 1381 2290 1435; x_wconf 91' lang='lat' dir='ltr'><strong>sui</strong></span> <span class='ocrx_word' id='word_1_286' title='bbox 2352 1381 2692 1435; x_wconf 91' lang='lat' dir='ltr'><strong>rectitudine</strong></span> <span class='ocrx_word' id='word_1_287' title='bbox 2746 1381 3133 1435; x_wconf 89' lang='lat' dir='ltr'><strong>labefactetur.</strong></span> <span class='ocrx_word' id='word_1_288' title='bbox 3196 1382 3355 1435; x_wconf 90' lang='lat' dir='ltr'><strong>Prius</strong></span> <span class='ocrx_word' id='word_1_289' title='bbox 3406 1385 3599 1435; x_wconf 89' lang='lat' dir='ltr'><strong>tamen</strong></span> 
     </span>
    </p>
   </div>
   <div class='ocr_carea' id='block_1_46' title="bbox 1896 1467 3598 1538">
    <p class='ocr_par' dir='ltr' id='par_1_46' title="bbox 1896 1467 3598 1538">
     <span class='ocr_line' id='line_1_46' title="bbox 1896 1467 3598 1538; baseline -0.002 -16"><span class='ocrx_word' id='word_1_290' title='bbox 1896 1467 1986 1522; x_wconf 85' lang='lat' dir='ltr'><strong>hic</strong></span> <span class='ocrx_word' id='word_1_291' title='bbox 2013 1470 2266 1522; x_wconf 88' lang='lat' dir='ltr'><strong>chartam</strong></span> <span class='ocrx_word' id='word_1_292' title='bbox 2299 1468 2522 1522; x_wconf 81' lang='lat' dir='ltr'><strong>Ottonis</strong></span> <span class='ocrx_word' id='word_1_293' title='bbox 2551 1467 2705 1522; x_wconf 89' lang='lat' dir='ltr'><strong>tertii</strong></span> <span class='ocrx_word' id='word_1_294' title='bbox 2739 1471 2847 1536; x_wconf 75' lang='lat'><strong>(50)</strong></span> <span class='ocrx_word' id='word_1_295' title='bbox 2895 1468 3252 1538; x_wconf 77' lang='lat' dir='ltr'><strong>Imperatoris</strong></span> <span class='ocrx_word' id='word_1_296' title='bbox 3283 1468 3598 1536; x_wconf 58' lang='lat' dir='ltr'><strong>praescribi-</strong></span> 
     </span>
    </p>
   </div>
   <div class='ocr_carea' id='block_1_47' title="bbox 1898 1555 3601 1627">
    <p class='ocr_par' dir='ltr' id='par_1_47' title="bbox 1898 1555 3601 1627">
     <span class='ocr_line' id='line_1_47' title="bbox 1898 1555 3601 1627; baseline -0.001 -17"><span class='ocrx_word' id='word_1_297' title='bbox 1898 1573 2044 1619; x_wconf 92' lang='lat' dir='ltr'><strong>mus,</strong></span> <span class='ocrx_word' id='word_1_298' title='bbox 2069 1562 2133 1610; x_wconf 92' lang='lat' dir='ltr'><strong>ut</strong></span> <span class='ocrx_word' id='word_1_299' title='bbox 2180 1558 2322 1610; x_wconf 92' lang='lat' dir='ltr'><strong>scire</strong></span> <span class='ocrx_word' id='word_1_300' title='bbox 2366 1557 2710 1621; x_wconf 88' lang='lat' dir='ltr'><strong>volentibus,</strong></span> <span class='ocrx_word' id='word_1_301' title='bbox 2771 1557 3017 1627; x_wconf 90' lang='lat' dir='ltr'><strong>qualiter</strong></span> <span class='ocrx_word' id='word_1_302' title='bbox 3047 1555 3170 1625; x_wconf 91' lang='lat' dir='ltr'><strong>ipse</strong></span> <span class='ocrx_word' id='word_1_303' title='bbox 3201 1556 3356 1608; x_wconf 91' lang='lat' dir='ltr'><strong>locus</strong></span> <span class='ocrx_word' id='word_1_304' title='bbox 3392 1556 3601 1609; x_wconf 85' lang='lat' dir='ltr'><strong>Baben-</strong></span> 
     </span>
    </p>
   </div>
   <div class='ocr_carea' id='block_1_48' title="bbox 1895 1645 3601 1714">
    <p class='ocr_par' dir='ltr' id='par_1_48' title="bbox 1895 1645 3601 1714">
     <span class='ocr_line' id='line_1_48' title="bbox 1895 1645 3601 1714; baseline -0.002 -14"><span class='ocrx_word' id='word_1_305' title='bbox 1895 1645 2191 1714; x_wconf 90' lang='lat' dir='ltr'><strong>bergensis</strong></span> <span class='ocrx_word' id='word_1_306' title='bbox 2247 1645 2305 1698; x_wconf 91' lang='lat' dir='ltr'><strong>in</strong></span> <span class='ocrx_word' id='word_1_307' title='bbox 2369 1645 2647 1699; x_wconf 90' lang='lat' dir='ltr'><strong>ditionem</strong></span> <span class='ocrx_word' id='word_1_308' title='bbox 2702 1645 2882 1700; x_wconf 85' lang='lat' dir='ltr'><strong>sancti</strong></span> <span class='ocrx_word' id='word_1_309' title='bbox 2940 1645 3109 1714; x_wconf 89' lang='lat' dir='ltr'><strong>Regis</strong></span> <span class='ocrx_word' id='word_1_310' title='bbox 3168 1645 3487 1708; x_wconf 90' lang='lat' dir='ltr'><strong>obvenerit,</strong></span> <span class='ocrx_word' id='word_1_311' title='bbox 3532 1659 3601 1697; x_wconf 90' lang='lat' dir='ltr'><strong>ex</strong></span> 
     </span>
    </p>
   </div>
   <div class='ocr_carea' id='block_1_49' title="bbox 1897 1733 3150 1804">
    <p class='ocr_par' dir='ltr' id='par_1_49' title="bbox 1897 1733 3150 1804">
     <span class='ocr_line' id='line_1_49' title="bbox 1897 1733 3150 1804; baseline -0.001 -16"><span class='ocrx_word' id='word_1_312' title='bbox 1897 1735 2096 1788; x_wconf 90' lang='lat' dir='ltr'><strong>eadem</strong></span> <span class='ocrx_word' id='word_1_313' title='bbox 2127 1734 2560 1804; x_wconf 90' lang='lat' dir='ltr'><strong>conscriptionis</strong></span> <span class='ocrx_word' id='word_1_314' title='bbox 2591 1734 2802 1803; x_wconf 80' lang='lat' dir='ltr'><strong>pagina</strong></span> <span class='ocrx_word' id='word_1_315' title='bbox 2832 1733 3150 1802; x_wconf 87' lang='lat' dir='ltr'><strong>colligatur.</strong></span> 
     </span>
    </p>
   </div>
   <div class='ocr_carea' id='block_1_50' title="bbox 1976 1819 3592 1876">
    <p class='ocr_par' dir='ltr' id='par_1_50' title="bbox 1976 1819 3592 1876">
     <span class='ocr_line' id='line_1_50' title="bbox 1976 1819 3592 1876; baseline -0.001 0"><span class='ocrx_word' id='word_1_316' title='bbox 1976 1827 2059 1876; x_wconf 91' lang='lat' dir='ltr'><strong>ll.</strong></span> <span class='ocrx_word' id='word_1_317' title='bbox 2123 1824 2184 1876; x_wconf 93' lang='lat' dir='ltr'><strong>In</strong></span> <span class='ocrx_word' id='word_1_318' title='bbox 2244 1823 2476 1876; x_wconf 87' lang='lat' dir='ltr'><strong>nomine</strong></span> <span class='ocrx_word' id='word_1_319' title='bbox 2529 1827 2735 1876; x_wconf 66' lang='lat' dir='ltr'><strong>sancta:</strong></span> <span class='ocrx_word' id='word_1_320' title='bbox 2791 1826 2846 1874; x_wconf 91' lang='lat' dir='ltr'><strong>et</strong></span> <span class='ocrx_word' id='word_1_321' title='bbox 2908 1820 3220 1875; x_wconf 72' lang='lat' dir='ltr'><strong>individua:</strong></span> <span class='ocrx_word' id='word_1_322' title='bbox 3252 1819 3592 1874; x_wconf 87' lang='lat' dir='ltr'><strong>Trinitatis:</strong></span> 
     </span>
    </p>
   </div>
   <div class='ocr_carea' id='block_1_51' title="bbox 1899 1910 3602 1981">
    <p class='ocr_par' dir='ltr' id='par_1_51' title="bbox 1899 1910 3602 1981">
     <span class='ocr_line' id='line_1_51' title="bbox 1899 1910 3602 1981; baseline -0.002 -15"><span class='ocrx_word' id='word_1_323' title='bbox 1899 1911 2027 1967; x_wconf 84' lang='lat' dir='ltr'><strong>Otto</strong></span> <span class='ocrx_word' id='word_1_324' title='bbox 2051 1910 2242 1965; x_wconf 89' lang='lat' dir='ltr'><strong>divina</strong></span> <span class='ocrx_word' id='word_1_325' title='bbox 2293 1910 2650 1981; x_wconf 78' lang='lat' dir='ltr'><strong>providentia</strong></span> <span class='ocrx_word' id='word_1_326' title='bbox 2713 1911 3030 1981; x_wconf 88' lang='lat' dir='ltr'><strong>Imperator</strong></span> <span class='ocrx_word' id='word_1_327' title='bbox 3060 1913 3370 1979; x_wconf 85' lang='lat' dir='ltr'><strong>Augustus.</strong></span> <span class='ocrx_word' id='word_1_328' title='bbox 3427 1910 3602 1962; x_wconf 81' lang='lat' dir='ltr'><strong>Nove-</strong></span> 
     </span>
    </p>
   </div>
   <div class='ocr_carea' id='block_1_52' title="bbox 1898 1998 3601 2070">
    <p class='ocr_par' dir='ltr' id='par_1_52' title="bbox 1898 1998 3601 2070">
     <span class='ocr_line' id='line_1_52' title="bbox 1898 1998 3601 2070; baseline -0.002 -16"><span class='ocrx_word' id='word_1_329' title='bbox 1898 1999 2012 2054; x_wconf 87' lang='lat' dir='ltr'><strong>rint</strong></span> <span class='ocrx_word' id='word_1_330' title='bbox 2043 2016 2240 2054; x_wconf 89' lang='lat' dir='ltr'><strong>omnes</strong></span> <span class='ocrx_word' id='word_1_331' title='bbox 2301 2000 2480 2054; x_wconf 90' lang='lat' dir='ltr'><strong>nostri</strong></span> <span class='ocrx_word' id='word_1_332' title='bbox 2533 2000 2747 2064; x_wconf 91' lang='lat' dir='ltr'><strong>ﬁdeles,</strong></span> <span class='ocrx_word' id='word_1_333' title='bbox 2817 2004 3129 2070; x_wconf 64' lang='lat' dir='ltr'><strong>praesentes</strong></span> <span class='ocrx_word' id='word_1_334' title='bbox 3187 1998 3398 2053; x_wconf 90' lang='lat' dir='ltr'><strong>scilicet</strong></span> <span class='ocrx_word' id='word_1_335' title='bbox 3427 2004 3482 2051; x_wconf 92' lang='lat' dir='ltr'><strong>et</strong></span> <span class='ocrx_word' id='word_1_336' title='bbox 3513 1999 3601 2051; x_wconf 85' lang='lat' dir='ltr'><strong>fu-</strong></span> 
     </span>
    </p>
   </div>
   <div class='ocr_carea' id='block_1_53' title="bbox 1899 2085 3600 2157">
    <p class='ocr_par' dir='ltr' id='par_1_53' title="bbox 1899 2085 3600 2157">
     <span class='ocr_line' id='line_1_53' title="bbox 1899 2085 3600 2157; baseline -0.002 -17"><span class='ocrx_word' id='word_1_337' title='bbox 1899 2087 2036 2148; x_wconf 89' lang='lat' dir='ltr'><strong>turi,</strong></span> <span class='ocrx_word' id='word_1_338' title='bbox 2061 2087 2306 2157; x_wconf 90' lang='lat' dir='ltr'><strong>qualiter</strong></span> <span class='ocrx_word' id='word_1_339' title='bbox 2326 2103 2430 2139; x_wconf 90' lang='lat' dir='ltr'><strong>nos</strong></span> <span class='ocrx_word' id='word_1_340' title='bbox 2461 2087 2531 2140; x_wconf 92' lang='lat' dir='ltr'><strong>ob</strong></span> <span class='ocrx_word' id='word_1_341' title='bbox 2587 2087 2971 2140; x_wconf 88' lang='lat' dir='ltr'><strong>interventum</strong></span> <span class='ocrx_word' id='word_1_342' title='bbox 3004 2085 3390 2140; x_wconf 77' lang='lat' dir='ltr'><strong>dilectissimre</strong></span> <span class='ocrx_word' id='word_1_343' title='bbox 3439 2085 3600 2155; x_wconf 84' lang='lat' dir='ltr'><strong>geni-</strong></span> 
     </span>
    </p>
   </div>
   <div class='ocr_carea' id='block_1_54' title="bbox 1899 2174 3602 2243">
    <p class='ocr_par' dir='ltr' id='par_1_54' title="bbox 1899 2174 3602 2243">
     <span class='ocr_line' id='line_1_54' title="bbox 1899 2174 3602 2243; baseline -0.002 -15"><span class='ocrx_word' id='word_1_344' title='bbox 1899 2175 2053 2229; x_wconf 78' lang='lat' dir='ltr'><strong>tricis</strong></span> <span class='ocrx_word' id='word_1_345' title='bbox 2108 2181 2316 2229; x_wconf 65' lang='lat' dir='ltr'><strong>nostrae</strong></span> <span class='ocrx_word' id='word_1_346' title='bbox 2374 2174 2725 2240; x_wconf 70' lang='lat' dir='ltr'><strong>Adelheidaa,</strong></span> <span class='ocrx_word' id='word_1_347' title='bbox 2795 2190 2922 2227; x_wconf 89' lang='lat' dir='ltr'><strong>caro</strong></span> <span class='ocrx_word' id='word_1_348' title='bbox 2955 2175 3149 2243; x_wconf 90' lang='lat' dir='ltr'><strong>nepoti</strong></span> <span class='ocrx_word' id='word_1_349' title='bbox 3200 2181 3390 2227; x_wconf 86' lang='lat' dir='ltr'><strong>nostro</strong></span> <span class='ocrx_word' id='word_1_350' title='bbox 3424 2177 3602 2228; x_wconf 89' lang='lat' dir='ltr'><strong>Bava-</strong></span> 
     </span>
    </p>
   </div>
   <div class='ocr_carea' id='block_1_55' title="bbox 1901 2261 3604 2332">
    <p class='ocr_par' dir='ltr' id='par_1_55' title="bbox 1901 2261 3604 2332">
     <span class='ocr_line' id='line_1_55' title="bbox 1901 2261 3604 2332; baseline -0.001 -17"><span class='ocrx_word' id='word_1_351' title='bbox 1901 2263 2118 2318; x_wconf 90' lang='lat' dir='ltr'><strong>riorum</strong></span> <span class='ocrx_word' id='word_1_352' title='bbox 2181 2265 2317 2317; x_wconf 91' lang='lat' dir='ltr'><strong>Duci</strong></span> <span class='ocrx_word' id='word_1_353' title='bbox 2375 2262 2639 2317; x_wconf 82' lang='lat' dir='ltr'><strong>Heinrico</strong></span> <span class='ocrx_word' id='word_1_354' title='bbox 2693 2262 2982 2332; x_wconf 90' lang='lat' dir='ltr'><strong>quoddam</strong></span> <span class='ocrx_word' id='word_1_355' title='bbox 3024 2261 3174 2330; x_wconf 84' lang='lat' dir='ltr'><strong>juris</strong></span> <span class='ocrx_word' id='word_1_356' title='bbox 3225 2262 3405 2314; x_wconf 92' lang='lat' dir='ltr'><strong>nostri</strong></span> <span class='ocrx_word' id='word_1_357' title='bbox 3464 2277 3604 2330; x_wconf 74' lang='lat' dir='ltr'><strong>prae-</strong></span> 
     </span>
    </p>
   </div>
   <div class='ocr_carea' id='block_1_56' title="bbox 1898 2349 3598 2420">
    <p class='ocr_par' dir='ltr' id='par_1_56' title="bbox 1898 2349 3598 2420">
     <span class='ocr_line' id='line_1_56' title="bbox 1898 2349 3598 2420; baseline -0.002 -15"><span class='ocrx_word' id='word_1_358' title='bbox 1898 2351 2078 2419; x_wconf 89' lang='lat' dir='ltr'><strong>dium,</strong></span> <span class='ocrx_word' id='word_1_359' title='bbox 2138 2351 2424 2406; x_wconf 90' lang='lat' dir='ltr'><strong>civitatem</strong></span> <span class='ocrx_word' id='word_1_360' title='bbox 2492 2350 2756 2406; x_wconf 86' lang='lat' dir='ltr'><strong>videlicet</strong></span> <span class='ocrx_word' id='word_1_361' title='bbox 2816 2349 3150 2420; x_wconf 88' lang='lat' dir='ltr'><strong>Babenberg</strong></span> <span class='ocrx_word' id='word_1_362' title='bbox 3219 2349 3598 2413; x_wconf 86' lang='lat' dir='ltr'><strong>nominatam,</strong></span> 
     </span>
    </p>
   </div>
   <div class='ocr_carea' id='block_1_57' title="bbox 1897 2438 3600 2510">
    <p class='ocr_par' dir='ltr' id='par_1_57' title="bbox 1897 2438 3600 2510">
     <span class='ocr_line' id='line_1_57' title="bbox 1897 2438 3600 2510; baseline -0.002 -16"><span class='ocrx_word' id='word_1_363' title='bbox 1897 2457 2027 2494; x_wconf 91' lang='lat' dir='ltr'><strong>cum</strong></span> <span class='ocrx_word' id='word_1_364' title='bbox 2087 2441 2352 2494; x_wconf 86' lang='lat' dir='ltr'><strong>omnibus</strong></span> <span class='ocrx_word' id='word_1_365' title='bbox 2420 2442 2486 2494; x_wconf 91' lang='lat' dir='ltr'><strong>ad</strong></span> <span class='ocrx_word' id='word_1_366' title='bbox 2561 2441 2707 2494; x_wconf 90' lang='lat' dir='ltr'><strong>hanc</strong></span> <span class='ocrx_word' id='word_1_367' title='bbox 2763 2439 3195 2510; x_wconf 88' lang='lat' dir='ltr'><strong>respicientibus</strong></span> <span class='ocrx_word' id='word_1_368' title='bbox 3255 2443 3310 2491; x_wconf 90' lang='lat' dir='ltr'><strong>et</strong></span> <span class='ocrx_word' id='word_1_369' title='bbox 3355 2438 3600 2491; x_wconf 76' lang='lat' dir='ltr'><strong>Nemkin</strong></span> 
     </span>
    </p>
   </div>
   <div class='ocr_carea' id='block_1_58' title="bbox 1903 2525 3600 2583">
    <p class='ocr_par' dir='ltr' id='par_1_58' title="bbox 1903 2525 3600 2583">
     <span class='ocr_line' id='line_1_58' title="bbox 1903 2525 3600 2583; baseline -0.003 0"><span class='ocrx_word' id='word_1_370' title='bbox 1903 2529 2082 2583; x_wconf 82' lang='lat' dir='ltr'><strong>Uralia</strong></span> <span class='ocrx_word' id='word_1_371' title='bbox 2114 2530 2173 2582; x_wconf 90' lang='lat' dir='ltr'><strong>in</strong></span> <span class='ocrx_word' id='word_1_372' title='bbox 2205 2530 2480 2583; x_wconf 88' lang='lat' dir='ltr'><strong>comitatu</strong></span> <span class='ocrx_word' id='word_1_373' title='bbox 2518 2528 2808 2583; x_wconf 88' lang='lat' dir='ltr'><strong>Bertholdi</strong></span> <span class='ocrx_word' id='word_1_374' title='bbox 2860 2527 3095 2582; x_wconf 85' lang='lat' dir='ltr'><strong>Comitis</strong></span> <span class='ocrx_word' id='word_1_375' title='bbox 3150 2525 3424 2580; x_wconf 86' lang='lat' dir='ltr'><strong>Volckfelt</strong></span> <span class='ocrx_word' id='word_1_376' title='bbox 3452 2542 3600 2578; x_wconf 89' lang='lat' dir='ltr'><strong>nun-</strong></span> 
     </span>
    </p>
   </div>
   <div class='ocr_carea' id='block_1_59' title="bbox 1897 2613 3601 2688">
    <p class='ocr_par' dir='ltr' id='par_1_59' title="bbox 1897 2613 3601 2688">
     <span class='ocr_line' id='line_1_59' title="bbox 1897 2613 3601 2688; baseline -0.002 -18"><span class='ocrx_word' id='word_1_377' title='bbox 1897 2623 2128 2688; x_wconf 91' lang='lat' dir='ltr'><strong>cupato,</strong></span> <span class='ocrx_word' id='word_1_378' title='bbox 2164 2617 2290 2683; x_wconf 88' lang='lat' dir='ltr'><strong>sita,</strong></span> <span class='ocrx_word' id='word_1_379' title='bbox 2323 2623 2516 2670; x_wconf 91' lang='lat' dir='ltr'><strong>nostra</strong></span> <span class='ocrx_word' id='word_1_380' title='bbox 2562 2615 2849 2686; x_wconf 80' lang='lat' dir='ltr'><strong>Imperiaﬁ</strong></span> <span class='ocrx_word' id='word_1_381' title='bbox 2894 2615 3148 2686; x_wconf 89' lang='lat' dir='ltr'><strong>potentia</strong></span> <span class='ocrx_word' id='word_1_382' title='bbox 3196 2613 3254 2667; x_wconf 94' lang='lat' dir='ltr'><strong>in</strong></span> <span class='ocrx_word' id='word_1_383' title='bbox 3306 2619 3601 2684; x_wconf 80' lang='lat' dir='ltr'><strong>perpetuae</strong></span> 
     </span>
    </p>
   </div>
   <div class='ocr_carea' id='block_1_60' title="bbox 1897 2700 3600 2775">
    <p class='ocr_par' dir='ltr' id='par_1_60' title="bbox 1897 2700 3600 2775">
     <span class='ocr_line' id='line_1_60' title="bbox 1897 2700 3600 2775; baseline -0.004 -16"><span class='ocrx_word' id='word_1_384' title='bbox 1897 2721 2064 2759; x_wconf 91' lang='lat' dir='ltr'><strong>usum</strong></span> <span class='ocrx_word' id='word_1_385' title='bbox 2095 2705 2460 2775; x_wconf 86' lang='lat' dir='ltr'><strong>proprietatis</strong></span> <span class='ocrx_word' id='word_1_386' title='bbox 2506 2703 2911 2769; x_wconf 83' lang='lat' dir='ltr'><strong>concessimus,</strong></span> <span class='ocrx_word' id='word_1_387' title='bbox 2971 2702 3324 2771; x_wconf 88' lang='lat' dir='ltr'><strong>lirmiterque</strong></span> <span class='ocrx_word' id='word_1_388' title='bbox 3365 2700 3600 2754; x_wconf 88' lang='lat' dir='ltr'><strong>donavi-</strong></span> 
     </span>
    </p>
   </div>
   <div class='ocr_carea' id='block_1_61' title="bbox 1899 2789 3599 2863">
    <p class='ocr_par' dir='ltr' id='par_1_61' title="bbox 1899 2789 3599 2863">
     <span class='ocr_line' id='line_1_61' title="bbox 1899 2789 3599 2863; baseline -0.003 -17"><span class='ocrx_word' id='word_1_389' title='bbox 1899 2809 2024 2846; x_wconf 92' lang='lat' dir='ltr'><strong>mus</strong></span> <span class='ocrx_word' id='word_1_390' title='bbox 2077 2809 2207 2847; x_wconf 91' lang='lat' dir='ltr'><strong>cum</strong></span> <span class='ocrx_word' id='word_1_391' title='bbox 2265 2793 2564 2863; x_wconf 84' lang='lat' dir='ltr'><strong>utriusque</strong></span> <span class='ocrx_word' id='word_1_392' title='bbox 2614 2808 2780 2846; x_wconf 89' lang='lat' dir='ltr'><strong>sexus</strong></span> <span class='ocrx_word' id='word_1_393' title='bbox 2847 2791 3170 2860; x_wconf 87' lang='lat' dir='ltr'><strong>mancipiis,</strong></span> <span class='ocrx_word' id='word_1_394' title='bbox 3227 2789 3599 2853; x_wconf 65' lang='lat' dir='ltr'><strong>mdiﬁciis,ec-</strong></span> 
     </span>
    </p>
   </div>
   <div class='ocr_carea' id='block_1_62' title="bbox 1896 2878 3600 2948">
    <p class='ocr_par' dir='ltr' id='par_1_62' title="bbox 1896 2878 3600 2948">
     <span class='ocr_line' id='line_1_62' title="bbox 1896 2878 3600 2948; baseline -0.004 -13"><span class='ocrx_word' id='word_1_395' title='bbox 1896 2883 2102 2948; x_wconf 89' lang='lat' dir='ltr'><strong>clesiis,</strong></span> <span class='ocrx_word' id='word_1_396' title='bbox 2161 2883 2328 2936; x_wconf 89' lang='lat' dir='ltr'><strong>terris</strong></span> <span class='ocrx_word' id='word_1_397' title='bbox 2385 2882 2550 2936; x_wconf 91' lang='lat' dir='ltr'><strong>cultis</strong></span> <span class='ocrx_word' id='word_1_398' title='bbox 2609 2886 2665 2935; x_wconf 90' lang='lat' dir='ltr'><strong>et</strong></span> <span class='ocrx_word' id='word_1_399' title='bbox 2711 2880 2963 2944; x_wconf 91' lang='lat' dir='ltr'><strong>incultis,</strong></span> <span class='ocrx_word' id='word_1_400' title='bbox 3021 2884 3077 2932; x_wconf 90' lang='lat' dir='ltr'><strong>et</strong></span> <span class='ocrx_word' id='word_1_401' title='bbox 3149 2894 3280 2932; x_wconf 92' lang='lat' dir='ltr'><strong>cum</strong></span> <span class='ocrx_word' id='word_1_402' title='bbox 3335 2878 3600 2932; x_wconf 89' lang='lat' dir='ltr'><strong>omnibus</strong></span> 
     </span>
    </p>
   </div>
   <div class='ocr_carea' id='block_1_63' title="bbox 147 2965 3597 3040">
    <p class='ocr_par' dir='ltr' id='par_1_63' title="bbox 147 2965 3597 3040">
     <span class='ocr_line' id='line_1_63' title="bbox 147 2965 3597 3040; baseline 0.001 -24"><span class='ocrx_word' id='word_1_403' title='bbox 147 2965 291 3019; x_wconf 87' lang='lat' dir='ltr'><strong>urbem</strong></span> <span class='ocrx_word' id='word_1_404' title='bbox 357 2983 543 3020; x_wconf 84' lang='lat' dir='ltr'><strong>versus</strong></span> <span class='ocrx_word' id='word_1_405' title='bbox 627 2967 915 3021; x_wconf 89' lang='lat' dir='ltr'><strong>Orientem</strong></span> <span class='ocrx_word' id='word_1_406' title='bbox 972 2967 1032 3020; x_wconf 90' lang='lat' dir='ltr'><strong>in</strong></span> <span class='ocrx_word' id='word_1_407' title='bbox 1098 2968 1222 3020; x_wconf 92' lang='lat' dir='ltr'><strong>loco</strong></span> <span class='ocrx_word' id='word_1_408' title='bbox 1276 2969 1602 3021; x_wconf 84' lang='lat' dir='ltr'><strong>&#39;I‘euverstat</strong></span> <span class='ocrx_word' id='word_1_409' title='bbox 1681 2968 1784 3022; x_wconf 89' lang='lat' dir='ltr'><strong>sub</strong></span> <span class='ocrx_word' id='word_1_410' title='bbox 1819 2974 1859 3026; x_wconf 86' lang='lat' dir='ltr'><strong>C</strong></span> <span class='ocrx_word' id='word_1_411' title='bbox 1892 2970 2043 3039; x_wconf 58' lang='lat' dir='ltr'><strong>jure,</strong></span> <span class='ocrx_word' id='word_1_412' title='bbox 2079 2971 2451 3040; x_wconf 88' lang='lat' dir='ltr'><strong>legaliterque</strong></span> <span class='ocrx_word' id='word_1_413' title='bbox 2483 2971 2554 3023; x_wconf 88' lang='lat' dir='ltr'><strong>ad</strong></span> <span class='ocrx_word' id='word_1_414' title='bbox 2579 2969 2699 3023; x_wconf 70' lang='lat' dir='ltr'><strong>haec</strong></span> <span class='ocrx_word' id='word_1_415' title='bbox 2719 2970 2840 3039; x_wconf 85' lang='lat' dir='ltr'><strong>jam</strong></span> <span class='ocrx_word' id='word_1_416' title='bbox 2873 2968 3021 3021; x_wconf 90' lang='lat' dir='ltr'><strong>dicta</strong></span> <span class='ocrx_word' id='word_1_417' title='bbox 3060 2967 3276 3038; x_wconf 66' lang='lat' dir='ltr'><strong>praedia</strong></span> <span class='ocrx_word' id='word_1_418' title='bbox 3306 2965 3597 3036; x_wconf 89' lang='lat' dir='ltr'><strong>pertinen-</strong></span> 
     </span>
    </p>
   </div>
   <div class='ocr_carea' id='block_1_64' title="bbox 146 3054 1786 3125">
    <p class='ocr_par' dir='ltr' id='par_1_64' title="bbox 146 3054 1786 3125">
     <span class='ocr_line' id='line_1_64' title="bbox 146 3054 1786 3125; baseline 0.002 -20"><span class='ocrx_word' id='word_1_419' title='bbox 146 3054 293 3107; x_wconf 84' lang='lat' dir='ltr'><strong>ordine</strong></span> <span class='ocrx_word' id='word_1_420' title='bbox 341 3061 392 3108; x_wconf 89' lang='lat' dir='ltr'><strong>et</strong></span> <span class='ocrx_word' id='word_1_421' title='bbox 445 3055 805 3125; x_wconf 89' lang='lat' dir='ltr'><strong>possessione</strong></span> <span class='ocrx_word' id='word_1_422' title='bbox 887 3055 1176 3109; x_wconf 87' lang='lat' dir='ltr'><strong>canonica.</strong></span> <span class='ocrx_word' id='word_1_423' title='bbox 1263 3056 1518 3124; x_wconf 82' lang='lat' dir='ltr'><strong>Denique</strong></span> <span class='ocrx_word' id='word_1_424' title='bbox 1596 3061 1786 3110; x_wconf 80' lang='lat' dir='ltr'><strong>sextus</strong></span> 
     </span>
    </p>
   </div>
   <div class='ocr_carea' id='block_1_65' title="bbox 145 3142 1785 3213">
    <p class='ocr_par' dir='ltr' id='par_1_65' title="bbox 145 3142 1785 3213">
     <span class='ocr_line' id='line_1_65' title="bbox 145 3142 1785 3213; baseline 0.002 -20"><span class='ocrx_word' id='word_1_425' title='bbox 145 3142 339 3208; x_wconf 81' lang='lat' dir='ltr'><strong>ejusdem</strong></span> <span class='ocrx_word' id='word_1_426' title='bbox 383 3145 524 3196; x_wconf 91' lang='lat' dir='ltr'><strong>sedis</strong></span> <span class='ocrx_word' id='word_1_427' title='bbox 555 3144 869 3213; x_wconf 84' lang='lat' dir='ltr'><strong>Episc0pus</strong></span> <span class='ocrx_word' id='word_1_428' title='bbox 904 3144 1284 3197; x_wconf 86' lang='lat' dir='ltr'><strong>Rerimannus</strong></span> <span class='ocrx_word' id='word_1_429' title='bbox 1333 3150 1531 3198; x_wconf 87' lang='lat' dir='ltr'><strong>contra</strong></span> <span class='ocrx_word' id='word_1_430' title='bbox 1583 3144 1785 3198; x_wconf 89' lang='lat' dir='ltr'><strong>urbem</strong></span> 
     </span>
    </p>
   </div>
   <div class='ocr_carea' id='block_1_66' title="bbox 147 3231 1787 3301">
    <p class='ocr_par' dir='ltr' id='par_1_66' title="bbox 147 3231 1787 3301">
     <span class='ocr_line' id='line_1_66' title="bbox 147 3231 1787 3301; baseline 0.003 -21"><span class='ocrx_word' id='word_1_431' title='bbox 147 3245 285 3281; x_wconf 69' lang='lat' dir='ltr'><strong>Versus</strong></span> <span class='ocrx_word' id='word_1_432' title='bbox 312 3232 662 3285; x_wconf 88' lang='lat' dir='ltr'><strong>occidentem</strong></span> <span class='ocrx_word' id='word_1_433' title='bbox 723 3231 781 3284; x_wconf 93' lang='lat' dir='ltr'><strong>in</strong></span> <span class='ocrx_word' id='word_1_434' title='bbox 838 3233 1053 3285; x_wconf 89' lang='lat' dir='ltr'><strong>honore</strong></span> <span class='ocrx_word' id='word_1_435' title='bbox 1111 3233 1164 3286; x_wconf 91' lang='lat' dir='ltr'><strong>S.</strong></span> <span class='ocrx_word' id='word_1_436' title='bbox 1224 3232 1418 3285; x_wconf 84' lang='lat' dir='ltr'><strong>Jacobi</strong></span> <span class='ocrx_word' id='word_1_437' title='bbox 1447 3232 1701 3301; x_wconf 85' lang='lat' dir='ltr'><strong>Apostoli</strong></span> <span class='ocrx_word' id='word_1_438' title='bbox 1731 3238 1787 3286; x_wconf 90' lang='lat' dir='ltr'><strong>et</strong></span> 
     </span>
    </p>
   </div>
   <div class='ocr_carea' id='block_1_67' title="bbox 145 3316 1786 3382">
    <p class='ocr_par' dir='ltr' id='par_1_67' title="bbox 145 3316 1786 3382">
     <span class='ocr_line' id='line_1_67' title="bbox 145 3316 1786 3382; baseline 0.004 -14"><span class='ocrx_word' id='word_1_439' title='bbox 145 3316 483 3382; x_wconf 75' lang='lat' dir='ltr'><strong>litiiZebedsei,</strong></span> <span class='ocrx_word' id='word_1_440' title='bbox 539 3320 841 3373; x_wconf 89' lang='lat' dir='ltr'><strong>ecclesiam</strong></span> <span class='ocrx_word' id='word_1_441' title='bbox 874 3321 978 3374; x_wconf 93' lang='lat' dir='ltr'><strong>sub</strong></span> <span class='ocrx_word' id='word_1_442' title='bbox 1036 3321 1234 3374; x_wconf 90' lang='lat' dir='ltr'><strong>ordine</strong></span> <span class='ocrx_word' id='word_1_443' title='bbox 1285 3321 1559 3374; x_wconf 86' lang='lat' dir='ltr'><strong>canonico</strong></span> <span class='ocrx_word' id='word_1_444' title='bbox 1591 3321 1786 3374; x_wconf 87' lang='lat' dir='ltr'><strong>initia-</strong></span> 
     </span>
    </p>
   </div>
   <div class='ocr_carea' id='block_1_68' title="bbox 144 3406 1782 3478">
    <p class='ocr_par' dir='ltr' id='par_1_68' title="bbox 144 3406 1782 3478">
     <span class='ocr_line' id='line_1_68' title="bbox 144 3406 1782 3478; baseline 0.005 -22"><span class='ocrx_word' id='word_1_445' title='bbox 144 3406 369 3460; x_wconf 76' lang='lat' dir='ltr'><strong>rit.Hanc</strong></span> <span class='ocrx_word' id='word_1_446' title='bbox 395 3408 542 3474; x_wconf 89' lang='lat' dir='ltr'><strong>Otto,</strong></span> <span class='ocrx_word' id='word_1_447' title='bbox 608 3408 845 3462; x_wconf 83' lang='lat' dir='ltr'><strong>humilis</strong></span> <span class='ocrx_word' id='word_1_448' title='bbox 901 3415 1121 3462; x_wconf 88' lang='lat' dir='ltr'><strong>amator</strong></span> <span class='ocrx_word' id='word_1_449' title='bbox 1176 3425 1497 3478; x_wconf 90' lang='lat' dir='ltr'><strong>pauperum</strong></span> <span class='ocrx_word' id='word_1_450' title='bbox 1556 3410 1782 3477; x_wconf 89' lang='lat' dir='ltr'><strong>Christi,</strong></span> 
     </span>
    </p>
   </div>
   <div class='ocr_carea' id='block_1_69' title="bbox 144 3497 1780 3568">
    <p class='ocr_par' dir='ltr' id='par_1_69' title="bbox 144 3497 1780 3568">
     <span class='ocr_line' id='line_1_69' title="bbox 144 3497 1780 3568; baseline 0.006 -25"><span class='ocrx_word' id='word_1_451' title='bbox 144 3499 318 3548; x_wconf 78' lang='lat' dir='ltr'><strong>octavus</strong></span> <span class='ocrx_word' id='word_1_452' title='bbox 352 3498 608 3565; x_wconf 86' lang='lat' dir='ltr'><strong>ejusdem</strong></span> <span class='ocrx_word' id='word_1_453' title='bbox 654 3497 800 3550; x_wconf 90' lang='lat' dir='ltr'><strong>sedis</strong></span> <span class='ocrx_word' id='word_1_454' title='bbox 829 3497 1148 3568; x_wconf 91' lang='lat' dir='ltr'><strong>episcopus,</strong></span> <span class='ocrx_word' id='word_1_455' title='bbox 1201 3503 1546 3568; x_wconf 87' lang='lat' dir='ltr'><strong>cooperante</strong></span> <span class='ocrx_word' id='word_1_456' title='bbox 1611 3500 1780 3553; x_wconf 88' lang='lat' dir='ltr'><strong>Eber-</strong></span> 
     </span>
    </p>
   </div>
   <div class='ocr_carea' id='block_1_70' title="bbox 143 3581 1786 3656">
    <p class='ocr_par' dir='ltr' id='par_1_70' title="bbox 143 3581 1786 3656">
     <span class='ocr_line' id='line_1_70' title="bbox 143 3581 1786 3656; baseline 0.005 -24"><span class='ocrx_word' id='word_1_457' title='bbox 143 3581 275 3636; x_wconf 82' lang='lat' dir='ltr'><strong>hardo</strong></span> <span class='ocrx_word' id='word_1_458' title='bbox 340 3585 668 3656; x_wconf 57' lang='lat' dir='ltr'><strong>praeposito,</strong></span> <span class='ocrx_word' id='word_1_459' title='bbox 759 3587 1179 3640; x_wconf 88' lang='lat' dir='ltr'><strong>consummavit</strong></span> <span class='ocrx_word' id='word_1_460' title='bbox 1259 3592 1315 3640; x_wconf 89' lang='lat' dir='ltr'><strong>et</strong></span> <span class='ocrx_word' id='word_1_461' title='bbox 1361 3587 1663 3650; x_wconf 88' lang='lat' dir='ltr'><strong>dedicavit,</strong></span> <span class='ocrx_word' id='word_1_462' title='bbox 1722 3605 1786 3641; x_wconf 90' lang='lat' dir='ltr'><strong>ac</strong></span> 
     </span>
    </p>
   </div>
   <div class='ocr_carea' id='block_1_71' title="bbox 143 3669 1786 3744">
    <p class='ocr_par' dir='ltr' id='par_1_71' title="bbox 143 3669 1786 3744">
     <span class='ocr_line' id='line_1_71' title="bbox 143 3669 1786 3744; baseline 0.006 -25"><span class='ocrx_word' id='word_1_463' title='bbox 143 3669 322 3739; x_wconf 79' lang='lat' dir='ltr'><strong>stirpem</strong></span> <span class='ocrx_word' id='word_1_464' title='bbox 351 3675 734 3744; x_wconf 89' lang='lat' dir='ltr'><strong>ordinemque</strong></span> <span class='ocrx_word' id='word_1_465' title='bbox 783 3675 897 3728; x_wconf 82' lang='lat' dir='ltr'><strong>illic</strong></span> <span class='ocrx_word' id='word_1_466' title='bbox 958 3677 1070 3729; x_wconf 91' lang='lat' dir='ltr'><strong>Deo</strong></span> <span class='ocrx_word' id='word_1_467' title='bbox 1118 3675 1489 3730; x_wconf 89' lang='lat' dir='ltr'><strong>servientium</strong></span> <span class='ocrx_word' id='word_1_468' title='bbox 1524 3677 1786 3730; x_wconf 90' lang='lat' dir='ltr'><strong>decenter</strong></span> 
     </span>
    </p>
   </div>
   <div class='ocr_carea' id='block_1_72' title="bbox 141 3756 1782 3834">
    <p class='ocr_par' dir='ltr' id='par_1_72' title="bbox 141 3756 1782 3834">
     <span class='ocr_line' id='line_1_72' title="bbox 141 3756 1782 3834; baseline 0.006 -27"><span class='ocrx_word' id='word_1_469' title='bbox 141 3756 375 3825; x_wconf 84' lang='lat' dir='ltr'><strong>disposuit.</strong></span> <span class='ocrx_word' id='word_1_470' title='bbox 429 3762 516 3815; x_wconf 90' lang='lat' dir='ltr'><strong>Sic</strong></span> <span class='ocrx_word' id='word_1_471' title='bbox 600 3763 754 3814; x_wconf 91' lang='lat' dir='ltr'><strong>locus</strong></span> <span class='ocrx_word' id='word_1_472' title='bbox 844 3762 1332 3834; x_wconf 89' lang='lat' dir='ltr'><strong>Babenbergensis</strong></span> <span class='ocrx_word' id='word_1_473' title='bbox 1415 3763 1668 3818; x_wconf 91' lang='lat' dir='ltr'><strong>ecclesiis</strong></span> <span class='ocrx_word' id='word_1_474' title='bbox 1724 3765 1782 3817; x_wconf 92' lang='lat' dir='ltr'><strong>in</strong></span> 
     </span>
    </p>
   </div>
   <div class='ocr_carea' id='block_1_73' title="bbox 141 3848 1784 3923">
    <p class='ocr_par' dir='ltr' id='par_1_73' title="bbox 141 3848 1784 3923">
     <span class='ocr_line' id='line_1_73' title="bbox 141 3848 1784 3923; baseline 0.007 -29"><span class='ocrx_word' id='word_1_475' title='bbox 141 3848 405 3910; x_wconf 78' lang='lat' dir='ltr'><strong>patrociniis</strong></span> <span class='ocrx_word' id='word_1_476' title='bbox 436 3850 776 3904; x_wconf 88' lang='lat' dir='ltr'><strong>Sanctorum</strong></span> <span class='ocrx_word' id='word_1_477' title='bbox 809 3851 868 3903; x_wconf 90' lang='lat' dir='ltr'><strong>in</strong></span> <span class='ocrx_word' id='word_1_478' title='bbox 926 3851 1096 3906; x_wconf 92' lang='lat' dir='ltr'><strong>modo</strong></span> <span class='ocrx_word' id='word_1_479' title='bbox 1140 3852 1332 3907; x_wconf 91' lang='lat' dir='ltr'><strong>Crucis</strong></span> <span class='ocrx_word' id='word_1_480' title='bbox 1378 3852 1634 3923; x_wconf 85' lang='lat' dir='ltr'><strong>undique</strong></span> <span class='ocrx_word' id='word_1_481' title='bbox 1666 3868 1784 3906; x_wconf 91' lang='lat' dir='ltr'><strong>mu-</strong></span> 
     </span>
    </p>
   </div>
   <div class='ocr_carea' id='block_1_74' title="bbox 141 3932 1782 4009">
    <p class='ocr_par' dir='ltr' id='par_1_74' title="bbox 141 3932 1782 4009">
     <span class='ocr_line' id='line_1_74' title="bbox 141 3932 1782 4009; baseline 0.007 -28"><span class='ocrx_word' id='word_1_482' title='bbox 141 3932 267 3998; x_wconf 87' lang='lat' dir='ltr'><strong>nitus,</strong></span> <span class='ocrx_word' id='word_1_483' title='bbox 296 3937 502 3991; x_wconf 87' lang='lat' dir='ltr'><strong>Christo</strong></span> <span class='ocrx_word' id='word_1_484' title='bbox 540 3939 678 3992; x_wconf 79' lang='lat' dir='ltr'><strong>Jesu</strong></span> <span class='ocrx_word' id='word_1_485' title='bbox 731 3939 1001 3993; x_wconf 89' lang='lat' dir='ltr'><strong>cruciﬁxo</strong></span> <span class='ocrx_word' id='word_1_486' title='bbox 1051 3939 1476 4009; x_wconf 88' lang='lat' dir='ltr'><strong>quotidianum,</strong></span> <span class='ocrx_word' id='word_1_487' title='bbox 1532 3946 1586 3993; x_wconf 90' lang='lat' dir='ltr'><strong>et</strong></span> <span class='ocrx_word' id='word_1_488' title='bbox 1615 3940 1782 3994; x_wconf 85' lang='lat' dir='ltr'><strong>sedu-</strong></span> 
     </span>
    </p>
   </div>
   <div class='ocr_carea' id='block_1_75' title="bbox 141 4018 1782 4098">
    <p class='ocr_par' dir='ltr' id='par_1_75' title="bbox 141 4018 1782 4098">
     <span class='ocr_line' id='line_1_75' title="bbox 141 4018 1782 4098; baseline 0.007 -28"><span class='ocrx_word' id='word_1_489' title='bbox 141 4018 228 4073; x_wconf 89' lang='lat' dir='ltr'><strong>lum</strong></span> <span class='ocrx_word' id='word_1_490' title='bbox 252 4025 474 4080; x_wconf 85' lang='lat' dir='ltr'><strong>celebrat</strong></span> <span class='ocrx_word' id='word_1_491' title='bbox 524 4026 783 4080; x_wconf 88' lang='lat' dir='ltr'><strong>ofﬁcium</strong></span> <span class='ocrx_word' id='word_1_492' title='bbox 831 4033 886 4080; x_wconf 90' lang='lat' dir='ltr'><strong>et</strong></span> <span class='ocrx_word' id='word_1_493' title='bbox 945 4028 1237 4082; x_wconf 89' lang='lat' dir='ltr'><strong>servitium</strong></span> <span class='ocrx_word' id='word_1_494' title='bbox 1294 4045 1397 4098; x_wconf 89' lang='lat' dir='ltr'><strong>pro</strong></span> <span class='ocrx_word' id='word_1_495' title='bbox 1465 4028 1652 4098; x_wconf 91' lang='lat' dir='ltr'><strong>primo</strong></span> <span class='ocrx_word' id='word_1_496' title='bbox 1679 4045 1782 4082; x_wconf 91' lang='lat' dir='ltr'><strong>suo</strong></span> 
     </span>
    </p>
   </div>
   <div class='ocr_carea' id='block_1_76' title="bbox 139 4107 1780 4187">
    <p class='ocr_par' dir='ltr' id='par_1_76' title="bbox 139 4107 1780 4187">
     <span class='ocr_line' id='line_1_76' title="bbox 139 4107 1780 4187; baseline 0.007 -28"><span class='ocrx_word' id='word_1_497' title='bbox 139 4107 379 4167; x_wconf 84' lang='lat' dir='ltr'><strong>fundatore</strong></span> <span class='ocrx_word' id='word_1_498' title='bbox 431 4115 700 4169; x_wconf 87' lang='lat' dir='ltr'><strong>Heinrico</strong></span> <span class='ocrx_word' id='word_1_499' title='bbox 744 4117 1016 4182; x_wconf 91' lang='lat' dir='ltr'><strong>secundo,</strong></span> <span class='ocrx_word' id='word_1_500' title='bbox 1104 4118 1450 4187; x_wconf 88' lang='lat' dir='ltr'><strong>Imperatore</strong></span> <span class='ocrx_word' id='word_1_501' title='bbox 1507 4117 1780 4187; x_wconf 90' lang='lat' dir='ltr'><strong>piissimo,</strong></span> 
     </span>
    </p>
   </div>
   <div class='ocr_carea' id='block_1_77' title="bbox 140 4195 1852 4306">
    <p class='ocr_par' dir='ltr' id='par_1_77' title="bbox 140 4195 1852 4306">
     <span class='ocr_line' id='line_1_77' title="bbox 140 4195 1852 4306; baseline 0.005 -56"><span class='ocrx_word' id='word_1_502' title='bbox 140 4195 322 4268; x_wconf 81' lang='lat' dir='ltr'><strong>ejusque</strong></span> <span class='ocrx_word' id='word_1_503' title='bbox 370 4203 844 4274; x_wconf 87' lang='lat' dir='ltr'><strong>cooperatorihus</strong></span> <span class='ocrx_word' id='word_1_504' title='bbox 901 4209 957 4258; x_wconf 88' lang='lat' dir='ltr'><strong>et</strong></span> <span class='ocrx_word' id='word_1_505' title='bbox 1014 4205 1433 4259; x_wconf 88' lang='lat' dir='ltr'><strong>successoribus</strong></span> <span class='ocrx_word' id='word_1_506' title='bbox 1489 4207 1572 4258; x_wconf 89' lang='lat' dir='ltr'><strong>vel</strong></span> <span class='ocrx_word' id='word_1_507' title='bbox 1632 4223 1770 4275; x_wconf 84' lang='lat' dir='ltr'><strong>aug-</strong></span> <span class='ocrx_word' id='word_1_508' title='bbox 1811 4254 1852 4306; x_wconf 70' lang='grc' dir='ltr'>Ο</span> 
     </span>
    </p>
   </div>
   <div class='ocr_carea' id='block_1_78' title="bbox 141 4292 1779 4349">
    <p class='ocr_par' dir='ltr' id='par_1_78' title="bbox 141 4292 1779 4349">
     <span class='ocr_line' id='line_1_78' title="bbox 141 4292 1779 4349; baseline 0.006 -12"><span class='ocrx_word' id='word_1_509' title='bbox 141 4292 489 4346; x_wconf 84' lang='lat' dir='ltr'><strong>mentatoribus</strong></span> <span class='ocrx_word' id='word_1_510' title='bbox 548 4293 868 4347; x_wconf 87' lang='lat' dir='ltr'><strong>omnibus:</strong></span> <span class='ocrx_word' id='word_1_511' title='bbox 932 4295 996 4348; x_wconf 87' lang='lat' dir='ltr'><strong>Et</strong></span> <span class='ocrx_word' id='word_1_512' title='bbox 1065 4299 1126 4348; x_wconf 90' lang='lat' dir='ltr'><strong>ut</strong></span> <span class='ocrx_word' id='word_1_513' title='bbox 1181 4295 1326 4348; x_wconf 91' lang='lat' dir='ltr'><strong>inibi</strong></span> <span class='ocrx_word' id='word_1_514' title='bbox 1404 4295 1779 4349; x_wconf 89' lang='lat' dir='ltr'><strong>militantibus</strong></span> 
     </span>
    </p>
   </div>
   <div class='ocr_carea' id='block_1_79' title="bbox 141 4371 1782 4452">
    <p class='ocr_par' dir='ltr' id='par_1_79' title="bbox 141 4371 1782 4452">
     <span class='ocr_line' id='line_1_79' title="bbox 141 4371 1782 4452; baseline 0.006 -27"><span class='ocrx_word' id='word_1_515' title='bbox 141 4371 330 4430; x_wconf 90' lang='lat' dir='ltr'><strong>Domino</strong></span> <span class='ocrx_word' id='word_1_516' title='bbox 359 4382 537 4450; x_wconf 87' lang='lat' dir='ltr'><strong>major</strong></span> <span class='ocrx_word' id='word_1_517' title='bbox 569 4381 972 4452; x_wconf 84' lang='lat' dir='ltr'><strong>tranquillitas,</strong></span> <span class='ocrx_word' id='word_1_518' title='bbox 999 4389 1054 4436; x_wconf 92' lang='lat' dir='ltr'><strong>et</strong></span> <span class='ocrx_word' id='word_1_519' title='bbox 1084 4383 1380 4446; x_wconf 87' lang='lat' dir='ltr'><strong>securitas,</strong></span> <span class='ocrx_word' id='word_1_520' title='bbox 1414 4389 1470 4436; x_wconf 89' lang='lat' dir='ltr'><strong>et</strong></span> <span class='ocrx_word' id='word_1_521' title='bbox 1518 4399 1782 4436; x_wconf 88' lang='lat' dir='ltr'><strong>reveren-</strong></span> 
     </span>
    </p>
   </div>
   <div class='ocr_carea' id='block_1_80' title="bbox 138 4462 1783 4542">
    <p class='ocr_par' dir='ltr' id='par_1_80' title="bbox 138 4462 1783 4542">
     <span class='ocr_line' id='line_1_80' title="bbox 138 4462 1783 4542; baseline 0.008 -30"><span class='ocrx_word' id='word_1_522' title='bbox 138 4462 194 4512; x_wconf 90' lang='lat' dir='ltr'><strong>tia</strong></span> <span class='ocrx_word' id='word_1_523' title='bbox 219 4465 277 4519; x_wconf 85' lang='lat' dir='ltr'><strong>ad</strong></span> <span class='ocrx_word' id='word_1_524' title='bbox 302 4469 734 4538; x_wconf 86' lang='lat' dir='ltr'><strong>supplicandum</strong></span> <span class='ocrx_word' id='word_1_525' title='bbox 768 4472 883 4524; x_wconf 92' lang='lat' dir='ltr'><strong>Deo</strong></span> <span class='ocrx_word' id='word_1_526' title='bbox 919 4477 1259 4541; x_wconf 88' lang='lat' dir='ltr'><strong>perseveret,</strong></span> <span class='ocrx_word' id='word_1_527' title='bbox 1294 4471 1583 4541; x_wconf 61' lang='lat' dir='ltr'><strong>praedictae</strong></span> <span class='ocrx_word' id='word_1_528' title='bbox 1613 4471 1783 4542; x_wconf 92' lang='lat' dir='ltr'><strong>quin-</strong></span> 
     </span>
    </p>
   </div>
   <div class='ocr_carea' id='block_1_81' title="bbox 138 4556 1784 4632">
    <p class='ocr_par' dir='ltr' id='par_1_81' title="bbox 138 4556 1784 4632">
     <span class='ocr_line' id='line_1_81' title="bbox 138 4556 1784 4632; baseline 0.004 -26"><span class='ocrx_word' id='word_1_529' title='bbox 138 4564 218 4616; x_wconf 81' lang='lat' dir='ltr'><strong>que</strong></span> <span class='ocrx_word' id='word_1_530' title='bbox 249 4556 477 4611; x_wconf 64' lang='lat' dir='ltr'><strong>ecclesiae</strong></span> <span class='ocrx_word' id='word_1_531' title='bbox 532 4559 616 4612; x_wconf 89' lang='lat' dir='ltr'><strong>sic</strong></span> <span class='ocrx_word' id='word_1_532' title='bbox 667 4563 801 4612; x_wconf 92' lang='lat' dir='ltr'><strong>sunt</strong></span> <span class='ocrx_word' id='word_1_533' title='bbox 840 4559 1056 4626; x_wconf 62' lang='lat' dir='ltr'><strong>locatae,</strong></span> <span class='ocrx_word' id='word_1_534' title='bbox 1091 4565 1151 4612; x_wconf 91' lang='lat' dir='ltr'><strong>ut</strong></span> <span class='ocrx_word' id='word_1_535' title='bbox 1180 4561 1297 4614; x_wconf 90' lang='lat' dir='ltr'><strong>fere</strong></span> <span class='ocrx_word' id='word_1_536' title='bbox 1327 4560 1404 4632; x_wconf 31' lang='lat' dir='ltr'><strong>ab.</strong></span> <span class='ocrx_word' id='word_1_537' title='bbox 1444 4560 1602 4613; x_wconf 91' lang='lat' dir='ltr'><strong>omni</strong></span> <span class='ocrx_word' id='word_1_538' title='bbox 1636 4566 1784 4613; x_wconf 91' lang='lat' dir='ltr'><strong>stre-</strong></span> 
     </span>
    </p>
   </div>
   <div class='ocr_carea' id='block_1_82' title="bbox 138 4638 1783 4718">
    <p class='ocr_par' dir='ltr' id='par_1_82' title="bbox 138 4638 1783 4718">
     <span class='ocr_line' id='line_1_82' title="bbox 138 4638 1783 4718; baseline 0.005 -27"><span class='ocrx_word' id='word_1_539' title='bbox 138 4638 229 4703; x_wconf 86' lang='lat' dir='ltr'><strong>pitu</strong></span> <span class='ocrx_word' id='word_1_540' title='bbox 250 4649 299 4695; x_wconf 89' lang='lat' dir='ltr'><strong>et</strong></span> <span class='ocrx_word' id='word_1_541' title='bbox 356 4647 612 4700; x_wconf 88' lang='lat' dir='ltr'><strong>tumultu</strong></span> <span class='ocrx_word' id='word_1_542' title='bbox 658 4647 873 4701; x_wconf 89' lang='lat' dir='ltr'><strong>forensi</strong></span> <span class='ocrx_word' id='word_1_543' title='bbox 922 4665 986 4701; x_wconf 91' lang='lat' dir='ltr'><strong>ac</strong></span> <span class='ocrx_word' id='word_1_544' title='bbox 1034 4649 1298 4718; x_wconf 90' lang='lat' dir='ltr'><strong>populari</strong></span> <span class='ocrx_word' id='word_1_545' title='bbox 1352 4649 1467 4702; x_wconf 89' lang='lat' dir='ltr'><strong>sint</strong></span> <span class='ocrx_word' id='word_1_546' title='bbox 1504 4648 1783 4702; x_wconf 84' lang='lat' dir='ltr'><strong>decentis-</strong></span> 
     </span>
    </p>
   </div>
   <div class='ocr_carea' id='block_1_83' title="bbox 137 4741 593 4803">
    <p class='ocr_par' dir='ltr' id='par_1_83' title="bbox 137 4741 593 4803">
     <span class='ocr_line' id='line_1_83' title="bbox 137 4741 593 4803; baseline 0.029 -27"><span class='ocrx_word' id='word_1_547' title='bbox 137 4741 242 4779; x_wconf 76' lang='lat' dir='ltr'><strong>stme</strong></span> <span class='ocrx_word' id='word_1_548' title='bbox 266 4741 593 4803; x_wconf 66' lang='lat' dir='ltr'><strong>segregataa.</strong></span> 
     </span>
    </p>
   </div>
   <div class='ocr_carea' id='block_1_84' title="bbox 192 4819 1788 4894">
    <p class='ocr_par' dir='ltr' id='par_1_84' title="bbox 192 4819 1788 4894">
     <span class='ocr_line' id='line_1_84' title="bbox 192 4819 1788 4894; baseline 0.002 -22"><span class='ocrx_word' id='word_1_549' title='bbox 192 4819 256 4870; x_wconf 85' lang='lat' dir='ltr'><strong>l0.</strong></span> <span class='ocrx_word' id='word_1_550' title='bbox 291 4820 350 4874; x_wconf 82' lang='lat' dir='ltr'><strong>Ut</strong></span> <span class='ocrx_word' id='word_1_551' title='bbox 417 4828 613 4876; x_wconf 88' lang='lat' dir='ltr'><strong>autem</strong></span> <span class='ocrx_word' id='word_1_552' title='bbox 691 4823 909 4877; x_wconf 90' lang='lat' dir='ltr'><strong>cunctis</strong></span> <span class='ocrx_word' id='word_1_553' title='bbox 973 4823 1246 4894; x_wconf 90' lang='lat' dir='ltr'><strong>liquidius</strong></span> <span class='ocrx_word' id='word_1_554' title='bbox 1331 4823 1601 4877; x_wconf 88' lang='lat' dir='ltr'><strong>enitescat</strong></span> <span class='ocrx_word' id='word_1_555' title='bbox 1674 4838 1788 4893; x_wconf 88' lang='lat' dir='ltr'><strong>qua</strong></span> 
     </span>
    </p>
   </div>
   <div class='ocr_carea' id='block_1_85' title="bbox 139 4904 1788 4972">
    <p class='ocr_par' dir='ltr' id='par_1_85' title="bbox 139 4904 1788 4972">
     <span class='ocr_line' id='line_1_85' title="bbox 139 4904 1788 4972; baseline 0.003 -14"><span class='ocrx_word' id='word_1_556' title='bbox 139 4904 380 4972; x_wconf 66' lang='lat' dir='ltr'><strong>Vigilantia</strong></span> <span class='ocrx_word' id='word_1_557' title='bbox 402 4911 485 4964; x_wconf 87' lang='lat' dir='ltr'><strong>vir</strong></span> <span class='ocrx_word' id='word_1_558' title='bbox 513 4912 883 4966; x_wconf 88' lang='lat' dir='ltr'><strong>beatissimus</strong></span> <span class='ocrx_word' id='word_1_559' title='bbox 932 4914 1170 4966; x_wconf 67' lang='lat' dir='ltr'><strong>novella:</strong></span> <span class='ocrx_word' id='word_1_560' title='bbox 1211 4929 1327 4966; x_wconf 70' lang='lat' dir='ltr'><strong>sum</strong></span> <span class='ocrx_word' id='word_1_561' title='bbox 1360 4912 1604 4965; x_wconf 70' lang='lat' dir='ltr'><strong>ecclesiae</strong></span> <span class='ocrx_word' id='word_1_562' title='bbox 1639 4913 1788 4965; x_wconf 88' lang='lat' dir='ltr'><strong>bona</strong></span> 
     </span>
    </p>
   </div>
   <div class='ocr_carea' id='block_1_86' title="bbox 139 4993 1789 5070">
    <p class='ocr_par' dir='ltr' id='par_1_86' title="bbox 139 4993 1789 5070">
     <span class='ocr_line' id='line_1_86' title="bbox 139 4993 1789 5070; baseline 0.005 -25"><span class='ocrx_word' id='word_1_563' title='bbox 139 4993 255 5058; x_wconf 78' lang='lat' dir='ltr'><strong>pacis</strong></span> <span class='ocrx_word' id='word_1_564' title='bbox 301 5001 351 5050; x_wconf 85' lang='lat' dir='ltr'><strong>et</strong></span> <span class='ocrx_word' id='word_1_565' title='bbox 403 5001 840 5070; x_wconf 87' lang='lat' dir='ltr'><strong>tranquillitatis</strong></span> <span class='ocrx_word' id='word_1_566' title='bbox 883 5001 1056 5054; x_wconf 90' lang='lat' dir='ltr'><strong>etiam</strong></span> <span class='ocrx_word' id='word_1_567' title='bbox 1110 5017 1212 5070; x_wconf 89' lang='lat' dir='ltr'><strong>per</strong></span> <span class='ocrx_word' id='word_1_568' title='bbox 1261 5001 1621 5054; x_wconf 86' lang='lat' dir='ltr'><strong>succedentia</strong></span> <span class='ocrx_word' id='word_1_569' title='bbox 1650 5005 1789 5053; x_wconf 89' lang='lat' dir='ltr'><strong>tem-</strong></span> 
     </span>
    </p>
   </div>
   <div class='ocr_carea' id='block_1_87' title="bbox 141 5089 1788 5160">
    <p class='ocr_par' dir='ltr' id='par_1_87' title="bbox 141 5089 1788 5160">
     <span class='ocr_line' id='line_1_87' title="bbox 141 5089 1788 5160; baseline 0.004 -25"><span class='ocrx_word' id='word_1_570' title='bbox 141 5096 242 5148; x_wconf 83' lang='lat' dir='ltr'><strong>pora</strong></span> <span class='ocrx_word' id='word_1_571' title='bbox 267 5089 589 5154; x_wconf 87' lang='lat' dir='ltr'><strong>providerit,</strong></span> <span class='ocrx_word' id='word_1_572' title='bbox 631 5089 851 5159; x_wconf 89' lang='lat' dir='ltr'><strong>aliquas</strong></span> <span class='ocrx_word' id='word_1_573' title='bbox 882 5090 972 5144; x_wconf 92' lang='lat' dir='ltr'><strong>hic</strong></span> <span class='ocrx_word' id='word_1_574' title='bbox 1024 5095 1138 5143; x_wconf 91' lang='lat' dir='ltr'><strong>tam</strong></span> <span class='ocrx_word' id='word_1_575' title='bbox 1179 5090 1582 5160; x_wconf 84' lang='lat' dir='ltr'><strong>Episcoporum</strong></span> <span class='ocrx_word' id='word_1_576' title='bbox 1615 5104 1788 5159; x_wconf 91' lang='lat' dir='ltr'><strong>quam</strong></span> 
     </span>
    </p>
   </div>
   <div class='ocr_carea' id='block_1_88' title="bbox 192 5192 1786 5268">
    <p class='ocr_par' dir='ltr' id='par_1_88' title="bbox 192 5192 1786 5268">
     <span class='ocr_line' id='line_1_88' title="bbox 192 5192 1786 5268; baseline 0.005 -24"><span class='ocrx_word' id='word_1_577' title='bbox 192 5192 280 5258; x_wconf 65' lang='lat'><strong>437,.</strong></span> <span class='ocrx_word' id='word_1_578' title='bbox 309 5196 464 5250; x_wconf 85' lang='lat' dir='ltr'><strong>Varia</strong></span> <span class='ocrx_word' id='word_1_579' title='bbox 510 5199 745 5253; x_wconf 80' lang='lat' dir='ltr'><strong>domatis</strong></span> <span class='ocrx_word' id='word_1_580' title='bbox 800 5199 1122 5268; x_wconf 89' lang='lat' dir='ltr'><strong>signiﬁcata</strong></span> <span class='ocrx_word' id='word_1_581' title='bbox 1181 5199 1356 5252; x_wconf 91' lang='lat' dir='ltr'><strong>habes</strong></span> <span class='ocrx_word' id='word_1_582' title='bbox 1386 5198 1444 5252; x_wconf 89' lang='lat' dir='ltr'><strong>in</strong></span> <span class='ocrx_word' id='word_1_583' title='bbox 1476 5198 1786 5268; x_wconf 88' lang='lat' dir='ltr'><strong>glossariis,</strong></span> 
     </span>
    </p>
   </div>
   <div class='ocr_carea' id='block_1_89' title="bbox 142 5259 1361 5344">
    <p class='ocr_par' dir='ltr' id='par_1_89' title="bbox 142 5259 1361 5344">
     <span class='ocr_line' id='line_1_89' title="bbox 142 5259 1361 5344; baseline 0.002 -25"><span class='ocrx_word' id='word_1_584' title='bbox 142 5259 452 5344; x_wconf 37' lang='lat' dir='ltr'><strong>bicusnumitur</strong></span> <span class='ocrx_word' id='word_1_585' title='bbox 483 5285 589 5338; x_wconf 84' lang='lat' dir='ltr'><strong>pro</strong></span> <span class='ocrx_word' id='word_1_586' title='bbox 617 5269 828 5344; x_wconf 83' lang='lat' dir='ltr'><strong>ditione</strong></span> <span class='ocrx_word' id='word_1_587' title='bbox 853 5259 954 5323; x_wconf 66' lang='lat' dir='ltr'><strong>seu</strong></span> <span class='ocrx_word' id='word_1_588' title='bbox 985 5271 1361 5344; x_wconf 78' lang='lat' dir='ltr'><strong>possessione.</strong></span> 
     </span>
    </p>
   </div>
   <div class='ocr_carea' id='block_1_90' title="bbox 144 5335 1791 5456">
    <p class='ocr_par' dir='ltr' id='par_1_90' title="bbox 144 5335 1791 5456">
     <span class='ocr_line' id='line_1_90' title="bbox 144 5335 1791 5456; baseline 0.002 -67"><span class='ocrx_word' id='word_1_589' title='bbox 144 5401 163 5449; x_wconf 53' lang='grc'>2</span> <span class='ocrx_word' id='word_1_590' title='bbox 186 5335 381 5456; x_wconf 41' lang='lat' dir='ltr'><strong>Siti-De</strong></span> <span class='ocrx_word' id='word_1_591' title='bbox 413 5335 520 5393; x_wconf 73' lang='lat' dir='ltr'><strong>hoc</strong></span> <span class='ocrx_word' id='word_1_592' title='bbox 572 5341 827 5395; x_wconf 70' lang='lat' dir='ltr'><strong>coenobio</strong></span> <span class='ocrx_word' id='word_1_593' title='bbox 857 5335 1045 5396; x_wconf 82' lang='lat' dir='ltr'><strong>actum</strong></span> <span class='ocrx_word' id='word_1_594' title='bbox 1077 5346 1161 5395; x_wconf 90' lang='lat' dir='ltr'><strong>est</strong></span> <span class='ocrx_word' id='word_1_595' title='bbox 1203 5341 1272 5395; x_wconf 91' lang='lat' dir='ltr'><strong>ad</strong></span> <span class='ocrx_word' id='word_1_596' title='bbox 1305 5344 1442 5394; x_wconf 85' lang='lat' dir='ltr'><strong>Acta</strong></span> <span class='ocrx_word' id='word_1_597' title='bbox 1471 5340 1527 5394; x_wconf 93' lang='lat' dir='ltr'><strong>S.</strong></span> <span class='ocrx_word' id='word_1_598' title='bbox 1572 5339 1791 5395; x_wconf 89' lang='lat' dir='ltr'><strong>Ottonis</strong></span> 
     </span>
    </p>
   </div>
   <div class='ocr_carea' id='block_1_91' title="bbox 145 5447 1790 5606">
    <p class='ocr_par' dir='ltr' id='par_1_91' title="bbox 145 5477 1790 5606">
     <span class='ocr_line' id='line_1_91' title="bbox 145 5477 1790 5606; baseline 0.003 -78"><span class='ocrx_word' id='word_1_599' title='bbox 145 5477 251 5606; x_wconf 43' lang='lat' dir='ltr'><strong>pit}</strong></span> <span class='ocrx_word' id='word_1_600' title='bbox 281 5479 395 5602; x_wconf 60' lang='lat' dir='ltr'><strong>[Iacto</strong></span> <span class='ocrx_word' id='word_1_601' title='bbox 445 5482 642 5534; x_wconf 87' lang='lat' dir='ltr'><strong>omnia</strong></span> <span class='ocrx_word' id='word_1_602' title='bbox 677 5482 748 5534; x_wconf 88' lang='lat' dir='ltr'><strong>ad</strong></span> <span class='ocrx_word' id='word_1_603' title='bbox 800 5482 980 5535; x_wconf 89' lang='lat' dir='ltr'><strong>Vitam</strong></span> <span class='ocrx_word' id='word_1_604' title='bbox 1032 5483 1085 5535; x_wconf 91' lang='lat' dir='ltr'><strong>S.</strong></span> <span class='ocrx_word' id='word_1_605' title='bbox 1145 5481 1370 5535; x_wconf 86' lang='lat' dir='ltr'><strong>Henrici</strong></span> <span class='ocrx_word' id='word_1_606' title='bbox 1428 5481 1586 5535; x_wconf 90' lang='lat' dir='ltr'><strong>nullo</strong></span> <span class='ocrx_word' id='word_1_607' title='bbox 1621 5482 1790 5534; x_wconf 89' lang='lat' dir='ltr'><strong>modo</strong></span> 
     </span>
     <span class='ocr_line' id='line_1_92' title="bbox 173 5559 396 5602; baseline 0.031 -7"><span class='ocrx_word' id='word_1_608' title='bbox 173 5559 220 5595; x_wconf 70' lang='lat' dir='ltr'><strong>er</strong></span> <span class='ocrx_word' id='word_1_609' title='bbox 245 5562 354 5602; x_wconf 83' lang='lat' dir='ltr'><strong>ineu</strong></span> <span class='ocrx_word' id='word_1_610' title='bbox 387 5593 396 5602; x_wconf 95' lang='lat'><strong>.</strong></span> 
     </span>
    </p>
   </div>
   <div class='ocr_carea' id='block_1_92' title="bbox 173 5562 396 5602">
    <p class='ocr_par' dir='ltr' id='par_1_92' title="bbox 173 5562 396 5602">
     <span class='ocr_line' id='line_1_93' title="bbox 173 5562 396 5602; baseline 0.049 -11"><span class='ocrx_word' id='word_1_611' title='bbox 173 5562 396 5602; x_wconf 75' lang='lat' dir='ltr'><strong>minent.</strong></span> 
     </span>
    </p>
   </div>
   <div class='ocr_carea' id='block_1_93' title="bbox 1896 3054 3598 3125">
    <p class='ocr_par' dir='ltr' id='par_1_93' title="bbox 1896 3054 3598 3125">
     <span class='ocr_line' id='line_1_94' title="bbox 1896 3054 3598 3125; baseline -0.003 -14"><span class='ocrx_word' id='word_1_612' title='bbox 1896 3059 2067 3122; x_wconf 88' lang='lat' dir='ltr'><strong>tibus,</strong></span> <span class='ocrx_word' id='word_1_613' title='bbox 2102 3075 2168 3111; x_wconf 89' lang='lat' dir='ltr'><strong>eo</strong></span> <span class='ocrx_word' id='word_1_614' title='bbox 2200 3064 2415 3123; x_wconf 88' lang='lat' dir='ltr'><strong>tenore,</strong></span> <span class='ocrx_word' id='word_1_615' title='bbox 2451 3062 2513 3110; x_wconf 86' lang='lat' dir='ltr'><strong>ut</strong></span> <span class='ocrx_word' id='word_1_616' title='bbox 2564 3057 2744 3111; x_wconf 93' lang='lat' dir='ltr'><strong>libero</strong></span> <span class='ocrx_word' id='word_1_617' title='bbox 2798 3057 2920 3125; x_wconf 91' lang='lat' dir='ltr'><strong>ipse</strong></span> <span class='ocrx_word' id='word_1_618' title='bbox 2961 3056 3231 3124; x_wconf 89' lang='lat' dir='ltr'><strong>deinceps</strong></span> <span class='ocrx_word' id='word_1_619' title='bbox 3273 3054 3598 3125; x_wconf 89' lang='lat' dir='ltr'><strong>perfruatur</strong></span> 
     </span>
    </p>
   </div>
   <div class='ocr_carea' id='block_1_94' title="bbox 1894 3142 3600 3213">
    <p class='ocr_par' dir='ltr' id='par_1_94' title="bbox 1894 3142 3600 3213">
     <span class='ocr_line' id='line_1_95' title="bbox 1894 3142 3600 3213; baseline -0.005 -11"><span class='ocrx_word' id='word_1_620' title='bbox 1894 3147 2153 3213; x_wconf 86' lang='lat' dir='ltr'><strong>arbitrio,</strong></span> <span class='ocrx_word' id='word_1_621' title='bbox 2197 3147 2316 3201; x_wconf 63' lang='lat' dir='ltr'><strong>haec</strong></span> <span class='ocrx_word' id='word_1_622' title='bbox 2368 3146 2621 3210; x_wconf 89' lang='lat' dir='ltr'><strong>tenendi,</strong></span> <span class='ocrx_word' id='word_1_623' title='bbox 2675 3143 3088 3206; x_wconf 89' lang='lat' dir='ltr'><strong>commutandi,</strong></span> <span class='ocrx_word' id='word_1_624' title='bbox 3140 3143 3331 3209; x_wconf 92' lang='lat' dir='ltr'><strong>dandi,</strong></span> <span class='ocrx_word' id='word_1_625' title='bbox 3362 3142 3600 3212; x_wconf 90' lang='lat' dir='ltr'><strong>posteris</strong></span> 
     </span>
    </p>
   </div>
   <div class='ocr_carea' id='block_1_95' title="bbox 1895 3231 3597 3307">
    <p class='ocr_par' dir='ltr' id='par_1_95' title="bbox 1895 3231 3597 3307">
     <span class='ocr_line' id='line_1_96' title="bbox 1895 3231 3597 3307; baseline -0.005 -16"><span class='ocrx_word' id='word_1_626' title='bbox 1895 3237 2273 3307; x_wconf 91' lang='lat' dir='ltr'><strong>relinquendi,</strong></span> <span class='ocrx_word' id='word_1_627' title='bbox 2311 3252 2406 3288; x_wconf 90' lang='lat' dir='ltr'><strong>seu</strong></span> <span class='ocrx_word' id='word_1_628' title='bbox 2451 3234 2731 3306; x_wconf 91' lang='lat' dir='ltr'><strong>quidquid</strong></span> <span class='ocrx_word' id='word_1_629' title='bbox 2765 3233 2874 3286; x_wconf 93' lang='lat' dir='ltr'><strong>sibi</strong></span> <span class='ocrx_word' id='word_1_630' title='bbox 2934 3233 3166 3286; x_wconf 88' lang='lat' dir='ltr'><strong>libuerit</strong></span> <span class='ocrx_word' id='word_1_631' title='bbox 3195 3232 3326 3286; x_wconf 91' lang='lat' dir='ltr'><strong>inde</strong></span> <span class='ocrx_word' id='word_1_632' title='bbox 3354 3231 3597 3284; x_wconf 88' lang='lat' dir='ltr'><strong>faciendi</strong></span> 
     </span>
    </p>
   </div>
   <div class='ocr_carea' id='block_1_96' title="bbox 1893 3322 3594 3395">
    <p class='ocr_par' dir='ltr' id='par_1_96' title="bbox 1893 3322 3594 3395">
     <span class='ocr_line' id='line_1_97' title="bbox 1893 3322 3594 3395; baseline -0.005 -15"><span class='ocrx_word' id='word_1_633' title='bbox 1893 3331 1950 3380; x_wconf 92' lang='lat' dir='ltr'><strong>et</strong></span> <span class='ocrx_word' id='word_1_634' title='bbox 1977 3332 2038 3380; x_wconf 90' lang='lat' dir='ltr'><strong>ut</strong></span> <span class='ocrx_word' id='word_1_635' title='bbox 2096 3330 2447 3395; x_wconf 65' lang='lat' dir='ltr'><strong>praeceptum</strong></span> <span class='ocrx_word' id='word_1_636' title='bbox 2506 3324 2767 3378; x_wconf 87' lang='lat' dir='ltr'><strong>stabilius</strong></span> <span class='ocrx_word' id='word_1_637' title='bbox 2847 3322 3184 3392; x_wconf 87' lang='lat' dir='ltr'><strong>ﬁrmiusque</strong></span> <span class='ocrx_word' id='word_1_638' title='bbox 3243 3324 3594 3391; x_wconf 86' lang='lat' dir='ltr'><strong>permaneat,</strong></span> 
     </span>
    </p>
   </div>
   <div class='ocr_carea' id='block_1_97' title="bbox 1893 3408 3598 3481">
    <p class='ocr_par' dir='ltr' id='par_1_97' title="bbox 1893 3408 3598 3481">
     <span class='ocr_line' id='line_1_98' title="bbox 1893 3408 3598 3481; baseline -0.005 -13"><span class='ocrx_word' id='word_1_639' title='bbox 1893 3414 2037 3468; x_wconf 87' lang='lat' dir='ltr'><strong>hanc</strong></span> <span class='ocrx_word' id='word_1_640' title='bbox 2067 3415 2324 3468; x_wconf 89' lang='lat' dir='ltr'><strong>chartam</strong></span> <span class='ocrx_word' id='word_1_641' title='bbox 2382 3413 2614 3466; x_wconf 76' lang='lat' dir='ltr'><strong>inscribi</strong></span> <span class='ocrx_word' id='word_1_642' title='bbox 2664 3411 2960 3481; x_wconf 89' lang='lat' dir='ltr'><strong>jussimus,</strong></span> <span class='ocrx_word' id='word_1_643' title='bbox 3018 3411 3344 3479; x_wconf 89' lang='lat' dir='ltr'><strong>anuuloque</strong></span> <span class='ocrx_word' id='word_1_644' title='bbox 3392 3408 3598 3477; x_wconf 87' lang='lat' dir='ltr'><strong>sigilla-</strong></span> 
     </span>
    </p>
   </div>
   <div class='ocr_carea' id='block_1_98' title="bbox 1892 3497 3595 3573">
    <p class='ocr_par' dir='ltr' id='par_1_98' title="bbox 1892 3497 3595 3573">
     <span class='ocr_line' id='line_1_99' title="bbox 1892 3497 3595 3573; baseline -0.005 -17"><span class='ocrx_word' id='word_1_645' title='bbox 1892 3509 2007 3556; x_wconf 90' lang='lat' dir='ltr'><strong>tam</strong></span> <span class='ocrx_word' id='word_1_646' title='bbox 2041 3502 2275 3573; x_wconf 89' lang='lat' dir='ltr'><strong>propria</strong></span> <span class='ocrx_word' id='word_1_647' title='bbox 2324 3517 2499 3554; x_wconf 88' lang='lat' dir='ltr'><strong>manu</strong></span> <span class='ocrx_word' id='word_1_648' title='bbox 2549 3505 2742 3553; x_wconf 90' lang='lat' dir='ltr'><strong>nostra</strong></span> <span class='ocrx_word' id='word_1_649' title='bbox 2773 3499 3186 3553; x_wconf 85' lang='lat' dir='ltr'><strong>roboravimus.</strong></span> <span class='ocrx_word' id='word_1_650' title='bbox 3244 3499 3396 3551; x_wconf 86' lang='lat' dir='ltr'><strong>Data.</strong></span> <span class='ocrx_word' id='word_1_651' title='bbox 3429 3514 3458 3548; x_wconf 91' lang='lat' dir='ltr'><strong>v</strong></span> <span class='ocrx_word' id='word_1_652' title='bbox 3489 3497 3595 3548; x_wconf 83' lang='lat' dir='ltr'><strong>Ka-</strong></span> 
     </span>
    </p>
   </div>
   <div class='ocr_carea' id='block_1_99' title="bbox 1890 3585 3594 3656">
    <p class='ocr_par' dir='ltr' id='par_1_99' title="bbox 1890 3585 3594 3656">
     <span class='ocr_line' id='line_1_100' title="bbox 1890 3585 3594 3656; baseline -0.005 -11"><span class='ocrx_word' id='word_1_653' title='bbox 1890 3593 2041 3646; x_wconf 91' lang='lat' dir='ltr'><strong>lend.</strong></span> <span class='ocrx_word' id='word_1_654' title='bbox 2073 3591 2209 3644; x_wconf 80' lang='lat' dir='ltr'><strong>Julii</strong></span> <span class='ocrx_word' id='word_1_655' title='bbox 2244 3589 2442 3643; x_wconf 90' lang='lat' dir='ltr'><strong>lndict.</strong></span> <span class='ocrx_word' id='word_1_656' title='bbox 2469 3607 2505 3652; x_wconf 90' lang='grc' dir='ltr'><strong>ι,</strong></span> <span class='ocrx_word' id='word_1_657' title='bbox 2540 3605 2690 3642; x_wconf 90' lang='lat' dir='ltr'><strong>anno</strong></span> <span class='ocrx_word' id='word_1_658' title='bbox 2721 3588 2884 3656; x_wconf 88' lang='lat' dir='ltr'><strong>regni</strong></span> <span class='ocrx_word' id='word_1_659' title='bbox 2949 3587 3189 3641; x_wconf 89' lang='lat' dir='ltr'><strong>Domino</strong></span> <span class='ocrx_word' id='word_1_660' title='bbox 3231 3585 3453 3641; x_wconf 90' lang='lat' dir='ltr'><strong>Ottonis</strong></span> <span class='ocrx_word' id='word_1_661' title='bbox 3483 3601 3594 3652; x_wconf 84' lang='lat' dir='ltr'><strong>xiv,</strong></span> 
     </span>
    </p>
   </div>
   <div class='ocr_carea' id='block_1_100' title="bbox 1893 3679 2457 3750">
    <p class='ocr_par' dir='ltr' id='par_1_100' title="bbox 1893 3679 2457 3750">
     <span class='ocr_line' id='line_1_101' title="bbox 1893 3679 2457 3750; baseline -0.005 -16"><span class='ocrx_word' id='word_1_662' title='bbox 1893 3679 2126 3750; x_wconf 89' lang='lat' dir='ltr'><strong>Imperii</strong></span> <span class='ocrx_word' id='word_1_663' title='bbox 2150 3683 2343 3732; x_wconf 90' lang='lat' dir='ltr'><strong>autem</strong></span> <span class='ocrx_word' id='word_1_664' title='bbox 2366 3695 2457 3731; x_wconf 85' lang='lat' dir='ltr'><strong>vn.</strong></span> 
     </span>
    </p>
   </div>
   <div class='ocr_carea' id='block_1_101' title="bbox 2587 3781 2924 3836">
    <p class='ocr_par' dir='ltr' id='par_1_101' title="bbox 2587 3781 2924 3836">
     <span class='ocr_line' id='line_1_102' title="bbox 2587 3781 2924 3836; baseline -0.003 0"><span class='ocrx_word' id='word_1_665' title='bbox 2587 3782 2814 3836; x_wconf 81' lang='lat' dir='ltr'><strong>CAPUT</strong></span> <span class='ocrx_word' id='word_1_666' title='bbox 2855 3781 2924 3835; x_wconf 88' lang='lat' dir='ltr'><strong>II.</strong></span> 
     </span>
    </p>
   </div>
   <div class='ocr_carea' id='block_1_102' title="bbox 1890 3867 3596 3936">
    <p class='ocr_par' dir='ltr' id='par_1_102' title="bbox 1890 3867 3596 3936">
     <span class='ocr_line' id='line_1_103' title="bbox 1890 3867 3596 3936; baseline -0.006 -7"><span class='ocrx_word' id='word_1_667' title='bbox 1890 3873 2160 3929; x_wconf 76' lang='lat' dir='ltr'><strong>Fundatio</strong></span> <span class='ocrx_word' id='word_1_668' title='bbox 2246 3872 2476 3925; x_wconf 60' lang='lat' dir='ltr'><strong>ecclesia</strong></span> <span class='ocrx_word' id='word_1_669' title='bbox 2563 3869 2989 3936; x_wconf 76' lang='lat' dir='ltr'><strong>Bambergensis,</strong></span> <span class='ocrx_word' id='word_1_670' title='bbox 3067 3867 3262 3934; x_wconf 80' lang='lat' dir='ltr'><strong>synodi</strong></span> <span class='ocrx_word' id='word_1_671' title='bbox 3349 3867 3426 3919; x_wconf 81' lang='lat' dir='ltr'><strong>ad</strong></span> <span class='ocrx_word' id='word_1_672' title='bbox 3480 3883 3596 3920; x_wconf 88' lang='lat' dir='ltr'><strong>eam</strong></span> 
     </span>
    </p>
   </div>
   <div class='ocr_carea' id='block_1_103' title="bbox 1962 3937 3594 4011">
    <p class='ocr_par' dir='ltr' id='par_1_103' title="bbox 1962 3937 3594 4011">
     <span class='ocr_line' id='line_1_104' title="bbox 1962 3937 3594 4011; baseline -0.006 -13"><span class='ocrx_word' id='word_1_673' title='bbox 1962 3947 2282 4011; x_wconf 83' lang='lat' dir='ltr'><strong>spectantes,</strong></span> <span class='ocrx_word' id='word_1_674' title='bbox 2342 3942 2564 4008; x_wconf 87' lang='lat' dir='ltr'><strong>ejusque</strong></span> <span class='ocrx_word' id='word_1_675' title='bbox 2623 3956 2658 3993; x_wconf 83' lang='grc' dir='ltr'>α</span> <span class='ocrx_word' id='word_1_676' title='bbox 2729 3954 2934 3993; x_wconf 84' lang='lat' dir='ltr'><strong>summo</strong></span> <span class='ocrx_word' id='word_1_677' title='bbox 2985 3940 3236 4005; x_wconf 78' lang='lat' dir='ltr'><strong>Pontiﬁce</strong></span> <span class='ocrx_word' id='word_1_678' title='bbox 3316 3937 3594 4005; x_wconf 86' lang='lat' dir='ltr'><strong>approba-</strong></span> 
     </span>
    </p>
   </div>
   <div class='ocr_carea' id='block_1_104' title="bbox 1963 4018 2056 4068">
    <p class='ocr_par' dir='ltr' id='par_1_104' title="bbox 1963 4018 2056 4068">
     <span class='ocr_line' id='line_1_105' title="bbox 1963 4018 2056 4068; baseline -0.022 0"><span class='ocrx_word' id='word_1_679' title='bbox 1963 4018 2056 4068; x_wconf 76' lang='lat' dir='ltr'><strong>tio.</strong></span> 
     </span>
    </p>
   </div>
   <div class='ocr_carea' id='block_1_105' title="bbox 1967 4113 3586 4187">
    <p class='ocr_par' dir='ltr' id='par_1_105' title="bbox 1967 4113 3586 4187">
     <span class='ocr_line' id='line_1_106' title="bbox 1967 4113 3586 4187; baseline -0.006 -13"><span class='ocrx_word' id='word_1_680' title='bbox 1967 4124 2048 4174; x_wconf 76' lang='lat' dir='ltr'><strong>t2.</strong></span> <span class='ocrx_word' id='word_1_681' title='bbox 2099 4123 2260 4174; x_wconf 82' lang='lat' dir='ltr'><strong>Anno</strong></span> <span class='ocrx_word' id='word_1_682' title='bbox 2292 4117 2468 4187; x_wconf 89' lang='lat' dir='ltr'><strong>igitur</strong></span> <span class='ocrx_word' id='word_1_683' title='bbox 2497 4117 2567 4171; x_wconf 91' lang='lat' dir='ltr'><strong>ab</strong></span> <span class='ocrx_word' id='word_1_684' title='bbox 2626 4113 3022 4170; x_wconf 89' lang='lat' dir='ltr'><strong>Incarnatione</strong></span> <span class='ocrx_word' id='word_1_685' title='bbox 3055 4113 3281 4168; x_wconf 89' lang='lat' dir='ltr'><strong>Domini</strong></span> <span class='ocrx_word' id='word_1_686' title='bbox 3334 4129 3449 4166; x_wconf 72' lang='lat' dir='ltr'><strong>nvu</strong></span> <span class='ocrx_word' id='word_1_687' title='bbox 3506 4113 3586 4182; x_wconf 76' lang='lat'><strong>(5|</strong></span> 
     </span>
    </p>
   </div>
   <div class='ocr_carea' id='block_1_106' title="bbox 1895 4201 3597 4274">
    <p class='ocr_par' dir='ltr' id='par_1_106' title="bbox 1895 4201 3597 4274">
     <span class='ocr_line' id='line_1_107' title="bbox 1895 4201 3597 4274; baseline -0.007 -10"><span class='ocrx_word' id='word_1_688' title='bbox 1895 4209 2102 4264; x_wconf 88' lang='lat' dir='ltr'><strong>lndict.</strong></span> <span class='ocrx_word' id='word_1_689' title='bbox 2141 4225 2192 4261; x_wconf 93' lang='lat' dir='ltr'><strong>v.</strong></span> <span class='ocrx_word' id='word_1_690' title='bbox 2228 4225 2286 4261; x_wconf 92' lang='grc' dir='ltr'><strong>ιιι</strong></span> <span class='ocrx_word' id='word_1_691' title='bbox 2320 4207 2559 4262; x_wconf 89' lang='lat' dir='ltr'><strong>Kalend.</strong></span> <span class='ocrx_word' id='word_1_692' title='bbox 2590 4203 2926 4260; x_wconf 87' lang='lat' dir='ltr'><strong>Novembris</strong></span> <span class='ocrx_word' id='word_1_693' title='bbox 2941 4219 3144 4274; x_wconf 89' lang='lat' dir='ltr'><strong>magna</strong></span> <span class='ocrx_word' id='word_1_694' title='bbox 3170 4202 3417 4272; x_wconf 86' lang='lat' dir='ltr'><strong>synodus</strong></span> <span class='ocrx_word' id='word_1_695' title='bbox 3449 4201 3597 4271; x_wconf 87' lang='lat' dir='ltr'><strong>Epis-</strong></span> 
     </span>
    </p>
   </div>
   <div class='ocr_carea' id='block_1_107' title="bbox 1891 4291 3598 4369">
    <p class='ocr_par' dir='ltr' id='par_1_107' title="bbox 1891 4291 3598 4369">
     <span class='ocr_line' id='line_1_108' title="bbox 1891 4291 3598 4369; baseline -0.006 -17"><span class='ocrx_word' id='word_1_696' title='bbox 1891 4314 2192 4369; x_wconf 90' lang='lat' dir='ltr'><strong>c0porum,</strong></span> <span class='ocrx_word' id='word_1_697' title='bbox 2225 4297 2586 4365; x_wconf 89' lang='lat' dir='ltr'><strong>aliorumque</strong></span> <span class='ocrx_word' id='word_1_698' title='bbox 2619 4296 2850 4349; x_wconf 88' lang='lat' dir='ltr'><strong>Patrum</strong></span> <span class='ocrx_word' id='word_1_699' title='bbox 2897 4292 3089 4346; x_wconf 89' lang='lat' dir='ltr'><strong>habita</strong></span> <span class='ocrx_word' id='word_1_700' title='bbox 3119 4297 3204 4345; x_wconf 89' lang='lat' dir='ltr'><strong>est</strong></span> <span class='ocrx_word' id='word_1_701' title='bbox 3231 4296 3287 4345; x_wconf 91' lang='lat' dir='ltr'><strong>et</strong></span> <span class='ocrx_word' id='word_1_702' title='bbox 3315 4291 3598 4344; x_wconf 88' lang='lat' dir='ltr'><strong>celebrata</strong></span> 
     </span>
    </p>
   </div>
   <div class='ocr_carea' id='block_1_108' title="bbox 1892 4380 3595 4453">
    <p class='ocr_par' dir='ltr' id='par_1_108' title="bbox 1892 4380 3595 4453">
     <span class='ocr_line' id='line_1_109' title="bbox 1892 4380 3595 4453; baseline -0.005 -14"><span class='ocrx_word' id='word_1_703' title='bbox 1892 4387 1950 4440; x_wconf 92' lang='lat' dir='ltr'><strong>in</strong></span> <span class='ocrx_word' id='word_1_704' title='bbox 1983 4386 2113 4438; x_wconf 90' lang='lat' dir='ltr'><strong>villa</strong></span> <span class='ocrx_word' id='word_1_705' title='bbox 2171 4384 2327 4453; x_wconf 87' lang='lat' dir='ltr'><strong>regia</strong></span> <span class='ocrx_word' id='word_1_706' title='bbox 2378 4383 2793 4438; x_wconf 85' lang='lat' dir='ltr'><strong>Franchenfurt</strong></span> <span class='ocrx_word' id='word_1_707' title='bbox 2854 4381 3141 4434; x_wconf 89' lang='lat' dir='ltr'><strong>mediante</strong></span> <span class='ocrx_word' id='word_1_708' title='bbox 3200 4380 3354 4449; x_wconf 87' lang='lat' dir='ltr'><strong>Rege</strong></span> <span class='ocrx_word' id='word_1_709' title='bbox 3387 4395 3595 4448; x_wconf 89' lang='lat' dir='ltr'><strong>magno</strong></span> 
     </span>
    </p>
   </div>
   <div class='ocr_carea' id='block_1_109' title="bbox 1894 4467 3593 4544">
    <p class='ocr_par' dir='ltr' id='par_1_109' title="bbox 1894 4467 3593 4544">
     <span class='ocr_line' id='line_1_110' title="bbox 1894 4467 3593 4544; baseline -0.005 -15"><span class='ocrx_word' id='word_1_710' title='bbox 1894 4481 1949 4529; x_wconf 89' lang='lat' dir='ltr'><strong>et</strong></span> <span class='ocrx_word' id='word_1_711' title='bbox 2002 4474 2236 4544; x_wconf 90' lang='lat' dir='ltr'><strong>paciﬁco</strong></span> <span class='ocrx_word' id='word_1_712' title='bbox 2294 4473 2576 4535; x_wconf 84' lang='lat' dir='ltr'><strong>Heinrico,</strong></span> <span class='ocrx_word' id='word_1_713' title='bbox 2636 4487 2784 4524; x_wconf 89' lang='lat' dir='ltr'><strong>anno</strong></span> <span class='ocrx_word' id='word_1_714' title='bbox 2817 4470 2982 4539; x_wconf 90' lang='lat' dir='ltr'><strong>regni</strong></span> <span class='ocrx_word' id='word_1_715' title='bbox 3023 4469 3109 4522; x_wconf 85' lang='lat' dir='ltr'><strong>sui</strong></span> <span class='ocrx_word' id='word_1_716' title='bbox 3143 4485 3243 4521; x_wconf 82' lang='lat' dir='ltr'><strong>vn.</strong></span> <span class='ocrx_word' id='word_1_717' title='bbox 3287 4469 3426 4521; x_wconf 86' lang='lat' dir='ltr'><strong>Nam</strong></span> <span class='ocrx_word' id='word_1_718' title='bbox 3458 4467 3593 4520; x_wconf 91' lang='lat' dir='ltr'><strong>dum</strong></span> 
     </span>
    </p>
   </div>
   <div class='ocr_carea' id='block_1_110' title="bbox 1894 4555 3595 4618">
    <p class='ocr_par' dir='ltr' id='par_1_110' title="bbox 1894 4555 3595 4618">
     <span class='ocr_line' id='line_1_111' title="bbox 1894 4555 3595 4618; baseline -0.005 -1"><span class='ocrx_word' id='word_1_719' title='bbox 1894 4565 2045 4618; x_wconf 89' lang='lat' dir='ltr'><strong>idem</strong></span> <span class='ocrx_word' id='word_1_720' title='bbox 2105 4565 2220 4616; x_wconf 89' lang='lat' dir='ltr'><strong>Deo</strong></span> <span class='ocrx_word' id='word_1_721' title='bbox 2266 4563 2499 4616; x_wconf 88' lang='lat' dir='ltr'><strong>devotus</strong></span> <span class='ocrx_word' id='word_1_722' title='bbox 2559 4562 2674 4614; x_wconf 88' lang='lat' dir='ltr'><strong>Rex</strong></span> <span class='ocrx_word' id='word_1_723' title='bbox 2712 4561 2824 4613; x_wconf 88' lang='lat' dir='ltr'><strong>alta</strong></span> <span class='ocrx_word' id='word_1_724' title='bbox 2882 4557 3085 4612; x_wconf 91' lang='lat' dir='ltr'><strong>mentis</strong></span> <span class='ocrx_word' id='word_1_725' title='bbox 3141 4555 3595 4610; x_wconf 74' lang='lat' dir='ltr'><strong>consideratione</strong></span> 
     </span>
    </p>
   </div>
   <div class='ocr_carea' id='block_1_111' title="bbox 1895 4642 3596 4718">
    <p class='ocr_par' dir='ltr' id='par_1_111' title="bbox 1895 4642 3596 4718">
     <span class='ocr_line' id='line_1_112' title="bbox 1895 4642 3596 4718; baseline -0.006 -13"><span class='ocrx_word' id='word_1_726' title='bbox 1895 4668 2084 4705; x_wconf 89' lang='lat' dir='ltr'><strong>secum</strong></span> <span class='ocrx_word' id='word_1_727' title='bbox 2115 4651 2385 4716; x_wconf 88' lang='lat' dir='ltr'><strong>volveret,</strong></span> <span class='ocrx_word' id='word_1_728' title='bbox 2440 4649 2498 4703; x_wconf 92' lang='lat' dir='ltr'><strong>in</strong></span> <span class='ocrx_word' id='word_1_729' title='bbox 2556 4665 2670 4718; x_wconf 91' lang='lat' dir='ltr'><strong>quo</strong></span> <span class='ocrx_word' id='word_1_730' title='bbox 2728 4647 3089 4718; x_wconf 87' lang='lat' dir='ltr'><strong>potissimum</strong></span> <span class='ocrx_word' id='word_1_731' title='bbox 3136 4660 3308 4714; x_wconf 92' lang='lat' dir='ltr'><strong>opere</strong></span> <span class='ocrx_word' id='word_1_732' title='bbox 3359 4643 3456 4696; x_wconf 90' lang='lat' dir='ltr'><strong>Dei</strong></span> <span class='ocrx_word' id='word_1_733' title='bbox 3485 4642 3596 4695; x_wconf 82' lang='lat' dir='ltr'><strong>mi-</strong></span> 
     </span>
    </p>
   </div>
   <div class='ocr_carea' id='block_1_112' title="bbox 1897 4730 3595 4796">
    <p class='ocr_par' dir='ltr' id='par_1_112' title="bbox 1897 4730 3595 4796">
     <span class='ocr_line' id='line_1_113' title="bbox 1897 4730 3595 4796; baseline -0.008 -2"><span class='ocrx_word' id='word_1_734' title='bbox 1897 4740 2262 4795; x_wconf 86' lang='lat' dir='ltr'><strong>sericordiam</strong></span> <span class='ocrx_word' id='word_1_735' title='bbox 2315 4738 2422 4792; x_wconf 90' lang='lat' dir='ltr'><strong>sibi</strong></span> <span class='ocrx_word' id='word_1_736' title='bbox 2469 4738 2688 4791; x_wconf 85' lang='lat' dir='ltr'><strong>facilius</strong></span> <span class='ocrx_word' id='word_1_737' title='bbox 2752 4736 3101 4796; x_wconf 87' lang='lat' dir='ltr'><strong>conciliaret,</strong></span> <span class='ocrx_word' id='word_1_738' title='bbox 3174 4738 3231 4786; x_wconf 88' lang='lat' dir='ltr'><strong>et</strong></span> <span class='ocrx_word' id='word_1_739' title='bbox 3304 4748 3367 4785; x_wconf 88' lang='lat' dir='ltr'><strong>ex</strong></span> <span class='ocrx_word' id='word_1_740' title='bbox 3416 4730 3595 4784; x_wconf 90' lang='lat' dir='ltr'><strong>divini</strong></span> 
     </span>
    </p>
   </div>
   <div class='ocr_carea' id='block_1_113' title="bbox 1897 4816 3594 4895">
    <p class='ocr_par' dir='ltr' id='par_1_113' title="bbox 1897 4816 3594 4895">
     <span class='ocr_line' id='line_1_114' title="bbox 1897 4816 3594 4895; baseline -0.009 -12"><span class='ocrx_word' id='word_1_741' title='bbox 1897 4830 2169 4883; x_wconf 89' lang='lat' dir='ltr'><strong>instinctu</strong></span> <span class='ocrx_word' id='word_1_742' title='bbox 2216 4826 2441 4881; x_wconf 85' lang='lat' dir='ltr'><strong>consilii</strong></span> <span class='ocrx_word' id='word_1_743' title='bbox 2491 4825 2805 4895; x_wconf 87' lang='lat' dir='ltr'><strong>inspiratus</strong></span> <span class='ocrx_word' id='word_1_744' title='bbox 2836 4823 3136 4893; x_wconf 89' lang='lat' dir='ltr'><strong>disposuit,</strong></span> <span class='ocrx_word' id='word_1_745' title='bbox 3179 4826 3242 4874; x_wconf 91' lang='lat' dir='ltr'><strong>ut</strong></span> <span class='ocrx_word' id='word_1_746' title='bbox 3280 4821 3460 4872; x_wconf 90' lang='lat' dir='ltr'><strong>Deum</strong></span> <span class='ocrx_word' id='word_1_747' title='bbox 3487 4816 3594 4869; x_wconf 90' lang='lat' dir='ltr'><strong>sibi</strong></span> 
     </span>
    </p>
   </div>
   <div class='ocr_carea' id='block_1_114' title="bbox 1895 4907 3594 4984">
    <p class='ocr_par' dir='ltr' id='par_1_114' title="bbox 1895 4907 3594 4984">
     <span class='ocr_line' id='line_1_115' title="bbox 1895 4907 3594 4984; baseline -0.009 -13"><span class='ocrx_word' id='word_1_748' title='bbox 1895 4918 2167 4971; x_wconf 89' lang='lat' dir='ltr'><strong>heredem</strong></span> <span class='ocrx_word' id='word_1_749' title='bbox 2225 4915 2485 4984; x_wconf 88' lang='lat' dir='ltr'><strong>eligeret,</strong></span> <span class='ocrx_word' id='word_1_750' title='bbox 2542 4919 2599 4967; x_wconf 88' lang='lat' dir='ltr'><strong>et</strong></span> <span class='ocrx_word' id='word_1_751' title='bbox 2659 4912 3062 4976; x_wconf 90' lang='lat' dir='ltr'><strong>conscriberet,</strong></span> <span class='ocrx_word' id='word_1_752' title='bbox 3096 4915 3152 4962; x_wconf 91' lang='lat' dir='ltr'><strong>et</strong></span> <span class='ocrx_word' id='word_1_753' title='bbox 3201 4907 3594 4976; x_wconf 89' lang='lat' dir='ltr'><strong>episcopatum</strong></span> 
     </span>
    </p>
   </div>
   <div class='ocr_carea' id='block_1_115' title="bbox 1900 4990 3595 5072">
    <p class='ocr_par' dir='ltr' id='par_1_115' title="bbox 1900 4990 3595 5072">
     <span class='ocr_line' id='line_1_116' title="bbox 1900 4990 3595 5072; baseline -0.01 -14"><span class='ocrx_word' id='word_1_754' title='bbox 1900 5003 2448 5072; x_wconf 86' lang='lat' dir='ltr'><strong>Babenbergensem,</strong></span> <span class='ocrx_word' id='word_1_755' title='bbox 2528 5006 2592 5053; x_wconf 89' lang='lat' dir='ltr'><strong>ut</strong></span> <span class='ocrx_word' id='word_1_756' title='bbox 2663 4999 3053 5070; x_wconf 83' lang='lat' dir='ltr'><strong>praescriptum</strong></span> <span class='ocrx_word' id='word_1_757' title='bbox 3125 4999 3227 5058; x_wconf 86' lang='lat' dir='ltr'><strong>est,</strong></span> <span class='ocrx_word' id='word_1_758' title='bbox 3301 5009 3370 5045; x_wconf 88' lang='lat' dir='ltr'><strong>ex</strong></span> <span class='ocrx_word' id='word_1_759' title='bbox 3422 4990 3595 5043; x_wconf 89' lang='lat' dir='ltr'><strong>rebus</strong></span> 
     </span>
    </p>
   </div>
   <div class='ocr_carea' id='block_1_116' title="bbox 1897 5080 3594 5156">
    <p class='ocr_par' dir='ltr' id='par_1_116' title="bbox 1897 5080 3594 5156">
     <span class='ocr_line' id='line_1_117' title="bbox 1897 5080 3594 5156; baseline -0.008 -9"><span class='ocrx_word' id='word_1_760' title='bbox 1897 5091 2256 5148; x_wconf 87' lang='lat' dir='ltr'><strong>hereditariis</strong></span> <span class='ocrx_word' id='word_1_761' title='bbox 2299 5095 2671 5153; x_wconf 87' lang='lat' dir='ltr'><strong>construeret,</strong></span> <span class='ocrx_word' id='word_1_762' title='bbox 2732 5094 2793 5142; x_wconf 89' lang='lat' dir='ltr'><strong>ut</strong></span> <span class='ocrx_word' id='word_1_763' title='bbox 2841 5093 2898 5141; x_wconf 90' lang='lat' dir='ltr'><strong>et</strong></span> <span class='ocrx_word' id='word_1_764' title='bbox 2953 5083 3320 5156; x_wconf 88' lang='lat' dir='ltr'><strong>paganismus</strong></span> <span class='ocrx_word' id='word_1_765' title='bbox 3367 5080 3594 5135; x_wconf 87' lang='lat' dir='ltr'><strong>Sclavo-</strong></span> 
     </span>
    </p>
   </div>
   <div class='ocr_carea' id='block_1_117' title="bbox 1972 5188 3593 5265">
    <p class='ocr_par' dir='ltr' id='par_1_117' title="bbox 1972 5188 3593 5265">
     <span class='ocr_line' id='line_1_118' title="bbox 1972 5188 3593 5265; baseline -0.006 -14"><span class='ocrx_word' id='word_1_766' title='bbox 1972 5199 2076 5265; x_wconf 82' lang='lat'>(50)</span> <span class='ocrx_word' id='word_1_767' title='bbox 2113 5197 2376 5250; x_wconf 91' lang='lat' dir='ltr'><strong>Pluribus</strong></span> <span class='ocrx_word' id='word_1_768' title='bbox 2407 5197 2658 5250; x_wconf 80' lang='lat' dir='ltr'><strong>ostendit</strong></span> <span class='ocrx_word' id='word_1_769' title='bbox 2689 5197 3004 5256; x_wconf 73' lang='lat' dir='ltr'><strong>Gretserus,</strong></span> <span class='ocrx_word' id='word_1_770' title='bbox 3027 5190 3310 5265; x_wconf 83' lang='lat' dir='ltr'><strong>diploma_</strong></span> <span class='ocrx_word' id='word_1_771' title='bbox 3333 5202 3452 5239; x_wconf 91' lang='lat' dir='ltr'><strong>esse</strong></span> <span class='ocrx_word' id='word_1_772' title='bbox 3492 5188 3593 5265; x_wconf 58' lang='lat' dir='ltr'><strong>O_t-:</strong></span> 
     </span>
    </p>
   </div>
   <div class='ocr_carea' id='block_1_118' title="bbox 1901 5256 3592 5338">
    <p class='ocr_par' dir='ltr' id='par_1_118' title="bbox 1901 5256 3592 5338">
     <span class='ocr_line' id='line_1_119' title="bbox 1901 5256 3592 5338; baseline -0.008 -17"><span class='ocrx_word' id='word_1_773' title='bbox 1901 5256 2162 5333; x_wconf 49' lang='lat' dir='ltr'><strong>tonis&#39;II,</strong></span> <span class='ocrx_word' id='word_1_774' title='bbox 2185 5268 2252 5320; x_wconf 92' lang='lat' dir='ltr'><strong>de</strong></span> <span class='ocrx_word' id='word_1_775' title='bbox 2286 5284 2398 5338; x_wconf 90' lang='lat' dir='ltr'><strong>quo</strong></span> <span class='ocrx_word' id='word_1_776' title='bbox 2443 5272 2496 5319; x_wconf 91' lang='lat' dir='ltr'><strong>et</strong></span> <span class='ocrx_word' id='word_1_777' title='bbox 2540 5267 2728 5338; x_wconf 15' lang='lat' dir='ltr'><strong>nosiin</strong></span> <span class='ocrx_word' id='word_1_778' title='bbox 2767 5256 3189 5318; x_wconf 74' lang='lat' dir='ltr'><strong>Commentario</strong></span> <span class='ocrx_word' id='word_1_779' title='bbox 3223 5257 3467 5338; x_wconf 61' lang='lat' dir='ltr'><strong>egimus,</strong></span> <span class='ocrx_word' id='word_1_780' title='bbox 3496 5256 3592 5310; x_wconf 86' lang='lat' dir='ltr'><strong>ubi</strong></span> 
     </span>
    </p>
   </div>
   <div class='ocr_carea' id='block_1_119' title="bbox 1902 5330 3595 5409">
    <p class='ocr_par' dir='ltr' id='par_1_119' title="bbox 1902 5330 3595 5409">
     <span class='ocr_line' id='line_1_120' title="bbox 1902 5330 3595 5409; baseline -0.008 -14"><span class='ocrx_word' id='word_1_781' title='bbox 1902 5341 2072 5395; x_wconf 88' lang='lat' dir='ltr'><strong>etiam</strong></span> <span class='ocrx_word' id='word_1_782' title='bbox 2105 5330 2173 5392; x_wconf 85' lang='lat' dir='ltr'><strong>de</strong></span> <span class='ocrx_word' id='word_1_783' title='bbox 2193 5330 2358 5409; x_wconf 79' lang='lat' dir='ltr'><strong>titulo</strong></span> <span class='ocrx_word' id='word_1_784' title='bbox 2392 5340 2602 5406; x_wconf 79' lang='lat' dir='ltr'><strong>nepotis</strong></span> <span class='ocrx_word' id='word_1_785' title='bbox 2630 5337 2842 5409; x_wconf 72' lang='lat' dir='ltr'><strong>dictum</strong></span> <span class='ocrx_word' id='word_1_786' title='bbox 2899 5339 3004 5409; x_wconf 83' lang='lat' dir='ltr'><strong>est,</strong></span> <span class='ocrx_word' id='word_1_787' title='bbox 3043 5330 3595 5409; x_wconf 37' lang='lat' dir='ltr'><strong>que_m_0tto.lmpe-</strong></span> 
     </span>
    </p>
   </div>
   <div class='ocr_carea' id='block_1_120' title="bbox 1903 5403 3592 5478">
    <p class='ocr_par' dir='ltr' id='par_1_120' title="bbox 1903 5403 3592 5478">
     <span class='ocr_line' id='line_1_121' title="bbox 1903 5403 3592 5478; baseline -0.009 -13"><span class='ocrx_word' id='word_1_788' title='bbox 1903 5417 2054 5465; x_wconf 87' lang='lat' dir='ltr'><strong>rator</strong></span> <span class='ocrx_word' id='word_1_789' title='bbox 2079 5408 2279 5463; x_wconf 90' lang='lat' dir='ltr'><strong>tribuit</strong></span> <span class='ocrx_word' id='word_1_790' title='bbox 2325 5403 2569 5478; x_wconf 80' lang='lat' dir='ltr'><strong>patrueli</strong></span> <span class='ocrx_word' id='word_1_791' title='bbox 2600 5423 2702 5460; x_wconf 87' lang='lat' dir='ltr'><strong>suo</strong></span> <span class='ocrx_word' id='word_1_792' title='bbox 2755 5404 2993 5458; x_wconf 90' lang='lat' dir='ltr'><strong>Henrico</strong></span> <span class='ocrx_word' id='word_1_793' title='bbox 3040 5403 3169 5456; x_wconf 91' lang='lat' dir='ltr'><strong>duci</strong></span> <span class='ocrx_word' id='word_1_794' title='bbox 3203 5403 3473 5463; x_wconf 67' lang='lat' dir='ltr'><strong>Bavariaa,</strong></span> <span class='ocrx_word' id='word_1_795' title='bbox 3498 5415 3592 5468; x_wconf 87' lang='lat' dir='ltr'><strong>pa-</strong></span> 
     </span>
    </p>
   </div>
   <div class='ocr_carea' id='block_1_121' title="bbox 1905 5481 2351 5535">
    <p class='ocr_par' dir='ltr' id='par_1_121' title="bbox 1905 5481 2351 5535">
     <span class='ocr_line' id='line_1_122' title="bbox 1905 5481 2351 5535; baseline -0.007 0"><span class='ocrx_word' id='word_1_796' title='bbox 1905 5483 1974 5535; x_wconf 90' lang='lat' dir='ltr'><strong>tri</strong></span> <span class='ocrx_word' id='word_1_797' title='bbox 2016 5483 2068 5534; x_wconf 85' lang='lat' dir='ltr'><strong>S.</strong></span> <span class='ocrx_word' id='word_1_798' title='bbox 2109 5481 2351 5533; x_wconf 84' lang='lat' dir='ltr'><strong>Henrici.</strong></span> 
     </span>
    </p>
   </div>
   <div class='ocr_carea' id='block_1_122' title="bbox 1976 5541 3596 5619">
    <p class='ocr_par' dir='ltr' id='par_1_122' title="bbox 1976 5541 3596 5619">
     <span class='ocr_line' id='line_1_123' title="bbox 1976 5541 3596 5619; baseline -0.01 -12"><span class='ocrx_word' id='word_1_799' title='bbox 1976 5553 2084 5619; x_wconf 64' lang='grc' dir='ltr'>(δι)</span> <span class='ocrx_word' id='word_1_800' title='bbox 2112 5553 2268 5604; x_wconf 77' lang='lat' dir='ltr'><strong>Errat.</strong></span> <span class='ocrx_word' id='word_1_801' title='bbox 2299 5549 2600 5619; x_wconf 89' lang='lat' dir='ltr'><strong>imperitus</strong></span> <span class='ocrx_word' id='word_1_802' title='bbox 2631 5545 2890 5615; x_wconf 71' lang='lat' dir='ltr'><strong>scriptor,</strong></span> <span class='ocrx_word' id='word_1_803' title='bbox 2923 5548 2979 5598; x_wconf 90' lang='lat' dir='ltr'><strong>et</strong></span> <span class='ocrx_word' id='word_1_804' title='bbox 3007 5561 3091 5596; x_wconf 90' lang='lat' dir='ltr'><strong>res</strong></span> <span class='ocrx_word' id='word_1_805' title='bbox 3113 5541 3430 5605; x_wconf 77' lang='lat' dir='ltr'><strong>confundit,</strong></span> <span class='ocrx_word' id='word_1_806' title='bbox 3455 5555 3596 5610; x_wconf 89' lang='lat' dir='ltr'><strong>quas</strong></span> 
     </span>
    </p>
   </div>
  </div>
