4058 6216
350 310 449 366 115

1649 309 1705 364 S.
1754 309 1792 362 H
1806 248 2050 362 ΕΜΠοἶ
2071 303 2555 362 IMPERATORIS

3779 309 3878 361 Ιιὸ

351 447 482 486 rum
529 428 611 487 ibi
658 431 1044 500 destruentur,
1129 435 1187 487 et
1255 431 1562 488 Christiani
1629 429 1882 486 nominis
1936 445 2051 484 me-
2079 431 2126 484 Α
2164 429 2349 484 ritatis
2407 429 2770 501 episcopatus
2827 427 3049 484 noviter
3115 429 3296 484 factus
3350 428 3717 485 fundaretur.
3771 431 3884 485 Pro

357 519 539 575 moria
601 521 1015 591 perpetualiter
1077 520 1221 574 inibi
1285 521 1522 575 celebris
1561 519 1888 574 haberetur.
1949 518 2057 573 Sed

360 625 490 663 cum
521 609 848 680 parochiam
879 611 950 663 ad
981 609 1240 664 eamdem
1268 609 1465 663 sedem
1510 607 1914 679 respicientem
1945 623 2060 660 non

362 698 616 764 haberet,
657 702 708 751 et
767 705 1019 751 sanctam
1105 699 1476 751 Pentecosten
1537 696 1596 750 in
1655 697 1857 750 eodem
1910 711 2060 749 anno

365 786 530 857 regni
587 786 677 840 sui
717 786 1022 856 Moguntiae
1077 787 1404 850 celebraret,
1473 790 1695 854 partem
1753 785 2065 838 Wirzebur-

367 875 560 944 gensis
615 875 940 940 dimceseos,
999 875 1337 928 comitatum
1386 873 1648 927 videlicet
1706 875 2066 942 Raterzgewe

369 964 482 1034 (52)
509 963 746 1030 dictum,
777 968 832 1016 et
858 963 995 1032 pagi
1019 963 1288 1016 Wolcvelt
1308 961 1463 1027 dicti,
1491 961 1856 1016 interﬁuvios
1885 963 2072 1015 Vraha

371 1059 427 1106 et
482 1053 731 1106 Ratenza
779 1050 905 1118 sita,
962 1052 1033 1104 ab
1097 1050 1361 1104 Heinrico
1429 1049 1887 1120 Wirzeburgensi
1945 1048 2074 1118 Epi-

276 1149 285 1156 '
372 1155 542 1210 scopo
568 1139 732 1192 ﬁrma
777 1156 840 1192 ac
891 1138 1062 1208 legali
1117 1139 1426 1192 traditione
1473 1137 1794 1208 acquisivit,
1843 1138 2074 1191 tradens

373 1245 404 1282 e
435 1234 633 1281 contra
677 1227 1137 1296 Wirzeburgensi
1185 1226 1432 1279 ecclesiae
1473 1227 1556 1280 CL
1605 1226 1712 1296 (53)
1758 1242 1984 1280 mansos
2015 1225 2074 1278 in

372 1317 496 1371 vico
536 1316 889 1386 Memmigun
941 1316 1112 1381 dicto,
1173 1321 1228 1367 et
1277 1315 1335 1368 in
1377 1315 1631 1386 proxime
1689 1314 2076 1385 adjacentibus

377 1405 536 1474 locis,
613 1403 1120 1472 consentientibus,
1185 1407 1241 1455 et
1303 1403 1773 1456 concurrentibus
1834 1403 1894 1456 in
1956 1403 2080 1456 haec

376 1499 494 1548 tota
562 1492 718 1546 illius
799 1491 1086 1546 Heinrico
1139 1490 1614 1562 Wirzeburgensi,
1681 1496 1738 1546 et
1801 1491 2080 1562 Willigiso

379 1580 684 1650 Moguntina
715 1578 1051 1648 metropolis
1107 1579 1554 1650 archiepiscopo,
1615 1578 1944 1652 multisque,
1981 1579 2081 1650 qui

2172 535 2286 590 qua
2314 519 2536 573 ratione
2581 516 2878 572 Heinricus
2925 517 3219 572 Secundus
3270 517 3726 588 gloriosissimus
3765 518 3883 571 Rex

2173 607 2408 663 nuntios
2436 622 2568 661 suos
2596 607 2667 661 ad
2697 623 2803 661 nos
2839 605 3065 672 direxit,
3118 606 3218 675 qui
3273 606 3438 659 nobis
3492 608 3620 660 hec
3681 607 3888 659 omnia

2176 697 2450 762 dicerent,
2503 702 2559 749 et
2614 711 2718 749 nos
2746 710 2848 764 pro
2909 696 3013 749 hac
3049 695 3181 748 sede
3238 695 3638 750 conﬁrmanda
3693 693 3888 747 inter-

2179 786 2482 856 pellarent.
2522 785 2696 854 Cujus
2727 783 3140 836 sanctissimam
3179 782 3585 849 imitationem,
3641 787 3896 854 paterna

2179 880 2236 928 et
2257 871 2619 943 praecordiali
2669 871 2972 926 dilectione
3003 871 3312 935 intuentes,
3362 887 3564 926 omnes
3593 887 3708 938 res,
3748 887 3897 942 quas

2180 963 2346 1017 beato
2387 962 2554 1016 Petro
2603 960 3008 1030 Apostolorum
3066 958 3334 1030 Principi,
3369 959 3431 1013 in
3481 961 3604 1013 loco
3656 975 3897 1030 praeno-

2185 1051 2401 1104 minato
2459 1048 2717 1119 legitima
2768 1048 2983 1102 ratione
3039 1048 3304 1101 collectas
3357 1048 3625 1111 contulit,
3678 1053 3897 1102 nostra:

2186 1137 2540 1192 auctoritatis
2586 1135 2884 1207 privilegio
2941 1135 3277 1189 conﬁrmare
3353 1133 3747 1195 decernimus,
3832 1149 3901 1186 ea

2186 1226 2452 1281 videlicet
2495 1226 2747 1294 ratione,
2803 1230 2866 1279 ut
2924 1223 3233 1294 Episcopus
3303 1223 3428 1294 ejus
3487 1223 3621 1288 loci,
3682 1227 3747 1277 et
3801 1220 3899 1292 qui

2187 1317 2248 1370 in
2289 1321 2632 1386 perpetuum
2689 1313 2774 1366 sui
2847 1314 3059 1372 fuerint
3100 1326 3477 1379 successores,
3537 1327 3627 1376 ea,
3696 1325 3900 1384 secura

2188 1403 2602 1474 tranquillitate
2659 1402 3006 1472 possideant,
3083 1405 3140 1454 et
3185 1400 3427 1454 liberam
3488 1399 3750 1454 habeant
3799 1415 3897 1468 po-

2189 1497 2452 1547 testatem
2505 1507 2596 1544 res
2647 1497 2705 1544 et
2761 1489 3137 1561 proprietates
3189 1489 3448 1560 ejusdem
3499 1487 3765 1542 ecclesiae
3806 1503 3903 1539 or-

2191 1581 2409 1645 dinare,
2460 1586 2628 1650 atque
2685 1594 3050 1650 componere,
3106 1579 3191 1632 vel
3238 1577 3411 1631 etiam
3458 1581 3849 1647 augmentare
3887 1591 3900 1627 :

378 1672 689 1762 prensantes
730 1668 963 1721 fuerunt
991 1667 1126 1762 (54)ἶ
1156 1667 1630 1762 ,Αταιιὶρρὶεοορίε
1678 1673 1734 1722 et
1767 1667 2076 1739 Episcopis,
2116 1669 2472 1762 Bdissipare
2517 1684 2672 1736 vero,
2727 1671 2901 1740 atque
2958 1667 3327 1731 confundere,
3377 1666 3597 1720 nullam
3652 1665 3910 1718 habeant

378 1756 702 1828 legitimum
735 1756 840 1809 hoc
877 1754 1273 1809 concambium
1326 1756 1687 1810 attestatione
1713 1772 1830 1821 sua,
1861 1762 1919 1811 et
1947 1756 2082 1810 sub-

380 1845 690 1916 scriptione
770 1843 1196 1898 roborantibus.
1269 1843 1719 1898 Gloriosissimus
1760 1860 1894 1898 vero
1967 1845 2085 1900 Rex

381 1950 617 2004 compos
681 1932 796 1986 voti
855 1932 1110 1999 effectus,
1163 1932 1288 2002 pari
1337 1932 1795 2003 supradictorum
1851 1934 2083 1987 Patrum

381 2021 666 2089 consultu,
732 2020 876 2076 duos
943 2037 1009 2074 ex
1093 2020 1401 2089 capellanis
1463 2021 1579 2073 suis
1647 2020 1973 2075 Albericum
2031 2025 2088 2076 et

388 2109 735 2164 Ludovicum
763 2109 1064 2179 ‘adjunetis
1111 2109 1598 2178 Wirzeburgensis
1646 2109 1913 2180 Episcopi
1940 2109 2090 2165 litte-

389 2197 484 2263 ris,
547 2199 787 2252 Romam
869 2213 1052 2268 usque
1120 2195 1345 2262 direxit,
1394 2201 1679 2267 quatenus
1757 2197 1878 2251 hinc
1943 2198 2089 2252 bene

386 2291 568 2356 empta
618 2285 675 2338 in
731 2284 939 2340 melius
990 2283 1334 2354 proﬁcerent
1370 2285 1707 2338 auctoritate
1745 2285 2085 2355 Apostolica.

389 2378 461 2428 At
502 2375 796 2429 Romanus
836 2373 1115 2439 Pontifex,
1167 2379 1224 2427 et
1271 2372 1607 2427 universalis
1666 2375 1818 2444 Papa
1845 2375 2092 2429 Joannes

389 2463 634 2534 piissimi
664 2462 834 2532 Regis
884 2461 1599 2532 rlevotioniscongaudens,
1649 2463 1845 2516 habita
1878 2463 1938 2516 in
1966 2479 2094 2517 san-

391 2553 466 2606 cti
518 2550 667 2605 Petri
752 2550 987 2603 Basilica
1047 2549 1285 2620 synodo,
1347 2565 1448 2620 pro
1531 2550 1923 2605 conﬁrmando
1978 2551 2096 2622 epi-

393 2642 629 2708 scopatu
669 2637 1148 2708 Babenbergensi,
1199 2637 1567 2708 privilegium
1623 2638 1757 2692 fecit
1795 2639 2093 2704 conscribi,

396 2729 452 2780 et
506 2727 830 2796 Apostolica
894 2726 1233 2780 auctoritate
1284 2726 1523 2793 ﬁrmari,
1572 2727 1856 2781 universis
1902 2729 2096 2784 Galliae

397 2819 453 2869 et
495 2815 813 2869 Germaniae
870 2814 1163 2885 Episcopis
1209 2816 1546 2881 rescribens,
1595 2821 1654 2869 ut
1702 2821 1758 2869 et
1797 2816 1906 2887 ipsi
1972 2817 2100 2888 pari

395 2904 804 2972 communique
869 2903 1228 2968 auctoritate,
1288 2903 1629 2973 praedictum
1705 2903 2098 2976 episcopatum

402 2990 754 3053 rohorarent,
814 2990 977 3059 cujus
1030 2989 1292 3043 videlicet
1347 2989 1636 3058 privilegii
1693 2992 1982 3061 exemplar
2044 2992 2104 3046 in
2139 2980 2179 3035 C

401 3077 553 3132 hunc
583 3077 821 3130 modum
850 3093 906 3129 se
938 3077 1109 3130 habet
1135 3093 1147 3130 :

477 3168 561 3220 l3.
617 3184 644 3214 α
699 3166 942 3219 Joannes
1001 3164 1308 3234 Episcopus
1359 3179 1551 3217 servus
1623 3180 1918 3219 servorum
1980 3165 2100 3219 Dei.

402 3253 584 3309 Ofﬁcii
637 3252 814 3306 nostri
869 3259 956 3306 est
1005 3253 1266 3306 omnium
1310 3257 1633 3305 sanctarum
1690 3252 1789 3307 Dei
1841 3253 2103 3308 ecclesia-

402 3357 532 3396 rum
583 3341 887 3395 commoda
934 3341 1282 3410 generaliter
1326 3341 1703 3402 considerare,
1752 3348 1808 3395 et
1857 3343 2104 3396 maxime

405 3445 625 3493 earum,
667 3445 794 3500 quin
855 3429 1175 3498 specialiter
1206 3429 1311 3484 sub
1357 3430 1487 3500 jure
1517 3447 1580 3484 ac
1611 3430 1869 3485 dominio
1897 3437 2107 3484 nostra:

409 3519 684 3572 Romanae
738 3517 1000 3571 Ecclesiae
1062 3517 1413 3584 consistunt;
1461 3518 1507 3570 si
1555 3519 1710 3589 quod
1758 3523 1843 3573 est
1886 3519 2107 3574 incom-

407 3607 666 3671 modum,
715 3605 962 3672 abolere,
1013 3623 1085 3662 ne
1134 3623 1237 3677 pro
1273 3607 1433 3678 gravi
1486 3607 1955 3662 incommoditate
2007 3623 2110 3662 sua

409 3695 681 3764 neglectae
738 3695 1047 3762 vilescant;
1113 3697 1197 3750 vel
1246 3696 1500 3767 qualibet
1574 3700 1738 3750 nacta
1791 3695 2106 3761 occasione,

409 3782 598 3839 debita
651 3784 992 3838 solennitate
1038 3791 1284 3838 careant.
1343 3787 1652 3854 Propterea
1691 3785 1957 3839 omnibus
1986 3802 2112 3840 san-

407 3877 513 3926 cta;
552 3870 653 3926 Dei
696 3872 955 3926 Ecclesiae
1009 3872 1293 3938 ﬁdelibus,
1353 3873 1730 3943 praesentibus
1788 3874 2004 3930 scilicet
2055 3879 2113 3928 et

409 3961 636 4026 futuris,
672 3965 873 4014 notum
901 3977 1023 4014 esse
1084 3961 1349 4015 volumus
1382 3978 1394 4013 :
1449 3963 1585 4033 quia
1639 3961 1882 4016 dilectus
1915 3969 1972 4016 et
2001 3963 2112 4034 spi-

410 4048 630 4102 ritualis
683 4054 876 4102 noster
928 4048 1080 4102 ﬁlius
1126 4049 1424 4102 Heinricus
1473 4049 1918 4119 gloriosissimus
1940 4056 2111 4122 atque

411 4136 817 4190 invictissimus
862 4137 996 4196 Rex.
1050 4135 1243 4189 divina
1298 4136 1612 4206 inspirante
1660 4138 1989 4201 clementia,
2041 4139 2112 4192 de

2196 1762 2554 1829 potestatem.

2271 1847 2354 1900 14.
2403 1867 2422 1893 α
2489 1844 2689 1898 Nostra
2743 1859 2974 1914 quoque
3011 1841 3350 1896 auctoritate
3405 1842 3723 1909 sancimus,
3748 1841 3831 1895 uti
3854 1841 3911 1894 in

2197 1933 2476 2000 terminis,
2535 1938 2591 1986 et
2636 1932 2697 1986 in
2749 1932 2919 1985 rebus
3001 1932 3256 2002 ejusdem
3311 1931 3562 1985 ecclesias
3615 1932 3788 1984 nulla
3844 1929 3915 1983 sit

2197 2023 2484 2077 infestatio
2515 2027 2915 2092 tyrannorum,
2951 2021 3038 2074 vel
3068 2020 3315 2074 aliorum
3343 2019 3753 2090 quorumlibet
3785 2035 3912 2088 pra-

2197 2128 2396 2166 vorum
2429 2110 2749 2177 hominum,
2809 2109 2926 2162 sive
2971 2108 3086 2162 sint
3115 2109 3172 2162 in
3215 2108 3441 2164 civitate
3495 2109 3626 2179 ipsa
3694 2108 3917 2162 Baben-

2196 2199 2350 2263 berc,
2401 2199 2515 2252 sive
2579 2198 2638 2251 in
2696 2197 2941 2250 castellis
2997 2202 3052 2249 et
3110 2195 3275 2261 villis,
3339 2198 3515 2249 servis
3569 2201 3630 2250 et
3664 2195 3914 2257 ancillis,

2197 2285 2535 2354 tributariis,
2595 2285 2850 2351 decimis,
2913 2284 3238 2349 forestibus,
3310 2283 3484 2350 silvis,
3579 2282 3921 2353 piscationi-

2198 2375 2327 2443 bus,
2402 2373 2823 2435 venationibus,
2926 2372 3290 2438 molendinis,
3392 2371 3636 2441 campis,
3715 2370 3918 2441 pratis,

2201 2462 2441 2532 pascuit,
2496 2461 2663 2514 terris
2711 2461 2852 2514 cutis
2902 2465 2960 2514 et
3019 2459 3262 2522 incultis,
3320 2465 3375 2513 et
3422 2458 3710 2530 quidquid
3751 2458 3923 2511 modo

2202 2551 2359 2616 illuc,
2411 2544 2675 2620 pertinet,
2707 2549 2796 2603 vel
2855 2549 2912 2602 in
2975 2549 3232 2602 futurum
3285 2548 3502 2618 acquiri
3559 2550 3771 2618 possit,
3826 2562 3925 2618 per

2205 2646 2414 2692 nostra:
2498 2637 2849 2691 auctoritatis
2926 2637 3289 2706 privilegium
3346 2642 3821 2701 corroboratum,
3869 2636 3926 2689 in

2206 2744 2406 2782 secura
2432 2727 2621 2798 quiete
2653 2731 3004 2797 permaneat.
3063 2727 3262 2780 Nullus
3306 2725 3385 2778 ibi
3441 2727 3647 2780 Comes
3701 2729 3812 2778 aut
3840 2726 3929 2778 Ju-

2209 2817 2318 2871 dex
2376 2817 2563 2885 legem
2614 2816 2797 2868 facere
2850 2820 3178 2882 praesumat,
3239 2815 3344 2867 nisi
3396 2830 3571 2884 quam
3636 2829 3747 2884 per
3794 2830 3928 2867 con-

2208 2904 2525 2958 cessionem
2580 2902 2978 2973 gloriosissimi
3039 2902 3209 2973 Regis
3259 2901 3504 2956 Heinrici
3560 2904 3648 2955 vel
3697 2918 3928 2955 succes-

2217 3008 2414 3046 sorum
2445 2992 2568 3062 ejus
2598 2992 2908 3060 Episcopus
2958 2991 3062 3044 loci
3110 2991 3364 3060 ejusdem
3419 2989 3725 3059 deligeret.
3762 2990 3933 3044 Nulla

2215 3081 2404 3134 aliena
2463 3085 2712 3150 potestas
2769 3079 2848 3133 ibi
2906 3095 3008 3148 per
3055 3077 3384 3132 violentiam
3429 3078 3630 3130 irruat.
3679 3079 3786 3132 Sic
3839 3079 3934 3130 ille

2217 3169 2576 3240 episcopatus
2623 3169 2787 3233 liber,
2860 3173 2915 3221 et
2968 3169 3039 3222 ab
3108 3168 3267 3222 omni
3318 3172 3595 3236 potestate
3646 3174 3935 3220 extranea

2215 3273 2467 3323 securus,
2496 3257 2754 3311 Romano
2786 3255 3187 3310 tantummodo
3210 3254 3618 3310 mundiburdio
3647 3257 3774 3323 (55)
3811 3255 3936 3307 sub-

2217 3346 2399 3400 ditus:
2431 3351 2716 3417 quatenus
2754 3345 3066 3414 Episcopus
3101 3360 3166 3397 eo
3199 3344 3403 3398 melius
3471 3359 3600 3397 cum
3635 3342 3936 3396 canonicis

2218 3435 2336 3488 suis
2365 3435 2592 3488 servitio
2674 3434 2771 3488 Dei
2846 3433 3030 3504 possit
3080 3432 3362 3496 insistere,
3412 3437 3468 3485 et
3537 3431 3714 3502 primi
3789 3447 3934 3485 con-

2220 3523 2514 3578 structoris
2583 3521 2841 3592 ejusdem
2900 3522 3026 3589 loci,
3111 3525 3166 3575 et
3230 3521 3649 3590 recuperatoris
3702 3519 3934 3590 jugiter

2220 3611 2560 3666 memoriam
2609 3610 2839 3665 habere.
2893 3610 2976 3664 Sit
3026 3614 3222 3664 tamen
3297 3608 3450 3662 idem
3501 3624 3604 3662 suo
3634 3615 3933 3678 metropo-

2221 3701 2398 3756 litano
2453 3699 2743 3768 subjectus
2811 3703 2981 3769 atque
3033 3697 3322 3752 obediens.
3374 3696 3741 3767 Quicumque
3813 3698 3936 3751 hinc

2218 3793 2507 3859 praecepta
2563 3786 2887 3850 servaverit,
2947 3785 3198 3840 divinam
3283 3785 3825 3839 remunerationem
3887 3789 3940 3838 et

2219 3877 2604 3949 Apostolicam
2635 3874 3095 3929 benedictionem
3131 3873 3386 3944 accipiat.
3420 3873 3528 3937 Qui
3561 3879 3764 3927 autem
3797 3889 3936 3927 con-

2215 3971 2474 4035 temptor
2532 3969 2588 4017 et
2662 3963 2905 4016 violator
2985 3962 3283 4026 exstiterit,
3372 3961 3634 4031 perpetui
3702 3961 3941 4016 anathe-

2225 4053 2420 4108 mastis
2451 4051 2810 4107 damnationi
2838 4050 3148 4120 subjaceat,
3209 4048 3320 4102 nisi
3363 4049 3706 4118 resipiscens
3741 4050 3816 4102 ad
3850 4067 3937 4102 sa-

2225 4140 2600 4196 tisfactionem
2650 4137 2963 4210 perveniat.
3013 4137 3296 4206 Scriptum
3356 4153 3459 4205 per
3514 4151 3724 4189 manus
3782 4137 3933 4191 Petri

413 4223 662 4293 propriis
690 4224 1066 4277 hereditariis
1093 4223 1284 4291 rebus,
1332 4239 1436 4294 pro
1467 4241 1568 4278 sua
1623 4241 1978 4296 suorumque
2009 4241 2108 4296 pa-
2140 4256 2183 4310 ι)
2224 4228 2432 4284 notarii
2485 4233 2542 4282 et
2593 4225 2876 4280 scriniarii
2942 4230 3150 4279 sancta:
3209 4225 3480 4278 Romanae
3551 4224 3822 4280 Ecclesiae
3885 4226 3936 4278 in

417 4315 647 4365 rentum
699 4311 909 4374 anima,
978 4310 1373 4382 episcopatum
1440 4311 1499 4366 in
1569 4313 1693 4366 loco
1749 4313 1849 4384 qui
1903 4314 2113 4368 dicitur

422 4399 767 4464 Babenberc,
844 4400 1107 4469 perfectae
1149 4399 1286 4453 ﬁdei
1341 4403 1398 4454 et
1445 4400 1734 4454 charitatis
1790 4401 2112 4468 devotione,

418 4487 479 4541 in
537 4488 812 4540 honorem
868 4487 1180 4542 beatissimi
1237 4488 1390 4542 Petri
1446 4489 1854 4558 Apostolorum
1903 4489 2115 4544 Princi-

418 4576 509 4647 pis
565 4591 686 4629 esse
737 4576 1057 4643 constituit,
1117 4576 1560 4631 commutatione
1633 4578 1781 4631 facta
1845 4578 1994 4648 jure,
2057 4595 2123 4632 ac

420 4663 680 4734 legaliter
715 4679 844 4718 cum
901 4663 1164 4719 Heinrico
1197 4664 1699 4737 Wirzenbnrgensi
1741 4665 2018 4735 Episcopo
2050 4666 2119 4720 de

422 4753 616 4824 aliqua
652 4760 814 4824 parte
845 4752 1131 4822 parochim
1188 4755 1274 4807 sui
1330 4755 1711 4826 episcopatus.
1761 4755 1918 4809 Unde
1947 4755 2121 4810 etiam

422 4841 729 4913 prmdictus
804 4841 1113 4911 Episcopus
1168 4843 1336 4898 nobis
1388 4859 1519 4896 suas
1571 4843 1788 4897 litteras
1844 4843 2020 4911 misit,
2060 4851 2124 4898 ut

422 4948 526 4986 suo
558 4946 858 4996 consensu,
913 4929 1216 5002 privilegio
1281 4937 1492 4985 nostra;
1521 4932 1863 5003 Apostolicze
1924 4938 2123 4986 auctu-

426 5075 487 5129 in
517 5074 941 5131 Commentario
999 5074 1300 5129 restituere
1356 5076 1542 5130 conati
1580 5092 1814 5130 sumus:
1847 5077 1997 5146 quod
2027 5093 2129 5131 au-

426 5149 542 5216 tem
569 5162 784 5200 annum
823 5149 956 5202 l007
993 5151 1294 5200 connectat
1337 5162 1467 5200 cum
1498 5151 1696 5200 anno?
1751 5147 1916 5216 regni
1975 5150 2127 5202 Hen-

425 5215 548 5296 rici,
597 5218 857 5288 sequitur
897 5234 960 5272 ex
1007 5217 1196 5289 primo
1252 5232 1444 5271 errore
1505 5233 1676 5288 quem
1729 5215 1903 5289 supra
1962 5225 2128 5273 nota-

425 5299 629 5340 Vimus.

499 5355 611 5426 (52)
642 5359 718 5412 Ex
777 5359 966 5413 codice
996 5357 1303 5413 Viennensi
1350 5356 1548 5412 scribit
1569 5359 1866 5412 Gretserus
1894 5363 2124 5415 Buten:-

427 5429 612 5494 genui,
637 5433 696 5502 et
742 5430 915 5502 paulo
971 5437 1099 5502 post
1117 5430 1336 5496 volo/ett
1373 5445 1503 5500 quas
1573 5429 1704 5502 loca
1747 5430 1974 5500 aliaque
2033 5430 2125 5485 hic

426 5498 746 5572 accuratius
764 5501 942 5572 modo
971 5498 1280 5572 'quierere,
1312 5498 1500 5571 operte
1554 5500 1810 5572 pretium
1868 5498 1984 5554 non
2019 5507 2123 5555 est.

498 5567 608 5640 (53)
648 5570 940 5626 Variantes
995 5567 1273 5627 lectiones
1321 5567 1506 5628 adfert
1535 5567 1850 5637 Gretserus,
1882 5573 1978 5627 sed
1999 5588 2128 5644 quae

2223 4332 2420 4370 mense
2456 4314 2646 4380 Junio,
2678 4313 2876 4368 Indict.
2907 4329 2960 4366 ν.
3002 4334 3022 4360 ι

2305 4407 2381 4457 t3.
2444 4402 2646 4457 Habito
2707 4402 2884 4472 igitur
2939 4415 3168 4454 rursum
3246 4399 3504 4470 generali
3583 4399 3839 4455 concilio
3884 4400 3941 4454 in

2232 4492 2664 4556 Franchenfurt,
2723 4490 2815 4543 cui
2876 4490 3144 4559 praesedit
3221 4487 3562 4542 venerabilis
3591 4497 3596 4499 ’
3629 4489 3945 4559 Archiepi-

2229 4598 2432 4653 scopus
2491 4579 2802 4650 Willigisus
2866 4579 3249 4648 Moguntinus,
3334 4577 3580 4631 universi
3637 4578 3946 4648 Archiepi~

2231 4669 2388 4740 scopi
2417 4673 2474 4724 et
2514 4667 2791 4739 Episcopi,
2847 4666 2948 4738 qui
2974 4666 3380 4732 interfuerunt,
3442 4681 3678 4720 numero
3749 4682 3944 4731 xxxvi,

2230 4759 2419 4813 debita
2439 4773 2567 4811 cum
2600 4755 2967 4810 veneratione
3014 4755 3378 4824 privilegium
3435 4754 3539 4808 hoc
3585 4754 3752 4808 Sedis
3787 4760 3943 4828 Apo-

2228 4847 2442 4901 stolicae
2501 4845 2893 4916 suscipientes,
2970 4843 3322 4898 unanimiter
3363 4843 3578 4896 devotis
3638 4845 3945 4897 mentibus

2189 4935 2631 5001 -laudaverunt,
2685 4938 2742 4987 et
2809 4931 3172 4987 scribendum
3229 4932 3652 4986 roboravernnt.
3721 4933 3803 4987 De
3864 4948 3953 4986 suo

2235 5077 2320 5131 rei
2349 5075 2724 5131 substantiam
2753 5089 2869 5129 non
2898 5089 3246 5143 magnopere
3293 5072 3620 5126 emendant.

2307 5148 2416 5215 (Si)
2442 5149 2518 5201 Ex
2547 5145 2739 5200 codice
2765 5144 3072 5199 Viennensi
3094 5145 3332 5197 nomina
3349 5143 3538 5213 aliqua
3575 5143 3756 5197 refert
3786 5145 3955 5197 Gret-

2236 5233 2398 5272 serus
2431 5235 2444 5284 ;
2474 5223 2532 5271 at
2559 5215 2962 5284 distinguenda
2983 5220 3120 5268 sunt
3177 5220 3232 5268 et
3277 5222 3538 5284 tempora
3575 5220 3633 5267 et
3679 5215 3957 5278 concilia,

2238 5292 2300 5341 ut
2328 5289 2455 5343 vide
2502 5287 2562 5341 in
2621 5285 3042 5342 Commentario
3099 5285 3313 5356 praevio
3371 5285 3551 5338 fusius
3605 5284 3957 5356 deductum,

2238 5359 2337 5413 ubi
2384 5359 2581 5413 omnia
2634 5358 2913 5429 explicata
2966 5355 3117 5410 sunt
3153 5372 3281 5428 qua:
3327 5356 3420 5411 hic
3473 5355 3744 5408 annotari
3811 5372 3954 5427 pos-

2238 5435 2380 5484 sent.

2309 5501 2419 5570 (55)
2449 5499 2873 5566 Mandiburgum
2902 5497 3074 5552 etiam
3106 5496 3334 5561 dicitur,
3393 5500 3590 5567 estque
3619 5494 3819 5558 tuitio,
3853 5496 3957 5550 de-

2235 5572 2418 5626 fensio
2446 5577 2543 5626 aut
2572 5570 2768 5625 tutela.
