4058 6216
161 260 247 312 117

1863 258 2059 313 ACTA.

3626 281 3723 333 HS

151 380 427 455 pradicas
477 396 613 433 vero
666 376 959 449 parochias
999 374 1257 430 terminis
1323 374 1410 427 ab
1466 378 1719 431 Ecclesia
1755 378 1897 432 Wir-
1934 380 1981 435 A
2020 382 2505 452 quandocumque
2541 386 2730 438 tamen
2782 385 2869 439 vel
2928 387 3277 461 ubicumque
3323 407 3389 447 ex
3444 401 3715 466 provectu

152 469 532 541 zeburgensis
565 466 957 532 commutatis,
989 482 1058 518 ne
1088 480 1196 534 qua
1223 463 1413 517 ﬁeret.
1474 465 1537 519 in
1600 472 1904 536 posterum

149 562 410 632 querela,
448 558 538 610 vel
562 554 869 619 dubitatio,
907 554 1216 622 subjectam
1244 553 1557 607 conscribi
1621 554 1901 623 paginam

149 653 419 706 fecerunt
464 663 479 700 :
523 645 616 699 cui
642 643 989 714 subscripsit
1030 641 1211 712 primo
1242 640 1501 710 quidem
1562 643 1693 712 ipse
1725 642 1903 695 Hein-

146 741 293 794 ricus
382 732 886 802 \Virzeburgensis
958 730 1279 801 Episcopus,
1339 728 1565 784 deinde
1634 730 1899 798 ejusdem

147 828 403 884 ecclesia
482 820 797 895 prmpositi,
872 819 992 873 sive
1038 816 1354 888 presbyteri
1448 832 1707 871 numero
1785 833 1903 870 no-

150 935 269 972 νοω
282 957 295 969 .

218 1010 361 1061 16.σ
401 1002 673 1058 Omnium
706 1004 928 1051 sanctas
980 994 1079 1049 Dei
1132 993 1401 1048 Ecclesia:
1450 992 1720 1047 ﬁdelium
1774 996 1901 1047 tam

149 1095 530 1168 praesentium
583 1103 746 1159 quam
819 1090 1157 1139 futurorum
1214 1083 1485 1136 notitiam
1532 1095 1662 1133 non
1711 1080 1897 1135 latere

145 1183 568 1239 desideramus,
620 1174 879 1247 qualiter
961 1169 1421 1242 gloriosissimus
1494 1170 1623 1223 Rex
1670 1168 1892 1222 Heinri-

152 1288 269 1337 cus,
342 1268 579 1334 divinis,
646 1270 704 1317 ut
761 1262 1086 1325 credimUS,
1144 1258 1567 1312 admonitionis
1649 1255 1896 1311 stimulo

150 1363 556 1430 compunctus,
605 1354 670 1408 de
714 1349 989 1420 praediis,
1054 1363 1185 1417 quas
1234 1347 1340 1400 Dei
1395 1347 1603 1416 gratia,
1657 1345 1894 1399 heredi-

154 1451 422 1519 tarioque
467 1446 595 1515 jure
642 1445 980 1513 parentum,
1036 1436 1100 1489 iu
1154 1451 1277 1489 suae
1342 1432 1723 1505 possessionis
1778 1434 1896 1528 do-

156 1538 403 1592 minium
470 1529 875 1603 pervenerant,
931 1522 1030 1578 Dei
1092 1521 1399 1575 servitium
1454 1535 1693 1591 augere,
1750 1521 1891 1589 epi-

155 1630 459 1692 scopatum
498 1614 929 1679 constituendo,
963 1610 1332 1676 desiderans;
1365 1626 1486 1680 quo
1517 1610 1573 1664 id
1621 1608 1892 1679 legitime

157 1710 689 1778 rationabiliterque
746 1702 884 1758 ﬁeri
944 1699 1250 1771 potuisset,
1309 1698 1650 1753 Heinricum
1716 1713 1893 1751 vene-

154 1803 395 1858 rabilem
430 1790 923 1862 Wirzeburgensis
972 1786 1228 1841 ecclesiae
1278 1785 1671 1855 provisorem,
1732 1800 1891 1855 qua-

155 1900 317 1947 tenus
349 1885 663 1957 quemdam
683 1882 887 1935 loeum
917 1875 1251 1945 Babenberg
1284 1878 1699 1943 nuncupatum
1749 1889 1885 1928 cum

157 1994 296 2050 pago
336 1977 783 2043 Raezengevum
841 1968 1080 2025 dictum,
1137 1963 1238 2034 qui
1281 1963 1354 2016 ad
1397 1979 1518 2015 suae
1570 1962 1887 2017 dumceseos

156 2072 364 2122 statum
418 2062 711 2133 pertinere
765 2057 1088 2118 videbatur,
1139 2052 1208 2106 de
1260 2068 1368 2105 suo
1408 2052 1544 2120 jure
1599 2051 1661 2104 in
1713 2066 1887 2104 suum

153 2159 242 2227 jus
262 2154 334 2209 ad
368 2153 433 2207 id
460 2147 877 2221 perﬁciendum
913 2142 1361 2207 transfunderet,
1394 2138 1654 2194 studiose
1709 2140 1889 2210 cmpit

160 2244 449 2313 flagitare.
484 2241 646 2303 Quae,
683 2234 964 2306 quoniam
990 2232 1159 2301 justas
1190 2235 1245 2283 et
1273 2228 1655 2283 rationabiles
1697 2246 1887 2284 causae

160 2331 535 2391 videbantur,
619 2324 887 2394 ejusdem
943 2317 1333 2388 augustissimi
1412 2321 1471 2371 et
1520 2317 1886 2371 invictissimi

164 2419 334 2489 Regis
381 2412 774 2485 petitionibus
800 2407 1187 2478 acquiescens,
1236 2421 1369 2459 cum
1397 2406 1699 2459 communi
1747 2406 1886 2460 cleri

163 2509 245 2562 sui
272 2512 455 2576 atque
504 2501 785 2564 militum,
846 2512 951 2550 nec
983 2512 1097 2549 non
1146 2494 1327 2549 totius
1388 2494 1588 2563 populi
1638 2495 1884 2549 consilio

156 2602 209 2650 et
236 2606 556 2652 consensu,
602 2587 914 2659 praefatum
964 2585 1153 2637 locum
1192 2599 1324 2636 cum
1375 2581 1652 2652 prmdicto
1711 2599 1882 2654 pago,

160 2686 307 2739 tibus
340 2678 724 2752 parochianis
748 2673 996 2728 ecclesiis
1049 2672 1323 2741 exceptis,
1365 2687 1498 2724 cum
1546 2670 1665 2723 suis
1723 2672 1881 2741 adja-

156 2772 381 2838 centiis,
443 2781 698 2840 quarum
762 2765 885 2817 haec
946 2766 1081 2815 sunt
1138 2760 1399 2825 nomina,
1467 2760 1878 2827 Wacbenrodc,

157 2862 478 2922 Louerstat,
568 2852 924 2917 Mulchusen,
994 2849 1154 2904 omni
1212 2847 1587 2919 postmodum
1657 2854 1882 2903 remota

154 2944 638 3007 contradictione,
692 2956 809 2993 sua:
857 2939 1123 3009 potestati
1169 2936 1424 2992 tradidit.
1478 2936 1729 2990 Alterius
1773 2956 1880 2992 au-
1914 2946 1954 2998 α

157 3047 265 3093 tem
306 3033 477 3106 pagi,
542 3030 645 3101 qui
699 3028 945 3082 Volcfeld
997 3032 1250 3091 vocatur,
1313 3025 1374 3079 in
1432 3041 1550 3095 quo
1601 3025 1880 3095 prtefatus

157 3130 307 3180 locus
338 3126 493 3177 situs
527 3123 635 3182 est,
671 3121 886 3188 partem
920 3115 1105 3170 eidem
1140 3114 1284 3183 Regi
1349 3112 1649 3179 concessit,
1695 3130 1881 3181 quan-

156 3222 271 3268 tum
296 3218 391 3266 est
420 3210 497 3264 de
535 3205 895 3262 Babenberch
926 3204 997 3259 ad
1050 3204 1271 3258 ﬁumen
1320 3200 1525 3264 Vraha,
1570 3201 1639 3253 de
1686 3202 1882 3257 Vraha

158 3307 212 3358 in
248 3305 578 3358 Ratenzam
625 3298 860 3361 ﬂumen,
886 3299 940 3347 et
969 3293 1048 3347 sic
1071 3294 1238 3362 juxta
1270 3290 1572 3344 decursum
1613 3290 1882 3357 ejusdem

163 3388 425 3445 tluminis
484 3386 547 3440 in
579 3382 751 3448 Mein,
792 3388 845 3436 et
893 3382 1024 3437 inde
1081 3381 1153 3434 ad
1212 3379 1462 3431 rivulum
1522 3377 1877 3441 Wichibach,

160 3478 374 3533 deinde
435 3473 512 3529 ad
562 3475 734 3542 caput
776 3471 1025 3540 ejusdem
1072 3467 1274 3531 rivuli;
1311 3466 1506 3535 sicque
1551 3481 1665 3535 qua
1712 3468 1881 3521 citis—

164 3569 329 3629 sime,
354 3568 417 3617 et
448 3560 715 3631 proxime
744 3559 1033 3629 pervenire
1062 3561 1253 3627 potest
1295 3555 1363 3607 ad
1418 3553 1622 3606 Vralia.
1669 3555 1880 3609 Actum

163 3656 221 3709 in
305 3652 547 3707 civitate
608 3647 1077 3718 Wirzeburgensi,
1155 3648 1438 3714 prasente
1511 3643 1881 3698 serenissimo

169 3746 536 3813 imperatore
594 3736 869 3802 Heinrico,
947 3753 1015 3791 ea
1062 3732 1415 3795 conditione,
1480 3736 1544 3785 ut
1590 3731 1880 3788 decimam

167 3834 225 3887 in
271 3827 584 3886 novalibus
633 3825 754 3894 jam
813 3825 1016 3893 incisis,
1078 3829 1137 3877 et
1173 3822 1243 3876 ad
1301 3836 1565 3875 mansum
1645 3837 1877 3876 mensu-

169 3921 307 3974 ratis
384 3932 519 3969 cum
565 3915 739 3967 veteri
781 3914 997 3968 decima
1045 3928 1165 3967 non
1240 3914 1613 3975 commutata,
1670 3911 1879 3965 Wirze-

172 4004 483 4077 burgensis
514 4001 747 4056 ecclesia
768 4001 1033 4057 retineat.
1081 4002 1149 4054 In
1197 3997 1497 4052 novalibus
1554 4012 1689 4050 vero
1748 4004 1881 4069 post

176 4096 308 4149 hinc
357 4090 684 4146 excolendis
752 4090 1029 4143 decimam
1092 4085 1584 4155 Babenbergensis
1641 4089 1880 4142 ecclesia

178 4182 475 4255 possideat
501 4195 630 4233 cum
658 4179 901 4232 termino
923 4181 1294 4232 commutato.
1337 4198 1357 4223 ι

254 4276 341 4325 17.
376 4269 486 4324 Sed
550 4273 605 4321 et
643 4268 883 4321 Joannes
920 4264 1305 4337 Aquileiensis
1359 4262 1687 4319 Patriarcha
1734 4282 1879 4336 Opus

181 4365 301 4414 tam
345 4355 637 4412 laudabile
686 4356 853 4424 Regis
901 4351 1393 4415 excellentissimi,
1444 4356 1501 4405 et
1547 4351 1703 4420 piam
1744 4369 1883 4424 erga

184 4446 477 4502 Christum
505 4443 862 4497 devotionem
896 4446 1015 4495 toto
1061 4440 1268 4494 ail'ectu
1318 4438 1686 4509 amplectens,
1716 4440 1883 4494 Iiein-

183 4534 304 4587 rico
354 4533 629 4602 Episcopo
677 4527 1135 4598 Wirzeburgensi
1193 4525 1596 4596 gratulationis
1649 4527 1880 4595 plenam

184 4622 389 4692 scripsi
422 4620 748 4687 epistolam.
817 4640 842 4666 «
876 4616 1209 4671 Beatissimo
1262 4615 1501 4669 Domino
1558 4618 1614 4667 et
1663 4615 1884 4669 sincera

184 4710 467 4765 charitate
506 4706 793 4775 diligendo
837 4704 1100 4759 Heinrico
1152 4709 1361 4757 sancta:
1396 4703 1883 4774 Wirzeburgensis

183 4798 443 4853 ecclesiae
494 4794 766 4865 Episcopo
827 4792 1182 4858 venerabili,
1240 4794 1484 4846 Joannes
1536 4791 1884 4861 Apuileinsis

184 4886 443 4941 ecclesiae
516 4882 839 4954 patriarcha
914 4898 1045 4935 cum
1094 4880 1361 4935 omnibus
1412 4896 1527 4933 suae
1581 4880 1883 4935 dimceseos

187 4971 506 5045 Episcopis,
558 4970 867 5023 fraternam
917 4968 1283 5023 dilectionem
1344 4968 1403 5021 in
1434 4984 1520 5034 eo,
1578 4968 1677 5039 qui
1728 4969 1885 5039 prior

183 5060 387 5115 dilexit
429 5074 550 5123 nos,
583 5062 637 5110 et
684 5057 916 5110 tradidit
968 5056 1338 5125 semetipsum
1374 5072 1474 5126 pro
1518 5056 1703 5120 nobis,
1751 5057 1881 5110 Jesu

186 5150 415 5203 Christo
471 5145 711 5201 Domino
790 5152 1003 5199 nostro.
1066 5144 1237 5205 Licet,
1299 5144 1627 5199 Reverende
1685 5143 1881 5212 frater,

188 5239 458 5291 fraternae
486 5234 802 5287 dilectionis
830 5250 967 5287 cura
998 5249 1102 5287 nos
1135 5233 1460 5296 admoneat,
1495 5239 1556 5286 ut
1595 5233 1654 5287 in
1696 5234 1882 5287 omni-

192 5326 297 5376 bus
342 5321 611 5392 operibus
671 5320 831 5375 bonis
881 5337 1009 5391 quas
1068 5321 1325 5373 conditor
1362 5320 1599 5374 humani
1656 5321 1884 5390 generis

194 5408 644 5465 misericorditer
698 5409 765 5463 ad
841 5411 1085 5463 salutem
1138 5407 1394 5478 quotidie
1442 5408 1717 5479 disponit,
1780 5408 1885 5464 im-

197 5514 425 5552 mensas
482 5496 795 5567 gratiarum
830 5497 1079 5551 actiones
1146 5495 1257 5565 ipsi
1310 5512 1477 5565 agere
1551 5497 1881 5563 debeamus,

2017 475 2226 524 sancta:
2280 472 2566 535 Ecclesiae,
2650 475 2732 526 vel
2793 475 2916 544 ejus
2986 478 3355 545 exaltatione,
3410 482 3713 552 locatione,

2014 571 2132 610 non
2180 559 2401 629 aliquid
2432 560 2725 629 magnifici
2756 563 2944 632 operis
2988 566 3185 620 audire
3242 568 3566 641 contigerit,
3608 572 3714 625 im~

2017 660 2232 699 mensae
2262 648 2579 701 devotionis
2601 650 2826 715 alfectu,
2888 657 2945 705 et
2984 653 3300 722 spiritualis
3344 659 3710 713 exultationis

2015 732 2220 786 eﬁ‘ectu
2248 734 2411 788 illum
2445 737 2695 803 laudare,
2750 739 3086 795 benedicere
3116 748 3172 795 et
3227 748 3542 813 prmdicare
3604 748 3711 802 de-

2010 820 2235 884 bemus,
2260 825 2421 893 cujus
2453 826 2573 879 haec
2593 826 2744 879 dona
2774 835 2927 895 sunt,
2962 836 3019 883 et
3048 848 3081 884 a
3136 848 3251 902 quo
3310 833 3461 887 bona
3502 841 3709 890 cuncta

2012 907 2381 965 ineﬁ'abiliter
2408 914 2745 982 procedunt.
2781 917 2887 980 Qui
2919 918 3067 972 inter
3090 919 3534 975 innumerabilia
3568 939 3711 978 sem-

2011 996 2253 1065 piternaa
2304 1000 2655 1071 dignationis
2708 1014 3083 1074 sacramenta,
3147 1024 3214 1063 ea
3250 1015 3304 1065 et
3361 1010 3423 1065 in
3468 1028 3708 1069 suorum

2011 1086 2281 1141 cordibus
2315 1090 2640 1161 Principum
2675 1092 2866 1156 dictat,
2899 1110 3029 1164 quas
3062 1096 3132 1150 ad
3164 1098 3478 1153 multorum
3516 1115 3706 1154 exem-

2011 1173 2194 1241 plum,
2225 1179 2281 1229 et
2311 1177 2555 1230 salutem
2586 1179 2888 1247 profutura
2923 1187 3219 1250 procurat.

2086 1261 2167 1313 18.
2204 1278 2232 1310 α
2285 1261 2350 1314 In
2400 1262 2608 1332 quibus
2649 1280 2828 1318 unum
2859 1271 2963 1331 est,
2992 1269 3146 1337 quod
3202 1284 3376 1339 super
3427 1270 3703 1326 divinitus

2011 1344 2241 1413 factum,
2328 1348 2633 1404 maximam
2694 1352 2981 1406 mentibus
3036 1356 3243 1409 nostris
3294 1357 3551 1413 laetitiam
3612 1374 3706 1428 ge-

2011 1436 2249 1491 neravit.
2304 1437 2641 1493 Audivimus
2691 1440 2843 1511 quod
2910 1443 3184 1497 Dominus
3234 1451 3428 1499 noster
3483 1446 3700 1501 Heinri-

2007 1538 2106 1577 cus
2158 1524 2608 1593 gloriosissimus
2641 1532 2696 1581 et
2745 1528 3150 1584 invictissimus
3179 1533 3318 1601 Rex,
3369 1533 3564 1587 divina
3592 1534 3702 1589 sibi

2006 1611 2324 1681 inspirante
2354 1615 2555 1684 gratia,
2590 1632 2655 1669 ex
2705 1617 2821 1670 suis
2876 1618 3132 1687 prmdiis,
3188 1624 3245 1673 et
3302 1624 3541 1690 paterna
3595 1622 3700 1676 he-

2005 1701 2250 1755 reditate
2308 1702 2366 1756 in
2412 1705 2555 1766 loco.
2616 1706 2715 1773 qui
2779 1706 2991 1761 dicitur
3031 1709 3356 1763 Babenberc
3408 1710 3700 1782 episcopa-

2006 1789 2207 1843 tumin
2264 1790 2480 1846 honore
2532 1793 2849 1848 beatissimi
2885 1794 3040 1849 Petri
3083 1798 3492 1866 Apostolorum
3539 1799 3698 1870 prin-

2000 1877 2142 1947 cipis
2206 1880 2589 1947 constituerit,
2669 1886 2725 1935 et
2775 1884 3230 1939 commutatione
3294 1886 3460 1953 facta,
3526 1887 3697 1958 digne

1998 1971 2054 2019 et
2086 1966 2347 2035 legaliter
2379 1984 2511 2022 cum
2542 1969 2779 2025 ecclesia
2849 1977 3055 2039 vestra,
3109 1977 3331 2043 partem
3386 1975 3696 2046 quamdam

1999 2071 2061 2108 ex
2095 2054 2220 2123 ejus
2251 2055 2482 2109 dimcesi
2522 2057 2823 2127 acquisivit
2857 2076 2870 2112 :
2905 2064 3077 2130 atque
3132 2060 3239 2114 hoc
3295 2062 3695 2117 concambium

1994 2143 2337 2212 Apostolicaa
2394 2143 2545 2196 sedis
2625 2144 2992 2215 privilegium
3039 2148 3448 2205 corroboravit.
3531 2151 3694 2217 Quod

1997 2231 2235 2302 quidem
2286 2231 2565 2286 eximium
2623 2238 2678 2287 et
2749 2235 3034 2289 laudabile
3079 2252 3247 2308 Opus,
3324 2242 3379 2291 et
3429 2238 3552 2308 ejus
3613 2239 3693 2294 di-

1996 2318 2333 2390 gnissimam
2369 2319 2792 2386 liberalitatem,
2821 2328 2874 2377 et
2896 2328 3139 2378 vestram
3170 2324 3506 2380 charitatem
3556 2327 3690 2380 satis

1997 2406 2226 2477 egregie
2267 2407 2689 2479 prredicabilem
2724 2411 3115 2479 commendat;
3144 2428 3274 2467 cum
3311 2418 3369 2468 et
3406 2430 3575 2468 suum
3605 2419 3692 2469 est

1996 2512 2101 2565 per
2140 2496 2557 2565 operationem,
2607 2504 2663 2551 et
2716 2504 2966 2554 vestrum
3014 2500 3089 2554 sit
3139 2517 3244 2571 per
3298 2501 3683 2556 dilectionem.

1997 2584 2062 2639 In
2114 2598 2228 2652 quo
2280 2583 2664 2653 omnipotenti
2711 2586 2826 2639 Deo
2882 2586 3190 2642 immensas
3249 2588 3463 2658 gratias
3502 2589 3689 2645 referi-

1997 2685 2147 2734 mus,
2177 2669 2245 2723 ad
2278 2670 2439 2739 cujus
2478 2669 2941 2727 inaestimabilem
2968 2675 3209 2744 gloriam
3239 2680 3471 2746 spectat,
3532 2678 3689 2747 quod

1995 2773 2097 2828 per
2158 2758 2370 2827 Regem
2420 2765 2682 2813 nostrum
2737 2761 3090 2829 Heinricum,
3141 2762 3363 2818 bonum
3441 2770 3497 2819 et
3553 2765 3688 2820 ﬁde-

1994 2848 2108 2900 lem
2135 2846 2467 2901 ministrum
2511 2850 3183 2913 suum,fundatissimam
3235 2867 3437 2921 pacem
3498 2853 3685 2907 omni-

1994 2937 2099 2989 bus
2162 2936 2412 2989 ecclesiis
2456 2942 2709 3007 praestat,
2787 2943 2843 2992 et
2899 2939 3138 3008 insuper
3192 2956 3399 2993 novam
3476 2940 3690 2996 format

1996 3024 2313 3090 ecclesiam,
2345 3040 2449 3094 per
2478 3041 2653 3095 quam
2702 3030 2758 3079 et
2802 3027 2871 3081 de
2902 3026 3137 3081 inimico
3181 3028 3422 3082 humani
3458 3028 3686 3098 generis

1992 3112 2052 3165 in
2092 3111 2301 3165 vicinas
2332 3112 2658 3167 Sclavorum
2685 3117 2905 3182 gentes,
2937 3115 3051 3167 Deo
3080 3114 3416 3184 opitulante,
3471 3115 3682 3169 trium-

1995 3198 2217 3271 phabit,
2272 3206 2329 3254 et
2374 3200 2858 3255 innumerabilem
2916 3200 3194 3256 familiam
3238 3218 3343 3273 per
3394 3203 3684 3258 lavacrum

1995 3288 2450 3353 regenerationis
2504 3288 2613 3342 sibi
2658 3289 3084 3361 multiplicabit.
3143 3292 3255 3345 Nos
3305 3297 3498 3346 autem
3553 3309 3684 3346 cum

1995 3377 2269 3432 omnibus
2316 3382 2525 3432 nostrae
2579 3377 2884 3433 dimceseos
2936 3380 3224 3451 Episcopis
3272 3381 3377 3435 hoc
3428 3380 3684 3435 divinum

1994 3482 2139 3535 opus
2168 3466 2228 3520 in
2260 3482 2567 3520 commune
2597 3467 2918 3533 laudamus,
2951 3472 3123 3538 atque
3150 3469 3211 3523 in
3240 3487 3308 3523 eo
3340 3470 3493 3540 juste
3544 3486 3685 3524 con-

1992 3552 2305 3607 sentientes
2331 3558 2390 3607 et
2416 3553 2612 3608 subter
2638 3554 3057 3609 conscribentes
3092 3556 3153 3611 in
3211 3563 3556 3628 perpetuum
3596 3572 3687 3610 va-

1989 3640 2108 3694 lere
2127 3642 2555 3696 conﬁrmamus.
2587 3665 2614 3692 ››
3318 3654 3319 3657 η

2070 3732 2152 3784 19.
2179 3750 2208 3782 α
2240 3730 2536 3787 Heinricus
2559 3731 2753 3785 divina
2781 3732 3204 3801 praeordiuante
3226 3732 3533 3788 clementia
3565 3734 3683 3789 Rex

1992 3818 2266 3873 omnibus
2330 3818 2557 3873 Eclesiaa
2604 3819 2739 3875 ﬁliis
2789 3824 2904 3873 tam
2956 3819 3165 3874 futuris
3210 3837 3387 3891 quam
3441 3836 3687 3892 presen-

1991 3905 2165 3960 tibus.
2197 3904 2598 3960 Saluberrimis
2641 3905 2785 3959 sacri
2826 3905 3020 3976 eloqui
3063 3906 3519 3961 institutionibus
3548 3922 3680 3961 eru-

1992 3995 2204 4061 dimur,
2237 4000 2294 4049 et
2323 4010 2770 4066 prmmonemur,
2800 3999 2866 4049 ut
2898 3997 3235 4066 temporalia
3290 3997 3683 4069 relinquentes

1990 4083 2161 4151 bona,
2213 4086 2269 4136 et
2333 4088 2561 4136 terrena
2615 4088 3027 4154 postponentes
3094 4085 3418 4151 commoda,
3468 4090 3684 4141 eterna

1995 4178 2053 4225 et
2085 4169 2207 4229 sine
2261 4169 2376 4225 ﬁne
2426 4185 2698 4224 mansura
2756 4169 2817 4223 in
2864 4171 3018 4225 caelis
3066 4171 3400 4227 studeamus
3444 4172 3683 4244 adipisci

1993 4259 2353 4314 consistoria.
2429 4258 2620 4314 Gloria
2672 4259 2826 4314 enim
2900 4276 3154 4331 praesens
3208 4262 3447 4332 fugitiva
3489 4267 3576 4316 est
3628 4268 3686 4318 et

1992 4364 2159 4412 vana,
2204 4348 2343 4402 dum
2396 4346 2739 4416 possidetur,
2808 4346 2919 4402 nisi
2972 4364 3039 4402 ea
3085 4347 3306 4419 aliquid
3363 4349 3432 4403 de
3471 4349 3683 4404 caelesti

1993 4435 2315 4489 aeternitate
2338 4434 2641 4506 cogitetur.
2684 4436 2792 4491 Sed
2827 4436 2925 4491 Dei
2966 4435 3256 4490 miseratio
3305 4438 3559 4491 humano
3585 4453 3684 4508 ge-

1992 4522 2118 4577 neri
2151 4522 2402 4594 providit
2458 4523 2800 4592 remedium,
2869 4526 3101 4596 quando
3178 4530 3403 4597 partem
3445 4526 3685 4581 caelestis

1990 4612 2210 4680 patriae,
2291 4618 2533 4665 terrenae
2590 4612 2921 4668 substantia:
2990 4613 3125 4668 fecit
3195 4630 3315 4668 esse
3385 4614 3679 4685 pretium:

1993 4701 2171 4772 Hujus
2228 4716 2365 4773 ergo
2422 4717 2524 4754 nos
2580 4702 2899 4756 clementize
2976 4719 3093 4757 non
3139 4702 3525 4773 immemores,
3580 4721 3686 4759 nec

1991 4790 2323 4859 ignorantes
2351 4806 2453 4843 nos
2500 4790 2755 4858 gratuito
2804 4791 3014 4845 divinae
3069 4791 3452 4845 miserationis
3498 4807 3686 4861 respe-

1992 4885 2107 4944 ctu,
2160 4879 2341 4949 regali
2419 4876 2697 4948 diguitate
2768 4880 3125 4948 sublimatos,
3188 4895 3507 4949 congruum
3562 4896 3684 4934 esse

1991 4968 2251 5021 ducimus
2314 4983 2431 5021 non
2498 4967 2685 5021 solum
2755 4968 3017 5022 ecclesias
3082 4968 3152 5021 ab
3232 4966 3685 5047 antecessoribus

1992 5056 2198 5109 nostris
2238 5060 2584 5109 constructas
2616 5056 2913 5127 ampliare,
2968 5055 3065 5109 sed
3093 5056 3160 5110 ad
3212 5056 3486 5126 majorem
3552 5058 3683 5128 glo-

1994 5144 2137 5198 riam
2168 5144 2269 5199 Dei
2300 5161 2472 5198 novas
2503 5144 2810 5211 aediﬁcare,
2852 5160 3059 5214 easque
3119 5144 3438 5199 devotionis
3477 5153 3687 5203 nostrm

1995 5231 2163 5285 donis
2228 5232 2569 5303 gratissimis
2622 5234 2893 5287 exaltare.
2953 5233 3313 5303 Quapropter
3375 5234 3686 5291 Dominicis

1998 5336 2111 5374 non
2136 5321 2372 5375 surdum
2414 5321 2674 5375 auditum
2733 5311 3057 5391 praebéntes
3106 5323 3431 5393 praeceptis,
3470 5329 3526 5378 et
3570 5325 3685 5379 dei-

1994 5409 2115 5465 ﬁcis
2171 5409 2624 5482 obtemperando
2699 5408 3063 5463 intendentes
3119 5411 3499 5480 suasionibus,
3557 5414 3683 5468 the-

1994 5514 2192 5552 sauros
2213 5499 2419 5553 divinae
2449 5496 2727 5566 largitatis
2756 5495 3151 5553 muniﬁcentia
3203 5500 3369 5555 nobis
3426 5500 3681 5567 collatos,
