4028 6206
255 291 322 340 I21
1830 295 1878 348 Α.

2432 289 2442 296 “
3590 306 3684 356 122

244 412 570 477 cooperantur
607 406 666 460 in
732 408 966 462 bonum.
999 411 1192 465 Tantis
1249 429 1499 484 namque
1545 432 1608 469 ac
1663 417 1870 472 talibus
1898 421 1943 474 A
1985 420 2273 474 Benedicti
2303 421 2595 488 audierat;
2629 426 2684 476 et
2715 422 2851 494 quia
2881 423 3141 492 reliquias
3191 425 3314 496 ejus
3342 426 3680 482 dicebantur

242 500 375 554 bonis
426 497 642 550 tentatio
674 497 866 550 deesse
893 515 1008 552 non
1043 502 1248 570 potuit.
1295 502 1524 558 Invidus
1555 505 1711 560 enim
1750 523 1872 560 om-

243 592 370 642 nium
396 586 656 640 bonorum
688 587 971 654 diabolus,
1035 589 1130 642 ubi
1177 594 1367 644 torum
1436 593 1872 648 immaculatum

243 676 448 730 sauciare
498 691 608 740 non
661 677 869 745 potuit,
903 678 1200 749 zelotypim
1232 680 1411 735 livore
1448 683 1657 737 foedare
1710 685 1872 753 cogi-

242 765 368 827 tavit,
397 769 444 816 et
472 765 584 832 ejus
617 764 819 818 saltem
848 767 1059 820 famam
1110 768 1336 830 laedere,
1369 770 1460 824 cui
1493 772 1699 825 vulnus
1746 789 1870 826 cor-

241 853 476 922 ruptionis
518 853 777 922 infligere
831 870 947 908 non
979 856 1183 925 potuit.
1224 858 1387 910 Facta
1416 863 1500 912 est
1537 859 1739 929 igitur,
1773 877 1870 914 au-

240 949 358 995 ctore
407 942 636 1007 diabolo,
688 949 948 1013 suspecta
998 945 1255 999 criminis
1321 964 1387 1000 ea
1446 963 1576 1018 quae
1636 955 1874 1003 noverat

241 1030 471 1084 maculam
501 1031 898 1101 corruptionis.
952 1033 1056 1087 Sed
1123 1037 1258 1105 quia
1295 1035 1543 1090 crudelis
1601 1041 1706 1104 est,
1775 1038 1874 1108 qui

240 1119 408 1172 famam
467 1119 720 1188 negligit,
779 1121 1206 1191 expurgationis
1257 1124 1458 1192 gratia,
1514 1125 1584 1179 ad
1618 1142 1876 1179 vomeres

239 1207 492 1260 candentes
529 1207 668 1261 illud
699 1209 808 1262 sibi
845 1209 1124 1279 judicium
1155 1210 1385 1280 delegit,
1431 1214 1585 1282 quod
1645 1220 1876 1284 propter

238 1295 460 1347 duritiam
510 1295 808 1350 hominum
891 1297 1218 1352 institutum
1300 1315 1420 1352 esse
1494 1303 1873 1370 cognoscitur.

239 1385 448 1453 Cumque
473 1385 675 1438 dilecta
709 1387 821 1439 Deo
854 1387 922 1440 ad
967 1386 1107 1440 illud
1133 1388 1431 1456 judicium,
1465 1390 1617 1443 velut
1649 1391 1770 1444 ovis
1801 1391 1874 1445 ad

235 1472 527 1527 occisionem
587 1475 911 1540 duceretur,
973 1476 1280 1546 ingemuit,
1347 1483 1405 1531 et
1469 1478 1574 1544 ait;
1635 1480 1872 1535 Domine

237 1564 368 1626 Deus,
420 1567 632 1616 creator
686 1564 810 1620 coeli
876 1569 1062 1628 terrae,
1129 1565 1229 1636 qui
1286 1565 1495 1636 probas
1572 1583 1736 1622 renes
1821 1576 1876 1624 ct

233 1650 386 1712 corda.
424 1651 614 1720 judica
660 1653 942 1722 judicium
1016 1669 1228 1714 meum,
1281 1658 1337 1706 et
1390 1655 1548 1725 eripe
1607 1673 1724 1713 me.
1794 1660 1867 1712 Te

232 1739 352 1792 enim
380 1745 566 1794 testem
601 1742 929 1812 etjudicem
963 1743 1132 1797 hodie
1163 1743 1382 1809 invoco,
1417 1745 1552 1814 quia
1593 1762 1693 1800 nec
1721 1748 1874 1802 hunc

231 1832 521 1897 praesentem
583 1830 910 1885 Heinricum
968 1849 1070 1886 nec
1127 1833 1369 1886 alterum
1403 1849 1752 1905 quemquam
1801 1838 1875 1890 vi-

230 1929 330 1965 rum
355 1916 550 1968 carnali
581 1918 984 1973 commistione
1025 1936 1297 1990 umquam
1351 1922 1612 1990 cognovi.
1649 1925 1762 1978 Hoc
1791 1924 1876 1977 di-

229 2008 316 2070 cto,
339 2005 688 2074 stupentibus
731 2023 794 2060 ac
834 2010 1101 2062 ﬂentibus
1134 2012 1432 2079 universis,
1465 2013 1564 2083 qui
1612 2012 1872 2077 aderant,

228 2107 440 2146 vomeres
495 2096 804 2150 candentes
869 2099 1022 2152 nudo
1079 2101 1315 2170 vestigio
1367 2102 1620 2166 calcavit,
1669 2106 1724 2155 et
1756 2101 1877 2153 sine

229 2179 497 2235 adustionis
550 2185 818 2239 molestia
880 2203 1077 2241 secura
1149 2191 1497 2259 pertransiit.
1586 2192 1666 2244 Ita
1729 2191 1877 2244 Deus

227 2269 543 2340 omnipotens
574 2273 863 2328 vinculum
891 2281 1059 2330 castas
1114 2279 1434 2333 dilectionis
1494 2279 1758 2342 servavit,
1791 2279 1875 2332 in-

227 2360 500 2414 nocentiam
525 2364 940 2432 comprobavit,
973 2373 1030 2419 et
1069 2366 1383 2437 integritati
1415 2368 1732 2422 custodiam
1765 2367 1878 2420 hu-

225 2448 442 2502 militatis
459 2451 741 2506 adhibuit.

279 2539 350 2590 '23.
392 2540 536 2593 Inter
597 2541 716 2595 haec
769 2543 1084 2597 beatissimi
1143 2544 1422 2615 Principis
1465 2545 1648 2616 gloria
1697 2545 1879 2615 magis

224 2642 272 2678 ac
296 2629 456 2697 magis
507 2631 862 2698 proﬁciebat,
916 2638 972 2686 et
1001 2633 1185 2702 gratia
1221 2635 1320 2687 Dei
1379 2641 1502 2688 erat
1549 2650 1678 2688 cum
1731 2634 1875 2704 ipso.

226 2715 322 2767 Non
345 2716 639 2770 declinavit
671 2720 900 2789 clypeus
933 2739 965 2773 a
994 2721 1168 2787 bello,
1202 2728 1260 2776 et
1286 2723 1448 2776 hasta
1478 2722 1602 2792 ejus
1651 2739 1765 2776 non
1797 2728 1881 2776 est

222 2819 405 2858 aversa.
443 2806 772 2876 Apuliama
804 2810 1010 2862 Graecis
1074 2809 1173 2863 diu
1230 2827 1567 2880 possessam,
1623 2812 1880 2864 Romano

226 2890 431 2960 Imperio
477 2897 856 2965 recuperavit,
891 2902 947 2950 et
993 2897 1178 2952 eidem
1212 2899 1520 2967 provincize
1583 2901 1877 2953 Ismaelem

1984 507 2180 561 furtim
2237 510 2475 562 sublata:
2532 515 2588 563 et
2628 511 2686 564 in
2740 511 2916 565 alium
2954 513 3140 566 locum
3170 515 3482 577 translatae,
3545 516 3676 569 ideo

1985 596 2071 648 vir
2095 603 2321 651 sanctus
2371 599 2440 652 de
2503 600 2785 668 corporali
2841 600 2964 670 ejus
3004 603 3299 670 praesentia
3357 602 3673 658 dubitabat.

1984 686 2278 754 Completa
2319 687 2509 757 itaque
2549 688 2825 751 oratione,
2886 690 3058 742 homo
3099 689 3196 742 Dei
3237 691 3304 743 ad
3359 691 3676 761 hospitium

1983 789 2042 825 se
2073 773 2333 838 contulit,
2386 780 2443 827 et
2498 775 2734 828 lassatus
2768 793 2831 829 ac
2859 776 3183 829 debilitatus
3239 778 3299 830 in
3356 778 3561 831 lectulo
3619 797 3678 833 se

1983 862 2294 916 collocavit.
2355 864 2416 916 In
2465 879 2578 932 quo
2609 864 2978 918 obdormiens
3028 866 3168 919 vidit
3197 866 3250 919 S.
3312 867 3677 921 Benedictum

1983 950 2091 1002 sibi
2136 952 2415 1015 assistere,
2466 958 2525 1005 et
2581 952 2796 1006 ferrum
2850 954 3154 1007 sectorium
3205 955 3274 1008 ad
3311 956 3678 1009 medicinales

1983 1039 2262 1092 sectiones
2290 1045 2488 1108 aptum
2539 1056 2713 1094 manu
2764 1046 2978 1095 tenere.
3037 1042 3143 1105 Qui
3203 1042 3347 1095 dixit
3376 1042 3427 1095 ci
3478 1059 3489 1094 :
3537 1042 3678 1104 Quia

1983 1127 2223 1197 sperasti
2252 1127 2312 1180 in
2345 1129 2456 1181 Deo
2489 1133 2543 1180 et
2566 1129 2624 1182 iu
2673 1130 2893 1182 Sanctis
2943 1131 3086 1200 ejus,
3134 1146 3262 1184 ecce
3312 1131 3518 1183 missus
3549 1147 3675 1182 sum

1984 1231 2016 1267 a
2050 1216 2184 1279 Deo,
2212 1222 2272 1269 ut
2304 1232 2404 1286 per
2452 1233 2639 1270 meam
2693 1218 3034 1271 medicinam
3096 1219 3164 1271 ab
3217 1219 3550 1271 inﬁrmitate
3583 1226 3678 1270 tua

1983 1303 2259 1356 libereris.
2291 1304 2426 1358 Ecce
2449 1321 2572 1374 ego,
2608 1306 2770 1374 cujus
2821 1322 2947 1358 ossa
2999 1306 3197 1360 furtim
3256 1307 3478 1360 sublata
3535 1312 3681 1358 esset

1987 1392 2246 1461 putabas,
2277 1394 2641 1462 praesentiam
2669 1409 2852 1446 meam
2897 1393 2999 1446 tibi
3056 1393 3324 1458 exhibeo,
3385 1401 3442 1447 et
3481 1394 3540 1446 in
3589 1411 3679 1446 ar-

1985 1486 2323 1549 gnmentum
2355 1481 2612 1534 veritatis
2636 1481 2926 1551 passiones
2952 1487 3076 1534 tuas
3111 1483 3322 1535 curabo
3382 1484 3508 1550 (39).
3547 1484 3674 1535 Haec

1985 1568 2195 1631 dicens,
2249 1574 2471 1638 partem
2520 1568 2677 1622 illam
2708 1568 2983 1638 corporis,
3017 1568 3114 1623 ubi
3156 1569 3406 1622 calculus
3432 1570 3679 1638 jacebat,

1988 1657 2316 1711 medicinali
2347 1658 2518 1722 ferro,
2551 1658 2703 1728 quod
2763 1674 2967 1712 manus
3018 1659 3270 1725 tenebat,
3328 1658 3554 1728 aperuit
3601 1663 3679 1722 et,

1984 1747 2177 1800 evulso
2227 1747 2477 1800 molliter
2514 1747 2749 1812 calculo,
2811 1746 3032 1801 hiatum
3062 1746 3315 1800 vulneris
3350 1747 3538 1801 subita
3586 1764 3679 1799 sa-

1985 1835 2159 1889 nitate
2191 1836 2622 1906 redintegravit,
2678 1837 3077 1906 calculumque
3132 1851 3306 1907 quem
3359 1837 3568 1890 tulerat
3620 1837 3679 1889 in

1986 1941 2159 1978 manu
2195 1926 2359 1993 Regis
2392 1925 2731 1978 dormientis
2755 1925 3025 1995 reposuit,

2055 2016 2141 2066 26.
2205 2014 2328 2076 Quo
2383 2015 2550 2078 facto,
2610 2014 3127 2068 Christianissimus
3186 2016 3503 2085 Imperator
3562 2013 3678 2067 evi-

1985 2101 2202 2170 gilavit,
2242 2106 2297 2154 et
2328 2105 2676 2171 pertractans
2735 2119 2925 2156 secum
2976 2119 3105 2172 quae
3153 2103 3301 2155 circa
3348 2102 3538 2170 ipsum
3569 2104 3686 2171 'per

1987 2189 2378 2244 Confessorem
2408 2189 2610 2244 Christi
2641 2194 2798 2259 gesta
2848 2189 3088 2253 fuerant,
3145 2190 3456 2260 vidensque
3505 2191 3684 2243 calcu-

1987 2279 2105 2332 lum
2165 2294 2336 2349 quem
2390 2294 2560 2331 manu
2639 2278 2889 2342 tenebat,
2960 2279 3180 2331 vocavit
3240 2279 3534 2342 satellites,
3584 2278 3682 2348 qui

1987 2370 2145 2437 regio
2179 2383 2338 2420 more
2370 2367 2476 2420 sibi
2509 2382 2733 2438 semper
2763 2366 3122 2429 assistebant,
3161 2367 3412 2436 dixitque
3437 2367 3504 2420 ad
3536 2382 3632 2420 eos
3668 2383 3679 2419 :

1990 2457 2288 2510 Pontiﬁces
2313 2456 2589 2526 regnique
2621 2455 2798 2509 nostri
2855 2455 3142 2524 Principes
3203 2461 3395 2508 vocate
3439 2455 3511 2508 ad
3562 2471 3682 2518 me;

1990 2551 2050 2598 ut
2079 2550 2420 2615 cognoscant
2452 2551 2509 2598 et
2539 2545 2767 2598 videant
2799 2544 3085 2598 mirabilia
3139 2543 3259 2607 Dei,
3303 2560 3432 2614 quas
3476 2542 3680 2596 ineﬁ‘a-

1988 2632 2119 2685 bilis
2143 2633 2532 2686 misericordia
2559 2638 2616 2687 ct
2659 2633 3060 2687 inenarrabilis
3120 2632 3376 2702 potentia
3420 2632 3543 2701 ejus
3595 2633 3682 2684 t'e-

1990 2725 2192 2773 cerunt
2221 2721 2281 2773 in
2315 2737 2422 2774 me.
2482 2725 2553 2775 At
2579 2721 2660 2774 illi
2714 2721 2980 2774 mandata
3063 2721 3231 2789 Regis
3281 2721 3450 2774 celeri
3505 2735 3677 2773 cursu

1990 2809 2340 2875 perferentes
2370 2809 2441 2861 ad
2477 2808 2784 2878 Principes,
2847 2810 3237 2877 perduxerunt
3272 2825 3367 2861 eos
3427 2809 3498 2860 ad
3567 2809 3682 2862 Re-

1989 2913 2140 2966 gem.
2197 2898 2348 2960 Quos
2381 2898 2495 2951 Rex
2547 2899 2822 2961 salutans,
2884 2898 3338 2967 resalutatusque
3366 2897 3436 2950 ab
3467 2896 3569 2960 eis,
3605 2896 3684 2947 sic

220 2979 387 3034 ducem
437 2983 712 3052 prazfecit.
747 2985 853 3048 Qui
886 2991 1083 3055 postea
1123 2987 1182 3040 in
1237 2987 1696 3057 Babenbergensi
1754 2987 1876 3040 loco
1911 2989 1950 3043 C.
1988 2987 2314 3055 alloquutus
2373 3002 2468 3038 eos
2499 2991 2622 3039 est:
2688 2987 2907 3040 Fratres
2965 2992 3022 3038 et
3069 2986 3493 3039 commilitones
3539 2983 3674 3048 mei,

221 3077 459 3137 mortuus,
492 3079 548 3125 et
586 3073 642 3124 in
674 3074 921 3143 capitulo
955 3075 1187 3143 majoris
1247 3076 1578 3129 monasterii
1619 3078 1878 3145 sepultus

219 3160 487 3229 requiescit
517 3163 580 3214 in
608 3163 875 3217 Domino.
949 3163 1417 3218 Beneventanum
1466 3165 1873 3219 monasterium

219 3251 456 3314 condidit,
489 3257 543 3304 et
576 3252 737 3304 omni
774 3257 1008 3306 ornatus
1037 3253 1240 3307 decore
1290 3254 1675 3323 locupletavit.
1710 3255 1878 3309 Cum-

219 3353 306 3405 que
353 3340 598 3393 civitates
648 3340 872 3409 Apulite
923 3343 1314 3410 pertransiret,
1377 3348 1580 3412 etquae
1613 3343 1680 3396 ad
1729 3342 1877 3395 utili-

225 3432 366 3480 tatem
398 3436 451 3482 et
480 3430 759 3483 honorem
785 3431 945 3501 regni
999 3431 1364 3501 pertinebant
1409 3431 1468 3484 in
1499 3432 1578 3484 eis
1626 3432 1879 3501 pruden-

225 3515 406 3570 tissime
451 3519 849 3589 disposuisset,
888 3521 1060 3590 cmpit
1113 3521 1445 3574 inﬁrmitate
1485 3521 1688 3574 calculi
1721 3521 1882 3574 labo-

224 3618 344 3657 rare.
375 3607 542 3676 Cujus
571 3607 764 3661 morbi
823 3609 1140 3663 molestiam
1199 3609 1284 3662 vir
1311 3614 1538 3664 sanctus
1579 3614 1737 3663 tanta
1784 3626 1882 3678 pa-

223 3691 392 3746 tientia
435 3696 727 3760 sustinuit,
765 3701 826 3750 ut
871 3697 1164 3766 passiones
1232 3697 1419 3750 carnis
1449 3698 1520 3751 ad
1572 3698 1884 3751 custodiam

223 3778 528 3836 humilitatis
559 3802 593 3838 a
647 3785 760 3838 Deo
813 3785 920 3838 sibi
973 3786 1204 3839 collatas
1235 3791 1530 3851 assereret,
1583 3792 1636 3840 et
1688 3787 1888 3856 flagel-

224 3867 321 3922 lum
367 3873 741 3944 correptionis
797 3874 1176 3928 certissimum
1262 3875 1493 3945 signum
1567 3874 1886 3929 dilectionis

225 3969 320 4007 esse
368 3960 700 4013 afﬁrmaret.
764 3961 1036 4014 Fomenta
1091 3966 1281 4014 tamen
1334 3962 1696 4015 curationum
1755 3961 1888 4015 fecit

225 4042 311 4096 sibi
335 4047 608 4113 adhiberi,
674 4049 770 4101 sed
825 4049 984 4102 nulla
1040 4050 1394 4104 medicorum
1450 4050 1762 4104 subtilitate
1817 4049 1885 4102 ad

225 4130 474 4204 integrum
507 4137 700 4206 potuit
765 4137 1014 4190 liberari.
1055 4139 1488 4207 Ingravescente
1545 4145 1735 4192 autem
1783 4139 1885 4192 do-

228 4220 338 4286 lore,
369 4228 624 4280 ascendit
659 4232 910 4280 montem
957 4228 1278 4296 Cassinum,
1336 4228 1640 4298 petiturus,
1693 4233 1751 4280 ut
1783 4244 1884 4298 per

226 4309 662 4367 intercessionem
715 4317 768 4368 Β.
834 4315 1118 4370 Benedicti
1160 4321 1211 4370 et
1272 4321 1481 4369 sauctm
1520 4316 1882 4371 Scholastica:

224 4398 444 4453 sanitatis
471 4403 522 4455 ei
555 4419 587 4456 a
614 4403 727 4456 Deo
767 4409 1132 4474 praestaretur
1180 4405 1524 4458 remedium.

277 4489 350 4542 25.
397 4491 640 4545 Veniens
693 4497 884 4546 autem
969 4493 1040 4547 ad
1098 4494 1286 4546 locum
1367 4494 1465 4547 ubi
1549 4494 1886 4548 Sanctorum

221 4575 448 4646 reliquiae
506 4581 740 4634 fuerant
781 4581 1110 4647 reconditae,
1171 4582 1370 4635 effudit
1421 4582 1613 4635 anima
1669 4598 1770 4634 sua
1827 4582 1883 4634 in

219 4675 499 4735 conspectu
555 4669 854 4735 Altissimi,
911 4675 965 4723 et
1049 4687 1151 4739 per
1206 4675 1532 4724 sanctorum
1593 4671 1885 4741 suffragia,

223 4751 481 4810 Benedicti
543 4758 809 4812 videlicet
864 4765 919 4812 et
976 4758 1026 4813 S.
1071 4759 1456 4826 Scholasticae,
1519 4759 1784 4828 precibus
1831 4763 1887 4811 et

223 4842 454 4914 lacrymis
479 4847 793 4916 postulavit
817 4864 850 4900 a
882 4849 997 4902 Deo
1029 4849 1272 4902 salutem
1303 4847 1560 4918 corporis
1592 4854 1648 4901 et
1680 4847 1886 4900 anima:

220 4929 309 4983 sibi
339 4936 616 5001 prestari.
677 4937 1094 5006 lmpletumque
1144 4943 1230 4991 est
1283 4937 1436 5008 quod
1495 4953 1597 5006 per
1642 4937 1886 5007 Prophe-

217 5021 313 5074 tam
343 5022 547 5077 dicitur
579 5043 594 5076 :
631 5025 913 5095 Exquisivi
974 5025 1306 5094 Dominum,
1358 5029 1414 5080 et
1448 5025 1741 5079 exaudivit
1771 5041 1882 5090 me,

219 5113 263 5159 et
288 5125 346 5162 ex
384 5113 652 5166 omnibus
675 5113 1142 5168 tribulationibus
1173 5115 1314 5168 meis
1347 5113 1558 5185 eripuit
1587 5131 1694 5168 me.
1747 5115 1888 5168 Nam

221 5197 378 5265 petiit,
409 5206 465 5253 et
494 5201 798 5255 exauditus
827 5209 912 5256 est
943 5219 956 5268 ;
988 5203 1236 5273 pulsavit
1291 5204 1362 5257 ad
1419 5203 1632 5257 ostium
1691 5219 1889 5274 perse-

222 5293 454 5340 veranter
519 5289 842 5344 miserantis
894 5292 1186 5361 potentize,
1245 5297 1300 5344 et
1366 5293 1728 5345 intromissus
1784 5297 1881 5344 est.

224 5373 419 5430 Interea
445 5378 561 5432 Rex
609 5381 778 5448 coepit
814 5380 1087 5450 cogitare,
1129 5397 1259 5450 qua:
1293 5380 1363 5434 de
1426 5381 1798 5434 translatione
1831 5383 1886 5434 S.

1988 3075 2347 3146 magnilicate
2378 3075 2683 3128 Dominum
2714 3091 2957 3141 mecum,
2991 3080 3047 3128 et
3091 3076 3404 3128 exaltemus
3469 3090 3678 3126 nomen

1987 3166 2110 3234 ejus
2175 3165 2233 3217 in
2289 3165 2558 3234 idipsum,
2611 3165 2745 3234 quia
2797 3170 2881 3216 est
2936 3180 3178 3233 magnus
3252 3164 3546 3226 Dominus,
3631 3167 3686 3214 et

1988 3253 2286 3308 laudabilis
2344 3253 2537 3320 nimis,
2569 3258 2624 3306 et
2659 3252 3075 3323 magnitudinis
3099 3253 3220 3322 ejus
3252 3269 3364 3306 non
3413 3257 3498 3304 est
3526 3250 3676 3304 ﬁnis.

1988 3343 2113 3412 Ipse
2145 3341 2407 3413 percutit,
2457 3347 2514 3396 et
2559 3341 2862 3395 medetur:
2922 3342 3170 3411 flagellat
3235 3345 3576 3410 peccatores,
3633 3345 3688 3392 et

1989 3431 2401 3502 pcenitentibus
2461 3430 2778 3484 miseretur.
2865 3431 3022 3483 Hunc
3092 3431 3379 3495 humiliat,
3441 3435 3497 3482 et
3535 3429 3686 3482 hunc

1990 3521 2198 3575 exaltat
2231 3537 2243 3574 :
2280 3521 2417 3590 quia
2449 3520 2592 3573 calix
2623 3518 2682 3573 in
2716 3535 2886 3572 manu
2945 3518 3170 3572 Domini
3223 3519 3336 3571 vini
3369 3518 3511 3571 meri
3565 3519 3684 3587 ple-

1993 3625 2099 3663 nus
2144 3609 2337 3664 misto.
2406 3610 2484 3662 En
2539 3624 2664 3678 ego,
2723 3607 2822 3678 qui
2884 3607 3006 3661 heri
3057 3607 3223 3660 morti
3258 3607 3550 3677 proximus
3581 3605 3685 3664 fui.

1992 3716 2094 3770 per
2125 3697 2572 3752 misericordiam
2621 3697 2714 3750 Dei
2752 3697 2921 3750 hodie
2955 3697 3111 3748 vobis
3138 3713 3386 3765 appareo
3439 3711 3612 3754 sanus
3674 3711 3685 3747 :

1993 3788 2047 3841 ei
2096 3788 2355 3840 aculeum
2415 3785 2630 3849 mortis,
2693 3801 2864 3855 quem
2944 3785 3068 3837 heri
3125 3784 3338 3852 gestavi
3407 3784 3688 3835 inclusum

1993 3875 2221 3946 corpori
2287 3891 2434 3938 meo,
2511 3873 2680 3927 hodie
2755 3873 2932 3925 oculis
2980 3871 3178 3925 vestris
3228 3870 3529 3924 visibiliter
3595 3887 3690 3922 os-

1995 3965 2186 4019 tendo.

2058 4057 2144 4107 27.
2196 4053 2322 4105 Haec
2380 4050 2591 4115 dicens,
2641 4049 2888 4103 ostendit
2945 4048 3248 4110 calculum,
3282 4062 3455 4117 quem
3515 4061 3689 4099 manu

1996 4141 2245 4208 tenebat,
2298 4144 2354 4194 et
2410 4139 2714 4194 ostendens
2762 4138 3084 4192 cicatricem
3139 4135 3414 4200 vulneris,
3474 4134 3689 4199 omnia,

1996 4246 2125 4299 qum
2177 4245 2280 4300 per
2335 4234 2593 4283 sanctum
2661 4227 3030 4282 Benedictum
3075 4226 3223 4279 circa
3281 4225 3472 4294 ipsum
3521 4226 3694 4294 Egesta

1996 4322 2178 4382 erant,
2209 4317 2426 4371 cunctis
2477 4316 2862 4381 audientibus,
2905 4331 2968 4368 ex
3010 4313 3212 4368 ordine
3265 4311 3572 4366 referebat.
3625 4314 3696 4364 At

1999 4404 2081 4457 illi
2110 4404 2370 4458 videntes
2400 4409 2455 4457 et
2482 4403 2777 4457 audientes
2809 4401 3093 4455 mirabilia
3147 4401 3264 4465 Dei,
3290 4405 3344 4452 et
3369 4398 3496 4469 plus
3519 4414 3692 4468 quam

1997 4493 2152 4546 credi
2205 4498 2407 4563 potest,
2468 4492 2738 4545 admirati
2791 4495 2950 4554 sunt;
2995 4497 3051 4542 et
3105 4488 3511 4542 benedicentes
3556 4488 3690 4553 Deo,

1999 4582 2212 4653 diuque
2243 4581 2300 4634 in
2335 4581 2556 4634 laudem
2590 4580 2712 4649 ejus
2758 4580 3134 4632 acclamantes
3176 4577 3245 4630 de
3303 4576 3694 4630 incolumitate

1999 4669 2171 4741 Regis
2215 4669 2391 4740 gavisi
2430 4673 2583 4722 sunt.
2617 4669 2982 4736 Rursumque
3017 4667 3130 4720 Rex
3180 4666 3252 4720 ad
3314 4682 3412 4718 eos
3454 4682 3466 4718 :
3520 4665 3690 4728 Quas,

1999 4760 2205 4830 inquit,
2239 4757 2555 4828 gratiarum
2595 4755 2864 4818 actiones,
2909 4759 3008 4807 aut
3038 4770 3167 4824 quas
3229 4769 3468 4806 munera
3523 4751 3694 4804 tantis

1999 4846 2294 4902 beneficiis
2333 4845 2614 4913 condigna
2653 4842 2874 4896 medico
2910 4847 3103 4895 nostro
3137 4841 3440 4896 Benedicto
3495 4855 3692 4908 possu-

2001 4953 2128 4990 mus
2159 4931 2511 5005 rependere?
2541 4935 2611 4986 Αἰ
2635 4932 2718 4986 illi
2747 4947 2948 4986 omnes
2974 4931 3377 5000 judicaverunt
3407 4943 3538 4980 eum
3604 4943 3692 4979 re-

2000 5025 2092 5095 gia
2108 5022 2500 5077 muniﬁcentia
2522 5021 2920 5092 dignumesse.
2961 5021 3074 5073 Rex
3106 5033 3240 5086 ergo
3265 5014 3503 5068 consilio
3536 5014 3694 5068 Prin-

1999 5115 2194 5184 cipum
2225 5128 2457 5166 suorum
2491 5110 2748 5182 ingentia
2779 5124 3018 5163 munera
3047 5107 3103 5159 in
3139 5103 3386 5175 praediis,
3439 5104 3500 5156 in
3529 5119 3694 5171 auro,

2000 5205 2059 5257 in
2099 5207 2359 5272 argento,
2392 5200 2449 5254 in
2471 5198 2824 5254 ormanentis
2855 5194 3118 5267 plurimis
3143 5192 3398 5247 ecclesias
3429 5193 3484 5246 S.
3521 5193 3696 5246 Bene-

1999 5291 2134 5346 dicti
2190 5290 2449 5344 contulit.
2501 5290 2566 5342 Et
2630 5286 2968 5340 valefaciens
3020 5281 3308 5347 fratribus,
3353 5281 3453 5353 qui
3506 5282 3695 5336 eidem

2001 5379 2251 5433 ecclesia:
2308 5377 2712 5447 praesidebant,
2779 5392 2812 5428 a
2861 5373 3092 5426 Cassino
3144 5376 3338 5426 monte
3391 5370 3588 5424 hilaris
3644 5374 3700 5422 et

285 5540 379 5603 I59)
415 5541 488 5593 De
514 5541 621 5594 hac
646 5545 703 5593 et
727 5541 1008 5611 adjunctis
1038 5547 1095 5596 et
1123 5542 1252 5596 aliis
1280 5541 1536 5596 historiis
1564 5542 1620 5596 in
1653 5542 2070 5596 Commentario
2103 5540 2480 5609 disceptatum
2513 5539 2615 5590 cst.
