4058 6216
307 283 400 334 l23
1225 268 1241 281 ⁶
1599 282 1653 334 s.
1697 278 1983 335 IlENlthI
2021 275 2496 335 IMPERATORIS

3717 285 3824 339 124

302 402 747 459 sanusdiscessit
795 404 1523 474 Abeoautemtempore,et
1546 401 2000 473 deinceps,qua-
2033 402 2077 454 A
2117 402 2422 473 praecipuis
2470 402 2710 474 angelis,
2761 418 2986 458 sacrum
3058 403 3344 475 Evangelii
3400 409 3613 460 textum
3685 421 3826 458 cum

305 494 436 548 dam
467 491 700 562 speciali
733 492 1040 547 dilectione
1067 498 1123 547 et
1153 492 1518 547 veneratione
1552 493 1607 547 S.
1673 491 1994 556 Benedicto,

300 587 356 635 et
385 581 654 635 omnibus
683 583 1010 636 monasticaa
1058 581 1351 652 religionis
1397 579 1713 634 cultoribus
1778 577 2000 632 studuit

298 669 606 735 deservire,
657 674 714 724 et
757 669 816 724 in
851 669 1269 740 ampliﬁcandis
1318 684 1381 722 ac
1431 665 1794 738 protegendis
1827 665 1997 720 rebus

301 758 701 812 ecclesiasticis
758 757 1045 825 benignus
1099 774 1164 811 ac
1215 757 1449 811 devotus
1519 758 1684 809 Pater
1730 754 1993 808 existere.

305 848 434 900 Haec
464 844 524 898 in
548 844 778 899 Cassino
811 851 1004 898 monte
1031 845 1239 914 scripta
1265 844 1660 908 inveniuntur,
1693 848 1756 897 ut
1789 848 1846 896 et
1882 858 2000 895 mo-

304 933 464 988 derui
517 932 806 1003 magnalia
846 933 945 987 Dei
999 933 1056 986 in
1087 933 1368 987 memoria
1399 932 1670 1000 habeant,
1703 931 1794 1000 let
1845 932 1997 1001 apud

304 1027 565 1092 posteros
597 1037 699 1092 per
738 1021 1141 1092 antiquitatem
1199 1021 1474 1090 temporis
1533 1020 1593 1074 in
1647 1019 1998 1074 oblivionem

308 1127 424 1164 non
457 1111 709 1164 veniant.
746 1111 830 1176 Et,
882 1109 928 1163 si
973 1109 1100 1180 quis
1154 1109 1296 1164 scire
1331 1108 1616 1163 desiderat
1665 1124 1842 1178 quare
1874 1109 1995 1178 glo-

299 1199 652 1253 riosissimus
692 1198 1006 1269 imperator
1038 1198 1333 1252 Heiuricus
1388 1197 1807 1262 claudicaverit,
1869 1212 1997 1250 cum

302 1289 563 1358 primum
594 1303 836 1358 corpore
877 1291 994 1340 toto
1035 1303 1205 1340 sanus
1231 1286 1406 1340 fuerit
1431 1286 1577 1340 hanc
1606 1301 1837 1340 causam
1895 1301 1999 1339 no-

305 1377 473 1430 verit.
711 1372 733 1398 ⁸

373 1467 463 1518 28.
506 1465 647 1518 Cum
689 1462 811 1532 ipse
841 1462 1092 1532 quodam
1145 1465 1407 1532 tempore
1438 1463 1682 1517 venisset
1729 1463 1790 1516 in
1842 1464 1998 1532 Apu-

303 1552 460 1614 liam,
541 1566 646 1620 pro
711 1550 1084 1621 disponendis
1141 1551 1469 1622 reipublicae
1527 1551 1792 1622 negotiis,
1871 1568 1999 1622 per-

304 1640 462 1694 venit
518 1639 577 1692 in
654 1644 910 1693 montem
987 1641 1336 1709 Garganum,
1416 1640 1477 1694 in
1516 1640 1638 1710 ejus
1707 1640 2000 1711 crepidine

305 1728 413 1781 sita
501 1731 584 1781 est
653 1726 886 1793 laevitas,
965 1732 1021 1782 et
1099 1727 1156 1781 in
1205 1727 1379 1782 latere
1457 1728 1654 1782 mortis
1714 1727 1774 1782 in
1858 1744 2000 1798 rupe

305 1831 570 1879 concava,
606 1820 687 1869 est
737 1815 970 1869 basilica
1029 1832 1144 1870 non
1199 1817 1269 1870 ab
1329 1817 1659 1870 hominibus
1705 1816 1998 1880 fabricata,

306 1919 495 1975 neque
551 1919 653 1975 per
692 1904 987 1958 hominem
1040 1903 1318 1971 dedicata,
1381 1904 1478 1958 sed
1530 1903 1862 1974 operatione
1915 1903 1999 1957 di-

305 1993 441 2046 vina
485 1993 570 2046 vel
603 1992 812 2046 virtute
870 1998 1154 2047 exstructa
1201 1993 1586 2048 :mirabiliter
1649 1992 1862 2047 etenim
1917 1991 2000 2046 di-

307 2082 440 2136 vina
508 2081 907 2136 benedictione
1009 2082 1411 2136 venerabiliter
1483 2086 1810 2136 consecrata
1899 2085 1997 2135 est.

312 2171 491 2240 Hujus
555 2170 803 2224 basilica:
884 2175 1062 2225 exstat
1113 2177 1390 2240 patronus
1460 2170 1694 2226 Michael
1748 2170 2004 2225 Archan-

310 2259 493 2328 gelus.
528 2260 590 2314 In
625 2260 730 2313 hac
767 2259 982 2313 etenim
1014 2259 1267 2323 ecclesia,
1328 2259 1583 2329 qualibet
1647 2258 2006 2314 bebdomada

308 2352 512 2402 cantus
541 2348 858 2418 angelicus,
897 2348 964 2402 ab
991 2349 1082 2402 his
1115 2348 1212 2419 qui
1267 2348 1441 2419 digna
1471 2353 1625 2413 sunt,
1657 2347 1842 2402 audiri
1870 2363 2004 2416 per-

311 2438 560 2491 hibetur.
623 2439 779 2492 Hanc
837 2437 1031 2506 itaque
1109 2437 1420 2504 basilicam,
1479 2435 1755 2490 orationis
1814 2451 2002 2501 causa,

309 2543 440 2581 cum
493 2526 696 2580 ceteris
753 2526 962 2580 Christi
1017 2525 1284 2580 fidelibus
1332 2525 1418 2579 vir
1457 2527 1572 2579 Deo
1624 2525 1866 2579 devotus
1922 2529 2010 2578 est

311 2614 619 2684 ingressus.
656 2615 915 2685 Cumque
937 2615 1135 2668 laudes
1165 2615 1385 2669 divinas
1424 2613 1570 2668 inibi
1599 2613 2004 2679 celebrassent,

312 2707 368 2755 et
410 2706 541 2756 vota
606 2718 844 2774 precum
893 2717 1126 2756 suarum
1176 2718 1307 2756 cum
1357 2701 1538 2755 multa
1570 2700 1869 2755 devotione
1899 2701 2007 2754 Leo

314 2790 727 2844 reddidissent:
757 2796 988 2860 tempus
1014 2791 1132 2860 jam
1160 2791 1375 2856 aderat,
1403 2805 1518 2859 quo
1550 2788 1790 2843 caelestis
1803 2789 2011 2843 exerci-

313 2883 408 2931 tus
437 2878 510 2932 ad
540 2879 737 2931 laudes
758 2879 872 2932 Deo
902 2878 1322 2945 persolveudas,
1356 2878 1635 2946 templum
1657 2877 1765 2931 hoc
1784 2893 2006 2931 sacrum

316 2967 502 3020 fuerat
538 2966 848 3035 ingressus.
903 2967 1099 3035 Itaque
1148 2982 1278 3019 cum
1319 2982 1519 3019 omnes
1578 2965 2006 3034 egrederentur,
2040 2970 2080 3024 C

317 3061 377 3109 et
405 3053 506 3124 qui
535 3069 756 3107 moram
795 3055 1044 3108 facerent
1077 3054 1498 3123 expellerentur
1543 3053 1723 3120 exire;
1758 3054 1846 3107 vir
1877 3071 2006 3107 san-

317 3148 442 3196 ctus
465 3143 794 3213 postulabat
831 3147 897 3197 ut
954 3142 1005 3196 ei
1028 3143 1181 3196 intus
1235 3141 1574 3196 remanendi
1612 3142 1849 3196 facultas
1875 3159 2008 3196 con-

314 3231 635 3286 cederetur.
688 3231 868 3301 Igitur
897 3232 1165 3285 omnibus
1207 3231 1471 3300 egressis,
1504 3231 1656 3284 solus
1703 3230 1845 3301 ipse,
1878 3247 2009 3302 spe-

317 3335 448 3372 rans
479 3319 540 3372 in
571 3319 963 3374 misericordia
1007 3319 1125 3382 Dei,
1159 3319 1303 3373 inibi
1354 3335 1586 3373 manere
1621 3319 2012 3389 praesumpsit,

316 3413 372 3463 et
400 3423 598 3476 preces
627 3407 891 3478 precibus
929 3408 1302 3475 continuavit,
1353 3412 1408 3461 et
1436 3423 1690 3476 genuum
1743 3407 2015 3462 ﬂexiones

316 3496 549 3550 iteravit
580 3513 592 3551 :
625 3497 684 3551 in
717 3514 829 3568 quo
862 3498 1053 3551 multis
1074 3496 1339 3567 lacrymis
1378 3495 1587 3550 divinas
1643 3512 1702 3550 se
1731 3497 2018 3551 commisit

317 3585 664 3654 clementiae,
717 3590 773 3639 et
831 3585 1084 3639 animam
1145 3601 1306 3638 suam
1364 3585 1531 3639 beato
1602 3585 1860 3640 Michaeli
1910 3589 2018 3641 Ar-

317 3673 598 3743 chaugelo
629 3690 759 3728 cum
781 3675 964 3729 multa
1009 3673 1423 3745 supplicatione
1454 3673 1673 3728 studuit
1711 3691 2015 3729 commen-

320 3763 476 3816 dare.

388 3852 476 3902 29.
511 3849 770 3920 Cumque
819 3848 901 3919 pii
960 3849 1111 3920 regis
1164 3849 1463 3904 incensum
1510 3849 1619 3919 (60)
1686 3850 2017 3904 ascenderet

320 3953 444 3992 ram
468 3937 734 4003 Domino,
769 3939 918 3992 Deus
945 3939 1140 4004 Israel,
1171 3938 1271 4008 qni
1302 3939 1361 3992 in
1387 3938 1608 3992 Sanctis
1635 3937 1752 3992 suis
1794 3954 2019 4010 semper

319 4031 406 4079 est
457 4025 759 4089 mirabilis,
806 4025 1129 4079 mirabilem
1173 4025 1226 4078 ei
1285 4025 1556 4095 dignatus
1585 4032 1670 4078 est
1717 4026 2018 4079 ostendere

318 4113 619 4168 visionem.
662 4112 813 4166 Vidit
859 4113 1014 4166 enim
1051 4114 1386 4181 angelorum
1448 4111 1878 4165 multitudinem
1917 4128 2013 4164 co-

322 4202 566 4273 piosam,
599 4201 854 4255 adinstar
879 4200 1016 4254 solis
1035 4199 1413 4270 splendidam,
1442 4200 1723 4269 templum
1755 4205 2014 4254 sanctum

321 4290 776 4358 ingredientem;
825 4304 892 4342 ex
927 4287 1136 4358 quibus
1167 4287 1280 4340 duo
1331 4286 1646 4358 principale
1703 4288 2016 4342 solenniter

322 4377 685 4434 adornabant
713 4377 911 4430 altare.
943 4374 1158 4430 Deinde
1189 4375 1332 4430 vidit
1380 4375 1520 4429 alias
1549 4375 1859 4430 caelestium
1891 4377 2012 4430 Vir-

324 4471 514 4520 tutum
554 4465 816 4518 cohortes
845 4464 1197 4528 innumeras,
1232 4463 1290 4517 in
1317 4463 1753 4519 similitudinem
1775 4465 2017 4535 fulguris

323 4553 677 4608 coruscantis
715 4553 1019 4623 fulgentes,
1053 4557 1111 4606 et
1141 4552 1303 4622 quasi
1329 4554 1633 4623 primatem
1666 4569 1834 4608 suum
1885 4571 2015 4609 cum

325 4642 511 4714 gloria
543 4641 794 4695 maxima
821 4640 1168 4695 deducentes
1201 4656 1213 4694 :
1248 4657 1352 4695 nec
1393 4641 1632 4696 dubium
1664 4643 1816 4696 hunc
1843 4642 2018 4696 fuisse

323 4731 568 4784 caelestis
614 4729 836 4783 militia:
867 4728 1231 4799 signiferum.
1290 4729 1605 4784 Novissime
1640 4745 1774 4782 vero
1810 4729 2020 4783 meruit

323 4819 518 4874 videre.
550 4819 737 4890 ipsum
770 4818 981 4888 Regem
1013 4817 1348 4888 angelorum
1383 4818 1708 4873 venientem
1755 4834 1883 4872 cum
1912 4834 2017 4889 po-

324 4914 529 4963 testate
559 4923 771 4978 magua
800 4911 858 4962 et
897 4907 1130 4962 virtute.
1166 4908 1229 4960 In
1278 4908 1442 4976 cujus
1475 4907 1752 4978 obsequio
1779 4908 2021 4962 caelestis

323 4997 604 5051 exercitus
625 4995 1089 5063 innumerabilis,
1124 5000 1182 5048 et
1220 4996 1494 5065 splendor
1541 4996 1664 5066 ejus
1717 4995 2016 5066 incompa-

323 5085 517 5138 rabilis
546 5099 560 5137 :
593 5085 756 5153 cujus
804 5083 1018 5138 etenim
1050 5088 1196 5137 nutu
1229 5090 1512 5152 reguntur
1542 5084 1738 5137 omnia
1775 5084 2023 5138 caelestia

325 5178 382 5227 et
441 5173 756 5228 terrestria.
812 5173 1068 5242 Denique
1107 5171 1317 5225 chorus
1349 5187 1510 5224 novae
1566 5171 1922 5226 Hierusalem
1964 5173 2021 5228 in

329 5261 602 5331 praedicta
629 5262 898 5315 collectus
962 5260 1198 5315 basilica
1226 5259 1488 5313 divinum
1533 5260 1848 5314 solenniter
1876 5262 2020 5315 cele-

331 5349 518 5404 bravit
547 5349 909 5421 obsequium.
943 5349 1066 5414 Quo
1097 5347 1330 5403 tandem
1395 5349 1701 5418 completo,
1756 5365 1905 5402 unus
1955 5367 2023 5405 ex

532 5455 804 5537 intellige
835 5455 1183 5537 orationum,
1215 5455 1456 5537 quasad
1511 5455 1691 5537 Deum
1730 5454 2020 5537 fundebat.

401 5529 508 5595 (61)
532 5526 672 5579 Tota
699 5527 824 5579 haec
848 5525 1280 5580 claudicationis
1325 5525 1568 5580 historia
1594 5525 1815 5595 adjecta
1844 5531 1930 5581 est
1960 5541 2024 5581 ex

2112 490 2357 545 maxima
2404 491 2726 546 reverentia
3064 491 3270 546 detulit
3338 508 3631 563 personae;
3705 509 3829 564 quo

2108 580 2270 634 illum
2305 580 2930 634 deosculantezinnnit
2985 581 3210 650 angelo,
3268 586 3330 634 ut
3383 582 3654 635 eumdem
3713 583 3822 635 deo

2108 669 2484 722 osculandum
2513 669 2762 722 deferret
2794 669 3156 739 Imperatori,
3188 670 3245 722 in
3278 671 3648 737 angulo.......
3705 674 3828 724 Au-

2110 758 2237 827 gelo
2279 773 2412 811 vero
2455 758 2622 827 jussu
2671 757 2776 810 sibi
2835 757 3181 827 complente,
3235 757 3540 827 przedictus
3597 757 3824 813 Christi

2107 847 2356 900 famulus
2386 846 2454 900 ad
2489 845 2778 899 insolitam
2826 850 2999 898 tanta:
3030 845 3344 916 majestatis
3375 851 3431 898 et
3460 847 3662 917 gloria:
3737 847 3826 900 vi-

2109 939 2330 990 sionem
2358 935 2530 1005 cmpit
2559 934 2759 988 animo.
2784 950 3105 1004 pavescere,
3151 939 3207 988 et
3237 933 3504 988 omnibus
3534 935 3828 988 membris

2109 1023 2577 1089 contremiscere;
2650 1027 2941 1093 tamquam
3000 1023 3213 1076 diceret
3259 1039 3390 1076 cum
3464 1023 3757 1093 Propheta
3807 1042 3823 1076 :

2111 1112 2426 1166 Contritum
2453 1116 2538 1165 est
2562 1127 2660 1164 cor
2692 1127 2884 1165 meum
2917 1111 2975 1164 in
3018 1111 3210 1165 medio
3263 1111 3396 1173 mei,
3438 1116 3826 1164 contremue-

2109 1206 2246 1254 runt
2275 1200 2470 1254 omnia
2501 1215 2630 1253 ossa
2662 1215 2808 1253 mea.

2180 1291 2267 1344 30.
2322 1291 2451 1342 Haec
2523 1288 2760 1358 angelus
2808 1287 2903 1343 ille
2975 1286 3204 1355 videns;
3279 1287 3532 1342 modeste
3622 1289 3825 1342 femur

2111 1377 2235 1447 ejus
2266 1377 2469 1448 tetigit,
2501 1377 2766 1446 inquiens
2802 1393 2814 1430 :
2851 1378 2930 1431 Ne
2959 1376 3187 1444 timeas,
3217 1375 3394 1430 electa
3449 1375 3565 1441 Dei,
3633 1393 3818 1447 surge

2110 1464 2400 1530 velociter,
2458 1464 2719 1535 {signum
2793 1463 2951 1534 pacis
3013 1463 3291 1518 divinitus
3339 1463 3448 1517 sibi
3509 1465 3825 1517 transmis-

2111 1568 2240 1606 sum
2288 1551 2602 1623 suscipiens
2629 1553 2924 1618 alacriter;
2951 1553 3239 1624 extemplo
3270 1557 3327 1606 et
3373 1552 3564 1606 statim
3618 1552 3820 1607 femur

2111 1642 2236 1711 ejus
2265 1641 2574 1708 emarcuit;
2617 1648 2675 1696 et
2712 1641 2917 1696 exinde
2975 1641 3134 1695 omni
3182 1647 3442 1711 tempore
3497 1642 3630 1696 vitae
3697 1658 3824 1695 suae

2111 1730 2470 1786 claudicavit.
2505 1731 2720 1786 Similis
2771 1746 2876 1800 per
2913 1729 3110 1784 omnia
3135 1735 3372 1784 eventus
3421 1729 3492 1784 de
3521 1729 3694 1784 beato
3725 1732 3822 1784 Ja-

2112 1819 2214 1874 cob
2276 1819 2510 1890 legitur,
2568 1819 2731 1888 cujus
2763 1819 2950 1872 femur
2981 1819 3056 1873 ad
3111 1823 3327 1872 tactum
3370 1817 3560 1888 angeli
3616 1834 3824 1872 secum

2109 1907 2380 1962 luctantis
2409 1908 2705 1962 emarcuit.
2731 1909 2858 1962 Haec
2890 1907 3145 1978 quidem,
3179 1911 3240 1960 ut
3289 1921 3484 1960 verum
3515 1907 3724 1972 fatear,
3760 1907 3825 1961 in

2112 1997 2409 2066 scripturis
2431 2012 2547 2051 non
2597 1996 2813 2058 inveni,
2875 1996 2972 2049 sed
3010 1996 3195 2049 relatu
3225 1995 3513 2049 veracium
3560 2001 3620 2049 et
3646 2011 3825 2049 vene-

2111 2085 2386 2139 rabilium
2433 2085 2713 2150 virorum,
2754 2084 2875 2139 haec
2925 2099 3056 2137 vera
3083 2099 3221 2148 esse,
3255 2084 3316 2138 in
3374 2084 3611 2138 veritate
3642 2100 3820 2138 com-

2112 2174 2258 2244 peri.
2289 2174 2571 2245 Equidem
2601 2179 2931 2245 prtepotens
2970 2172 3357 2228 Cancellarius
3389 2172 3643 2243 episcopi
3677 2173 3825 2226 Her-

2113 2259 2446 2330 bipolensis,
2501 2262 2796 2316 Conradus
2856 2261 3110 2326 nomine,
3187 2261 3288 2331 qui
3350 2261 3825 2330 persecutionem

2114 2365 2313 2421 passus
2343 2354 2427 2404 est
2456 2354 2694 2421 propter
2745 2350 3048 2420 justitiam,
3105 2349 3248 2416 haec,
3301 2365 3440 2420 quas
3459 2349 3609 2403 dicta
3657 2355 3824 2414 sunt,

2115 2455 2174 2492 se
2216 2438 2440 2508 legisse,
2482 2442 2809 2491 constanter
2869 2437 3198 2498 afﬁrmavit.
3231 2442 3286 2491 et
3332 2438 3391 2491 in
3423 2436 3675 2492 Ecclesia
3711 2439 3825 2492 Ba-

2115 2526 2498 2597 benbergensi
2542 2526 2782 2596 positus,
2833 2526 3031 2580 multis
3080 2525 3444 2581 audientibus
3495 2526 3828 2590 enarravit;

2117 2632 2183 2670 ex
2216 2615 2423 2687 quibus
2469 2631 2620 2669 unus
2680 2615 2819 2668 mihi
2876 2615 3194 2680 familiaris,
3256 2621 3313 2669 et
3342 2615 3462 2686 ipse
3521 2615 3695 2685 plane
3737 2616 3831 2668 vir

2117 2704 2423 2772 veridicus,
2460 2703 2604 2757 mihi
2634 2703 2885 2757 ﬁdeliter
2921 2703 3229 2769 intimavit,
3287 2710 3343 2756 et
3370 2705 3593 2757 volente
3627 2719 3722 2757 me
3753 2704 3830 2756 si-

2117 2793 2294 2848 lentio
2341 2792 2722 2863 supprimere,
2769 2793 2978 2846 obnixe
3026 2793 3272 2862 rogavit,
3320 2797 3382 2847 ut
3429 2793 3742 2846 scriberem
3804 2809 3820 2847 :

2117 2881 2350 2934 tandem
2373 2896 2479 2950 ego
2510 2880 2762 2951 petentis
2787 2881 3082 2944 instantia,
3131 2885 3187 2934 et
3240 2881 3542 2934 sedulitate
3573 2896 3827 2934 monen-

2120 2968 2193 3022 tis
2236 2967 2518 3030 inductus,
2579 2968 2830 3022 fideliter
2877 2967 3212 3038 conscripsi,
3269 2975 3552 3039 quatenus
3583 2968 3644 3022 in
3678 2985 3827 3038 pro-

2123 3057 2289 3128 genie
2323 3057 2502 3110 altera
2523 3056 2644 3110 haec
2700 3061 3062 3110 enarrantur.
3109 3057 3332 3110 Mallem
3391 3073 3592 3110 somno
3645 3057 3826 3111 modo

2123 3144 2438 3214 quiescere,
2482 3160 2657 3214 quam
2684 3145 2816 3198 ficta
2843 3145 2930 3198 vel
2952 3144 3156 3198 frivola
3199 3145 3270 3200 de
3299 3144 3515 3200 Sanctis
3548 3145 3649 3199 Dei
3679 3144 3827 3198 scri-

2122 3233 2277 3299 bere,
2312 3233 2634 3301 praesertim
2667 3233 2804 3286 dum
2829 3249 2972 3303 opus
3003 3249 3118 3296 non
3140 3234 3353 3287 habent
3379 3233 3534 3286 falsis
3555 3233 3826 3288 laudibus

2124 3320 2390 3388 exaltari;
2422 3321 2523 3391 qui
2560 3320 2739 3391 signis
2780 3326 2839 3375 et
2895 3321 3174 3392 prodigiis
3230 3337 3490 3376 meruere
3539 3321 3822 3376 decorari.

2124 3413 2254 3466 Hec
2286 3411 2355 3464 de
2384 3415 2502 3464 tam
2561 3409 2810 3481 glorioso
2861 3409 3135 3463 miraculo
3180 3409 3329 3463 dicta
3386 3408 3692 3464 sufﬁciant.
3759 3409 3829 3462 Et

2125 3500 2180 3553 id
2205 3497 2439 3553 evidens
2468 3496 2806 3567 hujussigni
2835 3496 3229 3551 testimonium
3283 3496 3464 3566 ipsius
3517 3497 3578 3551 S.
3644 3496 3826 3551 Hein-

2126 3588 2229 3642 rici
2260 3587 2454 3659 imago
2486 3591 2616 3641 ante
2642 3588 2885 3655 januam
2917 3585 3250 3639 monasterii
3273 3585 3343 3639 ad
3376 3585 3641 3640 dextrum
3673 3585 3828 3638 latus

2124 3693 2300 3749 penes
2319 3677 2560 3730 chorum
2574 3676 2628 3732 S.
2650 3675 2880 3747 Georgii
2909 3691 3004 3730 ex.
3197 3674 3336 3744 pillo
3358 3690 3475 3728 uno
3498 3673 3826 3745 supposito,

2125 3783 2193 3823 ex
2243 3765 2508 3836 opposito
2564 3763 2886 3834 imaginum
2952 3763 3088 3818 Adae
3127 3769 3182 3817 et
3230 3763 3356 3817 Eva;
3402 3763 3602 3817 lucidas
3641 3777 3827 3833 appa-

2127 3859 2213 3909 ret
2235 3855 2363 3924 (61).

2788 3975 3014 4030 CAPUT
3056 3975 3144 4028 IV.

2124 4084 2407 4139 Adventus
2451 4082 2735 4136 Benedicit
2763 4084 2869 4137 PP.
2943 4082 3072 4137 VIII
3128 4083 3186 4134 in
3236 4080 3608 4143 Germaniam,
3648 4082 3835 4132 sancti

2197 4173 2565 4242 peregrinatio
2635 4171 2973 4235 Cluniacum,
3023 4171 3136 4237 ejus
3165 4184 3266 4238 pro
3324 4168 3570 4221 Ecclesia
3626 4171 3677 4220 et
3721 4170 3829 4220 im-

2049 4245 2091 4298 ί)
2195 4262 2346 4329 peric
2387 4263 2557 4327 gesta,
2641 4257 2997 4324 felicissimus
3052 4257 3230 4312 obitus
3259 4262 3309 4310 et
3356 4255 3421 4310 de
3458 4255 3636 4309 eodem
3683 4257 3832 4308 mira

2193 4362 2350 4401 υιειο.

2199 4472 2287 4525 31.
2321 4469 2456 4524 Inde
2471 4469 2581 4524 iter
2603 4469 2815 4524 faciens
2839 4470 3078 4524 Romam
3104 4468 3385 4538 pervenit,
3405 4466 3504 4521 ubi
3531 4483 3565 4520 a
3599 4466 3832 4522 Benedi-

2127 4564 2217 4614 cto
2240 4560 2390 4628 Papa
2414 4557 2662 4628 benigne
2689 4556 3094 4612 et’honoriﬁce
3115 4561 3430 4625 susceptus,
3451 4561 3694 4626 quantas
3726 4556 3832 4610 mi-

2127 4647 2444 4702 serationes
2473 4651 2529 4700 et
2558 4647 2805 4715 benigne
2839 4661 2943 4715 per
2972 4644 3027 4698 S.
3061 4642 3432 4698 Benedictum
3467 4642 3517 4697 ei
3551 4643 3832 4697 Dominus

2127 4733 2457 4798 contulerit,
2492 4731 2781 4786 indicavit.
2846 4730 3184 4785 Benedictus
3231 4747 3364 4784 vero
3420 4731 3572 4801 Papa
3612 4731 3833 4800 gratias

2129 4821 2250 4891 egit
2297 4823 2410 4875 Deo
2455 4837 2560 4889 pro
2591 4821 2858 4874 omnibus
2897 4818 3189 4874 beneficiis
3218 4819 3356 4884 suis,
3405 4822 3464 4872 et
3510 4834 3613 4887 pro
3645 4819 3833 4872 salute

2135 4909 2322 4979 Regis,
2347 4915 2404 4962 et
2441 4909 2618 4962 totius
2679 4907 2880 4978 populi
2927 4906 3205 4961 Catholici
3236 4905 3445 4960 obtulit
3480 4905 3829 4961 sacriﬁcium

2131 4998 2331 5052 laudis.
2381 4997 2589 5051 Eodem
2621 5002 2901 5066 tempore,
2936 4995 3083 5050 sicut
3111 5012 3287 5066 supra
3317 4995 3530 5049 dictum
3554 5000 3658 5060 est,
3712 4995 3832 5050 Rex

2132 5091 2362 5139 sanctus
2430 5085 2957 5154 Babeubergensem
3035 5083 3278 5138 fundum
3351 5097 3482 5136 cum
3558 5082 3834 5137 omnibus

2130 5173 2497 5244 pertinentiis
2526 5173 2644 5226 suis
2662 5172 2830 5228 beato
2869 5173 3035 5226 Petro
3095 5170 3464 5234 contradidit,
3495 5176 3551 5224 et
3577 5173 3835 5241 Aposto-

2133 5263 2239 5316 lico
2270 5261 2505 5315 Prmsuli
2535 5278 2602 5316 ex
2643 5266 2778 5314 tunc
2811 5267 2868 5314 et
2894 5275 3122 5329 semper
3177 5258 3606 5314 defendendum
3663 5275 3837 5312 com-

2134 5349 2440 5414 mendavit,
2473 5355 2530 5404 et
2559 5350 2619 5404 in
2647 5348 3259 5404 commemorationem
3304 5347 3476 5417 hujus
3525 5347 3834 5416 pactionis,

2136 5456 2288 5510 notis
2320 5457 2588 5520 Gretseri,
2629 5456 2726 5510 ubi
2792 5460 2847 5509 et
2883 5454 3003 5525 ipse
3051 5454 3161 5507 alia
3201 5453 3485 5524 adjungit,
3518 5453 3588 5506 de
3620 5453 3838 5523 quibus

2138 5527 2271 5581 satis
2287 5527 2538 5582 diximus
2569 5527 2629 5581 in
2662 5525 3108 5581 Commentario.
