4058 6216
243 323 363 374 1'25
1240 368 1241 373 η
1940 321 2132 377 ACTA.
3697 322 3791 373 ηδ

224 442 496 515 singulis
526 444 692 500 anuis
732 446 931 502 album
965 447 1388 503 ambulatorem
1415 450 1527 517 (6'2)
1562 464 1691 502 cum
1724 447 1975 520 phaleris
2006 448 2053 501 Α
2092 446 2270 518 lisper
2312 447 2550 516 digressi
2582 464 2799 516 sumus,
2832 450 3141 518 postquam
3173 446 3260 500 vir
3306 451 3533 502 sanctus
3586 450 3786 505 Romae

231 533 517 587 Romano
543 535 782 588 Praesuli
810 535 938 590 dari
968 536 1276 590 constituit.
1319 538 1431 589 Hoc
1465 553 1699 607 quoque
1730 536 1965 591 humili-
2084 538 2321 606 positus,
2346 537 2560 603 omnia,
2594 554 2722 608 qua:
2746 537 2994 606 petebat,
3020 554 3053 590 a
3105 535 3351 590 Domino
3386 538 3537 606 Papa
3586 538 3777 607 impe-

232 625 367 673 tate
399 628 456 674 et
488 622 800 677 devotione
827 626 981 693 apud
1015 625 1315 679 Dominum
1348 626 1561 695 Papam
1595 624 1867 692 obtinuit,
1908 629 1972 677 ut
2080 626 2271 684 travit.
2326 627 2694 680 continuatus
2746 626 3071 696 Apostolica
3130 624 3546 687 benedictione,
3608 627 3783 696 Alpes

232 710 315 762 ad
378 711 786 765 Alemanniam
849 713 1160 778 accederet,
1216 718 1272 766 et.
1316 714 1655 784 Babenberg
1702 713 1971 787 fundum,
2084 714 2416 783 Apenninas
2447 714 2818 778 transcendit,
2851 724 2908 768 et
2940 714 3172 767 dimisso
3205 714 3459 768 exercitu
3484 716 3541 768 in
3568 719 3784 769 terram

238 814 470 852 novam
532 801 952 870 plantationeni
996 802 1263 855 visitaret.
1308 801 1475 865 Quod
1537 807 1594 854 et
1630 800 1711 853 ita
1756 801 1971 854 factum
2087 818 2269 869 suam,
2316 804 2649 856 Cluniacum
2683 804 2818 872 (64),
2844 819 2910 855 eo
2936 803 3088 873 quod
3150 804 3330 857 multa
3388 804 3458 858 de
3504 804 3788 874 religione

237 896 359 939 est.
391 889 537 942 Nam
596 889 656 942 in
708 891 971 960 proximo
1020 891 1196 959 Aprili
1247 890 1650 943 Alemanniam
1715 889 1973 955 intravit,
2088 896 2145 944 et
2173 894 2320 945 statu
2351 892 2483 945 locis
2502 892 2655 945 illius
2678 892 2921 953 audiret,
2950 891 3227 944 orationis
3244 908 3414 945 causa
3433 908 3564 946 cum
3590 892 3787 962 paucis

240 976 655 1048 omnibusque
711 978 1036 1031 civitatibus
1088 979 1236 1031 illius
1298 978 1557 1047 regionis
1633 978 1974 1048 peragratis,
2088 979 2467 1034 familiaribus
2495 980 2764 1050 perrexit.
2822 980 2922 1034 Ubi
2946 996 3077 1033 cum
3126 980 3375 1050 plurima
3430 980 3598 1049 signa
3656 978 3785 1032 reli-

240 1068 555 1133 tempore,
606 1082 721 1135 quo
778 1067 1122 1131 condixerat,
1186 1067 1525 1136 Babenberg
1572 1068 1759 1121 locum
1816 1066 1977 1119 adire
2092 1069 2278 1138 gionis
2326 1074 2381 1123 et
2453 1068 2767 1123 sanctitatis
2823 1059 3081 1133 vidisset,
3126 1069 3303 1121 sancti
3359 1068 3603 1138 Spiritus
3649 1067 3785 1136 igne

242 1152 576 1222 disposuit.
632 1154 797 1208 Venit
847 1171 983 1225 ergo
1022 1173 1049 1205 ν
1104 1156 1242 1209 feria
1297 1156 1527 1225 Majoris
1569 1156 1976 1224 Hebdomades,
2092 1173 2416 1222 succensus,
2475 1173 2745 1212 coronam
2801 1172 3033 1210 auream
3066 1156 3491 1225 pretiosissimis
3540 1155 3786 1225 gemmis

244 1240 409 1293 hora
432 1249 613 1310 sexta,
647 1243 824 1297 sacris
857 1245 1282 1299 Pontificalibus
1323 1244 1687 1298 vestimentis
1716 1243 1975 1311 indutus,
2093 1245 2452 1310 adornatam,
2514 1246 2580 1298 ad
2636 1244 2884 1310 Missam,
2929 1261 3057 1315 quin
3128 1245 3196 1297 de
3264 1244 3533 1298 cathedra
3595 1242 3778 1296 sancti

245 1329 413 1383 sicut
454 1332 583 1400 jam
626 1332 698 1385 ad
745 1334 1070 1403 peragenda
1121 1334 1393 1401 mysteria
1450 1334 1572 1397 Dei,
1631 1349 1694 1385 ac
1744 1334 1979 1387 solenne
2093 1334 2243 1388 Petri
2275 1334 2691 1396 celebrabatur,
2734 1332 2961 1397 obtulit,
3003 1336 3059 1385 et
3111 1333 3531 1385 fraternitatem
3576 1346 3777 1384 mona-

246 1417 425 1471 illius
478 1420 597 1473 diei
640 1421 894 1475 officium
936 1438 1299 1491 processurus
1344 1429 1516 1476 erat:
1562 1427 1616 1475 et
1672 1423 1983 1493 suscipitur
2094 1423 2329 1476 chorum
2364 1422 2703 1490 suscipiens,
2735 1436 2865 1474 cum
2896 1420 3143 1473 maxima
3188 1420 3514 1473 humilitate
3556 1423 3611 1472 et
3656 1433 3791 1473 cou-

246 1506 691 1575 gloriosissime
731 1510 802 1562 ab
866 1512 1233 1580 Imperatore,
1294 1516 1466 1581 atque
1518 1509 1825 1577 universis,
1877 1512 1977 1582 qui
2094 1511 2321 1564 tritione
2360 1510 2568 1575 cordis,
2603 1508 2960 1562 orationibus
2987 1523 3188 1561 eorum
3244 1524 3302 1560 se
3339 1506 3784 1569 commendavit,

244 1595 536 1659 aderant,
598 1597 979 1667 Principibus,
1048 1599 1323 1670 omnique
1374 1600 1546 1663 clero,
1611 1605 1667 1652 et
1740 1601 1978 1670 populo,
2096 1604 2153 1652 et
2184 1599 2241 1652 in
2273 1598 2741 1668 supplementum
2766 1596 3211 1649 necessariarum
3246 1610 3461 1656 rerum,
3492 1594 3547 1647 in
3578 1592 3789 1647 Alsatia

247 1682 671 1737 inaestimabili
700 1686 1122 1739 exultatationis
1152 1687 1425 1756 tripudio.
2028 1726 2066 1779 Β
2097 1686 2316 1756 optima
2346 1685 2560 1757 praedia
2578 1685 2761 1738 eidem
2794 1683 3222 1754 congregationi
3243 1681 3612 1736 contradidit.
3650 1681 3787 1734 Inde

2095 1775 2203 1830 iter
2232 1775 2443 1830 faciens
2467 1789 2567 1843 per
2603 1773 2876 1827 Leodium
2910 1772 3270 1826 et'l‘reverim
3299 1771 3600 1824 transitum
3634 1769 3787 1833 fecit,

2095 1870 2149 1918 et
2181 1861 2657 1933 congregationes
2683 1862 2758 1915 ibi
2791 1863 2904 1915 Deo
2934 1861 3277 1915 famulantes
3304 1860 3572 1929 plurimis
3611 1857 3781 1929 largi-

2098 1953 2354 2008 tionibus
2376 1954 2432 2004 et
2466 1949 2695 2019 prazdiis
2723 1950 2944 2004 ditavit.
3760 1938 3763 1941 λ

332 1791 433 1842 3'2.
495 1791 567 1843 Ut
620 1795 816 1843 autem
866 1790 923 1844 in
981 1791 1230 1846 adventu
1287 1797 1405 1845 tam
1451 1791 1687 1856 insoliti,
1751 1797 1986 1864 tamque

250 1878 529 1947 exoptati
562 1878 810 1949 hospitis
845 1880 955 1932 Deo
986 1885 1184 1933 nostro
1214 1880 1464 1949 jucunda
1504 1881 1825 1951 decoraque
1861 1883 1987 1934 lau-

252 1966 429 2018 datio
461 1966 859 2035 exhiberetur,
900 1968 1378 2038 prudentissimus
1400 1956 1601 2039 regum
1632 1975 1880 2039 quatuor
1925 1969 1986 2023 in

252 2070 581 2109 occursum
608 2056 733 2127 ejus
760 2056 962 2110 choros
996 2058 1359 2127 psallentium
1395 2058 1665 2111 decenter
1700 2058 1990 2112 ordinavit

259 2142 540 2196 Primum
565 2144 624 2198 in
676 2146 933 2199 fluminis
990 2147 1137 2216 ripa,
1171 2148 1368 2213 alium,
1417 2146 1475 2200 in
1533 2147 1804 2211 citeriori,
1870 2152 1987 2201 ter-

257 2231 449 2299 tium,
483 2238 621 2286 ante
646 2240 869 2303 portam
902 2235 1147 2290 civitatis
1180 2252 1192 2290 :
1223 2241 1510 2306 quartum,
1548 2237 1609 2289 in
1642 2237 1785 2289 atrio
1812 2240 1988 2290 eccle-

254 2321 407 2386 sias;
442 2322 542 2375 ubi
575 2324 801 2391 primus
831 2325 1093 2378 omnium
1129 2326 1242 2379 Rex
1278 2325 1414 2395 ipse,
1450 2326 1582 2379 data
1622 2342 1814 2379 manu.
1882 2328 1991 2379 Pa—

256 2425 397 2461 sam
445 2408 509 2462 in
561 2411 801 2464 domum
859 2413 1092 2465 Domini
1144 2414 1531 2479 introducens,
1594 2413 1803 2467 divinis
1856 2414 1991 2466 hinc

260 2497 431 2551 unde
474 2499 707 2567 hymnis
738 2516 953 2553 canora
984 2501 1262 2555 suavitate
1309 2504 1735 2567 resonantibus,
1778 2502 1834 2556 in
1869 2501 1990 2572 epi-

256 2585 498 2653 scopali
520 2586 797 2640 cathedra
828 2587 1057 2641 locavit.
1102 2588 1366 2641 Debitum
1396 2590 1566 2658 hujus
1594 2588 1992 2641 sacratissimae

257 2672 389 2725 diei
413 2672 675 2726 efficium
703 2691 835 2728 cum
855 2675 1143 2728 duodenis
1194 2677 1486 2747 Episc0pis
1519 2677 1992 2747 cooperatoribus

253 2763 644 2831 Apostolicus
667 2764 933 2817 Pontifex
962 2762 1227 2817 similiter
1254 2769 1309 2818 et
1339 2766 1586 2818 aliorum
1619 2765 1842 2819 dierum
1904 2782 1992 2817 se-

257 2851 585 2919 quentium
617 2868 845 2905 summa
876 2851 1176 2905 devotione
1204 2854 1528 2907 celebravit.
1560 2856 1624 2906 In
1657 2860 1849 2907 sancta
1885 2871 1988 2906 au-
2106 2849 2425 2915 nationum,
2458 2851 2761 2921 Apostolus
2787 2852 2852 2905 fit
2875 2853 3252 2921 Ungarorum.
3279 2850 3417 2904 Cum
3454 2848 3607 2901 enim
3666 2864 3797 2901 om-

256 2944 385 2991 tem
472 2939 770 2992 Dominica
812 2940 1045 2993 Pascbze
1101 2956 1229 2994 cum
1294 2940 1353 2994 in
1414 2941 1747 2995 matutinali
1805 2941 1995 2996 officio
2107 2952 2205 2989 nes
2233 2936 2417 2989 adhuc
2466 2936 2726 2991 infideles
2780 2941 2988 3004 essent,
3028 2935 3302 2991 Henricus
3361 2936 3678 3004 Imperator
3728 2932 3799 2986 ad

258 3028 671 3098 Aquileiensis
718 3028 1046 3082 Patriarcha
1084 3029 1386 3084 lectionem
1450 3032 1725 3100 primam,
1787 3029 1994 3084 Arclii-
2028 3006 2067 3059 Ο
2110 3023 2244 3077 fidei
2277 3024 2717 3079 confesssionem
2774 3026 2899 3080 illos
2947 3024 3194 3079 attraxit.
3242 3024 3404 3088 Quod
3453 3027 3514 3075 ut
3577 3022 3802 3075 facilius

259 3117 589 3188 episcopos
619 3122 814 3170 autem
852 3118 1152 3171 Ravennas
1182 3118 1525 3183 secundam;
1554 3119 1824 3189 ipseque-
1849 3122 1998 3189 Apo-
2108 3113 2288 3175 ﬁeret,
2325 3129 2575 3168 sororem
2606 3130 2767 3168 suam
2815 3114 3057 3169 Giselam
3108 3113 3399 3182 Stephano
3431 3110 3568 3180 Regi
3604 3110 3801 3163 matri—

263 3205 519 3258 stolicus
561 3205 830 3258 recitaret
859 3203 1133 3258 tertiam:
1192 3206 1347 3258 omni
1401 3207 1657 3277 denique
1690 3214 1901 3261 ornatu
1945 3210 2000 3259 et
2111 3201 2305 3254 monia
2351 3202 2657 3272 copulavit,
2718 3203 3031 3256 secundum
3070 3201 3409 3270 Apostolum
3467 3200 3798 3253 dicentem:

267 3292 578 3363 elegantia
654 3293 1044 3363 processionis
1108 3294 1362 3347 solennia
1425 3301 1758 3363 agerentur,
1821 3294 2000 3349 veluti
2108 3289 2503 3344 Sanctificatur
2534 3292 2615 3345 vir
2663 3290 2912 3345 infidelis
2944 3307 3045 3361 per
3099 3290 3401 3344 mulierem
3447 3288 3713 3355 fidelem;
3747 3291 3803 3340 et

266 3381 588 3435 condecuit
620 3381 1009 3451 Apostolicam
1051 3380 1408 3451 dignitatem,
1446 3384 1814 3452 lmperialem
1871 3400 2001 3437 ma—
2111 3378 2493 3432 sanctificatur
2545 3380 2754 3434 mulier
2807 3380 3058 3434 infidelis
3132 3394 3233 3449 per
3293 3378 3479 3431 virum
3548 3377 3798 3431 fidelem.

268 3470 686 3541 gnificentiam
732 3470 791 3523 in
824 3469 1169 3523 solennitate
1216 3470 1650 3537 solennitatum,
1695 3471 1828 3540 quis
1882 3488 2001 3526 non
2110 3466 2397 3537 Stephano
2432 3468 2624 3538 itaque
2656 3469 2806 3538 Rege
2835 3467 3123 3538 baptizata
3148 3466 3285 3537 (65),
3336 3467 3604 3521 universa
3652 3466 3799 3520 Pan-

261 3560 504 3629 judicet
542 3564 659 3612 tam
693 3558 1041 3628 religiosam,
1070 3557 1393 3626 nostrisque
1426 3557 1760 3612 inusitatam
1816 3561 1878 3613 in
1919 3577 2003 3613 re-
2113 3555 2287 3609 nonia
2315 3556 2549 3610 verbum
2582 3557 2709 3611 vita:
2738 3558 3004 3628 suscepit,
3029 3562 3084 3610 et
3108 3558 3253 3611 mira
3303 3572 3495 3610 rerum
3552 3556 3805 3609 novitate

272 3647 563 3718 gionibus
592 3647 1009 3712 celebritatem,
1037 3644 1240 3698 merito
1268 3645 1326 3698 in
1350 3645 1555 3699 notitia
1596 3646 1861 3701 omnium
1898 3650 2002 3702 Ba-
2113 3660 2215 3714 per
2244 3645 2425 3713 Reges
2448 3645 2732 3714 apostolos
2796 3650 3005 3698 sanctae
3049 3644 3355 3699 Catholicae
3397 3644 3655 3699 Ecclesiae
3715 3645 3801 3697 in-

272 3736 707 3805 benbergensis
759 3734 1043 3788 eccelesias
1085 3734 1335 3786 filiorum
1368 3740 1650 3804 perpetuo
1685 3736 1907 3805 haberi,
1950 3741 2005 3789 et
2113 3737 2413 3801 corporata
2443 3737 2543 3785 est.
2577 3733 2757 3796 Quam
2814 3733 3088 3803 praeclara
3131 3732 3276 3787 tanti
3322 3734 3676 3803 apostolatus
3719 3749 3804 3785 so-

2170 2061 2254 2113 34.
2296 2059 2359 2111 Et
2395 2057 2604 2109 mirum
2661 2057 2813 2127 quod
2858 2057 3031 2110 homo
3063 2055 3185 2123 Dei,
3243 2054 3343 2126 qui
3400 2054 3550 2108 circa
3607 2053 3788 2107 eccle-

2098 2147 2351 2201 siasticas
2404 2145 2671 2199 utilitates
2720 2151 2879 2200 tanto
2936 2146 3124 2199 studio
3175 2145 3245 2199 ob
3286 2146 3527 2198 salutem
3578 2143 3790 2196 animas

2099 2254 2218 2289 suae
2256 2234 2555 2305 flagrabat,
2580 2234 2635 2286 in
2659 2235 2815 2288 nullo
2839 2234 3155 2304 profectum
3193 2234 3358 2303 regni
3414 2233 3742 2302 negligebat
3777 2249 3789 2286 :

2101 2324 2239 2396 quin
2272 2323 2389 2376 imo
2407 2323 2528 2376 sine
2558 2322 2837 2376 effusione
2860 2323 3177 2392 sanguinis,
3211 2322 3421 2391 pietate
3445 2326 3502 2374 et
3555 2320 3779 2390 sapien-

2100 2413 2178 2466 tia
2204 2410 2481 2465 terminos
2504 2410 2666 2482 regni
2695 2412 2782 2465 sui
2820 2412 3093 2479 dilatavit,
3127 2416 3181 2464 et
3205 2410 3565 2480 im‘perialem
3609 2410 3793 2478 digni-

2102 2505 2277 2554 tatem
2310 2499 2490 2569 gloria
2519 2503 2575 2552 et
2604 2500 2818 2553 honore
2859 2498 3225 2569 amplificavit
3268 2504 3325 2552 et
3375 2498 3614 2552 ornavit.
3664 2497 3794 2551 Boe-

2104 2590 2278 2642 miam
2311 2588 2442 2640 vicit
2469 2591 2523 2640 et
2545 2587 2903 2657 subjugavit:
2941 2586 3328 2657 Burgundiam
3361 2587 3419 2639 in
3441 2585 3795 2639 deditionem

2105 2673 2320 2744 recepit
2354 2691 2366 2727 :
2402 2676 2756 2729 Pannoniam
2781 2691 3011 2747 quoque
3035 2675 3336 2729 Catholicae
3389 2674 3543 2738 fidei,
3581 2678 3637 2726 et
3681 2674 3793 2727 Ro-

2107 2778 2276 2815 mano
2336 2764 2587 2832 Imperio
2640 2763 3020 2817 coadunavit:
3071 2763 3248 2816 victor
3307 2768 3501 2815 autem
3551 2761 3795 2813 aliarum

279 3824 634 3879 memoriale
671 3824 796 3893 ejus
846 3823 906 3877 in
955 3822 1228 3875 saeculum
1278 3838 1395 3874 non
1462 3822 1831 3894 derelinqui?
1888 3826 2004 3880 Sub

278 3912 515 3966 eisdem
552 3912 755 3966 diebus
795 3910 1090 3965 basilicam
1120 3910 1178 3962 in
1211 3911 1426 3963 honore
1476 3910 1529 3964 S.
1588 3911 1865 3981 Stephani
1889 3915 2002 3983 (63)

280 4017 386 4053 vin
413 3999 654 4053 Kalend.
699 3998 831 4053 Maii
866 3998 1021 4051 idem
1064 3997 1407 4050 venerabilis
1443 3999 1594 4067 Papa
1641 4016 2000 4068 consecrans,

285 4085 564 4155 pretiosis
605 4087 963 4152 muneribus,
990 4102 1119 4155 quas
1151 4085 1337 4138 adhuc
1362 4084 1440 4137 ibi
1480 4094 1798 4152 servantur,
1833 4090 2003 4143 ador-

290 4174 501 4227 navit:
561 4175 663 4228 ubi
720 4174 870 4229 inter
902 4174 1199 4227 Missurum
1253 4173 1537 4241 solennia,
1595 4178 2002 4245 cooperationo

293 4278 443 4316 Lxxn
478 4263 914 4333 Episcoporum,
957 4268 1014 4316 et
1046 4261 1306 4315 unanimi
1336 4278 1616 4315 consensu
1649 4264 2002 4336 Principum,
2042 4292 2083 4344 Β

292 4349 704 4420 episcopatum
759 4352 831 4404 ab
882 4350 1043 4404 omni
1090 4349 1350 4404 saeculari
1402 4355 1681 4420 potestate
1763 4353 2007 4407 liberum

296 4456 426 4493 esse
460 4440 780 4504 constituit,
816 4446 874 4494 et
915 4444 1137 4508 cuncta,
1185 4457 1315 4511 quae
1370 4441 1687 4511 pontificali
1746 4444 2011 4515 dignitati

298 4533 358 4581 et
390 4528 634 4582 utilitati
669 4535 1075 4598 congruerent,
1114 4530 1433 4598 prazsentias
1489 4547 1607 4582 suae
1661 4532 2011 4599 auctoritate,

301 4621 365 4670 et
415 4617 714 4687 privilegii
792 4616 881 4670 sui
940 4618 1323 4683 attestatione,
1372 4618 1663 4686 bannique
1738 4620 2012 4673 firmitate

301 4704 621 4758 roboravit.
706 4706 880 4775 Cujus
949 4705 1234 4775 privilegii
1288 4706 1646 4759 confirmatio
1710 4709 1834 4760 talis
1888 4715 2009 4763 est:

298 4793 486 4860 primo
514 4793 625 4846 loco
660 4795 717 4846 in
757 4793 1058 4862 appendice
1087 4794 1426 4863 reperienda.

376 4901 469 4953 33.
507 4900 574 4952 Ut
617 4905 812 4953 autem
857 4899 930 4952 ad
977 4899 1275 4968 superiora
1332 4900 1633 4953 redeamus
1678 4901 1830 4955 unde
1873 4918 2013 4972 pau-

374 5077 493 5143 (62)
522 5076 740 5144 Nempe
765 5090 981 5144 equum
1002 5073 1218 5137 album,
1238 5074 1306 5126 de
1337 5090 1453 5143 quo
1473 5075 1638 5142 plura
1655 5075 2011 5129 Hofmannus

300 5146 357 5199 in
394 5146 739 5209 Annalibus,
781 5152 992 5197 notans
1024 5144 1195 5197 etiam
1237 5144 1527 5197 addendas
1584 5146 1759 5200 fuisse
1816 5154 2008 5199 cente-

301 5234 406 5270 nas
442 5232 665 5269 marcas
721 5215 982 5283 argenti;
1024 5214 1120 5267 sed
1168 5230 1295 5267 eam
1355 5215 1688 5282 pensionem
1734 5235 1767 5268 a
1824 5219 2009 5271 Leone

302 5290 412 5341 PP.
478 5287 545 5341 IX
602 5302 705 5356 per
758 5285 1289 5339 communationem
1359 5285 1677 5356 remissam.
1750 5287 1808 5340 In
1872 5294 2010 5341 tem-

304 5373 447 5426 pore
503 5353 788 5410 adventus
842 5358 1009 5426 Papae
1042 5356 1103 5409 in
1152 5353 1539 5422 Germaniam,
1584 5356 1768 5409 .solita
1816 5359 2010 5411 alluci-

305 5429 483 5481 natio.

377 5500 490 5567 (63)
523 5498 696 5552 Recte
728 5495 823 5549 hic
860 5499 1198 5567 Anonymus
1245 5500 1443 5548 contra
1464 5495 1730 5567 ALeonem
1791 5499 2008 5551 Ustien-

306 5564 453 5633 sem,
470 5568 575 5637 qui
602 5568 760 5621 velut
781 5566 1062 5635 templum
1081 5565 1139 5618 in
1161 5566 1442 5618 honorem
1458 5564 1509 5618 S.
1537 5566 1760 5634 Georgii
1782 5584 1813 5619 a
1838 5570 2006 5622 Bene-

2114 3820 2311 3886 cietas;
2348 3835 2522 3889 quam
2574 3820 2811 3874 colenda
2864 3826 2919 3873 et
2948 3822 3272 3874 veneranda
3330 3820 3629 3888 utriusque
3682 3835 3807 3872 san-

2115 3907 2299 3973 ctitas,
2330 3922 2434 3977 per
2467 3924 2609 3979 quos
2636 3913 2721 3961 tot
2751 3907 3020 3962 salvatiet
3073 3908 3408 3962 sanctiﬁcati
3464 3912 3613 3960 sunt.
3649 3909 3803 3960 Pras-

2116 3995 2263 4049 fatus
2294 3999 2482 4049 autem
2516 3998 2628 4051 Rex
2662 3998 3043 4068 Ungarorum,
3078 3996 3378 4066 religiosus
3426 3996 3657 4066 Deoque
3703 3993 3806 4047 de-

2118 4089 2301 4151 votus,
2381 4091 2582 4155 postea
2655 4086 2714 4139 in
2792 4085 3126 4140 executione
3211 4084 3498 4139 bonorum
3562 4097 3802 4153 operum

2119 4175 2461 4242 permansit;
2522 4176 2675 4247 quod
2724 4174 2916 4229 divina
2980 4175 3161 4243 pietas
3213 4178 3340 4244 post
3404 4177 3645 4226 mortem
3686 4171 3808 4241 ejus

2124 4265 2481 4323 evidentibus
2535 4264 2760 4318 indiciis
2805 4263 2878 4316 ad
2934 4264 3260 4332 sepulcrum
3298 4261 3456 4317 factis
3504 4261 3800 4331 signorum

2130 4356 2416 4411 miraculis
2441 4352 2873 4407 demonstravit.

2197 4465 2283 4517 35.
2340 4460 2803 4530 Burgundiorum
2842 4474 3074 4528 quoque
3125 4474 3241 4511 non
3299 4458 3553 4511 humana
3592 4456 3687 4510 sed
3726 4454 3812 4509 di-

2125 4550 2255 4603 vina
2307 4549 2413 4603 fuit
2462 4548 2713 4613 victoria,
2776 4547 2875 4618 qui
2946 4563 3075 4600 cum
3121 4546 3296 4600 armis
3354 4546 3621 4600 omnibus
3678 4543 3812 4598 belli

2124 4638 2303 4708 copiis
2334 4644 2522 4690 essent
2549 4637 2829 4699 instructi,
2867 4634 2969 4687 viri
2995 4636 3065 4689 ad
3090 4634 3240 4688 bella
3271 4634 3606 4699 doctissimi,
3635 4631 3810 4687 armis

2124 4725 2340 4794 positis,
2378 4722 2785 4776 non‘hominis
2819 4726 2993 4787 metu,
3037 4721 3136 4774 sed
3190 4720 3289 4774 Dei
3321 4725 3484 4787 nutu,
3548 4725 3812 4791 rogantes

2123 4830 2207 4879 ea,
2240 4829 2369 4884 quae
2420 4812 2575 4883 pacis
2617 4817 2770 4875 sunt,
2809 4810 3035 4865 dextras
3062 4810 3365 4864 dederunt.
3429 4810 3807 4873 Quemadmo-

2121 4901 2257 4955 dum
2287 4901 2357 4954 ad
2396 4899 2734 4953 celebranda
2770 4898 2923 4952 beati
2970 4898 3192 4953 Martini
3237 4897 3577 4951 confessoris
3610 4898 3812 4950 merita

2121 5077 2269 5131 dicto
2298 5079 2447 5147 Papa
2478 5080 2888 5137 consecratum,
2921 5093 3049 5131 cum
3098 5076 3166 5147 id
3209 5076 3432 5147 pridem
3487 5075 3812 5130 dedicatum

2123 5154 2289 5211 esset,
2318 5145 2469 5201 lli—8X
2504 5148 2916 5201 commentario
2952 5146 3178 5216 plenius
3219 5145 3523 5215 intelliges.

2192 5219 2300 5285 (64)
2333 5218 2663 5271 Cluniacum
2694 5217 3000 5288 aliquanto
3030 5217 3197 5270 ivisse
3235 5217 3290 5271 S.
3346 5218 3633 5271 Henricum
3690 5234 3806 5272 non

2120 5289 2380 5341 videatur
2401 5288 2598 5357 negari
2631 5304 2815 5356 posse,
2847 5289 2946 5341 sed
2979 5303 3151 5356 quam
3177 5302 3382 5357 parum
3421 5294 3552 5356 apte
3583 5293 3639 5341 et
3686 5289 3807 5343 haec

2121 5364 2177 5411 et
2204 5359 2315 5438 alia
2343 5359 2685 5438 disposuerit
2712 5358 2956 5438 scriptor
2976 5364 3187 5423 noster,
3218 5358 3352 5438 satis
3378 5359 3517 5413 alibi
3538 5358 3809 5427 diximus,

2119 5435 2180 5482 ut
2206 5430 2369 5496 plura
2392 5428 2483 5483 hic
2511 5428 2863 5482 observanda
2889 5444 3005 5481 non
3037 5428 3353 5496 supersint.

2192 5498 2298 5569 (65)
2334 5500 2457 5554 Hinc
2484 5500 2656 5552 etiam
2698 5498 2765 5552 ad
2822 5499 3190 5553 commodum
3221 5514 3451 5553 sensum
3497 5498 3554 5552 in
3625 5499 3800 5552 Com-

2119 5571 2399 5623 mentario
2434 5571 2668 5623 reducta
2684 5572 2835 5622 sunt.
3209 5575 3213 5579 ”
