4012 6204
257 304 353 355 I27
1550 300 1604 353 S.
1653 295 1939 352 HENRICI
1978 298 2446 354 IMPERATOBIS

3658 300 3759 353 128

260 423 539 480 Dominus
563 422 865 493 pacificum
890 420 1024 477 belli
1052 419 1212 476 dedit
1250 419 1465 475 exitum
1498 435 1510 474 :
1566 418 1646 473 ita
1702 423 1759 472 et
1793 435 1946 473 nunc
1984 422 2028 474 A
2058 435 2161 491 per
2189 420 2514 491 corporales
2546 416 3250 490 exprimunturimagines
3277 433 3291 471 :
3322 434 3568 489 cumque
3600 417 3761 473 aliud

261 514 406 569 servi
428 513 515 567 sui
547 512 766 567 meritis
810 511 1164 565 consimilem
1196 509 1462 563 virtutem
1516 508 1815 562 ostendere
1873 508 1953 562 di-

257 607 465 674 gnatus
503 606 607 656 est.
640 601 897 655 Similem
920 598 1237 670 ergoillum
1288 597 1421 652 fecit
1458 596 1659 668 gloria).
1716 597 1949 651 Sancto-

261 708 407 745 rum.
449 691 514 745 Et
563 690 711 743 sicut
756 689 973 758 Moyses
1023 686 1286 757 precibus
1318 685 1503 755 magis
1552 702 1725 757 quam
1776 685 1951 738 armis

253 778 649 849 triumphavit,
695 778 775 830 ita
822 776 1264 847 gloriosissimus
1322 774 1594 843 Princeps
1630 790 1735 844 per
1790 789 1951 827 arma

251 867 492 938 justitias
510 866 704 920 omnia
731 866 875 919 bella
895 864 1135 919 feliciter
1155 862 1594 927 consummavit,
1618 878 1683 916 ac
1712 861 1949 915 minime

254 954 538 1008 funestam
595 958 649 1007 et
704 954 1065 1007 incruentam
1107 950 1402 1006 victoriam
1453 967 1679 1022 semper
1724 951 1944 1006 habuit.

261 1042 518 1111 Denique
547 1040 953 1094 consummatis
974 1039 1385 1109 gloriosissime
1409 1039 1581 1108 hujus
1629 1036 1759 1091 vitae
1791 1037 1944 1091 labo-

262 1130 443 1196 ribus,
469 1135 768 1200 postquam
821 1128 987 1182 bona
1019 1127 1309 1199 opinionis
1338 1128 1574 1181 odorem
1614 1127 1783 1196 longe
1806 1125 1943 1179 late-

257 1234 368 1288 que
410 1218 669 1271 redolere
726 1218 952 1283 fecerat,
990 1217 1293 1286 locumque
1347 1214 1454 1269 sibi
1500 1214 1766 1269 dilectum
1815 1229 1945 1267 cum

255 1305 456 1358 ceteris
485 1305 846 1358 monasteriis
874 1304 1132 1371 ditando,
1154 1310 1211 1358 et
1237 1304 1515 1369 ornando,
1549 1308 1607 1356 et
1636 1302 1946 1357 excolendo

254 1393 323 1447 ad
358 1394 672 1463 perfectum
696 1394 1031 1456 adduxerat,
1054 1393 1121 1447 ad
1145 1392 1572 1463 percipiendam
1613 1391 1943 1447 immarces-

254 1481 491 1536 cibilem.
518 1497 787 1535 coronam
819 1482 890 1534 ab
933 1482 1218 1551 ergastulo
1248 1480 1434 1533 carnis
1489 1497 1522 1533 a
1561 1478 1803 1533 Domino
1861 1483 1947 1532 est

254 1570 511 1624 vocatus.
562 1569 669 1633 Qui
724 1585 854 1623 cum
918 1573 1176 1624 cerneret
1228 1568 1532 1622 imminere
1585 1567 1694 1621 sibi
1744 1567 1945 1621 mortis

2061 508 2197 563 foris
2228 507 2419 579 agitur
2447 508 2796 566 autdicitur.
2827 507 2985 561 intus
3014 507 3172 562 aliud
3204 508 3326 576 geri
3377 506 3755 577 signiﬁcatur.

2061 599 2541 652 Przememoratus
2570 602 2626 652 et
2655 613 2806 668 saepe
2846 596 3321 650 rememorandus
3355 597 3453 649 Dei
3506 596 3761 650 famulus

2058 686 2292 741 calicem
2321 702 2560 740 aureum
2602 686 2661 740 in
2692 687 2973 740 honorem
3018 684 3117 739 Dei
3165 690 3221 738 et
3256 684 3758 739 commemoratio-

2059 790 2191 828 nem
2244 774 2298 829 S.
2356 773 2645 828 Laurentii
2683 773 2951 843 martyris
3000 772 3254 826 ecclesiae
3301 773 3761 843 Merscburgensi

2058 864 2398 927 contulerat,
2430 862 2592 932 cujus
2622 861 2855 931 speciali
2888 860 3219 931 patrocinio,
3241 876 3431 914 coram
3493 861 3605 915 Deo
3655 861 3760 915 ad-

2051 950 2234 1021 jutus,
2258 956 2315 1005 et
2354 950 2414 1004 in
2453 950 2578 1019 ipsa
2603 949 2691 1003 sui
2729 948 2932 1015 exitus,
2963 948 3106 1002 hora
3159 948 3408 1002 creditur
3451 947 3751 1002 liberatus.

2057 1039 2224 1094 Omni
2255 1054 2388 1092 vero
2420 1037 2785 1091 veneratione
2816 1041 2872 1090 et
2918 1035 3299 1090 admiratione
3333 1035 3572 1105 dignum
3627 1053 3753 1090 esse

2056 1127 2453 1199 perpenditur,
2485 1126 2636 1197 quod
2669 1125 2869 1180 eadem
2898 1125 3039 1179 hora
3071 1124 3213 1179 calix
3242 1123 3304 1177 in
3356 1130 3509 1178 certa
3551 1130 3753 1178 custo-

2054 1216 2147 1271 dia
2178 1216 2401 1270 clausus
2425 1214 2762 1280 habebatur,
2812 1229 2917 1267 nec
2960 1213 3152 1267 minus
3209 1218 3405 1267 tamen
3459 1213 3751 1284 przedictae

2052 1303 2360 1358 collisionis
2382 1302 2679 1357 materiale
2708 1303 2939 1371 signum
2964 1301 3204 1371 excepit.

2124 1396 2210 1448 38.
2264 1394 2343 1446 De
2390 1392 2591 1446 eodem
2621 1408 2752 1445 vero
2786 1391 2980 1457 calice,
3023 1390 3161 1461 quid
3210 1389 3615 1461 religiosorum
3666 1389 3750 1443 vi-

2054 1497 2247 1535 rorum
2280 1480 2557 1534 relatione
2588 1479 2648 1533 in
2691 1479 2928 1534 veritate
2978 1479 3357 1546 audierimus,
3418 1480 3749 1533 futurorum

2054 1569 2346 1624 memoriis
2373 1568 2642 1623 intimare
2669 1584 2860 1639 opera:
2887 1567 3141 1639 pretium
3170 1567 3410 1637 dignum
3453 1567 3747 1621 duximus.

255 1657 430 1723 diem,
458 1657 643 1711 citatis
676 1658 745 1711 ad
776 1674 834 1711 se
864 1656 1197 1727 parentibus
1228 1661 1285 1710 et
1322 1655 1579 1726 cognatis
1599 1655 1943 1710 beatissimze
1977 1694 2016 1748 Β
2056 1658 2198 1712 Cum
2251 1658 2407 1712 enim
2462 1657 2772 1727 praedictus
2823 1656 3032 1711 Christi
3087 1656 3379 1709 confessor
3432 1655 3751 1723 Heinricus,

256 1746 643 1817 Imperatricis
688 1746 1119 1817 Chunegundaa,
1175 1744 1467 1799 nonnullis
1546 1744 1718 1798 etiam
1783 1743 1947 1816 regni

255 1835 630 1906 primoribus,
659 1851 833 1889 manu
867 1850 995 1888 eam
1030 1834 1447 1904 apprehensam
1480 1833 1592 1887 illis
1649 1848 1943 1887 commen-

256 1922 410 1977 davit
436 1921 765 1993 bujusmodi
790 1921 974 1975 verbis
1006 1919 1283 1974 memoria
1324 1919 1512 1989 dignis
1545 1935 1559 1973 :
1615 1920 1771 1973 Hanc
1795 1935 1942 1985 ecce,

254 2010 465 2080 inquit,
504 2009 647 2063 mihi
688 2026 721 2064 a
767 2010 928 2064 vobis
956 2009 1075 2063 imo
1092 2025 1196 2079 per
1225 2008 1513 2063 Christum
1550 2008 1942 2078 consignatam

256 2099 380 2169 ipso
424 2098 647 2155 Christo
703 2098 944 2153 Domino
1004 2103 1222 2164 nostro,
1286 2101 1342 2151 et
1387 2096 1547 2151 vobis
1604 2096 1944 2168 reconsigno

255 2187 537 2257 virginem
561 2191 801 2241 vestram
816 2228 829 2242 .

325 2280 411 2332 36.
454 2276 516 2329 In
548 2276 668 2346 ejus
710 2290 844 2328 vero
906 2272 1169 2339 transitu,
1215 2278 1366 2327 terra
1411 2273 1696 2344 plorante,
1737 2274 1940 2328 caslum

259 2363 552 2424 exultavit,
613 2364 758 2417 sicut
801 2361 1076 2417 Dominus
1130 2377 1236 2432 per
1275 2378 1435 2414 suam
1498 2361 1946 2415 misericordiam

254 2455 509 2509 revelare
538 2454 808 2524 dignatus
833 2456 934 2506 est.
987 2451 1101 2506 Sub
1132 2451 1255 2523 ipsa
1299 2451 1510 2504 etenim
1568 2451 1709 2504 hora
1763 2451 1946 2505 exitus

180 2573 197 2585 ο
255 2542 411 2596 illius
444 2542 671 2596 cuidam
723 2556 883 2595 servo
926 2540 1023 2595 Dei
1079 2540 1139 2594 in
1183 2539 1489 2594 solitudine
1545 2541 1941 2603 commoranti.

255 2630 515 2684 diabolus
559 2630 664 2683 sub
696 2630 948 2684 humana
977 2628 1163 2699 specie
1185 2628 1427 2683 traditur
1455 2628 1785 2698 apparuisse
1807 2630 1943 2699 (65).

255 2718 436 2782 Quem
464 2718 549 2770 vir
583 2718 677 2771 Dei
709 2734 810 2788 per
840 2716 1107 2787 spiritum
1137 2717 1401 2787 protinus
1426 2716 1678 2787 agnovit,
1712 2722 1768 2772 et
1818 2718 1897 2771 ait
1928 2735 1940 2771 :

255 2807 377 2870 Quo
411 2806 611 2859 vadis?
650 2806 753 2860 Cui
781 2806 877 2859 ille
910 2822 922 2860 :
954 2806 1039 2860 Ad
1077 2806 1369 2874 exequias,
1402 2805 1611 2876 inquit,
1668 2806 1946 2877 Principis

260 2911 458 2965 pergo.
490 2895 659 2947 Atille
692 2894 1025 2964 respondit:
1058 2894 1229 2960 Vade,
1256 2893 1464 2964 inquit,
1496 2898 1552 2947 et
1598 2897 1818 2965 comple
1850 2911 1945 2948 ne-

2056 1763 2160 1817 pro
2188 1745 2556 1818 disponendis
2587 1745 2750 1816 regni
2789 1744 3036 1816 negotiis
3082 1744 3429 1814 Marsipolim
3478 1744 3752 1809 venisset,

2055 1834 2279 1900 accidit,
2313 1838 2376 1887 ut
2403 1832 2652 1903 quadam
2676 1833 2767 1887 die
2798 1832 2867 1886 ad
2899 1832 3103 1886 altare.
3136 1832 3193 1886 S.
3232 1830 3522 1885 Laurentii
3555 1835 3748 1885 atten-

2054 1921 2273 1977 tissime
2310 1922 2535 1976 Missam
2561 1922 2803 1975 audiret.
2838 1921 2956 1985 Qua
2988 1921 3292 1991 completa,
3331 1920 3474 1974 sicut
3522 1936 3755 1990 semper

2052 2010 2236 2065 facere
2253 2015 2649 2075 consueverat,
2691 2008 3045 2063 ablutionem
3078 2008 3269 2062 calicis
3307 2024 3534 2062 sumere
3584 2009 3752 2061 vole-

2051 2098 2167 2167 bat,
2206 2099 2303 2152 sed
2324 2097 2737 2152 interveniente
2770 2112 2979 2166 magno
3012 2095 3247 2165 negotio
3277 2095 3460 2167 regni,
3486 2095 3640 2166 quod
3662 2095 3752 2149 vir

2056 2193 2286 2241 sanctus
2323 2186 2642 2257 proposuit,
2666 2190 2804 2240 tunc
2859 2184 3139 2256 temporis
3197 2184 3324 2239 fieri
3374 2200 3488 2238 non
3535 2183 3745 2254 potuit,

2055 2274 2263 2327 Vocato
2319 2273 2512 2344 itaque
2565 2272 2799 2326 custode
2855 2272 3128 2341 ecclesias,
3204 2272 3429 2343 rogavit
3480 2288 3634 2337 eum,
3686 2275 3751 2326 ut

2053 2363 2282 2417 calicem
2307 2378 2437 2415 cum
2468 2361 2762 2415 ablutione
2787 2360 2845 2415 in
2878 2361 3095 2415 mundo
3142 2360 3269 2414 loco
3320 2365 3641 2430 reponeret,
3691 2365 3751 2414 et

2053 2465 2186 2503 eum
2253 2450 2412 2503 omni
2468 2449 2765 2520 diligentia
2831 2454 3117 2504 servaret:
3198 2449 3569 2521 quoadusque
3624 2448 3748 2519 ipse

2054 2544 2429 2609 exoccupatus
2458 2543 2655 2610 aptum
2678 2544 2905 2609 tempus
2936 2543 2993 2593 et
3032 2539 3221 2593 locum
3276 2538 3347 2593 ad
3408 2537 3748 2592 sumendam

2055 2629 2216 2683 illam
2243 2627 2546 2682 inveniret.
2584 2627 3045 2683 Excrescentibus
3070 2632 3263 2681 autem
3293 2628 3476 2682 causis
3505 2632 3559 2681 et
3625 2627 3749 2696 pla-

2053 2716 2200 2785 citis,
2229 2722 2343 2772 tota
2370 2716 2461 2770 die
2510 2715 2609 2769 illa
2644 2716 2925 2781 turbatus,
2959 2732 3073 2769 non
3124 2714 3309 2785 potuit
3351 2732 3408 2769 se
3456 2714 3747 2785 expedire.

2054 2808 2288 2860 Postera
2313 2820 2443 2858 vero
2472 2804 2584 2871 die,
2617 2810 2745 2873 post
2784 2803 3115 2869 matutinas,
3135 2819 3275 2863 cum
3323 2803 3518 2873 paucis
3561 2818 3748 2855 secre-

2054 2894 2215 2948 tariis
2242 2893 2379 2958 suis,
2413 2894 2669 2947 clanculo
2714 2891 3124 2946 monasterium
3177 2891 3457 2957 introivit,
3508 2895 3564 2945 et
3618 2891 3749 2945 diu-

258 2983 479 3051 gotium
512 2988 695 3047 tuum,
727 2981 788 3035 in
818 2987 1098 3053 quantum
1120 2982 1225 3036 tibi
1255 2999 1287 3035 a
1318 2982 1558 3037 Domino
1592 2983 1944 3053 permittitur
1975 2977 2015 3033 C
2054 2982 2167 3036 tius
2213 2981 2372 3037 ﬂexis
2409 2981 2652 3052 genibus
2706 2986 2763 3035 et
2809 2980 3057 3051 profusis
3092 2980 3354 3051 Iacrymis
3385 2981 3562 3034 Deum
3617 2996 3749 3033 exo-

256 3071 662 3124 Verumtamen
691 3075 1087 3123 consummato
1113 3069 1298 3123 officio
1338 3074 1459 3136 tuo,
1491 3070 1787 3140 adjuratus
1847 3087 1947 3141 per

257 3159 440 3212 Deum
469 3157 680 3220 vivum,
717 3157 786 3211 ad
819 3172 911 3211 me
932 3162 1234 3225 revertere,
1283 3163 1347 3211 ut
1390 3174 1493 3228 per
1531 3168 1582 3211 te
1613 3159 1695 3212 rei
1725 3158 1939 3213 exitum

257 3262 618 3316 cognoscam.
681 3247 813 3315 Post
869 3245 1156 3300 modicum
1231 3262 1364 3301 vero
1440 3262 1698 3301 reversus
1751 3264 1943 3301 coram

258 3348 422 3386 servo
454 3331 554 3387 Dei
575 3331 971 3402 gemebundus
992 3332 1226 3397 adstitit,
1280 3338 1337 3387 et
1378 3348 1514 3387 voce
1571 3334 1834 3405 querula,
1892 3340 1947 3389 et

260 3419 485 3491 ingenti
509 3420 732 3473 ululatu
750 3419 893 3474 dixit
929 3421 1086 3474 :Ileu
1115 3420 1259 3476 heu!
1291 3421 1473 3476 delusi
1511 3438 1730 3489 sumus,
1765 3423 1825 3476 in
1856 3440 1947 3477 va-

259 3525 399 3562 num
432 3507 841 3577 laboravimus,
872 3508 1011 3579 quin
1045 3509 1219 3563 etiam
1248 3510 1317 3563 ab
1348 3510 1567 3579 angelis
1595 3511 1691 3566 Dei
1727 3511 1948 3566 confusi

253 3596 633 3652 discessimus.
675 3596 1086 3650 Assistentibus
1116 3597 1267 3651 enim
1300 3596 1432 3651 hinc
1488 3603 1546 3652 et
1590 3597 1726 3653 inde
1783 3600 1945 3654 nobis

256 3691 312 3739 et
338 3684 637 3756 spiritibus
658 3683 955 3755 angelicis,
978 3685 1182 3738 merita
1218 3685 1424 3739 animai
1467 3687 1617 3756 juste
1649 3687 1709 3741 in
1738 3692 1948 3742 statera

255 3791 507 3846 appensa
530 3779 690 3840 sunt;
723 3778 779 3829 et
807 3774 1088 3829 fasciculis
1143 3779 1500 3845 peccatorum
1561 3776 1945 3848 deprimenti—

252 3861 381 3928 bus,
398 3864 521 3934 jam
552 3879 697 3934 pene
726 3879 859 3933 pars
878 3869 1069 3917 nostra
1095 3864 1654 3935 prasponderaverat.

329 3954 414 4006 37.
486 3952 642 4006 Tunc
699 3952 888 4007 subito
962 3953 1199 4006 adustus
1264 3953 1499 4024 quidam
1539 3954 1947 4025 superveniens

254 4055 385 4094 cum
417 4040 606 4095 catino
645 4057 842 4108 aureo,
884 4041 1062 4112 partis
1124 4041 1335 4095 dextrae
1389 4043 1611 4097 lancem
1666 4045 1942 4107 oneravit,

259 4129 588 4200 mirumque
616 4128 675 4182 in
707 4129 944 4182 modum
975 4129 1123 4199 parti
1147 4135 1357 4183 nostra:
1416 4129 1559 4183 adeo
1607 4132 1945 4202 praeponde-

256 4216 517 4313 ravit,.ut
558 4221 613 4271 et
666 4217 791 4287 ipso
839 4217 1026 4272 catino
1069 4219 1137 4272 ad
1199 4223 1410 4272 terram
1459 4219 1728 4290 collapso,
1779 4221 2016 4313 ruinaD

256 4303 571 4358 collisionis
591 4304 819 4375 signum
844 4305 1215 4376 impresserit.
1251 4308 1447 4378 Itaque
1477 4305 1718 4363 victores
1758 4311 1947 4381 angeli

256 4392 511 4447 animam
542 4392 708 4447 nobis
734 4398 987 4465 ereptam
1043 4395 1359 4464 gaudentes
1387 4395 1446 4449 in
1498 4412 1667 4452 suum
1717 4415 1947 4453 consor-

257 4480 404 4534 tium
460 4479 840 4535 abduxerunt.
911 4482 1040 4536 lleec
1088 4499 1222 4537 vero
1288 4484 1516 4538 tametsi
1580 4487 1953 4556 corporaliter

259 4572 416 4639 gesta
451 4566 788 4631 referantur,
825 4585 1053 4624 necesse
1100 4576 1291 4625 tamen
1338 4576 1422 4625 est
1477 4577 1540 4626 ut
1586 4572 1793 4628 virtute
1832 4576 1947 4646 spi-

258 4655 455 4711 rituali
476 4657 761 4728 completa
789 4657 1207 4729 intelligantur.
1243 4660 1350 4714 Res
1380 4660 1591 4741 etenim
1622 4661 1950 4732 spirituales

2055 3070 2233 3137 ravit;
2267 3070 2653 3140 accersitoque
2693 3069 2947 3135 custode,
2978 3068 3212 3123 calicem
3271 3085 3397 3122 cum
3453 3069 3748 3122 ablatione

2055 3158 2163 3212 sibi
2209 3158 2400 3212 afferri
2462 3156 2753 3228 praecepit.
2817 3158 3075 3227 Cumque
3147 3158 3352 3210 allatus
3410 3157 3607 3211 fuisset
3692 3163 3749 3211 et

2055 3248 2463 3317 discoopertus,
2488 3246 2832 3301 invenerunt
2856 3246 3208 3300 ablutionem
3239 3247 3393 3299 illam
3421 3245 3476 3300 in
3502 3246 3745 3300 formam

2053 3336 2172 3389 veri
2200 3334 2495 3405 sanguinis
2523 3339 2984 3389 transmutatam.
3014 3334 3171 3399 Quod
3217 3336 3431 3388 factum
3480 3333 3746 3389 mirabile

2053 3440 2185 3479 mox
2250 3423 2546 3489 universis,
2600 3423 2701 3494 qui
2758 3424 3017 3490 aderant,
3071 3422 3340 3487 innotuit,
3404 3427 3460 3475 et
3505 3427 3639 3476 tunc
3688 3429 3747 3477 et

2055 3527 2284 3581 semper
2311 3511 2372 3564 in
2400 3510 2628 3565 laudem
2680 3510 2802 3575 Dei,
2866 3514 2923 3564 et
2965 3510 3205 3580 gloriam
3264 3510 3607 3563 confessoris
3654 3509 3747 3561 sui

2056 3599 2244 3653 omnis
2274 3598 2517 3653 Ecclesia
2548 3597 2964 3652 successoribus
2990 3598 3106 3651 suis
3146 3598 3455 3652 enarrabit.

2125 3692 2213 3744 39.
2248 3687 2455 3742 Discite
2483 3704 2618 3758 ergo
2650 3687 2853 3742 divites
2881 3687 3052 3758 hujus
3101 3687 3286 3741 facere
3336 3686 3529 3741 saeculi
3585 3686 3750 3741 vobis

2054 3777 2270 3831 amicos
2302 3777 2371 3831 de
2402 3793 2735 3831 mammona
2762 3775 3100 3847 iniquitatis,
3122 3781 3206 3841 ut,
3239 3792 3368 3829 cum
3401 3776 3746 3841 defeceritis,

2054 3865 2163 3935 ipsi
2182 3882 2282 3920 vos
2312 3865 2372 3919 in
2402 3870 2614 3920 aeterna
2646 3864 2955 3936 rescipiant
2982 3865 3367 3919 tabernacula.
3406 3866 3584 3935 Hujus
3614 3881 3749 3918 vero

2056 3953 2453 4026 gloriosissimi
2482 3971 2545 4007 ac
2575 3953 2891 4008 beatissimi
2923 3953 3101 4008 Patris
3149 3953 3436 4023 praeconia
3490 3954 3749 4023 linguam

2052 4044 2241 4098 carnis
2268 4042 2505 4098 reticere
2544 4060 2657 4097 non
2688 4043 2966 4108 convenit,
3018 4042 3076 4095 in
3109 4043 3273 4113 cujus
3302 4042 3542 4096 transitu
3577 4058 3753 4111 augeo

2056 4133 2126 4186 Iis
2147 4132 2637 4202 triumphantibus
2668 4132 2874 4185 caelum
2903 4131 3188 4185 exultavit.
3225 4131 3499 4185 Defuncto
3553 4131 3751 4201 itaque

2054 4220 2386 4276 beatissimo
2423 4220 2521 4274 Dei
2578 4220 2793 4274 famulo
2850 4236 2999 4273 anno
3050 4220 3214 4291 regni
3273 4219 3362 4273 sui
3418 4236 3562 4285 xxiv,
3618 4221 3751 4274 vita

2057 4309 2538 4382 quinquagesimo
2586 4308 2856 4376 secundo,
2920 4308 3154 4379 Imperii
3233 4325 3369 4362 vero
3418 4308 3746 4373 undecimo,

2056 4414 2266 4467 corpus
2290 4398 2413 4469 ejus
2435 4397 2495 4452 in
2522 4396 2760 4452 ecclesia
2787 4398 3087 4451 beatorum
3126 4398 3534 4467 Apostolorum
3594 4396 3750 4452 Petri

2052 4491 2109 4541 et
2166 4486 2328 4541 Pauli
2379 4485 2765 4555 Babenbergze
2799 4484 3114 4539 honorifice
3166 4484 3455 4555 sepultum
3530 4488 3615 4537 est
3683 4500 3753 4537 ac

2056 4573 2423 4647 postmodum
2445 4573 2639 4628 multis
2669 4572 3079 4627 miraculorum
3110 4573 3412 4627 virtutibus
3444 4590 3474 4626 a
3508 4571 3755 4626 Domino

2057 4663 2436 4735 glorificatum
2468 4666 2571 4717 est.

810 4851 926 4915 AD
990 4851 1340 4915 LIBRUM
1395 4852 2069 4919 MIBACULORUM
2133 4855 2719 4921 OBSERVATIO
2781 4855 3185 4919 PRIEVIA.

328 4983 549 5069 lVotauit
581 4985 901 5069 “Gr-etserus
951 5000 1079 5069 pag.
1155 4988 1246 5069 ξι,
1309 4989 1369 5069 in
1420 4989 1745 5069 apcgrapho
1786 4991 2167 5069 Bambergensi
2190 5068 2193 5069 ν
2242 4994 2379 5069 Vita:
2424 4994 2484 5069 S._
2549 4994 2772 5069 Henrici
2802 4996 2973 5069 nunc
3008 5010 3065 5050 se
3124 4996 3377 5069 titulum,
3414 4997 3689 5065 reperisse
3732 5012 3747 5049 :

255 5071 282 5104 α
316 5055 522 5123 Incipit
575 5055 959 5139 tiber‘p‘rimus
1110 5058 1225 5139 vita
1271 5062 1321 5139 et
1362 5055 1538 5139 gesti_s_
1577 5055 1645 5116 Sf
1686 5063 1916 5139 _I_1_enrici
1960 5055 2311 5139 Imperatoris
2355 5067 2675 5139 confessoris
2709 5088 2755 5131 ιι,
2788 5068 2847 5119 in
2877 5066 3055 5139 eodem
3111 5068 3424 5139 apographo
3480 5055 3754 5134 nusquam

262 5139 551 5209 apparere,
583 5147 609 5174 α
635 5130 731 5209 aut
756 5128 917 5209 ﬁnem
973 5129 1145 5195 primi
1199 5133 1315 5209 aut_
1343 5131 1628 5184 exordium
1680 5133 1812 5209 libri
1866 5128 2117 5209 secundi;
2176 5156 2203 5183 ‹‹
2253 5137 2364 5189 nisi
2389 5128 2550 5209 forte,
2582 5128 2786 5205 inquit,
2842 5137 2904 5189 id
2944 5128 3261 5191 sumendum
3304 5128 3377 5192 sit
3434 5154 3466 5190 a
3524 5128 3751 5191 comme-

261 5198 558 5275 moratione
622 5198 1029 5275 miraculorum,
1095 5214 1214 5268 quae
1281 5202 1427 5275 Deus,
1478 5217 1577 5275 per
1643 5208 1890 5257 sanctum
1945 5198 2347 5273 Imperatorem,
2389 5198 2517 5275 'jam
2540 5198 2679 5261 tua
2742 5198 2989 5274 functum
3069 5209 3331 5275 patravit.
3384 5210 3468 5263 Ita
3526 5224 3753 5275 prorsus

260 5266 579 5348 censendum
630 5273 928 5348 putamus;
986 5266 1120 5348 cum:
1159 5275 1323 5338 caput
1372 5266 1714 5348 30_'dicatur
1779 5266 2074 5342 paraenesis
2129 5281 2179 5330 et
2236 5266 2524 5345 epilogus:
2575 5266 2798 5348 sequens
2848 5294 2972 5333 vero
3030 5266 3090 5334 3i
3176 5295 3212 5332 a
3269 5266 3546 5333 miraculis
3615 5281 3752 5332 inci-

257 5338 399 5405 piat,
480 5352 668 5405 nempe
737 5339 806 5392 ab
870 5356 932 5394 ea
1002 5342 1223 5408 visione,
1283 5356 1388 5411 quo
1445 5343 1629 5396 Bruno
1672 5338 2027 5413 Audustanus
2081 5338 2326 5413 antistes,

328 5460 434 5529 (65)
461 5461 539 5515 De
571 5462 675 5516 hac
696 5463 1101 5536 qualicumque
1144 5465 1361 5521 visione
1384 5467 1765 5523 consulendus
1792 5470 1947 5525 Cret-

258 5565 418 5604 serus
447 5566 480 5604 a
503 5566 635 5624 pag.
668 5553 736 5605 94
767 5568 779 5606 :
815 5568 918 5607 nos
948 5554 1170 5626 reliqua
1199 5572 1330 5627 qua:
1376 5556 1448 5611 ad
1477 5556 1666 5612 Sancti
1691 5557 1945 5614 felicissi-

2406 5349 2594 5411 Srmcti
2644 5352 2825 5415 frater
2847 5390 2863 5415 ,
2934 5349 3002 5403 ab
3094 5350 3374 5404 evertenda
3438 5352 3756 5419 episcopatu

2054 5487 2214 5526 mum
2256 5472 2467 5527 exitum
2497 5473 2807 5544 pertinent,
2838 5490 2940 5528 suo
2972 5474 3092 5528 loco
3123 5474 3506 5546 exposuimus.
