4012 6204
239 299 329 357 1ἓ9

3635 312 3733 366 130

233 422 613 503 Bambergensi
671 421 1003 477 absterritus
1046 428 1161 503 est._
1194 423 1611 503 Eatendmilur”
1654 441 1818 503 porro
1850 426 2159 503 __miracula
2243 441 2277 478 a
2362 424 2518 503 dicto
2550 442 2670 503 cap.
2739 429 2796 480 31
2825 426 2937 503 Aad
2988 431 3103 503 5%,;
3133 434 3194 484 ut
3246 446 3474 487 numero
3551 450 3726 503 xxiv,

232 510 446 564 quorum
503 498 683 563 prima
710 510 741 546 x
776 502 915 567 ante
966 498 1427 549 oanonizationem
1468 499 1754 563 contigisse
1801 498 2099 552 videntur:
2151 512 2283 551 nam
2344 500 2519 566 capiti
2570 500 2629 551 41
2693 500 2998 567 przﬁyitur
3047 501 3133 555 hic
3183 505 3410 557 titulus:
3460 526 3481 553 ι
3537 498 3727 559 Prom;

232 570 385 619 mium
450 566 508 644 in
558 566 819 618 miracula
860 582 978 634 qua:
1030 569 1088 619 in
1141 571 1464 621 tractatione
1518 569 1571 622 S.
1651 568 1881 622 Henrici
1915 571 2081 644 _1mp.
2134 574 2362 644 patrata
2406 574 2531 621 sunt
2563 589 2639 644 ,-_»
2696 566 3003 644 translatas
3054 578 3233 644 autem
3274 575 3391 641 ejus
3447 577 3728 644 reliquias

231 652 369 689 nemo
424 636 645 693 ditent.
712 644 1007 704 antequam
1078 652 1292 690 sacrum
1360 653 1552 708 corpus
1606 655 1633 691 ο
1688 645 1835 693 terra
1903 636 2142 693 levatum
2198 642 2389 706 fuerit,

2465 640 2608 707 quod
2663 655 2833 708 supra
2875 640 2907 711 §
2952 644 2982 695 3
3040 643 3301 697 accidisse
3384 640 3728 700 ostendimus

230 722 358 760 anno
420 709 577 759 1H7.
624 708 743 761 Non
796 710 985 783 ignoro
1024 710 1432 783 translationem
1492 709 1552 762 S.
1606 710 1853 783 Ilenrici
1916 712 2080 783 etiam
2150 711 2326 783 accipi
2391 725 2569 783 posse,
2616 716 2675 763 ut
2728 708 2996 766 miracula
3048 717 3172 781 quis
3243 716 3397 780 facta
3448 722 3605 783 putet
3670 733 3735 771 eo

232 788 446 845 tempore
476 792 582 844 quo
627 792 841 829 sacrum
870 778 987 845 ejus
1045 794 1237 845 corpus
1282 795 1348 831 ea:
1398 780 1507 832 loco
1558 779 1655 832 ubi
1710 786 1933 834 mortem
1988 780 2215 845 obierat,
2272 781 2626 848 Bambergam
2668 784 3011 846 referretur:
3055 778 3257 837 rerum
3294 778 3730 841 circumstantiae

231 852 301 900 ita
334 849 664 923 loquuntur,
704 853 773 923 ut
839 850 1218 923 restringenda
1275 850 1567 903 videantur
1622 850 1694 903 ad
1743 852 2152 923 translationem
2217 852 2460 919 aliquam
2512 853 2871 923 reliquiarum
2923 857 3132 919 factum
3183 861 3303 923 post
3358 856 3554 910 Sancti
3615 874 3727 911 ca-

229 920 628 994 norusationem.
704 920 894 972 Visum
969 919 1199 994 proinde
1253 924 1332 973 est
1403 925 1571 974 totum
1644 923 2031 994 miraculorum
2102 922 2408 984 historiam,
2480 922 2555 975 ad
2628 938 2872 976 normam
2951 919 3228 989 nostram,
3306 928 3387 979 ita
3444 927 3725 994 dividere,

228 997 281 1041 ut
332 988 502 1061 decem
549 990 649 1041 illa
707 1005 897 1057 priora
944 992 1274 1043 constituant
1317 998 1531 1059 partem
1586 996 1848 1059 primam,
1919 993 2133 1060 reliqua
2206 999 2421 1061 partem
2479 995 2705 1047 alteram
2764 1010 2776 1046 :

228 1061 422 1113 omissis
452 1059 817 1112 Gretserianis
846 1062 1086 1128 capitum
1118 1061 1499 1115 divisionibus.
1526 1062 1607 1116 Sit
1641 1062 1833 1132 itaque

2835 1010 3003 1062 eaque
3071 1012 3139 1049 ea:
3193 997 3355 1051 Surio
3411 997 3722 1053 describere

470 1248 1542 1354 MIRACULORUM
1639 1250 1738 1352 S.
1840 1250 2436 1351 HENRICI
2526 1250 2891 1353 PARS
2980 1252 3468 1355 PRIMA.

288 1479 331 1529 1.
400 1478 568 1529 Anno
631 1475 937 1530 Dominicie
986 1475 1396 1530 incarnationis
1449 1493 1615 1544 xxxv,
1650 1477 1718 1531 ab
1759 1477 1906 1531 Urbe
1935 1481 1981 1531 A
2020 1476 2165 1531 bene
2205 1480 2455 1548 coeptum
2504 1482 2605 1544 est,
2654 1478 3070 1546 confirmando,
3130 1495 3357 1550 semper
3404 1483 3609 1539 exinde
3654 1485 3726 1538 ad

222 1563 432 1617 condita
465 1563 772 1618 millesimo
792 1564 1298 1635 septingentesimo
1311 1566 1731 1637 septuagesimo
1752 1571 1909 1621 sexto

223 1652 537 1706 Chunradus
583 1669 649 1706 ex
682 1653 841 1722 regni
875 1654 1224 1723 primoribus
1256 1670 1421 1711 unus.
1477 1655 1574 1709 sed
1606 1671 1784 1725 regno
1806 1672 1908 1709 an-

221 1748 297 1793 tea
329 1757 426 1809 per
482 1741 861 1794 rebellionem
911 1744 1197 1807 adversus,
1235 1743 1599 1813 Principibus
1654 1760 1758 1814 pro
1786 1744 1909 1813 ejus

220 1828 474 1882 electione
500 1830 982 1896 discordantibus,
1040 1831 1292 1886 Aribone
1324 1836 1516 1886 autem
1572 1833 1907 1903 Moguntina

220 1917 661 1986 Archiepiscopo,
704 1922 758 1970 et
787 1918 1115 1971 Eberliardo
1172 1920 1626 1991 Babenbergensi
1661 1921 1907 1974 Praesule

221 2006 311 2059 sibi
338 2005 680 2071 faventibus,
710 2006 1075 2077 [octogesimo
1124 2008 1323 2077 quinto
1354 2010 1478 2062 loco
1523 2009 1595 2063 ab
1650 2012 1907 2079 Augusto

220 2110 439 2164 regnum
487 2094 744 2165 suscepit
793 2099 849 2148 et
892 2096 1058 2148 annis
1110 2113 1177 2150 xv
1231 2098 1508 2167 regnavit.
1559 2098 1907 2153 Sublimatus

220 2190 389 2236 autem
428 2185 488 2237 in
520 2184 691 2253 regni
736 2185 886 2249 sede,
919 2183 1160 2238 consilio
1219 2186 1504 2239 Brunonis
1533 2186 1907 2255 Augustensis

220 2272 477 2341 Episcopi,
511 2272 707 2325 fratris
738 2272 981 2325 Heiurici
1014 2272 1395 2343 imperatoris,
1432 2272 1532 2343 qui
1565 2288 1812 2342 semper,
1845 2278 1907 2325 ut

220 2375 371 2428 supra
407 2361 630 2413 dictum
677 2366 780 2422 est,
838 2360 1096 2413 felicibus
1153 2360 1276 2430 ejus
1321 2361 1615 2415 invidebat
1662 2361 1901 2429 actibus,

221 2449 732 2519 Babeubergensem
754 2450 1143 2520 episcopatum
1178 2449 1558 2503 meditabatur
1588 2450 1903 2515 destruere,

218 2537 339 2599 Quia
367 2538 518 2591 idem
557 2540 748 2592 Bruno
778 2539 1087 2608 Episcopus
1133 2538 1401 2609 promisit
1438 2538 1652 2609 reginae
1693 2537 1905 2606 Gisilaa,

219 2626 390 2678 omnia
436 2627 661 2695 praedia
717 2626 1062 2680 hereditario
1112 2628 1245 2697 jure
1306 2628 1372 2681 ad
1422 2644 1480 2680 se
1537 2627 1903 2697 pertinentia,

216 2712 316 2765 ﬁlio
342 2715 459 2783 ejus
492 2714 762 2768 Heinrico
791 2715 1143 2768 contrudere.
1183 2716 1357 2768 Locus
1383 2714 1561 2785 igitur
1582 2719 1661 2785 [et
1681 2719 1906 2785 tempus

217 2803 491 2856 conventui
525 2803 819 2868 statuitur,
864 2803 965 2857 ubi
1013 2803 1134 2856 haec
1178 2819 1269 2857 res
1317 2803 1385 2855 ad
1444 2803 1662 2857 exitum
1693 2803 1902 2873 perdu-

216 2889 362 2944 citur.
410 2892 589 2945 Nocte
640 2907 795 2957 vero,
849 2908 978 2962 quas
1029 2891 1181 2945 diem
1228 2897 1615 2962 praecesserat,
1664 2891 1723 2945 in
1791 2908 1903 2963 qua

216 2978 320 3032 hinc
342 2980 672 3034 ventilanda
725 2985 905 3044 erant,
954 2978 1313 3034 Eberhardus
1353 2980 1651 3050 episcopus
1682 2979 1751 3033 ad
1777 2984 1903 3034 ten-

216 3068 397 3121 torium
443 3067 713 3138 praedicti
762 3068 1045 3120 Brunonis
1111 3068 1256 3120 clam
1335 3068 1589 3133 accessit,
1641 3066 1901 3135 lectoque

217 3156 318 3223 ejus
345 3157 621 3221 assidens,
676 3158 854 3209 multa
903 3171 1076 3226 super
1116 3156 1220 3209 hac
1260 3171 1319 3209 re
1375 3154 1683 3217 monendo,
1729 3154 1900 3209 obse-

216 3244 420 3306 crando,
481 3246 824 3299 memoriam
883 3244 1072 3298 fratris
1128 3245 1321 3298 animo
1373 3244 1714 3298 inculcando
1769 3259 1899 3297 cum

217 3333 391 3388 eodem
433 3334 716 3387 sollicitus
778 3318 911 3403 egit.
946 3333 1088 3397 Quia
1139 3349 1273 3386 vero
1313 3333 1433 3403 jam
1494 3336 1672 3387 multa
1721 3332 1901 3386 noctis

216 3421 336 3475 hora
360 3428 648 3476 transacta
685 3428 1012 3485 recesserat,
1072 3426 1129 3475 et
1158 3422 1497 3492 EpiscOpum
1554 3437 1658 3491 pro
1689 3421 1900 3475 auditis

217 3511 557 3565 sollicitatum
608 3526 841 3564 somnus
880 3516 1262 3582 oppresserat,
1306 3511 1459 3564 visus
1503 3515 1590 3564 est
1641 3510 1693 3563 ei
1723 3510 1899 3564 frater

218 3610 332 3653 suus
360 3600 685 3670 Imperator
730 3599 1022 3654 Heinricus
1049 3600 1192 3653 lecto
1221 3616 1324 3653 suo
1378 3599 1624 3667 adstare,
1665 3599 1895 3653 faciem-

219 3702 311 3755 que
360 3704 515 3742 suam
583 3687 759 3741 barba
811 3703 878 3739 ex
932 3703 1049 3740 una
1089 3691 1247 3755 parte
1299 3686 1548 3757 depilata
1606 3691 1892 3756 turpatam

220 3776 491 3845 objectare.
523 3776 675 3831 Cum
705 3791 878 3846 super
906 3775 1009 3829 hac
1040 3791 1101 3828 re
1128 3775 1355 3846 stupido
1386 3779 1443 3828 et
1470 3773 1797 3840 admiranti,
1831 3791 1895 3828 ac

221 3864 326 3932 quis
377 3870 490 3918 tam
535 3864 877 3919 temerarios
955 3880 1125 3917 ausus
1174 3864 1232 3917 in
1304 3880 1438 3917 eum
1496 3868 1891 3934 praesumeret,

220 3949 572 4023 interroganti
625 3970 639 4007 :
710 3954 813 4019 Tu,
868 3952 969 4021 ait,
1028 3953 1151 4006 htec
1206 3952 1391 4007 fecisti
1443 3968 1457 4006 :
1509 3951 1609 4023 qui
1673 3967 1787 4019 me,
1836 3956 1893 4004 et

222 4048 413 4096 sanctos
443 4044 571 4109 Dei,
601 4058 745 4113 quos
769 4042 938 4096 rebus
966 4040 1107 4095 mihi
1145 4057 1176 4095 a
1208 4041 1322 4095 Deo
1368 4041 1649 4094 concessis
1679 4040 1888 4107 dotavi,
1923 4050 1962 4103 ί]

222 4127 503 4200 despoliare
553 4130 905 4202 disposuisti.
964 4132 1107 4187 Cave
1151 4130 1269 4200 jam
1305 4130 1540 4184 ulterius
1589 4146 1762 4201 super
1790 4130 1895 4183 hac

221 4220 527 4283 temeritate,
588 4236 658 4273 ne
714 4220 938 4291 incepta
986 4219 1110 4273 luas
1168 4223 1374 4288 magna
1433 4217 1779 4272 infelicitate.
1808 4217 1892 4271 Ad

223 4303 320 4359 hinc
361 4308 449 4362 ille
496 4307 951 4378 expergefactus,
999 4322 1063 4358 ac
1118 4306 1187 4359 de
1244 4305 1462 4358 visione
1512 4320 1627 4358 non
1687 4320 1892 4374 parum

222 4396 543 4461 perterritus,
578 4396 970 4449 membrorum
1008 4409 1238 4464 quoque
1295 4394 1531 4447 horrore
1589 4409 1653 4446 ac
1683 4394 1891 4447 timore

225 4496 318 4536 non
343 4484 535 4538 leviter
567 4488 656 4537 est
683 4488 942 4536 attactus.
988 4482 1149 4536 Mane
1184 4486 1375 4535 autem
1402 4482 1572 4547 facto,
1614 4498 1744 4536 cum
1793 4481 1890 4536 diu

223 4578 543 4640 exspectatus
598 4571 669 4626 ad
728 4576 1073 4626 conventum
1134 4587 1437 4641 procerum
1493 4587 1609 4624 non
1650 4571 1888 4637 veniret,

221 4660 390 4728 regina
412 4678 515 4731 pro
576 4661 695 4715 filio
724 4660 961 4727 solicita,
996 4660 1213 4714 nuntiis
1244 4659 1453 4727 missis,
1485 4658 1691 4712 obnixe
1716 4674 1889 4728 roga-

221 4745 317 4811 bat,
360 4755 419 4803 ut
465 4750 776 4805 adveniens
851 4749 1129 4819 promissa
1191 4748 1506 4818 perliceret.
1594 4748 1692 4800 Ille
1759 4763 1890 4801 vero

222 4833 506 4892 afﬁrmabat
568 4855 627 4891 se
674 4842 835 4892 tanta
918 4836 1249 4891 inﬁrmitate
1289 4836 1532 4907 gravari,
1577 4842 1639 4889 ut
1687 4851 1788 4889 nec
1819 4835 1889 4889 de

220 4921 342 4977 lecto
368 4942 617 4996 surgere,
663 4943 766 4979 nec
796 4926 1002 4995 pedem
1060 4931 1253 4995 posset
1298 4939 1589 4995 quoquam
1635 4939 1884 4977 movere.

222 5009 341 5066 Cum
364 5021 657 5084 rogaretur
685 5020 749 5069 ut
776 5031 834 5068 se
888 5015 947 5068 in
994 5014 1137 5068 lecto
1169 5013 1240 5067 ad
1290 5018 1632 5067 conventum
1678 5012 1888 5083 depor-

224 5101 311 5153 lari
354 5109 663 5172 putaretur,
724 5120 838 5175 quo
883 5104 968 5157 vel
1002 5103 1080 5157 sic
1137 5102 1441 5173 promissio
1490 5102 1885 5172 perﬁceretur,

224 5191 425 5245 omnino
464 5193 768 5260 abdicavit,
817 5208 989 5263 seque
1036 5192 1098 5245 in
1142 5192 1319 5245 Deum
1354 5195 1411 5244 et
1463 5190 1702 5245 Sanctos
1763 5189 1886 5258 ejus

224 5291 469 5349 peccasse,
503 5282 682 5335 libera
706 5281 934 5335 tandem
981 5296 1114 5334 voce
1145 5279 1536 5351 proclamavit.
1570 5278 1659 5333 Sic
1690 5277 1882 5349 itaque

226 5364 383 5420 divina
412 5370 590 5439 pietas
624 5386 728 5440 per
757 5369 958 5423 merita
988 5369 1201 5423 famula
1240 5368 1350 5433 sui,
1378 5383 1449 5421 ne
1491 5383 1589 5438 spe
1616 5382 1791 5437 quam
1823 5367 1881 5419 in

227 5466 273 5503 se
296 5458 470 5523 posuit
495 5459 874 5524 fraudaretur,
917 5458 1112 5512 omnia
1138 5457 1235 5511 illa
1285 5472 1475 5527 pravae
1506 5454 1886 5525 conspiratio-

230 5540 299 5593 nis
336 5546 781 5602 machinamenta
834 5547 1155 5618 repressit:
1204 5546 1418 5617 itaque,
1484 5544 1632 5616 quod
1692 5543 1762 5597 ab
1816 5560 1884 5598 eo

2022 1565 2264 1618 meliora
2292 1565 2568 1634 provexit.

2091 1656 2143 1706 2.
2174 1653 2283 1707 Sed
2326 1654 2446 1724 jam
2486 1670 2636 1708 nunc
2683 1654 2755 1707 ad
2806 1654 3100 1720 miracula,
3145 1672 3274 1726 quae
3320 1662 3452 1727 post
3503 1658 3725 1714 felicem

2018 1740 2173 1794 illius
2194 1742 2495 1795 transitum
2540 1741 2838 1808 Dominus,
2889 1744 2956 1796 ad
2999 1744 3341 1798 declaranda
3385 1746 3725 1800 meritorum

2018 1828 2172 1883 illius
2204 1830 2470 1900 insignia,
2503 1831 2652 1884 circa
2672 1831 2908 1901 gloriosi
2939 1832 3195 1902 corporis
3216 1833 3339 1903 ejus
3369 1835 3725 1904 sepulturam

2019 1924 2292 1989 operatus
2314 1924 2417 1985 est,
2449 1919 2746 1973 veniamus
2774 1937 2787 1985 ;
2818 1936 3001 1991 pauca
3038 1937 3107 1974 ex
3136 1921 3226 1974 his
3258 1922 3328 1975 ad
3360 1929 3723 1992 posterorum

2016 2007 2282 2061 notitiam
2338 2008 2786 2073 transferentes;
2829 2024 2957 2080 quae
3008 2014 3106 2062 aut
3153 2009 3340 2063 veraci
3370 2016 3469 2064 aut
3498 2009 3725 2065 indubi-

2015 2098 2131 2148 tata
2167 2097 2449 2165 majorum
2480 2097 2760 2149 relatione
2813 2096 2881 2150 ad
2922 2112 3027 2150 nos
3080 2096 3269 2150 delata
3299 2100 3453 2163 sunt,
3486 2104 3588 2153 aut
3615 2100 3727 2170 ipsi

2018 2183 2305 2237 modernis
2334 2184 2691 2254 temporibus
2728 2188 2886 2254 gesta
2930 2184 3316 2255 probavimus,
3368 2191 3426 2239 et
3458 2186 3721 2242 vidimus.

2015 2270 2215 2324 Mulier
2241 2270 2502 2341 quaedam
2562 2275 2849 2324 contracta
2896 2270 2954 2323 in
3006 2270 3127 2341 ipsa
3171 2271 3394 2325 civitate
3435 2275 3723 2342 manebat,

2017 2358 2159 2412 adeo
2186 2358 2503 2426 incurvata,
2552 2365 2614 2413 ut
2669 2359 2739 2413 ad
2796 2358 3179 2429 gradieudum
3213 2359 3358 2430 erigi
3388 2361 3723 2416 nullatenus

2016 2446 2313 2517 potuisset,
2347 2447 2442 2500 sed
2492 2451 2744 2518 reptaret
2795 2448 2985 2518 potius
3036 2448 3301 2501 manibus
3353 2465 3527 2519 quam
3559 2451 3722 2520 pedi-

2017 2535 2124 2588 bus
2165 2534 2503 2591 ambularet.
2566 2535 2706 2589 Huic
2750 2535 3101 2590 orationibus
3133 2536 3464 2606 frequenter
3504 2537 3724 2593 incum-

2017 2623 2175 2676 benti
2236 2623 2509 2677 divinitus
2557 2623 2901 2695 inspiratam
2980 2629 3081 2690 est,
3138 2630 3201 2679 ut
3249 2626 3320 2679 ad
3380 2628 3719 2681 memoriam

2020 2710 2333 2765 beatissimi
2381 2712 2487 2765 viri
2545 2712 2858 2777 accederet,
2922 2717 3092 2783 atque
3149 2713 3561 2784 omnipotentis
3623 2715 3722 2769 Dei

2019 2799 2467 2853 misericordiam
2524 2799 2791 2853 obnixius
2848 2800 3203 2870 imploraret.
3262 2802 3478 2856 Accidit
3528 2808 3721 2857 autem

2012 2892 2077 2942 ut
2114 2887 2234 2942 dies
2290 2888 2711 2941 anniversarios
2768 2889 2989 2959 praefati
3044 2889 3223 2943 Patris
3262 2890 3491 2944 Domini
3543 2890 3722 2944 nostri

2012 2992 2265 3047 congrua
2350 2976 2748 3030 observatione
2822 2976 3099 3031 celebrari
3180 2977 3433 3032 deberet.
3493 2979 3715 3048 Populo

2012 3081 2169 3135 ergo,
2206 3081 2362 3118 more
2385 3064 2577 3127 solito,
2624 3065 2693 3119 ad
2739 3065 3037 3119 ecclesiam
3093 3065 3442 3134 conﬂuente,
3475 3070 3531 3120 et
3559 3068 3713 3121 clero

2013 3152 2232 3223 vigilias
2287 3153 2639 3224 vespertinas
2686 3153 3030 3217 celebrante,
3093 3154 3300 3207 mulier
3357 3170 3588 3225 quoque
3642 3155 3719 3208 ila

2010 3242 2305 3295 incurvata
2353 3247 2410 3296 et
2438 3247 2731 3296 contracta
2759 3242 3008 3303 advenit,
3042 3248 3099 3295 et
3152 3244 3323 3313 plena
3355 3244 3466 3297 tide
3500 3260 3566 3297 ac
3611 3244 3718 3297 de-

2012 3330 2239 3383 votione
2299 3345 2480 3400 usque
2523 3330 2596 3384 ad
2671 3330 2854 3383 locum
2921 3331 3167 3400 sepulcri
3213 3331 3468 3397 accessit,
3519 3332 3716 3386 dicens

2009 3433 2140 3472 cum
2187 3417 2507 3487 Propheta:
2559 3418 2703 3472 Vota
2751 3434 2877 3471 mea
2919 3418 3161 3472 Domino
3209 3419 3443 3473 reddam
3486 3420 3547 3473 in
3576 3437 3716 3473 con-

2008 3516 2205 3582 spectu
2242 3512 2430 3566 omnis
2488 3512 2690 3583 populi
2729 3513 2872 3583 ejus,
2921 3513 2983 3567 in
3024 3514 3183 3567 atriis
3220 3514 3422 3568 domus
3462 3515 3713 3569 Domini.

2008 3601 2225 3655 Ibidem
2294 3618 2431 3671 ergo
2488 3606 2828 3672 peruoctans
2902 3602 2963 3655 in
3027 3603 3306 3665 oratione,
3383 3604 3714 3658 universum

2007 3689 2156 3758 quod
2187 3688 2458 3756 habebat,
2501 3689 2558 3743 id
2604 3694 2687 3743 est
2742 3705 2841 3743 cor
2887 3690 3196 3744 contritum
3243 3702 3300 3745 et
3342 3692 3710 3746 humiliatuin

2008 3777 2251 3830 Domino
2282 3777 2510 3843 obtulit,
2555 3783 2611 3830 et
2665 3778 2725 3831 in
2781 3777 2893 3831 fide
2944 3778 3155 3832 Christi
3194 3780 3461 3849 lacrymis
3508 3781 3715 3850 rigavit

2004 3865 2179 3934 pedes
2210 3866 2351 3933 ejus,
2402 3870 2458 3917 et
2510 3864 2726 3934 capillis
2767 3864 2969 3934 capitis
3015 3866 3103 3918 sui
3148 3866 3425 3935 tergebat,
3476 3873 3534 3921 et
3599 3884 3710 3921 un-

2003 3954 2220 4023 guento
2250 3952 2522 4021 ungebat.
2556 3952 2623 4005 Et
2644 3952 2918 4022 quoniam
2969 3953 3214 4006 multum
3245 3955 3394 4007 valet
3438 3954 3710 4025 depreca-

2005 4040 2082 4093 tio
2099 4039 2243 4109 justi
2274 4038 2520 4105 assidua,
2549 4055 2678 4092 cum
2710 4038 2993 4093 indefessa
3033 4055 3213 4109 usque
3244 4041 3303 4094 in
3332 4040 3482 4095 diem
3502 4042 3711 4095 talibus

2005 4128 2295 4182 sacriticiis
2344 4128 2633 4181 insisteret
2666 4147 2683 4194 ;
2731 4128 2881 4181 circa
2912 4128 3112 4181 horam
3137 4128 3253 4183 diei
3284 4130 3512 4183 tertiam
3561 4131 3711 4184 inter

2004 4218 2128 4286 ipsa
2180 4216 2477 4270 Missurum
2522 4215 2817 4281 solemnia,
2876 4216 3011 4269 dum
3060 4216 3120 4270 in
3155 4218 3404 4271 secunda
3429 4218 3592 4271 Missa
3614 4220 3711 4272 Al-

2005 4303 2173 4357 leluia
2216 4304 2459 4370 canitur,
2503 4305 2648 4358 Laus
2708 4304 2806 4357 Dei
2847 4304 2909 4357 in
2949 4304 3300 4373 hominibus,
3349 4305 3472 4375 ipso
3520 4308 3709 4377 operis

2002 4394 2205 4446 etl‘ectu
2256 4393 2625 4464 adimpletur.
2676 4391 2875 4447 Subito
2927 4394 3105 4458 enim,
3163 4396 3524 4449 cernentibus
3557 4412 3708 4463 ,cun-

2001 4480 2102 4533 ctis
2134 4479 2233 4550 qui
2274 4480 2528 4546 aderant,
2583 4479 2793 4533 mulier
2847 4480 3012 4550 quasi
3066 4481 3128 4533 in
3185 4482 3386 4535 ecstasi
3427 4483 3572 4536 facta
3603 4488 3705 4549 est,

2000 4567 2287 4622 acdeinde
2316 4567 2527 4621 sensim
2577 4567 2753 4633 nervi,
2806 4568 2907 4637 qui
2955 4567 3336 4638 diriguerant,
3367 4570 3628 4640 dissolvi,
3653 4576 3709 4624 et

2000 4655 2264 4709 universa
2314 4655 2569 4725 corporis
2614 4655 2873 4709 membra
2943 4657 3349 4727 concrepantia
3411 4663 3709 4728 coeperunt

1999 4743 2227 4798 extendi
2260 4760 2362 4810 ;ac
2423 4743 2503 4797 sic
2558 4743 2761 4798 ordine
2808 4760 2911 4797 suo
2948 4749 3063 4797 tota
3118 4744 3403 4799 incurvati
3448 4747 3708 4816 corporis

1997 4831 2326 4886 deformitas
2350 4832 2411 4885 in
2431 4848 2592 4885 suam
2630 4832 3115 4902 pulchritudinem
3146 4833 3456 4887 reformata
3484 4838 3589 4898 est,
3649 4838 3707 4886 et

1998 4920 2205 4973 mulier
2235 4924 2442 4985 erecta,
2468 4922 2525 4973 et
2567 4935 2738 4973 usum
2789 4919 3143 4983 ambulandi,
3175 4926 3229 4972 et
3256 4919 3477 4989 reliqua
3510 4935 3701 4972 mem-

1996 5008 2229 5061 brorum
2268 5007 2456 5061 officia
2507 5023 2638 5061 cum
2676 5007 2834 5061 omni
2891 5007 3218 5076 integritate
3278 5008 3577 5076 reciperet.
3642 5007 3702 5061 Id

1996 5102 2190 5151 autem
2237 5095 2550 5150 certissima
2616 5096 2730 5150 fide
2794 5096 3090 5165 cognitum
3146 5098 3250 5158 est,
3324 5094 3703 5148 referentibus

1994 5184 2130 5239 boni
2161 5183 2473 5238 testimonii
2520 5183 2811 5249 fratribus,
2866 5183 2965 5253 qui
3006 5186 3317 5252 praesentes
3355 5181 3489 5236 huic
3536 5183 3705 5236 mira-

1996 5280 2125 5333 culo
2154 5294 2213 5332 se
2239 5278 2563 5332 interfuisse
2594 5283 2653 5332 et
2678 5277 2887 5331 vidisse
2917 5275 3109 5330 testati
3139 5281 3290 5330 sunt.

2087 5370 2137 5421 3.
2185 5367 2378 5437 Neque
2449 5368 2554 5421 hoc
2634 5364 3043 5435 negligendum
3096 5369 3193 5417 aut
3272 5365 3498 5420 silentio
3550 5382 3699 5435 pra:-

1992 5455 2338 5509 tereundum
2371 5454 2613 5519 videtur,
2648 5453 2801 5524 quod
2856 5452 3172 5524 antiquitas
3227 5454 3479 5520 tradidit,
3512 5458 3571 5507 et
3599 5469 3699 5506 ve-

1994 5544 2170 5598 ridica
2217 5544 2492 5597 relatione
2548 5542 2861 5595 multorum
2902 5542 3194 5595 memorie
3242 5541 3697 5596 commendavit.
