  <div class='ocr_page' id='page_1' title='image "/cluster/home/n/w/nwhite01/storage/ocr_20150623/140/hvd.32044054760004/071.png"; bbox 0 0 4012 6204; ppageno 0'>
   <div class='ocr_carea' id='block_1_1' title="bbox 294 282 383 335">
    <p class='ocr_par' dir='ltr' id='par_1_1' title="bbox 294 282 383 335">
     <span class='ocr_line' id='line_1_1' title="bbox 294 282 383 335; baseline -0.022 0"><span class='ocrx_word' id='word_1_1' title='bbox 294 282 383 335; x_wconf 71' lang='grc'><strong>131</strong></span> 
     </span>
    </p>
   </div>
   <div class='ocr_carea' id='block_1_2' title="bbox 1598 266 2496 325">
    <p class='ocr_par' dir='ltr' id='par_1_2' title="bbox 1598 266 2496 325">
     <span class='ocr_line' id='line_1_2' title="bbox 1598 266 2496 325; baseline 0 -3"><span class='ocrx_word' id='word_1_2' title='bbox 1598 273 1651 322; x_wconf 78' lang='lat' dir='ltr'><strong>S.</strong></span> <span class='ocrx_word' id='word_1_3' title='bbox 1699 270 1740 325; x_wconf 81' lang='grc' dir='ltr'><strong>Η</strong></span> <span class='ocrx_word' id='word_1_4' title='bbox 1755 267 1987 325; x_wconf 78' lang='lat' dir='ltr'><strong>ENRICI</strong></span> <span class='ocrx_word' id='word_1_5' title='bbox 2028 269 2098 323; x_wconf 77' lang='lat' dir='ltr'><strong>1M</strong></span> <span class='ocrx_word' id='word_1_6' title='bbox 2111 266 2496 323; x_wconf 79' lang='lat' dir='ltr'><strong>PEItATORlS</strong></span> 
     </span>
    </p>
   </div>
   <div class='ocr_carea' id='block_1_3' title="bbox 3696 271 3798 320">
    <p class='ocr_par' dir='ltr' id='par_1_3' title="bbox 3696 271 3798 320">
     <span class='ocr_line' id='line_1_3' title="bbox 3696 271 3798 320; baseline -0.01 0"><span class='ocrx_word' id='word_1_7' title='bbox 3696 271 3798 320; x_wconf 66' lang='lat'><strong>{3&#39;2</strong></span> 
     </span>
    </p>
   </div>
   <div class='ocr_carea' id='block_1_4' title="bbox 283 389 3805 466">
    <p class='ocr_par' dir='ltr' id='par_1_4' title="bbox 283 389 3805 466">
     <span class='ocr_line' id='line_1_4' title="bbox 283 389 3805 466; baseline -0.004 -9"><span class='ocrx_word' id='word_1_8' title='bbox 283 403 526 466; x_wconf 86' lang='lat' dir='ltr'><strong>Quidam</strong></span> <span class='ocrx_word' id='word_1_9' title='bbox 585 400 830 454; x_wconf 75' lang='lat' dir='ltr'><strong>aedituus</strong></span> <span class='ocrx_word' id='word_1_10' title='bbox 875 397 935 453; x_wconf 89' lang='lat' dir='ltr'><strong>in</strong></span> <span class='ocrx_word' id='word_1_11' title='bbox 985 397 1186 452; x_wconf 85' lang='lat' dir='ltr'><strong>ordine</strong></span> <span class='ocrx_word' id='word_1_12' title='bbox 1235 396 1378 450; x_wconf 88' lang='lat' dir='ltr'><strong>laico</strong></span> <span class='ocrx_word' id='word_1_13' title='bbox 1431 395 1499 450; x_wconf 89' lang='lat' dir='ltr'><strong>ad</strong></span> <span class='ocrx_word' id='word_1_14' title='bbox 1537 393 1852 448; x_wconf 79' lang='lat' dir='ltr'><strong>custodiam</strong></span> <span class='ocrx_word' id='word_1_15' title='bbox 1895 408 1981 445; x_wconf 87' lang='lat' dir='ltr'><strong>ec-</strong></span> <span class='ocrx_word' id='word_1_16' title='bbox 2015 395 2054 445; x_wconf 84' lang='lat' dir='ltr'><strong>A</strong></span> <span class='ocrx_word' id='word_1_17' title='bbox 2101 391 2168 445; x_wconf 91' lang='lat' dir='ltr'><strong>ad</strong></span> <span class='ocrx_word' id='word_1_18' title='bbox 2203 391 2492 444; x_wconf 79' lang='lat' dir='ltr'><strong>dexteram</strong></span> <span class='ocrx_word' id='word_1_19' title='bbox 2556 390 2762 453; x_wconf 82' lang='lat' dir='ltr'><strong>Patris,</strong></span> <span class='ocrx_word' id='word_1_20' title='bbox 2795 390 2999 444; x_wconf 92' lang='lat' dir='ltr'><strong>eodem</strong></span> <span class='ocrx_word' id='word_1_21' title='bbox 3060 389 3322 444; x_wconf 85' lang='lat' dir='ltr'><strong>invocato</strong></span> <span class='ocrx_word' id='word_1_22' title='bbox 3368 389 3664 457; x_wconf 91' lang='lat' dir='ltr'><strong>miraculo,</strong></span> <span class='ocrx_word' id='word_1_23' title='bbox 3698 406 3805 460; x_wconf 84' lang='lat' dir='ltr'><strong>per</strong></span> 
     </span>
    </p>
   </div>
   <div class='ocr_carea' id='block_1_5' title="bbox 283 480 1985 558">
    <p class='ocr_par' dir='ltr' id='par_1_5' title="bbox 283 480 1985 558">
     <span class='ocr_line' id='line_1_5' title="bbox 283 480 1985 558; baseline -0.008 -13"><span class='ocrx_word' id='word_1_24' title='bbox 283 490 466 545; x_wconf 68' lang='lat' dir='ltr'><strong>clesiaa</strong></span> <span class='ocrx_word' id='word_1_25' title='bbox 495 490 820 558; x_wconf 89' lang='lat' dir='ltr'><strong>deputatus,</strong></span> <span class='ocrx_word' id='word_1_26' title='bbox 854 486 1020 540; x_wconf 86' lang='lat' dir='ltr'><strong>furtis</strong></span> <span class='ocrx_word' id='word_1_27' title='bbox 1049 486 1222 555; x_wconf 81' lang='lat' dir='ltr'><strong>ccepit</strong></span> <span class='ocrx_word' id='word_1_28' title='bbox 1276 497 1662 542; x_wconf 87' lang='lat' dir='ltr'><strong>consuescere,</strong></span> <span class='ocrx_word' id='word_1_29' title='bbox 1697 485 1754 534; x_wconf 92' lang='lat' dir='ltr'><strong>et</strong></span> <span class='ocrx_word' id='word_1_30' title='bbox 1783 480 1838 533; x_wconf 91' lang='lat' dir='ltr'><strong>in</strong></span> <span class='ocrx_word' id='word_1_31' title='bbox 1863 480 1985 548; x_wconf 80' lang='lat' dir='ltr'><strong>ipsa</strong></span> 
     </span>
    </p>
   </div>
   <div class='ocr_carea' id='block_1_6' title="bbox 283 567 1981 646">
    <p class='ocr_par' dir='ltr' id='par_1_6' title="bbox 283 567 1981 646">
     <span class='ocr_line' id='line_1_6' title="bbox 283 567 1981 646; baseline -0.007 -14"><span class='ocrx_word' id='word_1_32' title='bbox 283 578 541 645; x_wconf 80' lang='lat' dir='ltr'><strong>ecclesia,</strong></span> <span class='ocrx_word' id='word_1_33' title='bbox 574 590 953 646; x_wconf 65' lang='lat' dir='ltr'><strong>quaecumque</strong></span> <span class='ocrx_word' id='word_1_34' title='bbox 1003 578 1245 644; x_wconf 78' lang='lat' dir='ltr'><strong>poterat,</strong></span> <span class='ocrx_word' id='word_1_35' title='bbox 1299 571 1555 624; x_wconf 77' lang='lat' dir='ltr'><strong>clanculo</strong></span> <span class='ocrx_word' id='word_1_36' title='bbox 1605 567 1981 622; x_wconf 85' lang='lat' dir='ltr'><strong>decrustabat.</strong></span> 
     </span>
    </p>
   </div>
   <div class='ocr_carea' id='block_1_7' title="bbox 283 656 1986 737">
    <p class='ocr_par' dir='ltr' id='par_1_7' title="bbox 283 656 1986 737">
     <span class='ocr_line' id='line_1_7' title="bbox 283 656 1986 737; baseline -0.008 -16"><span class='ocrx_word' id='word_1_37' title='bbox 283 667 390 722; x_wconf 89' lang='lat' dir='ltr'><strong>Sed</strong></span> <span class='ocrx_word' id='word_1_38' title='bbox 423 663 909 737; x_wconf 87' lang='lat' dir='ltr'><strong>quemadmodum</strong></span> <span class='ocrx_word' id='word_1_39' title='bbox 936 661 1103 715; x_wconf 90' lang='lat' dir='ltr'><strong>bonis</strong></span> <span class='ocrx_word' id='word_1_40' title='bbox 1126 663 1224 715; x_wconf 86' lang='lat' dir='ltr'><strong>Dei</strong></span> <span class='ocrx_word' id='word_1_41' title='bbox 1257 661 1404 713; x_wconf 81' lang='lat' dir='ltr'><strong>male</strong></span> <span class='ocrx_word' id='word_1_42' title='bbox 1439 657 1671 723; x_wconf 83' lang='lat' dir='ltr'><strong>utendo,</strong></span> <span class='ocrx_word' id='word_1_43' title='bbox 1707 656 1839 709; x_wconf 90' lang='lat' dir='ltr'><strong>mali</strong></span> <span class='ocrx_word' id='word_1_44' title='bbox 1863 656 1986 725; x_wconf 89' lang='lat' dir='ltr'><strong>ipsa</strong></span> 
     </span>
    </p>
   </div>
   <div class='ocr_carea' id='block_1_8' title="bbox 284 745 1986 822">
    <p class='ocr_par' dir='ltr' id='par_1_8' title="bbox 284 745 1986 822">
     <span class='ocr_line' id='line_1_8' title="bbox 284 745 1986 822; baseline -0.006 -13"><span class='ocrx_word' id='word_1_45' title='bbox 284 757 438 810; x_wconf 89' lang='lat' dir='ltr'><strong>bona</strong></span> <span class='ocrx_word' id='word_1_46' title='bbox 489 753 609 817; x_wconf 85' lang='lat' dir='ltr'><strong>Dei,</strong></span> <span class='ocrx_word' id='word_1_47' title='bbox 665 755 947 822; x_wconf 87' lang='lat' dir='ltr'><strong>quantum</strong></span> <span class='ocrx_word' id='word_1_48' title='bbox 1001 750 1061 803; x_wconf 91' lang='lat' dir='ltr'><strong>in</strong></span> <span class='ocrx_word' id='word_1_49' title='bbox 1117 767 1176 803; x_wconf 91' lang='lat' dir='ltr'><strong>se</strong></span> <span class='ocrx_word' id='word_1_50' title='bbox 1223 754 1324 815; x_wconf 89' lang='lat' dir='ltr'><strong>est,</strong></span> <span class='ocrx_word' id='word_1_51' title='bbox 1379 745 1803 817; x_wconf 87' lang='lat' dir='ltr'><strong>quodammodo</strong></span> <span class='ocrx_word' id='word_1_52' title='bbox 1848 762 1986 798; x_wconf 89' lang='lat' dir='ltr'><strong>con-</strong></span> 
     </span>
    </p>
   </div>
   <div class='ocr_carea' id='block_1_9' title="bbox 283 833 1982 908">
    <p class='ocr_par' dir='ltr' id='par_1_9' title="bbox 283 833 1982 908">
     <span class='ocr_line' id='line_1_9' title="bbox 283 833 1982 908; baseline -0.008 -11"><span class='ocrx_word' id='word_1_53' title='bbox 283 847 515 896; x_wconf 83' lang='lat' dir='ltr'><strong>vertunt</strong></span> <span class='ocrx_word' id='word_1_54' title='bbox 552 840 670 893; x_wconf 91' lang='lat' dir='ltr'><strong>imo</strong></span> <span class='ocrx_word' id='word_1_55' title='bbox 725 842 1058 908; x_wconf 89' lang='lat' dir='ltr'><strong>pervertunt</strong></span> <span class='ocrx_word' id='word_1_56' title='bbox 1107 835 1165 888; x_wconf 88' lang='lat' dir='ltr'><strong>in</strong></span> <span class='ocrx_word' id='word_1_57' title='bbox 1223 835 1480 899; x_wconf 88' lang='lat' dir='ltr'><strong>malum;</strong></span> <span class='ocrx_word' id='word_1_58' title='bbox 1528 834 1603 886; x_wconf 85' lang='lat' dir='ltr'><strong>ita</strong></span> <span class='ocrx_word' id='word_1_59' title='bbox 1635 849 1664 884; x_wconf 89' lang='lat' dir='ltr'><strong>e</strong></span> <span class='ocrx_word' id='word_1_60' title='bbox 1696 833 1982 885; x_wconf 76' lang='lat' dir='ltr'><strong>contrarEo</strong></span> 
     </span>
    </p>
   </div>
   <div class='ocr_carea' id='block_1_10' title="bbox 286 920 1984 993">
    <p class='ocr_par' dir='ltr' id='par_1_10' title="bbox 286 920 1984 993">
     <span class='ocr_line' id='line_1_10' title="bbox 286 920 1984 993; baseline -0.007 -9"><span class='ocrx_word' id='word_1_61' title='bbox 286 945 546 983; x_wconf 90' lang='lat' dir='ltr'><strong>summus</strong></span> <span class='ocrx_word' id='word_1_62' title='bbox 593 927 790 981; x_wconf 80' lang='lat' dir='ltr'><strong>artifex</strong></span> <span class='ocrx_word' id='word_1_63' title='bbox 823 926 971 979; x_wconf 90' lang='lat' dir='ltr'><strong>mala</strong></span> <span class='ocrx_word' id='word_1_64' title='bbox 1002 924 1282 977; x_wconf 89' lang='lat' dir='ltr'><strong>malorum</strong></span> <span class='ocrx_word' id='word_1_65' title='bbox 1339 922 1684 993; x_wconf 86' lang='lat' dir='ltr'><strong>quandoque</strong></span> <span class='ocrx_word' id='word_1_66' title='bbox 1720 920 1890 974; x_wconf 88' lang='lat' dir='ltr'><strong>etiam</strong></span> <span class='ocrx_word' id='word_1_67' title='bbox 1925 921 1984 972; x_wconf 91' lang='lat' dir='ltr'><strong>in</strong></span> 
     </span>
    </p>
   </div>
   <div class='ocr_carea' id='block_1_11' title="bbox 282 1009 1980 1083">
    <p class='ocr_par' dir='ltr' id='par_1_11' title="bbox 282 1009 1980 1083">
     <span class='ocr_line' id='line_1_11' title="bbox 282 1009 1980 1083; baseline -0.007 -11"><span class='ocrx_word' id='word_1_68' title='bbox 282 1018 500 1072; x_wconf 90' lang='lat' dir='ltr'><strong>bonum</strong></span> <span class='ocrx_word' id='word_1_69' title='bbox 540 1013 819 1069; x_wconf 80' lang='lat' dir='ltr'><strong>convertit</strong></span> <span class='ocrx_word' id='word_1_70' title='bbox 851 1013 1131 1083; x_wconf 87' lang='lat' dir='ltr'><strong>ipsorum.</strong></span> <span class='ocrx_word' id='word_1_71' title='bbox 1186 1013 1255 1065; x_wconf 90' lang='lat' dir='ltr'><strong>Ut</strong></span> <span class='ocrx_word' id='word_1_72' title='bbox 1287 1010 1442 1064; x_wconf 91' lang='lat' dir='ltr'><strong>enim</strong></span> <span class='ocrx_word' id='word_1_73' title='bbox 1491 1011 1557 1064; x_wconf 91' lang='lat' dir='ltr'><strong>ad</strong></span> <span class='ocrx_word' id='word_1_74' title='bbox 1620 1009 1980 1080; x_wconf 87' lang='lat' dir='ltr'><strong>propositum</strong></span> 
     </span>
    </p>
   </div>
   <div class='ocr_carea' id='block_1_12' title="bbox 284 1097 1982 1172">
    <p class='ocr_par' dir='ltr' id='par_1_12' title="bbox 284 1097 1982 1172">
     <span class='ocr_line' id='line_1_12' title="bbox 284 1097 1982 1172; baseline -0.006 -12"><span class='ocrx_word' id='word_1_75' title='bbox 284 1106 606 1168; x_wconf 87' lang='lat' dir='ltr'><strong>redeamus,</strong></span> <span class='ocrx_word' id='word_1_76' title='bbox 640 1103 731 1156; x_wconf 90' lang='lat' dir='ltr'><strong>ille</strong></span> <span class='ocrx_word' id='word_1_77' title='bbox 759 1101 1061 1172; x_wconf 74' lang='lat' dir='ltr'><strong>praedictus</strong></span> <span class='ocrx_word' id='word_1_78' title='bbox 1116 1099 1511 1153; x_wconf 79' lang='lat' dir='ltr'><strong>ecclesiasticae</strong></span> <span class='ocrx_word' id='word_1_79' title='bbox 1559 1098 1829 1151; x_wconf 74' lang='lat' dir='ltr'><strong>custodiae</strong></span> <span class='ocrx_word' id='word_1_80' title='bbox 1883 1097 1982 1150; x_wconf 86' lang='lat' dir='ltr'><strong>de-</strong></span> 
     </span>
    </p>
   </div>
   <div class='ocr_carea' id='block_1_13' title="bbox 287 1185 1984 1265">
    <p class='ocr_par' dir='ltr' id='par_1_13' title="bbox 287 1185 1984 1265">
     <span class='ocr_line' id='line_1_13' title="bbox 287 1185 1984 1265; baseline -0.007 -16"><span class='ocrx_word' id='word_1_81' title='bbox 287 1199 543 1265; x_wconf 85' lang='lat' dir='ltr'><strong>putatur,</strong></span> <span class='ocrx_word' id='word_1_82' title='bbox 576 1208 704 1246; x_wconf 89' lang='lat' dir='ltr'><strong>curn</strong></span> <span class='ocrx_word' id='word_1_83' title='bbox 729 1190 848 1259; x_wconf 88' lang='lat' dir='ltr'><strong>jam</strong></span> <span class='ocrx_word' id='word_1_84' title='bbox 877 1189 1076 1242; x_wconf 89' lang='lat' dir='ltr'><strong>iuolita</strong></span> <span class='ocrx_word' id='word_1_85' title='bbox 1119 1188 1386 1242; x_wconf 88' lang='lat' dir='ltr'><strong>vitiorum</strong></span> <span class='ocrx_word' id='word_1_86' title='bbox 1445 1186 1857 1240; x_wconf 89' lang='lat' dir='ltr'><strong>consuetudine</strong></span> <span class='ocrx_word' id='word_1_87' title='bbox 1889 1185 1984 1255; x_wconf 86' lang='lat' dir='ltr'><strong>ip-</strong></span> 
     </span>
    </p>
   </div>
   <div class='ocr_carea' id='block_1_14' title="bbox 281 1275 1983 1348">
    <p class='ocr_par' dir='ltr' id='par_1_14' title="bbox 281 1275 1983 1348">
     <span class='ocr_line' id='line_1_14' title="bbox 281 1275 1983 1348; baseline -0.006 -12"><span class='ocrx_word' id='word_1_88' title='bbox 281 1299 400 1336; x_wconf 87' lang='lat' dir='ltr'><strong>sam</strong></span> <span class='ocrx_word' id='word_1_89' title='bbox 447 1279 854 1334; x_wconf 86' lang='lat' dir='ltr'><strong>consuetudine</strong></span> <span class='ocrx_word' id='word_1_90' title='bbox 915 1277 1184 1348; x_wconf 86' lang='lat' dir='ltr'><strong>peccandi</strong></span> <span class='ocrx_word' id='word_1_91' title='bbox 1240 1276 1350 1330; x_wconf 91' lang='lat' dir='ltr'><strong>sibi</strong></span> <span class='ocrx_word' id='word_1_92' title='bbox 1426 1275 1589 1346; x_wconf 88' lang='lat' dir='ltr'><strong>quasi</strong></span> <span class='ocrx_word' id='word_1_93' title='bbox 1658 1275 1844 1345; x_wconf 83' lang='lat' dir='ltr'><strong>legem</strong></span> <span class='ocrx_word' id='word_1_94' title='bbox 1901 1275 1983 1328; x_wconf 83' lang='lat' dir='ltr'><strong>fe-</strong></span> 
     </span>
    </p>
   </div>
   <div class='ocr_carea' id='block_1_15' title="bbox 281 1363 1982 1433">
    <p class='ocr_par' dir='ltr' id='par_1_15' title="bbox 281 1363 1982 1433">
     <span class='ocr_line' id='line_1_15' title="bbox 281 1363 1982 1433; baseline -0.004 -10"><span class='ocrx_word' id='word_1_95' title='bbox 281 1371 467 1431; x_wconf 86' lang='lat' dir='ltr'><strong>cisset,</strong></span> <span class='ocrx_word' id='word_1_96' title='bbox 547 1366 988 1422; x_wconf 82' lang='lat' dir='ltr'><strong>misericorditer</strong></span> <span class='ocrx_word' id='word_1_97' title='bbox 1045 1382 1077 1418; x_wconf 91' lang='lat' dir='ltr'><strong>a</strong></span> <span class='ocrx_word' id='word_1_98' title='bbox 1158 1363 1400 1418; x_wconf 91' lang='lat' dir='ltr'><strong>Domino</strong></span> <span class='ocrx_word' id='word_1_99' title='bbox 1469 1363 1730 1416; x_wconf 72' lang='lat' dir='ltr'><strong>visitatus</strong></span> <span class='ocrx_word' id='word_1_100' title='bbox 1811 1370 1982 1433; x_wconf 88' lang='lat' dir='ltr'><strong>atque</strong></span> 
     </span>
    </p>
   </div>
   <div class='ocr_carea' id='block_1_16' title="bbox 281 1452 1983 1526">
    <p class='ocr_par' dir='ltr' id='par_1_16' title="bbox 281 1452 1983 1526">
     <span class='ocr_line' id='line_1_16' title="bbox 281 1452 1983 1526; baseline -0.004 -15"><span class='ocrx_word' id='word_1_101' title='bbox 281 1462 580 1526; x_wconf 84' lang='lat' dir='ltr'><strong>correptus</strong></span> <span class='ocrx_word' id='word_1_102' title='bbox 609 1461 711 1521; x_wconf 91' lang='lat' dir='ltr'><strong>est,</strong></span> <span class='ocrx_word' id='word_1_103' title='bbox 753 1456 914 1522; x_wconf 76' lang='lat' dir='ltr'><strong>juvta</strong></span> <span class='ocrx_word' id='word_1_104' title='bbox 940 1453 1128 1506; x_wconf 92' lang='lat' dir='ltr'><strong>illud:</strong></span> <span class='ocrx_word' id='word_1_105' title='bbox 1176 1453 1232 1507; x_wconf 92' lang='lat' dir='ltr'><strong>Si</strong></span> <span class='ocrx_word' id='word_1_106' title='bbox 1279 1452 1533 1523; x_wconf 89' lang='lat' dir='ltr'><strong>justitias</strong></span> <span class='ocrx_word' id='word_1_107' title='bbox 1580 1467 1738 1504; x_wconf 91' lang='lat' dir='ltr'><strong>meas</strong></span> <span class='ocrx_word' id='word_1_108' title='bbox 1792 1452 1983 1521; x_wconf 88' lang='lat' dir='ltr'><strong>profa-</strong></span> 
     </span>
    </p>
   </div>
   <div class='ocr_carea' id='block_1_17' title="bbox 282 1539 1983 1610">
    <p class='ocr_par' dir='ltr' id='par_1_17' title="bbox 282 1539 1983 1610">
     <span class='ocr_line' id='line_1_17' title="bbox 282 1539 1983 1610; baseline -0.004 -11"><span class='ocrx_word' id='word_1_109' title='bbox 282 1546 564 1610; x_wconf 85' lang='lat' dir='ltr'><strong>naverint,</strong></span> <span class='ocrx_word' id='word_1_110' title='bbox 602 1549 658 1598; x_wconf 93' lang='lat' dir='ltr'><strong>et</strong></span> <span class='ocrx_word' id='word_1_111' title='bbox 681 1543 947 1596; x_wconf 88' lang='lat' dir='ltr'><strong>mandata</strong></span> <span class='ocrx_word' id='word_1_112' title='bbox 970 1558 1096 1595; x_wconf 90' lang='lat' dir='ltr'><strong>mea</strong></span> <span class='ocrx_word' id='word_1_113' title='bbox 1155 1557 1267 1594; x_wconf 90' lang='lat' dir='ltr'><strong>non</strong></span> <span class='ocrx_word' id='word_1_114' title='bbox 1314 1539 1708 1606; x_wconf 89' lang='lat' dir='ltr'><strong>custodierint,</strong></span> <span class='ocrx_word' id='word_1_115' title='bbox 1744 1541 1983 1594; x_wconf 87' lang='lat' dir='ltr'><strong>visitabo</strong></span> 
     </span>
    </p>
   </div>
   <div class='ocr_carea' id='block_1_18' title="bbox 281 1628 1983 1702">
    <p class='ocr_par' dir='ltr' id='par_1_18' title="bbox 281 1628 1983 1702">
     <span class='ocr_line' id='line_1_18' title="bbox 281 1628 1983 1702; baseline -0.003 -16"><span class='ocrx_word' id='word_1_116' title='bbox 281 1635 339 1687; x_wconf 90' lang='lat' dir='ltr'><strong>in</strong></span> <span class='ocrx_word' id='word_1_117' title='bbox 371 1634 532 1702; x_wconf 86' lang='lat' dir='ltr'><strong>virga</strong></span> <span class='ocrx_word' id='word_1_118' title='bbox 559 1631 890 1702; x_wconf 85' lang='lat' dir='ltr'><strong>iniquitates</strong></span> <span class='ocrx_word' id='word_1_119' title='bbox 921 1645 1140 1695; x_wconf 87' lang='lat' dir='ltr'><strong>eorum,</strong></span> <span class='ocrx_word' id='word_1_120' title='bbox 1184 1634 1239 1682; x_wconf 88' lang='lat' dir='ltr'><strong>et</strong></span> <span class='ocrx_word' id='word_1_121' title='bbox 1288 1629 1348 1682; x_wconf 89' lang='lat' dir='ltr'><strong>in</strong></span> <span class='ocrx_word' id='word_1_122' title='bbox 1381 1628 1712 1682; x_wconf 84' lang='lat' dir='ltr'><strong>verberibus</strong></span> <span class='ocrx_word' id='word_1_123' title='bbox 1755 1633 1983 1698; x_wconf 88' lang='lat' dir='ltr'><strong>peccata</strong></span> 
     </span>
    </p>
   </div>
   <div class='ocr_carea' id='block_1_19' title="bbox 282 1717 1982 1788">
    <p class='ocr_par' dir='ltr' id='par_1_19' title="bbox 282 1717 1982 1788">
     <span class='ocr_line' id='line_1_19' title="bbox 282 1717 1982 1788; baseline -0.004 -13"><span class='ocrx_word' id='word_1_124' title='bbox 282 1737 500 1775; x_wconf 91' lang='lat' dir='ltr'><strong>eorum.</strong></span> <span class='ocrx_word' id='word_1_125' title='bbox 563 1722 735 1774; x_wconf 86' lang='lat' dir='ltr'><strong>Nocte</strong></span> <span class='ocrx_word' id='word_1_126' title='bbox 765 1719 943 1788; x_wconf 80' lang='lat' dir='ltr'><strong>igitur</strong></span> <span class='ocrx_word' id='word_1_127' title='bbox 989 1717 1257 1788; x_wconf 91' lang='lat' dir='ltr'><strong>quadam,</strong></span> <span class='ocrx_word' id='word_1_128' title='bbox 1301 1718 1436 1772; x_wconf 91' lang='lat' dir='ltr'><strong>dum</strong></span> <span class='ocrx_word' id='word_1_129' title='bbox 1485 1717 1542 1770; x_wconf 89' lang='lat' dir='ltr'><strong>in</strong></span> <span class='ocrx_word' id='word_1_130' title='bbox 1598 1717 1723 1786; x_wconf 89' lang='lat' dir='ltr'><strong>ipsa</strong></span> <span class='ocrx_word' id='word_1_131' title='bbox 1748 1717 1982 1769; x_wconf 89' lang='lat' dir='ltr'><strong>ecclesia</strong></span> 
     </span>
    </p>
   </div>
   <div class='ocr_carea' id='block_1_20' title="bbox 278 1805 1980 1876">
    <p class='ocr_par' dir='ltr' id='par_1_20' title="bbox 278 1805 1980 1876">
     <span class='ocr_line' id='line_1_20' title="bbox 278 1805 1980 1876; baseline -0.002 -14"><span class='ocrx_word' id='word_1_132' title='bbox 278 1825 547 1864; x_wconf 87' lang='lat' dir='ltr'><strong>somnum</strong></span> <span class='ocrx_word' id='word_1_133' title='bbox 597 1813 847 1876; x_wconf 86' lang='lat' dir='ltr'><strong>caperet,</strong></span> <span class='ocrx_word' id='word_1_134' title='bbox 891 1822 1089 1859; x_wconf 86' lang='lat' dir='ltr'><strong>servus</strong></span> <span class='ocrx_word' id='word_1_135' title='bbox 1119 1805 1219 1859; x_wconf 88' lang='lat' dir='ltr'><strong>Dei</strong></span> <span class='ocrx_word' id='word_1_136' title='bbox 1267 1810 1495 1875; x_wconf 85' lang='lat' dir='ltr'><strong>aspectu</strong></span> <span class='ocrx_word' id='word_1_137' title='bbox 1552 1805 1828 1858; x_wconf 82' lang='lat' dir='ltr'><strong>terribilis</strong></span> <span class='ocrx_word' id='word_1_138' title='bbox 1896 1805 1980 1858; x_wconf 92' lang='lat' dir='ltr'><strong>illi</strong></span> 
     </span>
    </p>
   </div>
   <div class='ocr_carea' id='block_1_21' title="bbox 279 1893 1979 1968">
    <p class='ocr_par' dir='ltr' id='par_1_21' title="bbox 279 1893 1979 1968">
     <span class='ocr_line' id='line_1_21' title="bbox 279 1893 1979 1968; baseline -0.002 -17"><span class='ocrx_word' id='word_1_139' title='bbox 279 1897 569 1968; x_wconf 84' lang='lat' dir='ltr'><strong>apparuit,</strong></span> <span class='ocrx_word' id='word_1_140' title='bbox 603 1896 779 1966; x_wconf 87' lang='lat' dir='ltr'><strong>quiet</strong></span> <span class='ocrx_word' id='word_1_141' title='bbox 812 1910 1010 1964; x_wconf 82' lang='lat' dir='ltr'><strong>aspere</strong></span> <span class='ocrx_word' id='word_1_142' title='bbox 1056 1894 1313 1947; x_wconf 90' lang='lat' dir='ltr'><strong>invectus</strong></span> <span class='ocrx_word' id='word_1_143' title='bbox 1337 1895 1394 1946; x_wconf 92' lang='lat' dir='ltr'><strong>in</strong></span> <span class='ocrx_word' id='word_1_144' title='bbox 1445 1909 1577 1947; x_wconf 89' lang='lat' dir='ltr'><strong>eum</strong></span> <span class='ocrx_word' id='word_1_145' title='bbox 1609 1893 1752 1947; x_wconf 81' lang='lat' dir='ltr'><strong>dixit</strong></span> <span class='ocrx_word' id='word_1_146' title='bbox 1793 1910 1805 1947; x_wconf 90' lang='lat'>:</span> <span class='ocrx_word' id='word_1_147' title='bbox 1839 1893 1979 1963; x_wconf 87' lang='lat' dir='ltr'><strong>Spe-</strong></span> 
     </span>
    </p>
   </div>
   <div class='ocr_carea' id='block_1_22' title="bbox 279 1981 1976 2055">
    <p class='ocr_par' dir='ltr' id='par_1_22' title="bbox 279 1981 1976 2055">
     <span class='ocr_line' id='line_1_22' title="bbox 279 1981 1976 2055; baseline -0.002 -16"><span class='ocrx_word' id='word_1_148' title='bbox 279 1988 391 2040; x_wconf 89' lang='lat' dir='ltr'><strong>cies</strong></span> <span class='ocrx_word' id='word_1_149' title='bbox 421 1985 632 2055; x_wconf 89' lang='lat' dir='ltr'><strong>decipit</strong></span> <span class='ocrx_word' id='word_1_150' title='bbox 660 1991 735 2048; x_wconf 90' lang='lat' dir='ltr'><strong>te,</strong></span> <span class='ocrx_word' id='word_1_151' title='bbox 768 1988 825 2037; x_wconf 90' lang='lat' dir='ltr'><strong>et</strong></span> <span class='ocrx_word' id='word_1_152' title='bbox 848 1981 1307 2052; x_wconf 89' lang='lat' dir='ltr'><strong>concupiscentia</strong></span> <span class='ocrx_word' id='word_1_153' title='bbox 1339 1982 1613 2035; x_wconf 83' lang='lat' dir='ltr'><strong>subvertit</strong></span> <span class='ocrx_word' id='word_1_154' title='bbox 1655 1999 1752 2035; x_wconf 91' lang='lat' dir='ltr'><strong>cor</strong></span> <span class='ocrx_word' id='word_1_155' title='bbox 1791 1987 1976 2048; x_wconf 87' lang='lat' dir='ltr'><strong>tuum,</strong></span> 
     </span>
    </p>
   </div>
   <div class='ocr_carea' id='block_1_23' title="bbox 279 2069 1976 2140">
    <p class='ocr_par' dir='ltr' id='par_1_23' title="bbox 279 2069 1976 2140">
     <span class='ocr_line' id='line_1_23' title="bbox 279 2069 1976 2140; baseline -0.002 -12"><span class='ocrx_word' id='word_1_156' title='bbox 279 2075 463 2138; x_wconf 86' lang='lat' dir='ltr'><strong>Quare</strong></span> <span class='ocrx_word' id='word_1_157' title='bbox 503 2073 610 2126; x_wconf 91' lang='lat' dir='ltr'><strong>hoc</strong></span> <span class='ocrx_word' id='word_1_158' title='bbox 630 2078 686 2126; x_wconf 89' lang='lat' dir='ltr'><strong>et</strong></span> <span class='ocrx_word' id='word_1_159' title='bbox 723 2071 831 2124; x_wconf 93' lang='lat' dir='ltr'><strong>hoc</strong></span> <span class='ocrx_word' id='word_1_160' title='bbox 880 2070 1108 2124; x_wconf 85' lang='lat' dir='ltr'><strong>fecisti?</strong></span> <span class='ocrx_word' id='word_1_161' title='bbox 1162 2069 1310 2123; x_wconf 90' lang='lat' dir='ltr'><strong>Scito</strong></span> <span class='ocrx_word' id='word_1_162' title='bbox 1363 2070 1498 2140; x_wconf 86' lang='lat' dir='ltr'><strong>quia</strong></span> <span class='ocrx_word' id='word_1_163' title='bbox 1553 2086 1672 2123; x_wconf 87' lang='lat' dir='ltr'><strong>rem</strong></span> <span class='ocrx_word' id='word_1_164' title='bbox 1719 2070 1976 2140; x_wconf 88' lang='lat' dir='ltr'><strong>iniquam</strong></span> 
     </span>
    </p>
   </div>
   <div class='ocr_carea' id='block_1_24' title="bbox 279 2158 1976 2234">
    <p class='ocr_par' dir='ltr' id='par_1_24' title="bbox 279 2158 1976 2234">
     <span class='ocr_line' id='line_1_24' title="bbox 279 2158 1976 2234; baseline -0.003 -18"><span class='ocrx_word' id='word_1_165' title='bbox 279 2167 547 2234; x_wconf 86' lang='lat' dir='ltr'><strong>operatus</strong></span> <span class='ocrx_word' id='word_1_166' title='bbox 579 2177 657 2214; x_wconf 91' lang='lat' dir='ltr'><strong>es.</strong></span> <span class='ocrx_word' id='word_1_167' title='bbox 691 2162 803 2214; x_wconf 84' lang='lat' dir='ltr'><strong>Hoc</strong></span> <span class='ocrx_word' id='word_1_168' title='bbox 828 2159 996 2223; x_wconf 92' lang='lat' dir='ltr'><strong>dicto,</strong></span> <span class='ocrx_word' id='word_1_169' title='bbox 1028 2159 1192 2211; x_wconf 88' lang='lat' dir='ltr'><strong>illum</strong></span> <span class='ocrx_word' id='word_1_170' title='bbox 1215 2159 1284 2211; x_wconf 89' lang='lat' dir='ltr'><strong>de</strong></span> <span class='ocrx_word' id='word_1_171' title='bbox 1315 2164 1496 2212; x_wconf 90' lang='lat' dir='ltr'><strong>stratu</strong></span> <span class='ocrx_word' id='word_1_172' title='bbox 1527 2175 1630 2212; x_wconf 92' lang='lat' dir='ltr'><strong>suo</strong></span> <span class='ocrx_word' id='word_1_173' title='bbox 1681 2158 1976 2229; x_wconf 86' lang='lat' dir='ltr'><strong>protraxit,</strong></span> 
     </span>
    </p>
   </div>
   <div class='ocr_carea' id='block_1_25' title="bbox 279 2247 1974 2316">
    <p class='ocr_par' dir='ltr' id='par_1_25' title="bbox 279 2247 1974 2316">
     <span class='ocr_line' id='line_1_25' title="bbox 279 2247 1974 2316; baseline -0.003 -12"><span class='ocrx_word' id='word_1_174' title='bbox 279 2256 337 2304; x_wconf 92' lang='lat' dir='ltr'><strong>et</strong></span> <span class='ocrx_word' id='word_1_175' title='bbox 367 2249 564 2303; x_wconf 86' lang='lat' dir='ltr'><strong>multis</strong></span> <span class='ocrx_word' id='word_1_176' title='bbox 581 2247 912 2301; x_wconf 86' lang='lat' dir='ltr'><strong>verberibus</strong></span> <span class='ocrx_word' id='word_1_177' title='bbox 942 2263 1173 2309; x_wconf 57' lang='lat' dir='ltr'><strong>casum,</strong></span> <span class='ocrx_word' id='word_1_178' title='bbox 1233 2252 1598 2301; x_wconf 90' lang='lat' dir='ltr'><strong>cruentatum</strong></span> <span class='ocrx_word' id='word_1_179' title='bbox 1647 2247 1974 2316; x_wconf 86' lang='lat' dir='ltr'><strong>dereliquit.</strong></span> 
     </span>
    </p>
   </div>
   <div class='ocr_carea' id='block_1_26' title="bbox 278 2334 1976 2408">
    <p class='ocr_par' dir='ltr' id='par_1_26' title="bbox 278 2334 1976 2408">
     <span class='ocr_line' id='line_1_26' title="bbox 278 2334 1976 2408; baseline -0.004 -16"><span class='ocrx_word' id='word_1_180' title='bbox 278 2340 406 2392; x_wconf 66' lang='lat' dir='ltr'><strong>Haec</strong></span> <span class='ocrx_word' id='word_1_181' title='bbox 459 2337 694 2408; x_wconf 91' lang='lat' dir='ltr'><strong>quidem</strong></span> <span class='ocrx_word' id='word_1_182' title='bbox 742 2335 1034 2388; x_wconf 90' lang='lat' dir='ltr'><strong>somnians</strong></span> <span class='ocrx_word' id='word_1_183' title='bbox 1077 2335 1328 2404; x_wconf 86' lang='lat' dir='ltr'><strong>pertulit,</strong></span> <span class='ocrx_word' id='word_1_184' title='bbox 1391 2334 1492 2387; x_wconf 92' lang='lat' dir='ltr'><strong>sed</strong></span> <span class='ocrx_word' id='word_1_185' title='bbox 1547 2334 1976 2403; x_wconf 79' lang='lat' dir='ltr'><strong>expergefactus</strong></span> 
     </span>
    </p>
   </div>
   <div class='ocr_carea' id='block_1_27' title="bbox 275 2422 1976 2497">
    <p class='ocr_par' dir='ltr' id='par_1_27' title="bbox 275 2422 1976 2497">
     <span class='ocr_line' id='line_1_27' title="bbox 275 2422 1976 2497; baseline -0.003 -17"><span class='ocrx_word' id='word_1_186' title='bbox 275 2427 440 2495; x_wconf 89' lang='lat' dir='ltr'><strong>signa</strong></span> <span class='ocrx_word' id='word_1_187' title='bbox 467 2426 768 2497; x_wconf 73' lang='lat' dir='ltr'><strong>plagarum</strong></span> <span class='ocrx_word' id='word_1_188' title='bbox 838 2422 1122 2476; x_wconf 87' lang='lat' dir='ltr'><strong>evidentia</strong></span> <span class='ocrx_word' id='word_1_189' title='bbox 1199 2423 1628 2488; x_wconf 87' lang='lat' dir='ltr'><strong>demonstravit,</strong></span> <span class='ocrx_word' id='word_1_190' title='bbox 1690 2429 1748 2475; x_wconf 89' lang='lat' dir='ltr'><strong>et</strong></span> <span class='ocrx_word' id='word_1_191' title='bbox 1807 2422 1976 2476; x_wconf 87' lang='lat' dir='ltr'><strong>verba</strong></span> 
     </span>
    </p>
   </div>
   <div class='ocr_carea' id='block_1_28' title="bbox 273 2510 1976 2582">
    <p class='ocr_par' dir='ltr' id='par_1_28' title="bbox 273 2510 1976 2582">
     <span class='ocr_line' id='line_1_28' title="bbox 273 2510 1976 2582; baseline -0.004 -13"><span class='ocrx_word' id='word_1_192' title='bbox 273 2514 575 2569; x_wconf 88' lang='lat' dir='ltr'><strong>verberum</strong></span> <span class='ocrx_word' id='word_1_193' title='bbox 627 2510 984 2582; x_wconf 78' lang='lat' dir='ltr'><strong>argumentis</strong></span> <span class='ocrx_word' id='word_1_194' title='bbox 1029 2510 1439 2580; x_wconf 86' lang='lat' dir='ltr'><strong>comprobavit.</strong></span> <span class='ocrx_word' id='word_1_195' title='bbox 1501 2511 1711 2564; x_wconf 85' lang='lat' dir='ltr'><strong>Taliter</strong></span> <span class='ocrx_word' id='word_1_196' title='bbox 1771 2512 1847 2564; x_wconf 83' lang='lat' dir='ltr'><strong>ab</strong></span> <span class='ocrx_word' id='word_1_197' title='bbox 1874 2511 1976 2563; x_wconf 88' lang='lat' dir='ltr'><strong>im-</strong></span> 
     </span>
    </p>
   </div>
   <div class='ocr_carea' id='block_1_29' title="bbox 275 2598 1975 2673">
    <p class='ocr_par' dir='ltr' id='par_1_29' title="bbox 275 2598 1975 2673">
     <span class='ocr_line' id='line_1_29' title="bbox 275 2598 1975 2673; baseline -0.003 -16"><span class='ocrx_word' id='word_1_198' title='bbox 275 2602 428 2657; x_wconf 90' lang='lat' dir='ltr'><strong>mani</strong></span> <span class='ocrx_word' id='word_1_199' title='bbox 449 2601 768 2673; x_wconf 64' lang='lat' dir='ltr'><strong>praecipitio</strong></span> <span class='ocrx_word' id='word_1_200' title='bbox 807 2604 1109 2664; x_wconf 88' lang='lat' dir='ltr'><strong>retractus,</strong></span> <span class='ocrx_word' id='word_1_201' title='bbox 1169 2598 1320 2652; x_wconf 91' lang='lat' dir='ltr'><strong>idem</strong></span> <span class='ocrx_word' id='word_1_202' title='bbox 1353 2598 1475 2668; x_wconf 90' lang='lat' dir='ltr'><strong>ipse</strong></span> <span class='ocrx_word' id='word_1_203' title='bbox 1524 2598 1887 2667; x_wconf 88' lang='lat' dir='ltr'><strong>postmodum</strong></span> <span class='ocrx_word' id='word_1_204' title='bbox 1915 2599 1975 2652; x_wconf 91' lang='lat' dir='ltr'><strong>in</strong></span> 
     </span>
    </p>
   </div>
   <div class='ocr_carea' id='block_1_30' title="bbox 273 2686 1970 2758">
    <p class='ocr_par' dir='ltr' id='par_1_30' title="bbox 273 2686 1970 2758">
     <span class='ocr_line' id='line_1_30' title="bbox 273 2686 1970 2758; baseline -0.004 -12"><span class='ocrx_word' id='word_1_205' title='bbox 273 2708 376 2746; x_wconf 86' lang='lat' dir='ltr'><strong>suo</strong></span> <span class='ocrx_word' id='word_1_206' title='bbox 425 2689 743 2744; x_wconf 90' lang='lat' dir='ltr'><strong>ministerio</strong></span> <span class='ocrx_word' id='word_1_207' title='bbox 798 2704 981 2758; x_wconf 87' lang='lat' dir='ltr'><strong>usque</strong></span> <span class='ocrx_word' id='word_1_208' title='bbox 1035 2686 1107 2740; x_wconf 88' lang='lat' dir='ltr'><strong>ad</strong></span> <span class='ocrx_word' id='word_1_209' title='bbox 1168 2686 1579 2756; x_wconf 87' lang='lat' dir='ltr'><strong>provectiorem</strong></span> <span class='ocrx_word' id='word_1_210' title='bbox 1633 2692 1858 2740; x_wconf 59' lang='lat' dir='ltr'><strong>etatem</strong></span> <span class='ocrx_word' id='word_1_211' title='bbox 1915 2688 1970 2741; x_wconf 89' lang='lat' dir='ltr'><strong>in</strong></span> 
     </span>
    </p>
   </div>
   <div class='ocr_carea' id='block_1_31' title="bbox 272 2775 1974 2848">
    <p class='ocr_par' dir='ltr' id='par_1_31' title="bbox 272 2775 1974 2848">
     <span class='ocr_line' id='line_1_31' title="bbox 272 2775 1974 2848; baseline -0.004 -14"><span class='ocrx_word' id='word_1_212' title='bbox 272 2781 506 2834; x_wconf 89' lang='lat' dir='ltr'><strong>ecclesia</strong></span> <span class='ocrx_word' id='word_1_213' title='bbox 534 2776 868 2848; x_wconf 89' lang='lat' dir='ltr'><strong>permansit,</strong></span> <span class='ocrx_word' id='word_1_214' title='bbox 919 2781 977 2830; x_wconf 91' lang='lat' dir='ltr'><strong>et</strong></span> <span class='ocrx_word' id='word_1_215' title='bbox 1023 2775 1080 2828; x_wconf 94' lang='lat' dir='ltr'><strong>in</strong></span> <span class='ocrx_word' id='word_1_216' title='bbox 1112 2776 1234 2844; x_wconf 86' lang='lat' dir='ltr'><strong>ejus</strong></span> <span class='ocrx_word' id='word_1_217' title='bbox 1271 2775 1622 2828; x_wconf 90' lang='lat' dir='ltr'><strong>correctione</strong></span> <span class='ocrx_word' id='word_1_218' title='bbox 1657 2776 1820 2829; x_wconf 90' lang='lat' dir='ltr'><strong>multi</strong></span> <span class='ocrx_word' id='word_1_219' title='bbox 1850 2791 1974 2828; x_wconf 88' lang='lat' dir='ltr'><strong>cor-</strong></span> 
     </span>
    </p>
   </div>
   <div class='ocr_carea' id='block_1_32' title="bbox 272 2863 1973 2935">
    <p class='ocr_par' dir='ltr' id='par_1_32' title="bbox 272 2863 1973 2935">
     <span class='ocr_line' id='line_1_32' title="bbox 272 2863 1973 2935; baseline -0.002 -14"><span class='ocrx_word' id='word_1_220' title='bbox 272 2868 412 2922; x_wconf 88' lang='lat' dir='ltr'><strong>recti</strong></span> <span class='ocrx_word' id='word_1_221' title='bbox 440 2873 591 2933; x_wconf 90' lang='lat' dir='ltr'><strong>sunt,</strong></span> <span class='ocrx_word' id='word_1_222' title='bbox 625 2866 1013 2935; x_wconf 72' lang='lat' dir='ltr'><strong>glorificantes</strong></span> <span class='ocrx_word' id='word_1_223' title='bbox 1041 2865 1244 2926; x_wconf 90' lang='lat' dir='ltr'><strong>Deum,</strong></span> <span class='ocrx_word' id='word_1_224' title='bbox 1291 2863 1391 2934; x_wconf 92' lang='lat' dir='ltr'><strong>qui</strong></span> <span class='ocrx_word' id='word_1_225' title='bbox 1421 2880 1524 2932; x_wconf 89' lang='lat' dir='ltr'><strong>per</strong></span> <span class='ocrx_word' id='word_1_226' title='bbox 1551 2879 1776 2916; x_wconf 84' lang='lat' dir='ltr'><strong>servum</strong></span> <span class='ocrx_word' id='word_1_227' title='bbox 1807 2881 1973 2918; x_wconf 93' lang='lat' dir='ltr'><strong>suum</strong></span> 
     </span>
    </p>
   </div>
   <div class='ocr_carea' id='block_1_33' title="bbox 2017 1676 2054 1728">
    <p class='ocr_par' dir='ltr' id='par_1_33' title="bbox 2017 1676 2054 1728">
     <span class='ocr_line' id='line_1_33' title="bbox 2017 1676 2054 1728; baseline 0 0"><span class='ocrx_word' id='word_1_228' title='bbox 2017 1676 2054 1728; x_wconf 82' lang='grc' dir='ltr'><strong>Β</strong></span> 
     </span>
    </p>
   </div>
   <div class='ocr_carea' id='block_1_34' title="bbox 2095 477 3802 549">
    <p class='ocr_par' dir='ltr' id='par_1_34' title="bbox 2095 477 3802 549">
     <span class='ocr_line' id='line_1_34' title="bbox 2095 477 3802 549; baseline -0.001 -16"><span class='ocrx_word' id='word_1_229' title='bbox 2095 481 2299 533; x_wconf 90' lang='lat' dir='ltr'><strong>merita</strong></span> <span class='ocrx_word' id='word_1_230' title='bbox 2327 479 2518 534; x_wconf 92' lang='lat' dir='ltr'><strong>dilecti</strong></span> <span class='ocrx_word' id='word_1_231' title='bbox 2558 479 2666 544; x_wconf 87' lang='lat' dir='ltr'><strong>sui,</strong></span> <span class='ocrx_word' id='word_1_232' title='bbox 2701 479 3018 549; x_wconf 91' lang='lat' dir='ltr'><strong>supplicem</strong></span> <span class='ocrx_word' id='word_1_233' title='bbox 3077 480 3250 533; x_wconf 89' lang='lat' dir='ltr'><strong>istum</strong></span> <span class='ocrx_word' id='word_1_234' title='bbox 3303 477 3582 532; x_wconf 88' lang='lat' dir='ltr'><strong>liberavit.</strong></span> <span class='ocrx_word' id='word_1_235' title='bbox 3615 477 3802 532; x_wconf 86' lang='lat' dir='ltr'><strong>Sanus</strong></span> 
     </span>
    </p>
   </div>
   <div class='ocr_carea' id='block_1_35' title="bbox 2094 567 3804 638">
    <p class='ocr_par' dir='ltr' id='par_1_35' title="bbox 2094 567 3804 638">
     <span class='ocr_line' id='line_1_35' title="bbox 2094 567 3804 638; baseline -0.001 -16"><span class='ocrx_word' id='word_1_236' title='bbox 2094 569 2363 638; x_wconf 88' lang='lat' dir='ltr'><strong>equidem</strong></span> <span class='ocrx_word' id='word_1_237' title='bbox 2399 567 2466 622; x_wconf 89' lang='lat' dir='ltr'><strong>ab</strong></span> <span class='ocrx_word' id='word_1_238' title='bbox 2503 568 2764 620; x_wconf 89' lang='lat' dir='ltr'><strong>oratione</strong></span> <span class='ocrx_word' id='word_1_239' title='bbox 2804 569 3072 631; x_wconf 82' lang='lat' dir='ltr'><strong>surrexit,</strong></span> <span class='ocrx_word' id='word_1_240' title='bbox 3128 576 3186 620; x_wconf 85' lang='lat' dir='ltr'><strong>ct</strong></span> <span class='ocrx_word' id='word_1_241' title='bbox 3236 569 3415 621; x_wconf 87' lang='lat' dir='ltr'><strong>Deum</strong></span> <span class='ocrx_word' id='word_1_242' title='bbox 3463 567 3804 637; x_wconf 86' lang='lat' dir='ltr'><strong>propitiato-</strong></span> 
     </span>
    </p>
   </div>
   <div class='ocr_carea' id='block_1_36' title="bbox 2094 654 3806 725">
    <p class='ocr_par' dir='ltr' id='par_1_36' title="bbox 2094 654 3806 725">
     <span class='ocr_line' id='line_1_36' title="bbox 2094 654 3806 725; baseline 0 -15"><span class='ocrx_word' id='word_1_243' title='bbox 2094 674 2214 711; x_wconf 93' lang='lat' dir='ltr'><strong>rem</strong></span> <span class='ocrx_word' id='word_1_244' title='bbox 2249 657 2308 710; x_wconf 87' lang='lat' dir='ltr'><strong>in</strong></span> <span class='ocrx_word' id='word_1_245' title='bbox 2355 656 2901 710; x_wconf 74' lang='lat' dir='ltr'><strong>commemoratione</strong></span> <span class='ocrx_word' id='word_1_246' title='bbox 2947 657 3136 709; x_wconf 90' lang='lat' dir='ltr'><strong>Sancti</strong></span> <span class='ocrx_word' id='word_1_247' title='bbox 3167 656 3253 708; x_wconf 91' lang='lat' dir='ltr'><strong>sui</strong></span> <span class='ocrx_word' id='word_1_248' title='bbox 3298 655 3649 725; x_wconf 81' lang='lat' dir='ltr'><strong>gloriﬁcavit.</strong></span> <span class='ocrx_word' id='word_1_249' title='bbox 3687 654 3806 710; x_wconf 82' lang='lat' dir='ltr'><strong>Cla-</strong></span> 
     </span>
    </p>
   </div>
   <div class='ocr_carea' id='block_1_37' title="bbox 2092 745 3800 815">
    <p class='ocr_par' dir='ltr' id='par_1_37' title="bbox 2092 745 3800 815">
     <span class='ocr_line' id='line_1_37' title="bbox 2092 745 3800 815; baseline -0.002 -14"><span class='ocrx_word' id='word_1_250' title='bbox 2092 763 2222 801; x_wconf 89' lang='lat' dir='ltr'><strong>mor</strong></span> <span class='ocrx_word' id='word_1_251' title='bbox 2272 747 2338 799; x_wconf 90' lang='lat' dir='ltr'><strong>ad</strong></span> <span class='ocrx_word' id='word_1_252' title='bbox 2395 748 2595 799; x_wconf 73' lang='lat' dir='ltr'><strong>caelum</strong></span> <span class='ocrx_word' id='word_1_253' title='bbox 2641 745 2902 798; x_wconf 91' lang='lat' dir='ltr'><strong>attolitur</strong></span> <span class='ocrx_word' id='word_1_254' title='bbox 2947 751 3004 798; x_wconf 91' lang='lat' dir='ltr'><strong>et</strong></span> <span class='ocrx_word' id='word_1_255' title='bbox 3055 760 3186 798; x_wconf 88' lang='lat' dir='ltr'><strong>cum</strong></span> <span class='ocrx_word' id='word_1_256' title='bbox 3235 745 3426 799; x_wconf 88' lang='lat' dir='ltr'><strong>debita</strong></span> <span class='ocrx_word' id='word_1_257' title='bbox 3479 745 3800 815; x_wconf 81' lang='lat' dir='ltr'><strong>gratiarum</strong></span> 
     </span>
    </p>
   </div>
   <div class='ocr_carea' id='block_1_38' title="bbox 2092 832 3801 904">
    <p class='ocr_par' dir='ltr' id='par_1_38' title="bbox 2092 832 3801 904">
     <span class='ocr_line' id='line_1_38' title="bbox 2092 832 3801 904; baseline -0.001 -16"><span class='ocrx_word' id='word_1_258' title='bbox 2092 836 2316 888; x_wconf 89' lang='lat' dir='ltr'><strong>actione</strong></span> <span class='ocrx_word' id='word_1_259' title='bbox 2347 835 2597 904; x_wconf 87' lang='lat' dir='ltr'><strong>hymnus</strong></span> <span class='ocrx_word' id='word_1_260' title='bbox 2629 833 2828 902; x_wconf 71' lang='lat' dir='ltr'><strong>gloria-</strong></span> <span class='ocrx_word' id='word_1_261' title='bbox 2846 832 3230 903; x_wconf 86' lang='lat' dir='ltr'><strong>omnipotenti</strong></span> <span class='ocrx_word' id='word_1_262' title='bbox 3263 833 3378 886; x_wconf 92' lang='lat' dir='ltr'><strong>Deo</strong></span> <span class='ocrx_word' id='word_1_263' title='bbox 3409 833 3478 886; x_wconf 89' lang='lat' dir='ltr'><strong>ab</strong></span> <span class='ocrx_word' id='word_1_264' title='bbox 3517 833 3801 887; x_wconf 80' lang='lat' dir='ltr'><strong>universis</strong></span> 
     </span>
    </p>
   </div>
   <div class='ocr_carea' id='block_1_39' title="bbox 2091 921 2863 978">
    <p class='ocr_par' dir='ltr' id='par_1_39' title="bbox 2091 921 2863 978">
     <span class='ocr_line' id='line_1_39' title="bbox 2091 921 2863 978; baseline -0.006 0"><span class='ocrx_word' id='word_1_265' title='bbox 2091 923 2484 978; x_wconf 87' lang='lat' dir='ltr'><strong>assistentibus</strong></span> <span class='ocrx_word' id='word_1_266' title='bbox 2513 921 2863 975; x_wconf 88' lang='lat' dir='ltr'><strong>decantatur.</strong></span> 
     </span>
    </p>
   </div>
   <div class='ocr_carea' id='block_1_40' title="bbox 2162 1008 3796 1082">
    <p class='ocr_par' dir='ltr' id='par_1_40' title="bbox 2162 1008 3796 1082">
     <span class='ocr_line' id='line_1_40' title="bbox 2162 1008 3796 1082; baseline -0.002 -16"><span class='ocrx_word' id='word_1_267' title='bbox 2162 1015 2214 1065; x_wconf 89' lang='lat'><strong>6.</strong></span> <span class='ocrx_word' id='word_1_268' title='bbox 2302 1012 2419 1065; x_wconf 80' lang='lat' dir='ltr'><strong>Hoc</strong></span> <span class='ocrx_word' id='word_1_269' title='bbox 2491 1026 2722 1082; x_wconf 92' lang='lat' dir='ltr'><strong>quoque</strong></span> <span class='ocrx_word' id='word_1_270' title='bbox 2785 1008 3204 1062; x_wconf 88' lang='lat' dir='ltr'><strong>successoribus</strong></span> <span class='ocrx_word' id='word_1_271' title='bbox 3267 1009 3474 1062; x_wconf 88' lang='lat' dir='ltr'><strong>nostris</strong></span> <span class='ocrx_word' id='word_1_272' title='bbox 3540 1009 3796 1064; x_wconf 88' lang='lat' dir='ltr'><strong>indicare</strong></span> 
     </span>
    </p>
   </div>
   <div class='ocr_carea' id='block_1_41' title="bbox 2091 1098 3798 1171">
    <p class='ocr_par' dir='ltr' id='par_1_41' title="bbox 2091 1098 3798 1171">
     <span class='ocr_line' id='line_1_41' title="bbox 2091 1098 3798 1171; baseline -0.002 -15"><span class='ocrx_word' id='word_1_273' title='bbox 2091 1101 2437 1164; x_wconf 83' lang='lat' dir='ltr'><strong>curavimus,</strong></span> <span class='ocrx_word' id='word_1_274' title='bbox 2487 1099 2640 1171; x_wconf 90' lang='lat' dir='ltr'><strong>quod</strong></span> <span class='ocrx_word' id='word_1_275' title='bbox 2686 1100 2747 1152; x_wconf 89' lang='lat' dir='ltr'><strong>in</strong></span> <span class='ocrx_word' id='word_1_276' title='bbox 2793 1098 2994 1152; x_wconf 84' lang='lat' dir='ltr'><strong>diebus</strong></span> <span class='ocrx_word' id='word_1_277' title='bbox 3049 1098 3429 1167; x_wconf 85' lang='lat' dir='ltr'><strong>Rogationum</strong></span> <span class='ocrx_word' id='word_1_278' title='bbox 3476 1098 3548 1152; x_wconf 92' lang='lat' dir='ltr'><strong>ad</strong></span> <span class='ocrx_word' id='word_1_279' title='bbox 3596 1100 3798 1168; x_wconf 86' lang='lat' dir='ltr'><strong>sepul-</strong></span> 
     </span>
    </p>
   </div>
   <div class='ocr_carea' id='block_1_42' title="bbox 2091 1186 3795 1259">
    <p class='ocr_par' dir='ltr' id='par_1_42' title="bbox 2091 1186 3795 1259">
     <span class='ocr_line' id='line_1_42' title="bbox 2091 1186 3795 1259; baseline -0.002 -16"><span class='ocrx_word' id='word_1_280' title='bbox 2091 1207 2252 1244; x_wconf 85' lang='lat' dir='ltr'><strong>crum</strong></span> <span class='ocrx_word' id='word_1_281' title='bbox 2303 1189 2560 1259; x_wconf 73' lang='lat' dir='ltr'><strong>prmdicti</strong></span> <span class='ocrx_word' id='word_1_282' title='bbox 2601 1186 2958 1242; x_wconf 85' lang='lat' dir='ltr'><strong>Confessoris</strong></span> <span class='ocrx_word' id='word_1_283' title='bbox 2999 1186 3306 1258; x_wconf 83' lang='lat' dir='ltr'><strong>contigisse</strong></span> <span class='ocrx_word' id='word_1_284' title='bbox 3353 1187 3629 1240; x_wconf 83' lang='lat' dir='ltr'><strong>veraciter</strong></span> <span class='ocrx_word' id='word_1_285' title='bbox 3655 1203 3795 1256; x_wconf 89' lang='lat' dir='ltr'><strong>cog-</strong></span> 
     </span>
    </p>
   </div>
   <div class='ocr_carea' id='block_1_43' title="bbox 2091 1275 3794 1345">
    <p class='ocr_par' dir='ltr' id='par_1_43' title="bbox 2091 1275 3794 1345">
     <span class='ocr_line' id='line_1_43' title="bbox 2091 1275 3794 1345; baseline -0.003 -12"><span class='ocrx_word' id='word_1_286' title='bbox 2091 1279 2373 1334; x_wconf 89' lang='lat' dir='ltr'><strong>novimus.</strong></span> <span class='ocrx_word' id='word_1_287' title='bbox 2417 1278 2656 1341; x_wconf 86' lang='lat' dir='ltr'><strong>Quidam</strong></span> <span class='ocrx_word' id='word_1_288' title='bbox 2726 1275 2880 1330; x_wconf 88' lang='lat' dir='ltr'><strong>enim</strong></span> <span class='ocrx_word' id='word_1_289' title='bbox 2918 1275 3181 1329; x_wconf 89' lang='lat' dir='ltr'><strong>sacerdos</strong></span> <span class='ocrx_word' id='word_1_290' title='bbox 3237 1291 3368 1328; x_wconf 91' lang='lat' dir='ltr'><strong>cum</strong></span> <span class='ocrx_word' id='word_1_291' title='bbox 3412 1277 3624 1345; x_wconf 91' lang='lat' dir='ltr'><strong>popqu</strong></span> <span class='ocrx_word' id='word_1_292' title='bbox 3672 1292 3794 1329; x_wconf 71' lang='lat' dir='ltr'><strong>suae</strong></span> 
     </span>
    </p>
   </div>
   <div class='ocr_carea' id='block_1_44' title="bbox 2093 1363 3797 1439">
    <p class='ocr_par' dir='ltr' id='par_1_44' title="bbox 2093 1363 3797 1439">
     <span class='ocr_line' id='line_1_44' title="bbox 2093 1363 3797 1439; baseline -0.002 -18"><span class='ocrx_word' id='word_1_293' title='bbox 2093 1366 2484 1439; x_wconf 89' lang='lat' dir='ltr'><strong>procurationi</strong></span> <span class='ocrx_word' id='word_1_294' title='bbox 2543 1365 2848 1418; x_wconf 90' lang='lat' dir='ltr'><strong>commisso</strong></span> <span class='ocrx_word' id='word_1_295' title='bbox 2893 1363 2951 1418; x_wconf 91' lang='lat' dir='ltr'><strong>in</strong></span> <span class='ocrx_word' id='word_1_296' title='bbox 2999 1363 3200 1418; x_wconf 89' lang='lat' dir='ltr'><strong>diebus</strong></span> <span class='ocrx_word' id='word_1_297' title='bbox 3237 1365 3620 1433; x_wconf 83' lang='lat' dir='ltr'><strong>Rogationum</strong></span> <span class='ocrx_word' id='word_1_298' title='bbox 3667 1380 3797 1418; x_wconf 84' lang='lat' dir='ltr'><strong>cru-</strong></span> 
     </span>
    </p>
   </div>
   <div class='ocr_carea' id='block_1_45' title="bbox 2093 1452 3796 1524">
    <p class='ocr_par' dir='ltr' id='par_1_45' title="bbox 2093 1452 3796 1524">
     <span class='ocr_line' id='line_1_45' title="bbox 2093 1452 3796 1524; baseline -0.003 -13"><span class='ocrx_word' id='word_1_299' title='bbox 2093 1473 2216 1511; x_wconf 90' lang='lat' dir='ltr'><strong>cem</strong></span> <span class='ocrx_word' id='word_1_300' title='bbox 2247 1472 2377 1511; x_wconf 92' lang='lat' dir='ltr'><strong>cum</strong></span> <span class='ocrx_word' id='word_1_301' title='bbox 2438 1453 2668 1524; x_wconf 81' lang='lat' dir='ltr'><strong>hymnis</strong></span> <span class='ocrx_word' id='word_1_302' title='bbox 2720 1458 2779 1507; x_wconf 90' lang='lat' dir='ltr'><strong>et</strong></span> <span class='ocrx_word' id='word_1_303' title='bbox 2827 1452 3063 1506; x_wconf 89' lang='lat' dir='ltr'><strong>canticis</strong></span> <span class='ocrx_word' id='word_1_304' title='bbox 3093 1453 3159 1506; x_wconf 91' lang='lat' dir='ltr'><strong>ad</strong></span> <span class='ocrx_word' id='word_1_305' title='bbox 3211 1453 3628 1506; x_wconf 85' lang='lat' dir='ltr'><strong>monasterium</strong></span> <span class='ocrx_word' id='word_1_306' title='bbox 3677 1453 3796 1506; x_wconf 91' lang='lat' dir='ltr'><strong>sci-</strong></span> 
     </span>
    </p>
   </div>
   <div class='ocr_carea' id='block_1_46' title="bbox 2092 1541 3795 1611">
    <p class='ocr_par' dir='ltr' id='par_1_46' title="bbox 2092 1541 3795 1611">
     <span class='ocr_line' id='line_1_46' title="bbox 2092 1541 3795 1611; baseline -0.003 -12"><span class='ocrx_word' id='word_1_307' title='bbox 2092 1546 2222 1599; x_wconf 89' lang='lat' dir='ltr'><strong>licet.</strong></span> <span class='ocrx_word' id='word_1_308' title='bbox 2252 1542 2430 1596; x_wconf 84' lang='lat' dir='ltr'><strong>sancti</strong></span> <span class='ocrx_word' id='word_1_309' title='bbox 2479 1542 2626 1596; x_wconf 88' lang='lat' dir='ltr'><strong>Petri</strong></span> <span class='ocrx_word' id='word_1_310' title='bbox 2661 1547 2716 1594; x_wconf 90' lang='lat' dir='ltr'><strong>et</strong></span> <span class='ocrx_word' id='word_1_311' title='bbox 2762 1541 2816 1595; x_wconf 92' lang='lat' dir='ltr'><strong>S.</strong></span> <span class='ocrx_word' id='word_1_312' title='bbox 2859 1541 3089 1610; x_wconf 80' lang='lat' dir='ltr'><strong>Georgii</strong></span> <span class='ocrx_word' id='word_1_313' title='bbox 3147 1541 3438 1594; x_wconf 85' lang='lat' dir='ltr'><strong>deferebat</strong></span> <span class='ocrx_word' id='word_1_314' title='bbox 3467 1557 3481 1594; x_wconf 87' lang='lat'>:</span> <span class='ocrx_word' id='word_1_315' title='bbox 3514 1557 3642 1594; x_wconf 91' lang='lat' dir='ltr'><strong>cum</strong></span> <span class='ocrx_word' id='word_1_316' title='bbox 3676 1558 3795 1611; x_wconf 86' lang='lat' dir='ltr'><strong>quo</strong></span> 
     </span>
    </p>
   </div>
   <div class='ocr_carea' id='block_1_47' title="bbox 2092 1629 3798 1705">
    <p class='ocr_par' dir='ltr' id='par_1_47' title="bbox 2092 1629 3798 1705">
     <span class='ocr_line' id='line_1_47' title="bbox 2092 1629 3798 1705; baseline -0.003 -18"><span class='ocrx_word' id='word_1_317' title='bbox 2092 1635 2323 1705; x_wconf 80' lang='lat' dir='ltr'><strong>quidam</strong></span> <span class='ocrx_word' id='word_1_318' title='bbox 2379 1648 2580 1698; x_wconf 57' lang='lat' dir='ltr'><strong>caecus,</strong></span> <span class='ocrx_word' id='word_1_319' title='bbox 2627 1630 2860 1684; x_wconf 86' lang='lat' dir='ltr'><strong>alterius</strong></span> <span class='ocrx_word' id='word_1_320' title='bbox 2913 1645 3084 1682; x_wconf 89' lang='lat' dir='ltr'><strong>manu</strong></span> <span class='ocrx_word' id='word_1_321' title='bbox 3143 1630 3368 1690; x_wconf 85' lang='lat' dir='ltr'><strong>ductus,</strong></span> <span class='ocrx_word' id='word_1_322' title='bbox 3416 1629 3697 1682; x_wconf 81' lang='lat' dir='ltr'><strong>veniebat.</strong></span> <span class='ocrx_word' id='word_1_323' title='bbox 3743 1630 3798 1682; x_wconf 85' lang='lat' dir='ltr'><strong>Is</strong></span> 
     </span>
    </p>
   </div>
   <div class='ocr_carea' id='block_1_48' title="bbox 2092 1717 3796 1790">
    <p class='ocr_par' dir='ltr' id='par_1_48' title="bbox 2092 1717 3796 1790">
     <span class='ocr_line' id='line_1_48' title="bbox 2092 1717 3796 1790; baseline -0.004 -14"><span class='ocrx_word' id='word_1_324' title='bbox 2092 1739 2221 1776; x_wconf 90' lang='lat' dir='ltr'><strong>cum</strong></span> <span class='ocrx_word' id='word_1_325' title='bbox 2267 1722 2337 1776; x_wconf 84' lang='lat' dir='ltr'><strong>ad</strong></span> <span class='ocrx_word' id='word_1_326' title='bbox 2378 1721 2704 1790; x_wconf 88' lang='lat' dir='ltr'><strong>sepulcrum</strong></span> <span class='ocrx_word' id='word_1_327' title='bbox 2764 1717 3113 1772; x_wconf 84' lang='lat' dir='ltr'><strong>Confessoris</strong></span> <span class='ocrx_word' id='word_1_328' title='bbox 3161 1717 3370 1771; x_wconf 83' lang='lat' dir='ltr'><strong>Christi</strong></span> <span class='ocrx_word' id='word_1_329' title='bbox 3427 1717 3692 1780; x_wconf 76' lang='lat' dir='ltr'><strong>venisset,</strong></span> <span class='ocrx_word' id='word_1_330' title='bbox 3728 1734 3796 1770; x_wconf 82' lang='lat' dir='ltr'><strong>ex</strong></span> 
     </span>
    </p>
   </div>
   <div class='ocr_carea' id='block_1_49' title="bbox 2090 1805 3802 1876">
    <p class='ocr_par' dir='ltr' id='par_1_49' title="bbox 2090 1805 3802 1876">
     <span class='ocr_line' id='line_1_49' title="bbox 2090 1805 3802 1876; baseline -0.004 -11"><span class='ocrx_word' id='word_1_331' title='bbox 2090 1815 2213 1865; x_wconf 90' lang='lat' dir='ltr'><strong>toto</strong></span> <span class='ocrx_word' id='word_1_332' title='bbox 2263 1810 2432 1864; x_wconf 92' lang='lat' dir='ltr'><strong>corde</strong></span> <span class='ocrx_word' id='word_1_333' title='bbox 2477 1825 2581 1862; x_wconf 91' lang='lat' dir='ltr'><strong>suo</strong></span> <span class='ocrx_word' id='word_1_334' title='bbox 2625 1806 2844 1876; x_wconf 84' lang='lat' dir='ltr'><strong>rogavit</strong></span> <span class='ocrx_word' id='word_1_335' title='bbox 2895 1811 3152 1859; x_wconf 88' lang='lat' dir='ltr'><strong>sanctum</strong></span> <span class='ocrx_word' id='word_1_336' title='bbox 3202 1805 3550 1872; x_wconf 80' lang='lat' dir='ltr'><strong>lieinricum,</strong></span> <span class='ocrx_word' id='word_1_337' title='bbox 3599 1812 3664 1860; x_wconf 91' lang='lat' dir='ltr'><strong>ut</strong></span> <span class='ocrx_word' id='word_1_338' title='bbox 3693 1822 3802 1876; x_wconf 87' lang='lat' dir='ltr'><strong>per</strong></span> 
     </span>
    </p>
   </div>
   <div class='ocr_carea' id='block_1_50' title="bbox 2091 1894 3794 1970">
    <p class='ocr_par' dir='ltr' id='par_1_50' title="bbox 2091 1894 3794 1970">
     <span class='ocr_line' id='line_1_50' title="bbox 2091 1894 3794 1970; baseline -0.003 -17"><span class='ocrx_word' id='word_1_339' title='bbox 2091 1900 2214 1970; x_wconf 88' lang='lat' dir='ltr'><strong>ejus</strong></span> <span class='ocrx_word' id='word_1_340' title='bbox 2261 1899 2668 1962; x_wconf 86' lang='lat' dir='ltr'><strong>interventum,</strong></span> <span class='ocrx_word' id='word_1_341' title='bbox 2717 1895 3112 1949; x_wconf 90' lang='lat' dir='ltr'><strong>restitueretur</strong></span> <span class='ocrx_word' id='word_1_342' title='bbox 3162 1894 3214 1948; x_wconf 90' lang='lat' dir='ltr'><strong>ei</strong></span> <span class='ocrx_word' id='word_1_343' title='bbox 3247 1896 3441 1948; x_wconf 91' lang='lat' dir='ltr'><strong>lumen</strong></span> <span class='ocrx_word' id='word_1_344' title='bbox 3472 1895 3794 1948; x_wconf 90' lang='lat' dir='ltr'><strong>oculorum.</strong></span> 
     </span>
    </p>
   </div>
   <div class='ocr_carea' id='block_1_51' title="bbox 2090 1984 3795 2059">
    <p class='ocr_par' dir='ltr' id='par_1_51' title="bbox 2090 1984 3795 2059">
     <span class='ocr_line' id='line_1_51' title="bbox 2090 1984 3795 2059; baseline -0.004 -16"><span class='ocrx_word' id='word_1_345' title='bbox 2090 1991 2347 2059; x_wconf 90' lang='lat' dir='ltr'><strong>Cumque</strong></span> <span class='ocrx_word' id='word_1_346' title='bbox 2379 1987 2474 2041; x_wconf 92' lang='lat' dir='ltr'><strong>diu</strong></span> <span class='ocrx_word' id='word_1_347' title='bbox 2507 1985 2772 2056; x_wconf 88' lang='lat' dir='ltr'><strong>precibus</strong></span> <span class='ocrx_word' id='word_1_348' title='bbox 2801 1988 2858 2037; x_wconf 92' lang='lat' dir='ltr'><strong>et</strong></span> <span class='ocrx_word' id='word_1_349' title='bbox 2885 1984 3152 2053; x_wconf 78' lang='lat' dir='ltr'><strong>lacrymis</strong></span> <span class='ocrx_word' id='word_1_350' title='bbox 3181 1984 3435 2053; x_wconf 85' lang='lat' dir='ltr'><strong>pulsaret</strong></span> <span class='ocrx_word' id='word_1_351' title='bbox 3459 1984 3530 2037; x_wconf 90' lang='lat' dir='ltr'><strong>ad</strong></span> <span class='ocrx_word' id='word_1_352' title='bbox 3581 1985 3795 2036; x_wconf 90' lang='lat' dir='ltr'><strong>ostium</strong></span> 
     </span>
    </p>
   </div>
   <div class='ocr_carea' id='block_1_52' title="bbox 2088 2071 3794 2149">
    <p class='ocr_par' dir='ltr' id='par_1_52' title="bbox 2088 2071 3794 2149">
     <span class='ocr_line' id='line_1_52' title="bbox 2088 2071 3794 2149; baseline -0.005 -17"><span class='ocrx_word' id='word_1_353' title='bbox 2088 2079 2168 2149; x_wconf 90' lang='lat' dir='ltr'><strong>pii</strong></span> <span class='ocrx_word' id='word_1_354' title='bbox 2200 2075 2574 2142; x_wconf 72' lang='lat' dir='ltr'><strong>Confessoris,</strong></span> <span class='ocrx_word' id='word_1_355' title='bbox 2618 2073 2836 2126; x_wconf 86' lang='lat' dir='ltr'><strong>cunctis</strong></span> <span class='ocrx_word' id='word_1_356' title='bbox 2875 2071 3199 2124; x_wconf 72' lang='lat' dir='ltr'><strong>videntibus</strong></span> <span class='ocrx_word' id='word_1_357' title='bbox 3244 2077 3304 2124; x_wconf 89' lang='lat' dir='ltr'><strong>et</strong></span> <span class='ocrx_word' id='word_1_358' title='bbox 3342 2071 3401 2124; x_wconf 88' lang='lat' dir='ltr'><strong>iu</strong></span> <span class='ocrx_word' id='word_1_359' title='bbox 3435 2071 3656 2125; x_wconf 87' lang='lat' dir='ltr'><strong>Iaudem</strong></span> <span class='ocrx_word' id='word_1_360' title='bbox 3694 2071 3794 2124; x_wconf 86' lang='lat' dir='ltr'><strong>Dei</strong></span> 
     </span>
    </p>
   </div>
   <div class='ocr_carea' id='block_1_53' title="bbox 2089 2158 3791 2231">
    <p class='ocr_par' dir='ltr' id='par_1_53' title="bbox 2089 2158 3791 2231">
     <span class='ocr_line' id='line_1_53' title="bbox 2089 2158 3791 2231; baseline -0.005 -10"><span class='ocrx_word' id='word_1_361' title='bbox 2089 2164 2552 2231; x_wconf 82' lang='lat' dir='ltr'><strong>acclamantibus,</strong></span> <span class='ocrx_word' id='word_1_362' title='bbox 2615 2160 2870 2214; x_wconf 86' lang='lat' dir='ltr'><strong>redditus</strong></span> <span class='ocrx_word' id='word_1_363' title='bbox 2921 2165 3005 2212; x_wconf 90' lang='lat' dir='ltr'><strong>est</strong></span> <span class='ocrx_word' id='word_1_364' title='bbox 3073 2158 3124 2211; x_wconf 91' lang='lat' dir='ltr'><strong>ei</strong></span> <span class='ocrx_word' id='word_1_365' title='bbox 3182 2159 3335 2211; x_wconf 83' lang='lat' dir='ltr'><strong>visus</strong></span> <span class='ocrx_word' id='word_1_366' title='bbox 3396 2175 3500 2229; x_wconf 90' lang='lat' dir='ltr'><strong>per</strong></span> <span class='ocrx_word' id='word_1_367' title='bbox 3545 2159 3791 2228; x_wconf 83' lang='lat' dir='ltr'><strong>gratiam</strong></span> 
     </span>
    </p>
   </div>
   <div class='ocr_carea' id='block_1_54' title="bbox 2088 2246 3794 2322">
    <p class='ocr_par' dir='ltr' id='par_1_54' title="bbox 2088 2246 3794 2322">
     <span class='ocr_line' id='line_1_54' title="bbox 2088 2246 3794 2322; baseline -0.006 -15"><span class='ocrx_word' id='word_1_368' title='bbox 2088 2252 2532 2322; x_wconf 88' lang='lat' dir='ltr'><strong>Omnipotentis.</strong></span> <span class='ocrx_word' id='word_1_369' title='bbox 2588 2251 2654 2303; x_wconf 87' lang='lat' dir='ltr'><strong>Et</strong></span> <span class='ocrx_word' id='word_1_370' title='bbox 2700 2249 2914 2302; x_wconf 87' lang='lat' dir='ltr'><strong>mirum</strong></span> <span class='ocrx_word' id='word_1_371' title='bbox 2979 2247 3038 2300; x_wconf 89' lang='lat' dir='ltr'><strong>in</strong></span> <span class='ocrx_word' id='word_1_372' title='bbox 3089 2246 3346 2314; x_wconf 87' lang='lat' dir='ltr'><strong>modum,</strong></span> <span class='ocrx_word' id='word_1_373' title='bbox 3409 2247 3506 2316; x_wconf 91' lang='lat' dir='ltr'><strong>qui</strong></span> <span class='ocrx_word' id='word_1_374' title='bbox 3555 2247 3794 2300; x_wconf 86' lang='lat' dir='ltr'><strong>alterius</strong></span> 
     </span>
    </p>
   </div>
   <div class='ocr_carea' id='block_1_55' title="bbox 2088 2334 3790 2402">
    <p class='ocr_par' dir='ltr' id='par_1_55' title="bbox 2088 2334 3790 2402">
     <span class='ocr_line' id='line_1_55' title="bbox 2088 2334 3790 2402; baseline -0.005 -8"><span class='ocrx_word' id='word_1_375' title='bbox 2088 2356 2263 2394; x_wconf 89' lang='lat' dir='ltr'><strong>manu</strong></span> <span class='ocrx_word' id='word_1_376' title='bbox 2287 2340 2487 2393; x_wconf 90' lang='lat' dir='ltr'><strong>ductus</strong></span> <span class='ocrx_word' id='word_1_377' title='bbox 2534 2353 2759 2390; x_wconf 88' lang='lat' dir='ltr'><strong>crucem</strong></span> <span class='ocrx_word' id='word_1_378' title='bbox 2814 2334 3043 2389; x_wconf 88' lang='lat' dir='ltr'><strong>Domini</strong></span> <span class='ocrx_word' id='word_1_379' title='bbox 3074 2340 3320 2402; x_wconf 88' lang='lat' dir='ltr'><strong>secutus,</strong></span> <span class='ocrx_word' id='word_1_380' title='bbox 3370 2334 3554 2387; x_wconf 86' lang='lat' dir='ltr'><strong>fuerat</strong></span> <span class='ocrx_word' id='word_1_381' title='bbox 3583 2350 3790 2401; x_wconf 66' lang='lat' dir='ltr'><strong>caecus,</strong></span> 
     </span>
    </p>
   </div>
   <div class='ocr_carea' id='block_1_56' title="bbox 2086 2423 3789 2499">
    <p class='ocr_par' dir='ltr' id='par_1_56' title="bbox 2086 2423 3789 2499">
     <span class='ocr_line' id='line_1_56' title="bbox 2086 2423 3789 2499; baseline -0.005 -16"><span class='ocrx_word' id='word_1_382' title='bbox 2086 2429 2257 2483; x_wconf 90' lang='lat' dir='ltr'><strong>modo</strong></span> <span class='ocrx_word' id='word_1_383' title='bbox 2298 2427 2548 2499; x_wconf 87' lang='lat' dir='ltr'><strong>propriis</strong></span> <span class='ocrx_word' id='word_1_384' title='bbox 2597 2425 2861 2478; x_wconf 89' lang='lat' dir='ltr'><strong>manibus</strong></span> <span class='ocrx_word' id='word_1_385' title='bbox 2913 2440 3138 2478; x_wconf 91' lang='lat' dir='ltr'><strong>crucem</strong></span> <span class='ocrx_word' id='word_1_386' title='bbox 3208 2423 3398 2478; x_wconf 81' lang='lat' dir='ltr'><strong>ferens</strong></span> <span class='ocrx_word' id='word_1_387' title='bbox 3473 2439 3601 2476; x_wconf 93' lang='lat' dir='ltr'><strong>cum</strong></span> <span class='ocrx_word' id='word_1_388' title='bbox 3660 2424 3789 2476; x_wconf 92' lang='lat' dir='ltr'><strong>lau-</strong></span> 
     </span>
    </p>
   </div>
   <div class='ocr_carea' id='block_1_57' title="bbox 2085 2510 3797 2584">
    <p class='ocr_par' dir='ltr' id='par_1_57' title="bbox 2085 2510 3797 2584">
     <span class='ocr_line' id='line_1_57' title="bbox 2085 2510 3797 2584; baseline -0.005 -12"><span class='ocrx_word' id='word_1_389' title='bbox 2085 2518 2252 2572; x_wconf 88' lang='lat' dir='ltr'><strong>dibus</strong></span> <span class='ocrx_word' id='word_1_390' title='bbox 2309 2515 2536 2580; x_wconf 80' lang='lat' dir='ltr'><strong>Christi,</strong></span> <span class='ocrx_word' id='word_1_391' title='bbox 2560 2512 2774 2584; x_wconf 91' lang='lat' dir='ltr'><strong>populo</strong></span> <span class='ocrx_word' id='word_1_392' title='bbox 2804 2513 3043 2566; x_wconf 86' lang='lat' dir='ltr'><strong>domum</strong></span> <span class='ocrx_word' id='word_1_393' title='bbox 3078 2510 3337 2565; x_wconf 90' lang='lat' dir='ltr'><strong>redeunti</strong></span> <span class='ocrx_word' id='word_1_394' title='bbox 3365 2511 3597 2565; x_wconf 89' lang='lat' dir='ltr'><strong>ductum</strong></span> <span class='ocrx_word' id='word_1_395' title='bbox 3645 2527 3797 2581; x_wconf 70' lang='lat' dir='ltr'><strong>prir-</strong></span> 
     </span>
    </p>
   </div>
   <div class='ocr_carea' id='block_1_58' title="bbox 2083 2605 2622 2660">
    <p class='ocr_par' dir='ltr' id='par_1_58' title="bbox 2083 2605 2622 2660">
     <span class='ocr_line' id='line_1_58' title="bbox 2083 2605 2622 2660; baseline -0.004 0"><span class='ocrx_word' id='word_1_396' title='bbox 2083 2607 2208 2660; x_wconf 89' lang='lat' dir='ltr'><strong>buit</strong></span> <span class='ocrx_word' id='word_1_397' title='bbox 2237 2605 2622 2659; x_wconf 86' lang='lat' dir='ltr'><strong>illuminatus.</strong></span> 
     </span>
    </p>
   </div>
   <div class='ocr_carea' id='block_1_59' title="bbox 2157 2688 3798 2762">
    <p class='ocr_par' dir='ltr' id='par_1_59' title="bbox 2157 2688 3798 2762">
     <span class='ocr_line' id='line_1_59' title="bbox 2157 2688 3798 2762; baseline -0.004 -14"><span class='ocrx_word' id='word_1_398' title='bbox 2157 2699 2209 2748; x_wconf 83' lang='lat'><strong>7.</strong></span> <span class='ocrx_word' id='word_1_399' title='bbox 2242 2693 2409 2747; x_wconf 80' lang='lat' dir='ltr'><strong>Aliud</strong></span> <span class='ocrx_word' id='word_1_400' title='bbox 2458 2705 2687 2762; x_wconf 89' lang='lat' dir='ltr'><strong>quoque</strong></span> <span class='ocrx_word' id='word_1_401' title='bbox 2742 2689 2953 2744; x_wconf 72' lang='lat' dir='ltr'><strong>divinas</strong></span> <span class='ocrx_word' id='word_1_402' title='bbox 3015 2688 3240 2742; x_wconf 85' lang='lat' dir='ltr'><strong>virtutis</strong></span> <span class='ocrx_word' id='word_1_403' title='bbox 3307 2689 3647 2741; x_wconf 85' lang='lat' dir='ltr'><strong>miraculum</strong></span> <span class='ocrx_word' id='word_1_404' title='bbox 3707 2704 3798 2741; x_wconf 90' lang='lat' dir='ltr'><strong>ce-</strong></span> 
     </span>
    </p>
   </div>
   <div class='ocr_carea' id='block_1_60' title="bbox 2085 2776 3793 2844">
    <p class='ocr_par' dir='ltr' id='par_1_60' title="bbox 2085 2776 3793 2844">
     <span class='ocr_line' id='line_1_60' title="bbox 2085 2776 3793 2844; baseline -0.004 -8"><span class='ocrx_word' id='word_1_405' title='bbox 2085 2782 2230 2836; x_wconf 88' lang='lat' dir='ltr'><strong>lebri</strong></span> <span class='ocrx_word' id='word_1_406' title='bbox 2282 2778 2828 2834; x_wconf 86' lang='lat' dir='ltr'><strong>commemoratione</strong></span> <span class='ocrx_word' id='word_1_407' title='bbox 2876 2784 2934 2831; x_wconf 88' lang='lat' dir='ltr'><strong>et</strong></span> <span class='ocrx_word' id='word_1_408' title='bbox 2991 2782 3143 2831; x_wconf 89' lang='lat' dir='ltr'><strong>certa</strong></span> <span class='ocrx_word' id='word_1_409' title='bbox 3193 2776 3305 2830; x_wconf 83' lang='lat' dir='ltr'><strong>ﬁde</strong></span> <span class='ocrx_word' id='word_1_410' title='bbox 3354 2776 3646 2844; x_wconf 81' lang='lat' dir='ltr'><strong>cognitum</strong></span> <span class='ocrx_word' id='word_1_411' title='bbox 3683 2780 3793 2829; x_wconf 84' lang='lat' dir='ltr'><strong>est.</strong></span> 
     </span>
    </p>
   </div>
   <div class='ocr_carea' id='block_1_61' title="bbox 2087 2864 3794 2940">
    <p class='ocr_par' dir='ltr' id='par_1_61' title="bbox 2087 2864 3794 2940">
     <span class='ocr_line' id='line_1_61' title="bbox 2087 2864 3794 2940; baseline -0.005 -16"><span class='ocrx_word' id='word_1_412' title='bbox 2087 2871 2217 2924; x_wconf 82' lang='lat' dir='ltr'><strong>Erat</strong></span> <span class='ocrx_word' id='word_1_413' title='bbox 2281 2869 2512 2940; x_wconf 87' lang='lat' dir='ltr'><strong>quidam</strong></span> <span class='ocrx_word' id='word_1_414' title='bbox 2569 2867 2876 2937; x_wconf 90' lang='lat' dir='ltr'><strong>languidus</strong></span> <span class='ocrx_word' id='word_1_415' title='bbox 2912 2866 3035 2936; x_wconf 89' lang='lat' dir='ltr'><strong>ipsa</strong></span> <span class='ocrx_word' id='word_1_416' title='bbox 3100 2864 3161 2918; x_wconf 91' lang='lat' dir='ltr'><strong>in</strong></span> <span class='ocrx_word' id='word_1_417' title='bbox 3221 2865 3447 2918; x_wconf 85' lang='lat' dir='ltr'><strong>civitate</strong></span> <span class='ocrx_word' id='word_1_418' title='bbox 3521 2864 3794 2918; x_wconf 90' lang='lat' dir='ltr'><strong>omnibus</strong></span> 
     </span>
    </p>
   </div>
   <div class='ocr_carea' id='block_1_62' title="bbox 266 2951 3795 3026">
    <p class='ocr_par' dir='ltr' id='par_1_62' title="bbox 266 2951 3795 3026">
     <span class='ocr_line' id='line_1_62' title="bbox 266 2951 3795 3026; baseline -0.002 -14"><span class='ocrx_word' id='word_1_419' title='bbox 266 2956 386 3024; x_wconf 76' lang='lat' dir='ltr'><strong>jam</strong></span> <span class='ocrx_word' id='word_1_420' title='bbox 441 2959 780 3008; x_wconf 80' lang='lat' dir='ltr'><strong>coronatum</strong></span> <span class='ocrx_word' id='word_1_421' title='bbox 837 2953 898 3006; x_wconf 87' lang='lat' dir='ltr'><strong>in</strong></span> <span class='ocrx_word' id='word_1_422' title='bbox 952 2951 1109 3005; x_wconf 76' lang='lat' dir='ltr'><strong>coelis</strong></span> <span class='ocrx_word' id='word_1_423' title='bbox 1162 2951 1300 3005; x_wconf 70' lang='lat' dir='ltr'><strong>talia</strong></span> <span class='ocrx_word' id='word_1_424' title='bbox 1347 2956 1620 3020; x_wconf 70' lang='lat' dir='ltr'><strong>operatur</strong></span> <span class='ocrx_word' id='word_1_425' title='bbox 1675 2951 1862 3006; x_wconf 80' lang='lat' dir='ltr'><strong>adhuc</strong></span> <span class='ocrx_word' id='word_1_426' title='bbox 1917 2953 2048 3012; x_wconf 86' lang='lat' dir='ltr'><strong>inC</strong></span> <span class='ocrx_word' id='word_1_427' title='bbox 2085 2957 2370 3026; x_wconf 87' lang='lat' dir='ltr'><strong>cognitus,</strong></span> <span class='ocrx_word' id='word_1_428' title='bbox 2415 2955 2578 3025; x_wconf 87' lang='lat' dir='ltr'><strong>cujus</strong></span> <span class='ocrx_word' id='word_1_429' title='bbox 2623 2954 2897 3008; x_wconf 89' lang='lat' dir='ltr'><strong>inferiora</strong></span> <span class='ocrx_word' id='word_1_430' title='bbox 2923 2952 3119 3007; x_wconf 90' lang='lat' dir='ltr'><strong>omnia</strong></span> <span class='ocrx_word' id='word_1_431' title='bbox 3172 2970 3206 3006; x_wconf 89' lang='lat' dir='ltr'><strong>a</strong></span> <span class='ocrx_word' id='word_1_432' title='bbox 3249 2953 3456 3006; x_wconf 90' lang='lat' dir='ltr'><strong>lumbis</strong></span> <span class='ocrx_word' id='word_1_433' title='bbox 3530 2958 3586 3006; x_wconf 90' lang='lat' dir='ltr'><strong>et</strong></span> <span class='ocrx_word' id='word_1_434' title='bbox 3639 2952 3795 3007; x_wconf 83' lang='lat' dir='ltr'><strong>infra</strong></span> 
     </span>
    </p>
   </div>
   <div class='ocr_carea' id='block_1_63' title="bbox 269 3043 456 3096">
    <p class='ocr_par' dir='ltr' id='par_1_63' title="bbox 269 3043 456 3096">
     <span class='ocr_line' id='line_1_63' title="bbox 269 3043 456 3096; baseline -0.011 0"><span class='ocrx_word' id='word_1_435' title='bbox 269 3043 456 3096; x_wconf 90' lang='lat' dir='ltr'><strong>terris.</strong></span> 
     </span>
    </p>
   </div>
   <div class='ocr_carea' id='block_1_64' title="bbox 343 3125 1975 3194">
    <p class='ocr_par' dir='ltr' id='par_1_64' title="bbox 343 3125 1975 3194">
     <span class='ocr_line' id='line_1_64' title="bbox 343 3125 1975 3194; baseline -0.001 -11"><span class='ocrx_word' id='word_1_436' title='bbox 343 3132 378 3183; x_wconf 77' lang='grc'><strong>4»</strong></span> <span class='ocrx_word' id='word_1_437' title='bbox 433 3128 691 3194; x_wconf 86' lang='lat' dir='ltr'><strong>Quadam</strong></span> <span class='ocrx_word' id='word_1_438' title='bbox 748 3127 869 3181; x_wconf 82' lang='lat' dir='ltr'><strong>vice</strong></span> <span class='ocrx_word' id='word_1_439' title='bbox 931 3126 1150 3180; x_wconf 90' lang='lat' dir='ltr'><strong>incerto</strong></span> <span class='ocrx_word' id='word_1_440' title='bbox 1206 3143 1336 3179; x_wconf 87' lang='lat' dir='ltr'><strong>casu</strong></span> <span class='ocrx_word' id='word_1_441' title='bbox 1385 3125 1608 3180; x_wconf 90' lang='lat' dir='ltr'><strong>cuidam</strong></span> <span class='ocrx_word' id='word_1_442' title='bbox 1655 3126 1878 3189; x_wconf 89' lang='lat' dir='ltr'><strong>accidit,</strong></span> <span class='ocrx_word' id='word_1_443' title='bbox 1911 3132 1975 3182; x_wconf 87' lang='lat' dir='ltr'><strong>ut</strong></span> 
     </span>
    </p>
   </div>
   <div class='ocr_carea' id='block_1_65' title="bbox 271 3214 1972 3282">
    <p class='ocr_par' dir='ltr' id='par_1_65' title="bbox 271 3214 1972 3282">
     <span class='ocr_line' id='line_1_65' title="bbox 271 3214 1972 3282; baseline -0.002 -11"><span class='ocrx_word' id='word_1_444' title='bbox 271 3217 590 3272; x_wconf 87' lang='lat' dir='ltr'><strong>dissociatis</strong></span> <span class='ocrx_word' id='word_1_445' title='bbox 667 3215 736 3270; x_wconf 89' lang='lat' dir='ltr'><strong>ab</strong></span> <span class='ocrx_word' id='word_1_446' title='bbox 826 3214 1068 3268; x_wconf 86' lang='lat' dir='ltr'><strong>invicem</strong></span> <span class='ocrx_word' id='word_1_447' title='bbox 1156 3214 1512 3268; x_wconf 89' lang='lat' dir='ltr'><strong>naturalibus</strong></span> <span class='ocrx_word' id='word_1_448' title='bbox 1554 3215 1972 3282; x_wconf 89' lang='lat' dir='ltr'><strong>instrumentis,</strong></span> 
     </span>
    </p>
   </div>
   <div class='ocr_carea' id='block_1_66' title="bbox 270 3301 1975 3372">
    <p class='ocr_par' dir='ltr' id='par_1_66' title="bbox 270 3301 1975 3372">
     <span class='ocr_line' id='line_1_66' title="bbox 270 3301 1975 3372; baseline -0.002 -12"><span class='ocrx_word' id='word_1_449' title='bbox 270 3305 602 3360; x_wconf 89' lang='lat' dir='ltr'><strong>mandibula</strong></span> <span class='ocrx_word' id='word_1_450' title='bbox 631 3305 757 3358; x_wconf 91' lang='lat' dir='ltr'><strong>loco</strong></span> <span class='ocrx_word' id='word_1_451' title='bbox 811 3318 914 3356; x_wconf 88' lang='lat' dir='ltr'><strong>suo</strong></span> <span class='ocrx_word' id='word_1_452' title='bbox 949 3301 1184 3368; x_wconf 88' lang='lat' dir='ltr'><strong>dimota,</strong></span> <span class='ocrx_word' id='word_1_453' title='bbox 1218 3306 1276 3358; x_wconf 84' lang='lat' dir='ltr'><strong>et</strong></span> <span class='ocrx_word' id='word_1_454' title='bbox 1333 3301 1446 3355; x_wconf 91' lang='lat' dir='ltr'><strong>oris</strong></span> <span class='ocrx_word' id='word_1_455' title='bbox 1490 3301 1798 3372; x_wconf 88' lang='lat' dir='ltr'><strong>impediret</strong></span> <span class='ocrx_word' id='word_1_456' title='bbox 1845 3303 1975 3357; x_wconf 82' lang='lat' dir='ltr'><strong>ofﬁ-</strong></span> 
     </span>
    </p>
   </div>
   <div class='ocr_carea' id='block_1_67' title="bbox 271 3390 1974 3460">
    <p class='ocr_par' dir='ltr' id='par_1_67' title="bbox 271 3390 1974 3460">
     <span class='ocr_line' id='line_1_67' title="bbox 271 3390 1974 3460; baseline -0.001 -13"><span class='ocrx_word' id='word_1_457' title='bbox 271 3395 448 3459; x_wconf 93' lang='lat' dir='ltr'><strong>cium,</strong></span> <span class='ocrx_word' id='word_1_458' title='bbox 480 3398 537 3447; x_wconf 90' lang='lat' dir='ltr'><strong>et</strong></span> <span class='ocrx_word' id='word_1_459' title='bbox 572 3393 895 3446; x_wconf 86' lang='lat' dir='ltr'><strong>naturalem</strong></span> <span class='ocrx_word' id='word_1_460' title='bbox 950 3391 1189 3445; x_wconf 89' lang='lat' dir='ltr'><strong>humani</strong></span> <span class='ocrx_word' id='word_1_461' title='bbox 1245 3390 1463 3444; x_wconf 87' lang='lat' dir='ltr'><strong>decoris</strong></span> <span class='ocrx_word' id='word_1_462' title='bbox 1497 3391 1974 3460; x_wconf 83' lang='lat' dir='ltr'><strong>compositionem</strong></span> 
     </span>
    </p>
   </div>
   <div class='ocr_carea' id='block_1_68' title="bbox 269 3477 1972 3544">
    <p class='ocr_par' dir='ltr' id='par_1_68' title="bbox 269 3477 1972 3544">
     <span class='ocr_line' id='line_1_68' title="bbox 269 3477 1972 3544; baseline -0.001 -9"><span class='ocrx_word' id='word_1_463' title='bbox 269 3481 611 3535; x_wconf 81' lang='lat' dir='ltr'><strong>deformare.</strong></span> <span class='ocrx_word' id='word_1_464' title='bbox 665 3479 906 3544; x_wconf 86' lang='lat' dir='ltr'><strong>Doloris,</strong></span> <span class='ocrx_word' id='word_1_465' title='bbox 963 3483 1019 3531; x_wconf 89' lang='lat' dir='ltr'><strong>et</strong></span> <span class='ocrx_word' id='word_1_466' title='bbox 1078 3477 1461 3532; x_wconf 86' lang='lat' dir='ltr'><strong>deformitatis</strong></span> <span class='ocrx_word' id='word_1_467' title='bbox 1509 3478 1808 3532; x_wconf 85' lang='lat' dir='ltr'><strong>accedebat</strong></span> <span class='ocrx_word' id='word_1_468' title='bbox 1850 3495 1972 3533; x_wconf 90' lang='lat' dir='ltr'><strong>mo-</strong></span> 
     </span>
    </p>
   </div>
   <div class='ocr_carea' id='block_1_69' title="bbox 269 3565 1971 3640">
    <p class='ocr_par' dir='ltr' id='par_1_69' title="bbox 269 3565 1971 3640">
     <span class='ocr_line' id='line_1_69' title="bbox 269 3565 1971 3640; baseline -0.001 -16"><span class='ocrx_word' id='word_1_469' title='bbox 269 3569 455 3635; x_wconf 88' lang='lat' dir='ltr'><strong>lestia,</strong></span> <span class='ocrx_word' id='word_1_470' title='bbox 514 3585 686 3640; x_wconf 91' lang='lat' dir='ltr'><strong>quam</strong></span> <span class='ocrx_word' id='word_1_471' title='bbox 743 3568 1097 3638; x_wconf 84' lang='lat' dir='ltr'><strong>perpendere</strong></span> <span class='ocrx_word' id='word_1_472' title='bbox 1139 3567 1199 3620; x_wconf 92' lang='lat' dir='ltr'><strong>in</strong></span> <span class='ocrx_word' id='word_1_473' title='bbox 1229 3567 1341 3621; x_wconf 89' lang='lat' dir='ltr'><strong>alio</strong></span> <span class='ocrx_word' id='word_1_474' title='bbox 1407 3565 1706 3620; x_wconf 90' lang='lat' dir='ltr'><strong>commode</strong></span> <span class='ocrx_word' id='word_1_475' title='bbox 1763 3567 1971 3622; x_wconf 89' lang='lat' dir='ltr'><strong>valebi-</strong></span> 
     </span>
    </p>
   </div>
   <div class='ocr_carea' id='block_1_70' title="bbox 271 3654 1974 3725">
    <p class='ocr_par' dir='ltr' id='par_1_70' title="bbox 271 3654 1974 3725">
     <span class='ocr_line' id='line_1_70' title="bbox 271 3654 1974 3725; baseline 0.001 -15"><span class='ocrx_word' id='word_1_476' title='bbox 271 3674 420 3720; x_wconf 89' lang='lat' dir='ltr'><strong>mus,</strong></span> <span class='ocrx_word' id='word_1_477' title='bbox 455 3657 502 3711; x_wconf 89' lang='lat' dir='ltr'><strong>si</strong></span> <span class='ocrx_word' id='word_1_478' title='bbox 553 3657 620 3711; x_wconf 90' lang='lat' dir='ltr'><strong>ad</strong></span> <span class='ocrx_word' id='word_1_479' title='bbox 668 3656 848 3710; x_wconf 86' lang='lat' dir='ltr'><strong>nostri</strong></span> <span class='ocrx_word' id='word_1_480' title='bbox 911 3655 1170 3725; x_wconf 90' lang='lat' dir='ltr'><strong>corporis</strong></span> <span class='ocrx_word' id='word_1_481' title='bbox 1228 3655 1620 3709; x_wconf 78' lang='lat' dir='ltr'><strong>inﬁrmitatem</strong></span> <span class='ocrx_word' id='word_1_482' title='bbox 1665 3654 1858 3710; x_wconf 90' lang='lat' dir='ltr'><strong>animo</strong></span> <span class='ocrx_word' id='word_1_483' title='bbox 1892 3673 1974 3711; x_wconf 89' lang='lat' dir='ltr'><strong>re-</strong></span> 
     </span>
    </p>
   </div>
   <div class='ocr_carea' id='block_1_71' title="bbox 271 3743 1971 3800">
    <p class='ocr_par' dir='ltr' id='par_1_71' title="bbox 271 3743 1971 3800">
     <span class='ocr_line' id='line_1_71' title="bbox 271 3743 1971 3800; baseline -0.001 0"><span class='ocrx_word' id='word_1_484' title='bbox 271 3762 588 3800; x_wconf 77' lang='lat' dir='ltr'><strong>curremus.</strong></span> <span class='ocrx_word' id='word_1_485' title='bbox 645 3745 875 3800; x_wconf 80' lang='lat' dir='ltr'><strong>Talibus</strong></span> <span class='ocrx_word' id='word_1_486' title='bbox 945 3743 1364 3798; x_wconf 90' lang='lat' dir='ltr'><strong>circumventus</strong></span> <span class='ocrx_word' id='word_1_487' title='bbox 1418 3743 1795 3799; x_wconf 88' lang='lat' dir='ltr'><strong>incommodis</strong></span> <span class='ocrx_word' id='word_1_488' title='bbox 1859 3746 1971 3798; x_wconf 89' lang='lat' dir='ltr'><strong>cla-</strong></span> 
     </span>
    </p>
   </div>
   <div class='ocr_carea' id='block_1_72' title="bbox 271 3833 2004 3903">
    <p class='ocr_par' dir='ltr' id='par_1_72' title="bbox 271 3833 2004 3903">
     <span class='ocr_line' id='line_1_72' title="bbox 271 3833 2004 3903; baseline -0.002 -15"><span class='ocrx_word' id='word_1_489' title='bbox 271 3836 446 3889; x_wconf 88' lang='lat' dir='ltr'><strong>mavit</strong></span> <span class='ocrx_word' id='word_1_490' title='bbox 473 3835 544 3888; x_wconf 88' lang='lat' dir='ltr'><strong>ad</strong></span> <span class='ocrx_word' id='word_1_491' title='bbox 577 3834 906 3900; x_wconf 89' lang='lat' dir='ltr'><strong>Dominum,</strong></span> <span class='ocrx_word' id='word_1_492' title='bbox 941 3838 998 3887; x_wconf 89' lang='lat' dir='ltr'><strong>et</strong></span> <span class='ocrx_word' id='word_1_493' title='bbox 1022 3833 1229 3887; x_wconf 61' lang='lat' dir='ltr'><strong>divinas</strong></span> <span class='ocrx_word' id='word_1_494' title='bbox 1263 3833 1491 3903; x_wconf 90' lang='lat' dir='ltr'><strong>pietatis</strong></span> <span class='ocrx_word' id='word_1_495' title='bbox 1545 3833 1822 3887; x_wconf 83' lang='lat' dir='ltr'><strong>obnoxius</strong></span> <span class='ocrx_word' id='word_1_496' title='bbox 1860 3833 2004 3888; x_wconf 70' lang='lat' dir='ltr'><strong>im-.</strong></span> 
     </span>
    </p>
   </div>
   <div class='ocr_carea' id='block_1_73' title="bbox 269 3922 1970 3992">
    <p class='ocr_par' dir='ltr' id='par_1_73' title="bbox 269 3922 1970 3992">
     <span class='ocr_line' id='line_1_73' title="bbox 269 3922 1970 3992; baseline 0 -16"><span class='ocrx_word' id='word_1_497' title='bbox 269 3923 516 3992; x_wconf 81' lang='lat' dir='ltr'><strong>ploravit</strong></span> <span class='ocrx_word' id='word_1_498' title='bbox 573 3923 870 3978; x_wconf 83' lang='lat' dir='ltr'><strong>auxilium.</strong></span> <span class='ocrx_word' id='word_1_499' title='bbox 927 3923 995 3976; x_wconf 90' lang='lat' dir='ltr'><strong>Ut</strong></span> <span class='ocrx_word' id='word_1_500' title='bbox 1048 3938 1184 3992; x_wconf 90' lang='lat' dir='ltr'><strong>ergo</strong></span> <span class='ocrx_word' id='word_1_501' title='bbox 1241 3938 1416 3992; x_wconf 89' lang='lat' dir='ltr'><strong>opera</strong></span> <span class='ocrx_word' id='word_1_502' title='bbox 1475 3923 1577 3976; x_wconf 89' lang='lat' dir='ltr'><strong>Dei</strong></span> <span class='ocrx_word' id='word_1_503' title='bbox 1641 3922 1970 3976; x_wconf 85' lang='lat' dir='ltr'><strong>manifesta-</strong></span> 
     </span>
    </p>
   </div>
   <div class='ocr_carea' id='block_1_74' title="bbox 268 4009 1970 4079">
    <p class='ocr_par' dir='ltr' id='par_1_74' title="bbox 268 4009 1970 4079">
     <span class='ocr_line' id='line_1_74' title="bbox 268 4009 1970 4079; baseline 0 -14"><span class='ocrx_word' id='word_1_504' title='bbox 268 4016 468 4065; x_wconf 91' lang='lat' dir='ltr'><strong>rentur</strong></span> <span class='ocrx_word' id='word_1_505' title='bbox 491 4011 550 4064; x_wconf 92' lang='lat' dir='ltr'><strong>in</strong></span> <span class='ocrx_word' id='word_1_506' title='bbox 574 4010 699 4079; x_wconf 92' lang='lat' dir='ltr'><strong>illo,</strong></span> <span class='ocrx_word' id='word_1_507' title='bbox 746 4009 942 4064; x_wconf 91' lang='lat' dir='ltr'><strong>multis</strong></span> <span class='ocrx_word' id='word_1_508' title='bbox 976 4009 1370 4064; x_wconf 88' lang='lat' dir='ltr'><strong>assistentibus</strong></span> <span class='ocrx_word' id='word_1_509' title='bbox 1427 4013 1484 4063; x_wconf 90' lang='lat' dir='ltr'><strong>et</strong></span> <span class='ocrx_word' id='word_1_510' title='bbox 1527 4010 1873 4077; x_wconf 89' lang='lat' dir='ltr'><strong>videntibus,</strong></span> <span class='ocrx_word' id='word_1_511' title='bbox 1898 4011 1970 4066; x_wconf 88' lang='lat' dir='ltr'><strong>ad</strong></span> 
     </span>
    </p>
   </div>
   <div class='ocr_carea' id='block_1_75' title="bbox 270 4097 1968 4167">
    <p class='ocr_par' dir='ltr' id='par_1_75' title="bbox 270 4097 1968 4167">
     <span class='ocr_line' id='line_1_75' title="bbox 270 4097 1968 4167; baseline -0.001 -14"><span class='ocrx_word' id='word_1_512' title='bbox 270 4099 530 4154; x_wconf 89' lang='lat' dir='ltr'><strong>tumbam</strong></span> <span class='ocrx_word' id='word_1_513' title='bbox 555 4099 710 4152; x_wconf 89' lang='lat' dir='ltr'><strong>Beati</strong></span> <span class='ocrx_word' id='word_1_514' title='bbox 753 4097 1006 4164; x_wconf 89' lang='lat' dir='ltr'><strong>accessit,</strong></span> <span class='ocrx_word' id='word_1_515' title='bbox 1064 4102 1119 4151; x_wconf 87' lang='lat' dir='ltr'><strong>et</strong></span> <span class='ocrx_word' id='word_1_516' title='bbox 1147 4098 1329 4167; x_wconf 90' lang='lat' dir='ltr'><strong>capite</strong></span> <span class='ocrx_word' id='word_1_517' title='bbox 1358 4098 1819 4167; x_wconf 88' lang='lat' dir='ltr'><strong>superimposito,</strong></span> <span class='ocrx_word' id='word_1_518' title='bbox 1850 4103 1968 4152; x_wconf 90' lang='lat' dir='ltr'><strong>tam</strong></span> 
     </span>
    </p>
   </div>
   <div class='ocr_carea' id='block_1_76' title="bbox 271 4185 1966 4256">
    <p class='ocr_par' dir='ltr' id='par_1_76' title="bbox 271 4185 1966 4256">
     <span class='ocr_line' id='line_1_76' title="bbox 271 4185 1966 4256; baseline -0.002 -15"><span class='ocrx_word' id='word_1_519' title='bbox 271 4188 371 4241; x_wconf 90' lang='lat' dir='ltr'><strong>diu</strong></span> <span class='ocrx_word' id='word_1_520' title='bbox 412 4186 678 4256; x_wconf 90' lang='lat' dir='ltr'><strong>precibus</strong></span> <span class='ocrx_word' id='word_1_521' title='bbox 732 4185 960 4246; x_wconf 87' lang='lat' dir='ltr'><strong>institit,</strong></span> <span class='ocrx_word' id='word_1_522' title='bbox 1005 4185 1378 4256; x_wconf 89' lang='lat' dir='ltr'><strong>quoadusque</strong></span> <span class='ocrx_word' id='word_1_523' title='bbox 1417 4201 1520 4256; x_wconf 91' lang='lat' dir='ltr'><strong>per</strong></span> <span class='ocrx_word' id='word_1_524' title='bbox 1574 4185 1781 4239; x_wconf 86' lang='lat' dir='ltr'><strong>merita</strong></span> <span class='ocrx_word' id='word_1_525' title='bbox 1821 4185 1966 4239; x_wconf 90' lang='lat' dir='ltr'><strong>servi</strong></span> 
     </span>
    </p>
   </div>
   <div class='ocr_carea' id='block_1_77' title="bbox 272 4273 1732 4343">
    <p class='ocr_par' dir='ltr' id='par_1_77' title="bbox 272 4273 1732 4343">
     <span class='ocr_line' id='line_1_77' title="bbox 272 4273 1732 4343; baseline -0.002 -14"><span class='ocrx_word' id='word_1_526' title='bbox 272 4275 371 4329; x_wconf 90' lang='lat' dir='ltr'><strong>Dei</strong></span> <span class='ocrx_word' id='word_1_527' title='bbox 425 4274 745 4334; x_wconf 87' lang='lat' dir='ltr'><strong>sanitatem,</strong></span> <span class='ocrx_word' id='word_1_528' title='bbox 825 4289 998 4343; x_wconf 89' lang='lat' dir='ltr'><strong>quam</strong></span> <span class='ocrx_word' id='word_1_529' title='bbox 1059 4273 1436 4335; x_wconf 87' lang='lat' dir='ltr'><strong>desiderabat,</strong></span> <span class='ocrx_word' id='word_1_530' title='bbox 1493 4274 1732 4343; x_wconf 90' lang='lat' dir='ltr'><strong>accepit.</strong></span> 
     </span>
    </p>
   </div>
   <div class='ocr_carea' id='block_1_78' title="bbox 269 4361 1971 4432">
    <p class='ocr_par' dir='ltr' id='par_1_78' title="bbox 269 4361 1971 4432">
     <span class='ocr_line' id='line_1_78' title="bbox 269 4361 1971 4432; baseline -0.001 -14"><span class='ocrx_word' id='word_1_531' title='bbox 269 4363 424 4418; x_wconf 91' lang='lat' dir='ltr'><strong>enim</strong></span> <span class='ocrx_word' id='word_1_532' title='bbox 457 4362 485 4418; x_wconf 72' lang='grc' dir='ltr'><em>ἳ</em></span> <span class='ocrx_word' id='word_1_533' title='bbox 512 4362 903 4417; x_wconf 86' lang='lat' dir='ltr'><strong>Necessarium</strong></span> <span class='ocrx_word' id='word_1_534' title='bbox 946 4361 1100 4416; x_wconf 91' lang='lat' dir='ltr'><strong>enim</strong></span> <span class='ocrx_word' id='word_1_535' title='bbox 1159 4367 1246 4415; x_wconf 91' lang='lat' dir='ltr'><strong>est</strong></span> <span class='ocrx_word' id='word_1_536' title='bbox 1296 4364 1374 4429; x_wconf 86' lang='lat' dir='ltr'><strong>ut,</strong></span> <span class='ocrx_word' id='word_1_537' title='bbox 1409 4362 1509 4432; x_wconf 91' lang='lat' dir='ltr'><strong>qui</strong></span> <span class='ocrx_word' id='word_1_538' title='bbox 1563 4362 1808 4416; x_wconf 90' lang='lat' dir='ltr'><strong>Domino</strong></span> <span class='ocrx_word' id='word_1_539' title='bbox 1842 4363 1971 4417; x_wconf 89' lang='lat' dir='ltr'><strong>uni-</strong></span> 
     </span>
    </p>
   </div>
   <div class='ocr_carea' id='block_1_79' title="bbox 268 4449 1971 4516">
    <p class='ocr_par' dir='ltr' id='par_1_79' title="bbox 268 4449 1971 4516">
     <span class='ocr_line' id='line_1_79' title="bbox 268 4449 1971 4516; baseline -0.001 -10"><span class='ocrx_word' id='word_1_540' title='bbox 268 4467 446 4506; x_wconf 65' lang='lat' dir='ltr'><strong>versa:</strong></span> <span class='ocrx_word' id='word_1_541' title='bbox 472 4455 745 4505; x_wconf 67' lang='lat' dir='ltr'><strong>creaturae</strong></span> <span class='ocrx_word' id='word_1_542' title='bbox 793 4449 1086 4516; x_wconf 87' lang='lat' dir='ltr'><strong>obediunt,</strong></span> <span class='ocrx_word' id='word_1_543' title='bbox 1144 4449 1257 4502; x_wconf 88' lang='lat' dir='ltr'><strong>illis</strong></span> <span class='ocrx_word' id='word_1_544' title='bbox 1303 4455 1562 4504; x_wconf 72' lang='lat' dir='ltr'><strong>creatura</strong></span> <span class='ocrx_word' id='word_1_545' title='bbox 1591 4451 1778 4504; x_wconf 89' lang='lat' dir='ltr'><strong>omnis</strong></span> <span class='ocrx_word' id='word_1_546' title='bbox 1803 4451 1971 4506; x_wconf 89' lang='lat' dir='ltr'><strong>certis</strong></span> 
     </span>
    </p>
   </div>
   <div class='ocr_carea' id='block_1_80' title="bbox 266 4538 1971 4611">
    <p class='ocr_par' dir='ltr' id='par_1_80' title="bbox 266 4538 1971 4611">
     <span class='ocr_line' id='line_1_80' title="bbox 266 4538 1971 4611; baseline 0 -17"><span class='ocrx_word' id='word_1_547' title='bbox 266 4541 490 4611; x_wconf 88' lang='lat' dir='ltr'><strong>legibus</strong></span> <span class='ocrx_word' id='word_1_548' title='bbox 521 4538 762 4594; x_wconf 89' lang='lat' dir='ltr'><strong>rationis</strong></span> <span class='ocrx_word' id='word_1_549' title='bbox 791 4555 894 4610; x_wconf 90' lang='lat' dir='ltr'><strong>per</strong></span> <span class='ocrx_word' id='word_1_550' title='bbox 938 4538 1349 4609; x_wconf 86' lang='lat' dir='ltr'><strong>omnipotentis</strong></span> <span class='ocrx_word' id='word_1_551' title='bbox 1382 4539 1479 4593; x_wconf 91' lang='lat' dir='ltr'><strong>Dei</strong></span> <span class='ocrx_word' id='word_1_552' title='bbox 1539 4538 1806 4594; x_wconf 77' lang='lat' dir='ltr'><strong>virtutem</strong></span> <span class='ocrx_word' id='word_1_553' title='bbox 1838 4541 1971 4594; x_wconf 86' lang='lat' dir='ltr'><strong>obe-</strong></span> 
     </span>
    </p>
   </div>
   <div class='ocr_carea' id='block_1_81' title="bbox 269 4629 404 4684">
    <p class='ocr_par' dir='ltr' id='par_1_81' title="bbox 269 4629 404 4684">
     <span class='ocr_line' id='line_1_81' title="bbox 269 4629 404 4684; baseline -0.015 0"><span class='ocrx_word' id='word_1_554' title='bbox 269 4629 404 4684; x_wconf 88' lang='lat' dir='ltr'><strong>diat.</strong></span> 
     </span>
    </p>
   </div>
   <div class='ocr_carea' id='block_1_82' title="bbox 341 4713 1967 4785">
    <p class='ocr_par' dir='ltr' id='par_1_82' title="bbox 341 4713 1967 4785">
     <span class='ocr_line' id='line_1_82' title="bbox 341 4713 1967 4785; baseline -0.001 -14"><span class='ocrx_word' id='word_1_555' title='bbox 341 4721 391 4771; x_wconf 65' lang='grc' dir='ltr'><strong>εἰ.</strong></span> <span class='ocrx_word' id='word_1_556' title='bbox 453 4718 592 4771; x_wconf 85' lang='lat' dir='ltr'><strong>Item</strong></span> <span class='ocrx_word' id='word_1_557' title='bbox 643 4715 702 4770; x_wconf 90' lang='lat' dir='ltr'><strong>in</strong></span> <span class='ocrx_word' id='word_1_558' title='bbox 761 4715 872 4769; x_wconf 85' lang='lat' dir='ltr'><strong>alio</strong></span> <span class='ocrx_word' id='word_1_559' title='bbox 923 4720 1185 4785; x_wconf 90' lang='lat' dir='ltr'><strong>tempore</strong></span> <span class='ocrx_word' id='word_1_560' title='bbox 1241 4713 1543 4784; x_wconf 89' lang='lat' dir='ltr'><strong>contigisse</strong></span> <span class='ocrx_word' id='word_1_561' title='bbox 1614 4714 1672 4769; x_wconf 92' lang='lat' dir='ltr'><strong>in</strong></span> <span class='ocrx_word' id='word_1_562' title='bbox 1730 4715 1967 4770; x_wconf 82' lang='lat' dir='ltr'><strong>veritate</strong></span> 
     </span>
    </p>
   </div>
   <div class='ocr_carea' id='block_1_83' title="bbox 266 4803 1965 4875">
    <p class='ocr_par' dir='ltr' id='par_1_83' title="bbox 266 4803 1965 4875">
     <span class='ocr_line' id='line_1_83' title="bbox 266 4803 1965 4875; baseline -0.001 -15"><span class='ocrx_word' id='word_1_563' title='bbox 266 4806 609 4871; x_wconf 83' lang='lat' dir='ltr'><strong>audivimus,</strong></span> <span class='ocrx_word' id='word_1_564' title='bbox 643 4809 708 4859; x_wconf 92' lang='lat' dir='ltr'><strong>ut</strong></span> <span class='ocrx_word' id='word_1_565' title='bbox 757 4803 991 4875; x_wconf 85' lang='lat' dir='ltr'><strong>quidam</strong></span> <span class='ocrx_word' id='word_1_566' title='bbox 1022 4820 1054 4857; x_wconf 90' lang='lat' dir='ltr'><strong>a</strong></span> <span class='ocrx_word' id='word_1_567' title='bbox 1100 4803 1350 4873; x_wconf 83' lang='lat' dir='ltr'><strong>paralysi</strong></span> <span class='ocrx_word' id='word_1_568' title='bbox 1386 4819 1564 4873; x_wconf 85' lang='lat' dir='ltr'><strong>usque</strong></span> <span class='ocrx_word' id='word_1_569' title='bbox 1620 4805 1762 4857; x_wconf 89' lang='lat' dir='ltr'><strong>adeo</strong></span> <span class='ocrx_word' id='word_1_570' title='bbox 1795 4821 1965 4859; x_wconf 80' lang='lat' dir='ltr'><strong>vexa-</strong></span> 
     </span>
    </p>
   </div>
   <div class='ocr_carea' id='block_1_84' title="bbox 264 4891 1965 4961">
    <p class='ocr_par' dir='ltr' id='par_1_84' title="bbox 264 4891 1965 4961">
     <span class='ocr_line' id='line_1_84' title="bbox 264 4891 1965 4961; baseline -0.001 -13"><span class='ocrx_word' id='word_1_571' title='bbox 264 4901 441 4961; x_wconf 87' lang='lat' dir='ltr'><strong>retur,</strong></span> <span class='ocrx_word' id='word_1_572' title='bbox 478 4899 536 4950; x_wconf 89' lang='lat' dir='ltr'><strong>ut</strong></span> <span class='ocrx_word' id='word_1_573' title='bbox 593 4893 797 4948; x_wconf 84' lang='lat' dir='ltr'><strong>exinde</strong></span> <span class='ocrx_word' id='word_1_574' title='bbox 857 4907 1025 4946; x_wconf 91' lang='lat' dir='ltr'><strong>usum</strong></span> <span class='ocrx_word' id='word_1_575' title='bbox 1081 4891 1300 4945; x_wconf 88' lang='lat' dir='ltr'><strong>brachii</strong></span> <span class='ocrx_word' id='word_1_576' title='bbox 1379 4891 1766 4960; x_wconf 77' lang='lat' dir='ltr'><strong>perdidisset:</strong></span> <span class='ocrx_word' id='word_1_577' title='bbox 1823 4897 1965 4946; x_wconf 90' lang='lat' dir='ltr'><strong>nutu</strong></span> 
     </span>
    </p>
   </div>
   <div class='ocr_carea' id='block_1_85' title="bbox 262 4979 1966 5049">
    <p class='ocr_par' dir='ltr' id='par_1_85' title="bbox 262 4979 1966 5049">
     <span class='ocr_line' id='line_1_85' title="bbox 262 4979 1966 5049; baseline -0.003 -11"><span class='ocrx_word' id='word_1_578' title='bbox 262 4984 455 5038; x_wconf 90' lang='lat' dir='ltr'><strong>divino</strong></span> <span class='ocrx_word' id='word_1_579' title='bbox 503 4983 831 5038; x_wconf 86' lang='lat' dir='ltr'><strong>admonitus</strong></span> <span class='ocrx_word' id='word_1_580' title='bbox 889 4985 973 5035; x_wconf 89' lang='lat' dir='ltr'><strong>est</strong></span> <span class='ocrx_word' id='word_1_581' title='bbox 1027 4985 1092 5033; x_wconf 89' lang='lat' dir='ltr'><strong>ut</strong></span> <span class='ocrx_word' id='word_1_582' title='bbox 1135 4979 1204 5033; x_wconf 89' lang='lat' dir='ltr'><strong>ad</strong></span> <span class='ocrx_word' id='word_1_583' title='bbox 1237 4979 1589 5049; x_wconf 86' lang='lat' dir='ltr'><strong>sepulturam</strong></span> <span class='ocrx_word' id='word_1_584' title='bbox 1622 4979 1814 5034; x_wconf 89' lang='lat' dir='ltr'><strong>Sancti</strong></span> <span class='ocrx_word' id='word_1_585' title='bbox 1844 4997 1966 5034; x_wconf 91' lang='lat' dir='ltr'><strong>cor-</strong></span> 
     </span>
    </p>
   </div>
   <div class='ocr_carea' id='block_1_86' title="bbox 264 5067 1965 5140">
    <p class='ocr_par' dir='ltr' id='par_1_86' title="bbox 264 5067 1965 5140">
     <span class='ocr_line' id='line_1_86' title="bbox 264 5067 1965 5140; baseline -0.001 -16"><span class='ocrx_word' id='word_1_586' title='bbox 264 5073 421 5140; x_wconf 90' lang='lat' dir='ltr'><strong>poris</strong></span> <span class='ocrx_word' id='word_1_587' title='bbox 481 5071 794 5138; x_wconf 89' lang='lat' dir='ltr'><strong>accederet,</strong></span> <span class='ocrx_word' id='word_1_588' title='bbox 864 5074 920 5123; x_wconf 89' lang='lat' dir='ltr'><strong>et</strong></span> <span class='ocrx_word' id='word_1_589' title='bbox 963 5071 1283 5139; x_wconf 90' lang='lat' dir='ltr'><strong>prostratus</strong></span> <span class='ocrx_word' id='word_1_590' title='bbox 1362 5067 1423 5120; x_wconf 92' lang='lat' dir='ltr'><strong>in</strong></span> <span class='ocrx_word' id='word_1_591' title='bbox 1502 5067 1780 5134; x_wconf 89' lang='lat' dir='ltr'><strong>oratione,</strong></span> <span class='ocrx_word' id='word_1_592' title='bbox 1864 5069 1965 5122; x_wconf 90' lang='lat' dir='ltr'><strong>Dei</strong></span> 
     </span>
    </p>
   </div>
   <div class='ocr_carea' id='block_1_87' title="bbox 269 5155 1966 5229">
    <p class='ocr_par' dir='ltr' id='par_1_87' title="bbox 269 5155 1966 5229">
     <span class='ocr_line' id='line_1_87' title="bbox 269 5155 1966 5229; baseline -0.002 -17"><span class='ocrx_word' id='word_1_593' title='bbox 269 5159 684 5229; x_wconf 87' lang='lat' dir='ltr'><strong>omnipotentis</strong></span> <span class='ocrx_word' id='word_1_594' title='bbox 740 5156 1194 5214; x_wconf 82' lang='lat' dir='ltr'><strong>misericordiam</strong></span> <span class='ocrx_word' id='word_1_595' title='bbox 1246 5171 1349 5227; x_wconf 90' lang='lat' dir='ltr'><strong>per</strong></span> <span class='ocrx_word' id='word_1_596' title='bbox 1389 5155 1705 5210; x_wconf 88' lang='lat' dir='ltr'><strong>beatissimi</strong></span> <span class='ocrx_word' id='word_1_597' title='bbox 1732 5156 1837 5210; x_wconf 90' lang='lat' dir='ltr'><strong>viri</strong></span> <span class='ocrx_word' id='word_1_598' title='bbox 1865 5156 1966 5210; x_wconf 90' lang='lat' dir='ltr'><strong>ibi-</strong></span> 
     </span>
    </p>
   </div>
   <div class='ocr_carea' id='block_1_88' title="bbox 268 5253 1963 5325">
    <p class='ocr_par' dir='ltr' id='par_1_88' title="bbox 268 5253 1963 5325">
     <span class='ocr_line' id='line_1_88' title="bbox 268 5253 1963 5325; baseline 0 -19"><span class='ocrx_word' id='word_1_599' title='bbox 268 5255 397 5307; x_wconf 88' lang='lat' dir='ltr'><strong>dem</strong></span> <span class='ocrx_word' id='word_1_600' title='bbox 452 5255 861 5325; x_wconf 88' lang='lat' dir='ltr'><strong>requiescentis</strong></span> <span class='ocrx_word' id='word_1_601' title='bbox 930 5253 1136 5308; x_wconf 89' lang='lat' dir='ltr'><strong>merita</strong></span> <span class='ocrx_word' id='word_1_602' title='bbox 1188 5253 1495 5307; x_wconf 84' lang='lat' dir='ltr'><strong>invocaret.</strong></span> <span class='ocrx_word' id='word_1_603' title='bbox 1573 5253 1710 5307; x_wconf 91' lang='lat' dir='ltr'><strong>Toto</strong></span> <span class='ocrx_word' id='word_1_604' title='bbox 1770 5253 1963 5323; x_wconf 89' lang='lat' dir='ltr'><strong>itaque</strong></span> 
     </span>
    </p>
   </div>
   <div class='ocr_carea' id='block_1_89' title="bbox 261 5340 1963 5412">
    <p class='ocr_par' dir='ltr' id='par_1_89' title="bbox 261 5340 1963 5412">
     <span class='ocr_line' id='line_1_89' title="bbox 261 5340 1963 5412; baseline 0.001 -18"><span class='ocrx_word' id='word_1_605' title='bbox 261 5358 500 5412; x_wconf 86' lang='lat' dir='ltr'><strong>corpore</strong></span> <span class='ocrx_word' id='word_1_606' title='bbox 524 5348 840 5411; x_wconf 87' lang='lat' dir='ltr'><strong>prostratus</strong></span> <span class='ocrx_word' id='word_1_607' title='bbox 892 5341 1242 5397; x_wconf 89' lang='lat' dir='ltr'><strong>orationibus</strong></span> <span class='ocrx_word' id='word_1_608' title='bbox 1297 5341 1579 5396; x_wconf 90' lang='lat' dir='ltr'><strong>incubuit.</strong></span> <span class='ocrx_word' id='word_1_609' title='bbox 1611 5340 1756 5405; x_wconf 88' lang='lat' dir='ltr'><strong>Quid</strong></span> <span class='ocrx_word' id='word_1_610' title='bbox 1788 5341 1963 5411; x_wconf 83' lang='lat' dir='ltr'><strong>ergo?</strong></span> 
     </span>
    </p>
   </div>
   <div class='ocr_carea' id='block_1_90' title="bbox 264 5429 1962 5502">
    <p class='ocr_par' dir='ltr' id='par_1_90' title="bbox 264 5429 1962 5502">
     <span class='ocr_line' id='line_1_90' title="bbox 264 5429 1962 5502; baseline 0 -18"><span class='ocrx_word' id='word_1_611' title='bbox 264 5431 518 5484; x_wconf 78' lang='lat' dir='ltr'><strong>Christus</strong></span> <span class='ocrx_word' id='word_1_612' title='bbox 551 5432 727 5485; x_wconf 76' lang='lat' dir='ltr'><strong>Filius</strong></span> <span class='ocrx_word' id='word_1_613' title='bbox 776 5431 896 5498; x_wconf 91' lang='lat' dir='ltr'><strong>Dei,</strong></span> <span class='ocrx_word' id='word_1_614' title='bbox 951 5431 1050 5502; x_wconf 90' lang='lat' dir='ltr'><strong>qui</strong></span> <span class='ocrx_word' id='word_1_615' title='bbox 1096 5447 1269 5502; x_wconf 90' lang='lat' dir='ltr'><strong>super</strong></span> <span class='ocrx_word' id='word_1_616' title='bbox 1298 5435 1508 5484; x_wconf 91' lang='lat' dir='ltr'><strong>terram</strong></span> <span class='ocrx_word' id='word_1_617' title='bbox 1541 5429 1805 5498; x_wconf 85' lang='lat' dir='ltr'><strong>gradiens</strong></span> <span class='ocrx_word' id='word_1_618' title='bbox 1848 5446 1962 5484; x_wconf 87' lang='lat' dir='ltr'><strong>ma-</strong></span> 
     </span>
    </p>
   </div>
   <div class='ocr_carea' id='block_1_91' title="bbox 266 5517 1962 5587">
    <p class='ocr_par' dir='ltr' id='par_1_91' title="bbox 266 5517 1962 5587">
     <span class='ocr_line' id='line_1_91' title="bbox 266 5517 1962 5587; baseline 0 -14"><span class='ocrx_word' id='word_1_619' title='bbox 266 5535 404 5573; x_wconf 92' lang='lat' dir='ltr'><strong>num</strong></span> <span class='ocrx_word' id='word_1_620' title='bbox 435 5518 655 5573; x_wconf 88' lang='lat' dir='ltr'><strong>aridam</strong></span> <span class='ocrx_word' id='word_1_621' title='bbox 705 5517 1015 5574; x_wconf 86' lang='lat' dir='ltr'><strong>habentem</strong></span> <span class='ocrx_word' id='word_1_622' title='bbox 1047 5520 1265 5575; x_wconf 88' lang='lat' dir='ltr'><strong>sanavit</strong></span> <span class='ocrx_word' id='word_1_623' title='bbox 1313 5536 1327 5587; x_wconf 90' lang='lat'><strong>;</strong></span> <span class='ocrx_word' id='word_1_624' title='bbox 1360 5519 1514 5575; x_wconf 91' lang='lat' dir='ltr'><strong>idem</strong></span> <span class='ocrx_word' id='word_1_625' title='bbox 1575 5534 1729 5574; x_wconf 92' lang='lat' dir='ltr'><strong>nunc</strong></span> <span class='ocrx_word' id='word_1_626' title='bbox 1754 5517 1962 5574; x_wconf 88' lang='lat' dir='ltr'><strong>sedens</strong></span> 
     </span>
    </p>
   </div>
   <div class='ocr_carea' id='block_1_92' title="bbox 1821 4241 2040 4338">
    <p class='ocr_par' dir='ltr' id='par_1_92' title="bbox 1821 4241 2040 4338">
     <span class='ocr_line' id='line_1_92' title="bbox 1821 4241 2040 4338; baseline 0.009 -11"><span class='ocrx_word' id='word_1_627' title='bbox 1821 4273 1966 4338; x_wconf 88' lang='lat' dir='ltr'><strong>Quid</strong></span> <span class='ocrx_word' id='word_1_628' title='bbox 1999 4241 2040 4296; x_wconf 74' lang='grc' dir='ltr'>θ</span> 
     </span>
    </p>
   </div>
   <div class='ocr_carea' id='block_1_93' title="bbox 2087 3034 3791 3115">
    <p class='ocr_par' dir='ltr' id='par_1_93' title="bbox 2087 3034 3791 3115">
     <span class='ocr_line' id='line_1_93' title="bbox 2087 3034 3791 3115; baseline -0.007 -16"><span class='ocrx_word' id='word_1_629' title='bbox 2087 3046 2325 3099; x_wconf 87' lang='lat' dir='ltr'><strong>omnino</strong></span> <span class='ocrx_word' id='word_1_630' title='bbox 2379 3048 2728 3115; x_wconf 56' lang='lat' dir='ltr'><strong>praemortua</strong></span> <span class='ocrx_word' id='word_1_631' title='bbox 2770 3042 3022 3105; x_wconf 83' lang='lat' dir='ltr'><strong>fuerunt,</strong></span> <span class='ocrx_word' id='word_1_632' title='bbox 3069 3040 3208 3094; x_wconf 90' lang='lat' dir='ltr'><strong>adeo</strong></span> <span class='ocrx_word' id='word_1_633' title='bbox 3267 3046 3332 3092; x_wconf 88' lang='lat' dir='ltr'><strong>ut</strong></span> <span class='ocrx_word' id='word_1_634' title='bbox 3379 3054 3483 3092; x_wconf 90' lang='lat' dir='ltr'><strong>nec</strong></span> <span class='ocrx_word' id='word_1_635' title='bbox 3546 3034 3791 3106; x_wconf 84' lang='lat' dir='ltr'><strong>pedibus</strong></span> 
     </span>
    </p>
   </div>
   <div class='ocr_carea' id='block_1_94' title="bbox 2085 3124 3790 3198">
    <p class='ocr_par' dir='ltr' id='par_1_94' title="bbox 2085 3124 3790 3198">
     <span class='ocr_line' id='line_1_94' title="bbox 2085 3124 3790 3198; baseline -0.007 -10"><span class='ocrx_word' id='word_1_636' title='bbox 2085 3135 2205 3188; x_wconf 87' lang='lat' dir='ltr'><strong>solo</strong></span> <span class='ocrx_word' id='word_1_637' title='bbox 2243 3133 2350 3187; x_wconf 90' lang='lat' dir='ltr'><strong>niti</strong></span> <span class='ocrx_word' id='word_1_638' title='bbox 2403 3133 2638 3198; x_wconf 89' lang='lat' dir='ltr'><strong>valeret,</strong></span> <span class='ocrx_word' id='word_1_639' title='bbox 2690 3130 2790 3185; x_wconf 90' lang='lat' dir='ltr'><strong>sed</strong></span> <span class='ocrx_word' id='word_1_640' title='bbox 2851 3130 3234 3184; x_wconf 89' lang='lat' dir='ltr'><strong>instrumento</strong></span> <span class='ocrx_word' id='word_1_641' title='bbox 3300 3127 3526 3180; x_wconf 89' lang='lat' dir='ltr'><strong>cuidam</strong></span> <span class='ocrx_word' id='word_1_642' title='bbox 3581 3124 3790 3178; x_wconf 87' lang='lat' dir='ltr'><strong>rotulis</strong></span> 
     </span>
    </p>
   </div>
   <div class='ocr_carea' id='block_1_95' title="bbox 2085 3215 3790 3294">
    <p class='ocr_par' dir='ltr' id='par_1_95' title="bbox 2085 3215 3790 3294">
     <span class='ocr_line' id='line_1_95' title="bbox 2085 3215 3790 3294; baseline -0.008 -17"><span class='ocrx_word' id='word_1_643' title='bbox 2085 3229 2334 3294; x_wconf 88' lang='lat' dir='ltr'><strong>quatuor</strong></span> <span class='ocrx_word' id='word_1_644' title='bbox 2363 3226 2622 3293; x_wconf 89' lang='lat' dir='ltr'><strong>coaptato</strong></span> <span class='ocrx_word' id='word_1_645' title='bbox 2680 3219 2964 3291; x_wconf 89' lang='lat' dir='ltr'><strong>pendulus</strong></span> <span class='ocrx_word' id='word_1_646' title='bbox 3010 3215 3344 3280; x_wconf 74' lang='lat' dir='ltr'><strong>inhaerebat,</strong></span> <span class='ocrx_word' id='word_1_647' title='bbox 3406 3215 3608 3284; x_wconf 91' lang='lat' dir='ltr'><strong>suique</strong></span> <span class='ocrx_word' id='word_1_648' title='bbox 3654 3228 3790 3266; x_wconf 88' lang='lat' dir='ltr'><strong>cor-</strong></span> 
     </span>
    </p>
   </div>
   <div class='ocr_carea' id='block_1_96' title="bbox 2083 3302 3790 3382">
    <p class='ocr_par' dir='ltr' id='par_1_96' title="bbox 2083 3302 3790 3382">
     <span class='ocr_line' id='line_1_96' title="bbox 2083 3302 3790 3382; baseline -0.007 -17"><span class='ocrx_word' id='word_1_649' title='bbox 2083 3311 2239 3382; x_wconf 88' lang='lat' dir='ltr'><strong>poris</strong></span> <span class='ocrx_word' id='word_1_650' title='bbox 2270 3311 2480 3364; x_wconf 91' lang='lat' dir='ltr'><strong>molem</strong></span> <span class='ocrx_word' id='word_1_651' title='bbox 2533 3309 2800 3363; x_wconf 88' lang='lat' dir='ltr'><strong>manibus</strong></span> <span class='ocrx_word' id='word_1_652' title='bbox 2850 3306 3096 3378; x_wconf 87' lang='lat' dir='ltr'><strong>propriis</strong></span> <span class='ocrx_word' id='word_1_653' title='bbox 3151 3321 3255 3376; x_wconf 91' lang='lat' dir='ltr'><strong>pro</strong></span> <span class='ocrx_word' id='word_1_654' title='bbox 3297 3302 3670 3375; x_wconf 89' lang='lat' dir='ltr'><strong>possibilitate</strong></span> <span class='ocrx_word' id='word_1_655' title='bbox 3696 3317 3790 3354; x_wconf 84' lang='lat' dir='ltr'><strong>ar-</strong></span> 
     </span>
    </p>
   </div>
   <div class='ocr_carea' id='block_1_97' title="bbox 2083 3389 3788 3460">
    <p class='ocr_par' dir='ltr' id='par_1_97' title="bbox 2083 3389 3788 3460">
     <span class='ocr_line' id='line_1_97' title="bbox 2083 3389 3788 3460; baseline -0.007 -7"><span class='ocrx_word' id='word_1_656' title='bbox 2083 3399 2252 3453; x_wconf 88' lang='lat' dir='ltr'><strong>titicis</strong></span> <span class='ocrx_word' id='word_1_657' title='bbox 2275 3398 2582 3452; x_wconf 88' lang='lat' dir='ltr'><strong>volutabat.</strong></span> <span class='ocrx_word' id='word_1_658' title='bbox 2626 3397 2781 3452; x_wconf 89' lang='lat' dir='ltr'><strong>Idem</strong></span> <span class='ocrx_word' id='word_1_659' title='bbox 2838 3396 3089 3449; x_wconf 91' lang='lat' dir='ltr'><strong>loculum</strong></span> <span class='ocrx_word' id='word_1_660' title='bbox 3144 3391 3487 3446; x_wconf 86' lang='lat' dir='ltr'><strong>sanctissimi</strong></span> <span class='ocrx_word' id='word_1_661' title='bbox 3531 3389 3788 3460; x_wconf 91' lang='lat' dir='ltr'><strong>corporis</strong></span> 
     </span>
    </p>
   </div>
   <div class='ocr_carea' id='block_1_98' title="bbox 2083 3479 3787 3558">
    <p class='ocr_par' dir='ltr' id='par_1_98' title="bbox 2083 3479 3787 3558">
     <span class='ocr_line' id='line_1_98' title="bbox 2083 3479 3787 3558; baseline -0.006 -16"><span class='ocrx_word' id='word_1_662' title='bbox 2083 3487 2440 3558; x_wconf 84' lang='lat' dir='ltr'><strong>frequentius</strong></span> <span class='ocrx_word' id='word_1_663' title='bbox 2485 3485 2716 3539; x_wconf 88' lang='lat' dir='ltr'><strong>visitare</strong></span> <span class='ocrx_word' id='word_1_664' title='bbox 2765 3483 3032 3538; x_wconf 88' lang='lat' dir='ltr'><strong>solebat:</strong></span> <span class='ocrx_word' id='word_1_665' title='bbox 3067 3487 3123 3536; x_wconf 92' lang='lat' dir='ltr'><strong>et</strong></span> <span class='ocrx_word' id='word_1_666' title='bbox 3170 3498 3273 3552; x_wconf 88' lang='lat' dir='ltr'><strong>per</strong></span> <span class='ocrx_word' id='word_1_667' title='bbox 3317 3481 3415 3535; x_wconf 85' lang='lat' dir='ltr'><strong>Dei</strong></span> <span class='ocrx_word' id='word_1_668' title='bbox 3451 3479 3787 3534; x_wconf 87' lang='lat' dir='ltr'><strong>misericor—</strong></span> 
     </span>
    </p>
   </div>
   <div class='ocr_carea' id='block_1_99' title="bbox 2083 3571 3791 3643">
    <p class='ocr_par' dir='ltr' id='par_1_99' title="bbox 2083 3571 3791 3643">
     <span class='ocr_line' id='line_1_99' title="bbox 2083 3571 3791 3643; baseline -0.005 -13"><span class='ocrx_word' id='word_1_669' title='bbox 2083 3576 2260 3643; x_wconf 90' lang='lat' dir='ltr'><strong>diam,</strong></span> <span class='ocrx_word' id='word_1_670' title='bbox 2308 3576 2377 3630; x_wconf 87' lang='lat' dir='ltr'><strong>ad</strong></span> <span class='ocrx_word' id='word_1_671' title='bbox 2430 3573 2768 3628; x_wconf 90' lang='lat' dir='ltr'><strong>celebranda</strong></span> <span class='ocrx_word' id='word_1_672' title='bbox 2821 3573 2969 3627; x_wconf 85' lang='lat' dir='ltr'><strong>servi</strong></span> <span class='ocrx_word' id='word_1_673' title='bbox 3023 3572 3109 3625; x_wconf 90' lang='lat' dir='ltr'><strong>sui</strong></span> <span class='ocrx_word' id='word_1_674' title='bbox 3155 3571 3378 3636; x_wconf 91' lang='lat' dir='ltr'><strong>merita,</strong></span> <span class='ocrx_word' id='word_1_675' title='bbox 3410 3574 3628 3624; x_wconf 88' lang='lat' dir='ltr'><strong>tantam</strong></span> <span class='ocrx_word' id='word_1_676' title='bbox 3659 3585 3791 3639; x_wconf 75' lang='lat' dir='ltr'><strong>gra-</strong></span> 
     </span>
    </p>
   </div>
   <div class='ocr_carea' id='block_1_100' title="bbox 2080 3657 3790 3730">
    <p class='ocr_par' dir='ltr' id='par_1_100' title="bbox 2080 3657 3790 3730">
     <span class='ocr_line' id='line_1_100' title="bbox 2080 3657 3790 3730; baseline -0.005 -11"><span class='ocrx_word' id='word_1_677' title='bbox 2080 3666 2218 3720; x_wconf 88' lang='lat' dir='ltr'><strong>tiam</strong></span> <span class='ocrx_word' id='word_1_678' title='bbox 2275 3669 2358 3718; x_wconf 90' lang='lat' dir='ltr'><strong>est</strong></span> <span class='ocrx_word' id='word_1_679' title='bbox 2413 3667 2768 3728; x_wconf 89' lang='lat' dir='ltr'><strong>consecutus,</strong></span> <span class='ocrx_word' id='word_1_680' title='bbox 2818 3665 2883 3715; x_wconf 88' lang='lat' dir='ltr'><strong>ut</strong></span> <span class='ocrx_word' id='word_1_681' title='bbox 2940 3660 3198 3715; x_wconf 89' lang='lat' dir='ltr'><strong>membra</strong></span> <span class='ocrx_word' id='word_1_682' title='bbox 3253 3663 3606 3730; x_wconf 70' lang='lat' dir='ltr'><strong>praemortua</strong></span> <span class='ocrx_word' id='word_1_683' title='bbox 3649 3657 3790 3711; x_wconf 86' lang='lat' dir='ltr'><strong>vivi-</strong></span> 
     </span>
    </p>
   </div>
   <div class='ocr_carea' id='block_1_101' title="bbox 2083 3747 3789 3820">
    <p class='ocr_par' dir='ltr' id='par_1_101' title="bbox 2083 3747 3789 3820">
     <span class='ocr_line' id='line_1_101' title="bbox 2083 3747 3789 3820; baseline -0.005 -12"><span class='ocrx_word' id='word_1_684' title='bbox 2083 3755 2406 3816; x_wconf 71' lang='lat' dir='ltr'><strong>ficarentur,</strong></span> <span class='ocrx_word' id='word_1_685' title='bbox 2442 3769 2506 3806; x_wconf 91' lang='lat' dir='ltr'><strong>ac</strong></span> <span class='ocrx_word' id='word_1_686' title='bbox 2542 3751 2749 3806; x_wconf 89' lang='lat' dir='ltr'><strong>deinde</strong></span> <span class='ocrx_word' id='word_1_687' title='bbox 2809 3750 3026 3804; x_wconf 90' lang='lat' dir='ltr'><strong>baculis</strong></span> <span class='ocrx_word' id='word_1_688' title='bbox 3073 3754 3318 3820; x_wconf 84' lang='lat' dir='ltr'><strong>utroque</strong></span> <span class='ocrx_word' id='word_1_689' title='bbox 3374 3747 3617 3802; x_wconf 87' lang='lat' dir='ltr'><strong>humero</strong></span> <span class='ocrx_word' id='word_1_690' title='bbox 3649 3763 3789 3818; x_wconf 86' lang='lat' dir='ltr'><strong>sup-</strong></span> 
     </span>
    </p>
   </div>
   <div class='ocr_carea' id='block_1_102' title="bbox 2081 3835 3786 3913">
    <p class='ocr_par' dir='ltr' id='par_1_102' title="bbox 2081 3835 3786 3913">
     <span class='ocr_line' id='line_1_102' title="bbox 2081 3835 3786 3913; baseline -0.005 -16"><span class='ocrx_word' id='word_1_691' title='bbox 2081 3843 2302 3913; x_wconf 89' lang='lat' dir='ltr'><strong>positis,</strong></span> <span class='ocrx_word' id='word_1_692' title='bbox 2351 3841 2592 3913; x_wconf 88' lang='lat' dir='ltr'><strong>pedibus</strong></span> <span class='ocrx_word' id='word_1_693' title='bbox 2644 3845 2856 3894; x_wconf 90' lang='lat' dir='ltr'><strong>terram</strong></span> <span class='ocrx_word' id='word_1_694' title='bbox 2921 3843 3186 3910; x_wconf 87' lang='lat' dir='ltr'><strong>tangeret</strong></span> <span class='ocrx_word' id='word_1_695' title='bbox 3245 3842 3301 3892; x_wconf 91' lang='lat' dir='ltr'><strong>et</strong></span> <span class='ocrx_word' id='word_1_696' title='bbox 3351 3842 3571 3890; x_wconf 89' lang='lat' dir='ltr'><strong>erectus</strong></span> <span class='ocrx_word' id='word_1_697' title='bbox 3629 3835 3786 3890; x_wconf 88' lang='lat' dir='ltr'><strong>ince-</strong></span> 
     </span>
    </p>
   </div>
   <div class='ocr_carea' id='block_1_103' title="bbox 2081 3933 2259 3986">
    <p class='ocr_par' dir='ltr' id='par_1_103' title="bbox 2081 3933 2259 3986">
     <span class='ocr_line' id='line_1_103' title="bbox 2081 3933 2259 3986; baseline -0.006 0"><span class='ocrx_word' id='word_1_698' title='bbox 2081 3933 2259 3986; x_wconf 79' lang='lat' dir='ltr'><strong>deret.</strong></span> 
     </span>
    </p>
   </div>
   <div class='ocr_carea' id='block_1_104' title="bbox 2149 4013 3787 4086">
    <p class='ocr_par' dir='ltr' id='par_1_104' title="bbox 2149 4013 3787 4086">
     <span class='ocr_line' id='line_1_104' title="bbox 2149 4013 3787 4086; baseline -0.005 -12"><span class='ocrx_word' id='word_1_699' title='bbox 2149 4023 2201 4076; x_wconf 91' lang='lat'><strong>8.</strong></span> <span class='ocrx_word' id='word_1_700' title='bbox 2253 4018 2536 4073; x_wconf 76' lang='lat' dir='ltr'><strong>Modernis</strong></span> <span class='ocrx_word' id='word_1_701' title='bbox 2593 4017 2761 4072; x_wconf 90' lang='lat' dir='ltr'><strong>etiam</strong></span> <span class='ocrx_word' id='word_1_702' title='bbox 2825 4016 3180 4086; x_wconf 89' lang='lat' dir='ltr'><strong>temporibus</strong></span> <span class='ocrx_word' id='word_1_703' title='bbox 3257 4013 3489 4085; x_wconf 86' lang='lat' dir='ltr'><strong>quidam</strong></span> <span class='ocrx_word' id='word_1_704' title='bbox 3555 4017 3787 4067; x_wconf 86' lang='lat' dir='ltr'><strong>contra-</strong></span> 
     </span>
    </p>
   </div>
   <div class='ocr_carea' id='block_1_105' title="bbox 2077 4101 3786 4177">
    <p class='ocr_par' dir='ltr' id='par_1_105' title="bbox 2077 4101 3786 4177">
     <span class='ocr_line' id='line_1_105' title="bbox 2077 4101 3786 4177; baseline -0.004 -17"><span class='ocrx_word' id='word_1_705' title='bbox 2077 4113 2220 4174; x_wconf 92' lang='lat' dir='ltr'><strong>ctus,</strong></span> <span class='ocrx_word' id='word_1_706' title='bbox 2245 4107 2380 4177; x_wconf 91' lang='lat' dir='ltr'><strong>quia</strong></span> <span class='ocrx_word' id='word_1_707' title='bbox 2426 4107 2613 4161; x_wconf 85' lang='lat' dir='ltr'><strong>adhuc</strong></span> <span class='ocrx_word' id='word_1_708' title='bbox 2671 4106 2730 4159; x_wconf 91' lang='lat' dir='ltr'><strong>in</strong></span> <span class='ocrx_word' id='word_1_709' title='bbox 2782 4121 2952 4158; x_wconf 90' lang='lat' dir='ltr'><strong>carne</strong></span> <span class='ocrx_word' id='word_1_710' title='bbox 3006 4107 3288 4175; x_wconf 89' lang='lat' dir='ltr'><strong>superest,</strong></span> <span class='ocrx_word' id='word_1_711' title='bbox 3327 4103 3385 4156; x_wconf 90' lang='lat' dir='ltr'><strong>in</strong></span> <span class='ocrx_word' id='word_1_712' title='bbox 3437 4101 3638 4156; x_wconf 90' lang='lat' dir='ltr'><strong>eodem</strong></span> <span class='ocrx_word' id='word_1_713' title='bbox 3659 4101 3786 4154; x_wconf 90' lang='lat' dir='ltr'><strong>loco</strong></span> 
     </span>
    </p>
   </div>
   <div class='ocr_carea' id='block_1_106' title="bbox 2079 4189 3780 4260">
    <p class='ocr_par' dir='ltr' id='par_1_106' title="bbox 2079 4189 3780 4260">
     <span class='ocr_line' id='line_1_106' title="bbox 2079 4189 3780 4260; baseline -0.004 -12"><span class='ocrx_word' id='word_1_714' title='bbox 2079 4200 2314 4248; x_wconf 90' lang='lat' dir='ltr'><strong>sanatus</strong></span> <span class='ocrx_word' id='word_1_715' title='bbox 2341 4199 2444 4260; x_wconf 90' lang='lat' dir='ltr'><strong>est,</strong></span> <span class='ocrx_word' id='word_1_716' title='bbox 2501 4199 2558 4249; x_wconf 89' lang='lat' dir='ltr'><strong>et</strong></span> <span class='ocrx_word' id='word_1_717' title='bbox 2608 4194 2932 4248; x_wconf 89' lang='lat' dir='ltr'><strong>naturalem</strong></span> <span class='ocrx_word' id='word_1_718' title='bbox 2964 4208 3132 4247; x_wconf 90' lang='lat' dir='ltr'><strong>usum</strong></span> <span class='ocrx_word' id='word_1_719' title='bbox 3182 4189 3516 4246; x_wconf 88' lang='lat' dir='ltr'><strong>ambulandi</strong></span> <span class='ocrx_word' id='word_1_720' title='bbox 3544 4189 3780 4260; x_wconf 88' lang='lat' dir='ltr'><strong>recepit.</strong></span> 
     </span>
    </p>
   </div>
   <div class='ocr_carea' id='block_1_107' title="bbox 2085 4280 3785 4348">
    <p class='ocr_par' dir='ltr' id='par_1_107' title="bbox 2085 4280 3785 4348">
     <span class='ocr_line' id='line_1_107' title="bbox 2085 4280 3785 4348; baseline -0.005 -10"><span class='ocrx_word' id='word_1_721' title='bbox 2085 4285 2294 4338; x_wconf 69' lang='lat' dir='ltr'><strong>Praeter</strong></span> <span class='ocrx_word' id='word_1_722' title='bbox 2362 4283 2485 4337; x_wconf 68' lang='lat' dir='ltr'><strong>haec</strong></span> <span class='ocrx_word' id='word_1_723' title='bbox 2547 4282 2730 4336; x_wconf 90' lang='lat' dir='ltr'><strong>multa</strong></span> <span class='ocrx_word' id='word_1_724' title='bbox 2799 4282 2910 4335; x_wconf 90' lang='lat' dir='ltr'><strong>alia</strong></span> <span class='ocrx_word' id='word_1_725' title='bbox 2972 4280 3287 4335; x_wconf 88' lang='lat' dir='ltr'><strong>sanctitatis</strong></span> <span class='ocrx_word' id='word_1_726' title='bbox 3340 4283 3677 4348; x_wconf 85' lang='lat' dir='ltr'><strong>argumenta</strong></span> <span class='ocrx_word' id='word_1_727' title='bbox 3725 4283 3785 4330; x_wconf 88' lang='lat' dir='ltr'><strong>et</strong></span> 
     </span>
    </p>
   </div>
   <div class='ocr_carea' id='block_1_108' title="bbox 2081 4368 3778 4441">
    <p class='ocr_par' dir='ltr' id='par_1_108' title="bbox 2081 4368 3778 4441">
     <span class='ocr_line' id='line_1_108' title="bbox 2081 4368 3778 4441; baseline -0.005 -15"><span class='ocrx_word' id='word_1_728' title='bbox 2081 4371 2475 4441; x_wconf 85' lang='lat' dir='ltr'><strong>experimenta</strong></span> <span class='ocrx_word' id='word_1_729' title='bbox 2547 4370 2880 4440; x_wconf 89' lang='lat' dir='ltr'><strong>frequenter</strong></span> <span class='ocrx_word' id='word_1_730' title='bbox 2965 4369 3023 4423; x_wconf 92' lang='lat' dir='ltr'><strong>in</strong></span> <span class='ocrx_word' id='word_1_731' title='bbox 3107 4368 3310 4423; x_wconf 87' lang='lat' dir='ltr'><strong>eodem</strong></span> <span class='ocrx_word' id='word_1_732' title='bbox 3395 4368 3517 4420; x_wconf 92' lang='lat' dir='ltr'><strong>loco</strong></span> <span class='ocrx_word' id='word_1_733' title='bbox 3605 4369 3778 4418; x_wconf 88' lang='lat' dir='ltr'><strong>sunt:</strong></span> 
     </span>
    </p>
   </div>
   <div class='ocr_carea' id='block_1_109' title="bbox 2080 4452 3784 4525">
    <p class='ocr_par' dir='ltr' id='par_1_109' title="bbox 2080 4452 3784 4525">
     <span class='ocr_line' id='line_1_109' title="bbox 2080 4452 3784 4525; baseline -0.006 -10"><span class='ocrx_word' id='word_1_734' title='bbox 2080 4461 2295 4515; x_wconf 88' lang='lat' dir='ltr'><strong>debiles</strong></span> <span class='ocrx_word' id='word_1_735' title='bbox 2350 4459 2550 4520; x_wconf 89' lang='lat' dir='ltr'><strong>curati,</strong></span> <span class='ocrx_word' id='word_1_736' title='bbox 2608 4458 2740 4513; x_wconf 54' lang='lat' dir='ltr'><strong>caici</strong></span> <span class='ocrx_word' id='word_1_737' title='bbox 2820 4457 3170 4525; x_wconf 85' lang='lat' dir='ltr'><strong>illuminati;</strong></span> <span class='ocrx_word' id='word_1_738' title='bbox 3231 4456 3527 4510; x_wconf 63' lang='lat' dir='ltr'><strong>daemones</strong></span> <span class='ocrx_word' id='word_1_739' title='bbox 3571 4469 3638 4506; x_wconf 82' lang='lat' dir='ltr'><strong>ex</strong></span> <span class='ocrx_word' id='word_1_740' title='bbox 3683 4452 3784 4506; x_wconf 86' lang='lat' dir='ltr'><strong>ob-</strong></span> 
     </span>
    </p>
   </div>
   <div class='ocr_carea' id='block_1_110' title="bbox 2077 4540 3783 4618">
    <p class='ocr_par' dir='ltr' id='par_1_110' title="bbox 2077 4540 3783 4618">
     <span class='ocr_line' id='line_1_110' title="bbox 2077 4540 3783 4618; baseline -0.005 -17"><span class='ocrx_word' id='word_1_741' title='bbox 2077 4548 2245 4602; x_wconf 85' lang='lat' dir='ltr'><strong>sessis</strong></span> <span class='ocrx_word' id='word_1_742' title='bbox 2275 4548 2612 4618; x_wconf 88' lang='lat' dir='ltr'><strong>corporibus</strong></span> <span class='ocrx_word' id='word_1_743' title='bbox 2651 4545 2951 4601; x_wconf 85' lang='lat' dir='ltr'><strong>visibiliter</strong></span> <span class='ocrx_word' id='word_1_744' title='bbox 2983 4545 3162 4616; x_wconf 85' lang='lat' dir='ltr'><strong>fugati</strong></span> <span class='ocrx_word' id='word_1_745' title='bbox 3197 4561 3211 4599; x_wconf 88' lang='lat'>:</span> <span class='ocrx_word' id='word_1_746' title='bbox 3245 4543 3412 4598; x_wconf 89' lang='lat' dir='ltr'><strong>multi</strong></span> <span class='ocrx_word' id='word_1_747' title='bbox 3444 4559 3509 4596; x_wconf 82' lang='lat' dir='ltr'><strong>ex</strong></span> <span class='ocrx_word' id='word_1_748' title='bbox 3543 4540 3783 4596; x_wconf 89' lang='lat' dir='ltr'><strong>diversis</strong></span> 
     </span>
    </p>
   </div>
   <div class='ocr_carea' id='block_1_111' title="bbox 2076 4631 3779 4705">
    <p class='ocr_par' dir='ltr' id='par_1_111' title="bbox 2076 4631 3779 4705">
     <span class='ocr_line' id='line_1_111' title="bbox 2076 4631 3779 4705; baseline -0.005 -14"><span class='ocrx_word' id='word_1_749' title='bbox 2076 4637 2504 4691; x_wconf 82' lang='lat' dir='ltr'><strong>inﬁrmitatibus</strong></span> <span class='ocrx_word' id='word_1_750' title='bbox 2551 4635 2769 4691; x_wconf 91' lang='lat' dir='ltr'><strong>ibidem</strong></span> <span class='ocrx_word' id='word_1_751' title='bbox 2818 4634 3282 4705; x_wconf 87' lang='lat' dir='ltr'><strong>frequentissime</strong></span> <span class='ocrx_word' id='word_1_752' title='bbox 3349 4631 3575 4686; x_wconf 89' lang='lat' dir='ltr'><strong>liberati</strong></span> <span class='ocrx_word' id='word_1_753' title='bbox 3623 4634 3779 4692; x_wconf 89' lang='lat' dir='ltr'><strong>sunt,</strong></span> 
     </span>
    </p>
   </div>
   <div class='ocr_carea' id='block_1_112' title="bbox 2078 4718 3784 4795">
    <p class='ocr_par' dir='ltr' id='par_1_112' title="bbox 2078 4718 3784 4795">
     <span class='ocr_line' id='line_1_112' title="bbox 2078 4718 3784 4795; baseline -0.004 -18"><span class='ocrx_word' id='word_1_754' title='bbox 2078 4725 2316 4778; x_wconf 81' lang='lat' dir='ltr'><strong>Domino</strong></span> <span class='ocrx_word' id='word_1_755' title='bbox 2372 4724 2734 4787; x_wconf 82' lang='lat' dir='ltr'><strong>testiﬁcante,</strong></span> <span class='ocrx_word' id='word_1_756' title='bbox 2818 4729 3034 4795; x_wconf 91' lang='lat' dir='ltr'><strong>quanta</strong></span> <span class='ocrx_word' id='word_1_757' title='bbox 3090 4722 3428 4777; x_wconf 83' lang='lat' dir='ltr'><strong>Sanctorum</strong></span> <span class='ocrx_word' id='word_1_758' title='bbox 3486 4719 3668 4790; x_wconf 89' lang='lat' dir='ltr'><strong>gloria</strong></span> <span class='ocrx_word' id='word_1_759' title='bbox 3722 4718 3784 4771; x_wconf 93' lang='lat' dir='ltr'><strong>in</strong></span> 
     </span>
    </p>
   </div>
   <div class='ocr_carea' id='block_1_113' title="bbox 2076 4805 3783 4884">
    <p class='ocr_par' dir='ltr' id='par_1_113' title="bbox 2076 4805 3783 4884">
     <span class='ocr_line' id='line_1_113' title="bbox 2076 4805 3783 4884; baseline -0.003 -19"><span class='ocrx_word' id='word_1_760' title='bbox 2076 4813 2228 4866; x_wconf 67' lang='lat' dir='ltr'><strong>caelis</strong></span> <span class='ocrx_word' id='word_1_761' title='bbox 2285 4813 2379 4883; x_wconf 90' lang='lat' dir='ltr'><strong>sit,</strong></span> <span class='ocrx_word' id='word_1_762' title='bbox 2438 4829 2584 4884; x_wconf 87' lang='lat' dir='ltr'><strong>quos</strong></span> <span class='ocrx_word' id='word_1_763' title='bbox 2655 4811 2831 4866; x_wconf 89' lang='lat' dir='ltr'><strong>tantis</strong></span> <span class='ocrx_word' id='word_1_764' title='bbox 2890 4811 3302 4866; x_wconf 87' lang='lat' dir='ltr'><strong>miraculorum</strong></span> <span class='ocrx_word' id='word_1_765' title='bbox 3361 4807 3667 4863; x_wconf 87' lang='lat' dir='ltr'><strong>virtutibus</strong></span> <span class='ocrx_word' id='word_1_766' title='bbox 3722 4805 3783 4860; x_wconf 90' lang='lat' dir='ltr'><strong>in</strong></span> 
     </span>
    </p>
   </div>
   <div class='ocr_carea' id='block_1_114' title="bbox 2075 4895 3784 4969">
    <p class='ocr_par' dir='ltr' id='par_1_114' title="bbox 2075 4895 3784 4969">
     <span class='ocr_line' id='line_1_114' title="bbox 2075 4895 3784 4969; baseline -0.004 -15"><span class='ocrx_word' id='word_1_767' title='bbox 2075 4900 2242 4954; x_wconf 75' lang='lat' dir='ltr'><strong>terris</strong></span> <span class='ocrx_word' id='word_1_768' title='bbox 2299 4916 2597 4955; x_wconf 88' lang='lat' dir='ltr'><strong>coruscare</strong></span> <span class='ocrx_word' id='word_1_769' title='bbox 2647 4899 2953 4954; x_wconf 89' lang='lat' dir='ltr'><strong>concedit:</strong></span> <span class='ocrx_word' id='word_1_770' title='bbox 2989 4916 3058 4954; x_wconf 89' lang='lat' dir='ltr'><strong>ne</strong></span> <span class='ocrx_word' id='word_1_771' title='bbox 3111 4897 3265 4969; x_wconf 89' lang='lat' dir='ltr'><strong>apud</strong></span> <span class='ocrx_word' id='word_1_772' title='bbox 3335 4896 3599 4952; x_wconf 89' lang='lat' dir='ltr'><strong>homines</strong></span> <span class='ocrx_word' id='word_1_773' title='bbox 3652 4895 3784 4949; x_wconf 88' lang='lat' dir='ltr'><strong>loco</strong></span> 
     </span>
    </p>
   </div>
   <div class='ocr_carea' id='block_1_115' title="bbox 2075 4982 3784 5060">
    <p class='ocr_par' dir='ltr' id='par_1_115' title="bbox 2075 4982 3784 5060">
     <span class='ocr_line' id='line_1_115' title="bbox 2075 4982 3784 5060; baseline -0.004 -18"><span class='ocrx_word' id='word_1_774' title='bbox 2075 4989 2279 5042; x_wconf 84' lang='lat' dir='ltr'><strong>humili</strong></span> <span class='ocrx_word' id='word_1_775' title='bbox 2310 4993 2646 5057; x_wconf 81' lang='lat' dir='ltr'><strong>teneantur,</strong></span> <span class='ocrx_word' id='word_1_776' title='bbox 2713 4988 2814 5060; x_wconf 91' lang='lat' dir='ltr'><strong>qui</strong></span> <span class='ocrx_word' id='word_1_777' title='bbox 2871 4987 3022 5059; x_wconf 91' lang='lat' dir='ltr'><strong>apud</strong></span> <span class='ocrx_word' id='word_1_778' title='bbox 3079 4988 3264 5041; x_wconf 90' lang='lat' dir='ltr'><strong>Deum</strong></span> <span class='ocrx_word' id='word_1_779' title='bbox 3319 4984 3540 5040; x_wconf 88' lang='lat' dir='ltr'><strong>meritis</strong></span> <span class='ocrx_word' id='word_1_780' title='bbox 3572 4982 3784 5038; x_wconf 78' lang='lat' dir='ltr'><strong>excelsi</strong></span> 
     </span>
    </p>
   </div>
   <div class='ocr_carea' id='block_1_116' title="bbox 2074 5076 2696 5148">
    <p class='ocr_par' dir='ltr' id='par_1_116' title="bbox 2074 5076 2696 5148">
     <span class='ocr_line' id='line_1_116' title="bbox 2074 5076 2696 5148; baseline 0 -18"><span class='ocrx_word' id='word_1_781' title='bbox 2074 5093 2196 5130; x_wconf 89' lang='lat' dir='ltr'><strong>esse</strong></span> <span class='ocrx_word' id='word_1_782' title='bbox 2228 5076 2696 5148; x_wconf 87' lang='lat' dir='ltr'><strong>comprobantur.</strong></span> 
     </span>
    </p>
   </div>
   <div class='ocr_carea' id='block_1_117' title="bbox 2145 5159 3779 5228">
    <p class='ocr_par' dir='ltr' id='par_1_117' title="bbox 2145 5159 3779 5228">
     <span class='ocr_line' id='line_1_117' title="bbox 2145 5159 3779 5228; baseline -0.003 -9"><span class='ocrx_word' id='word_1_783' title='bbox 2145 5168 2196 5220; x_wconf 89' lang='lat'><strong>9.</strong></span> <span class='ocrx_word' id='word_1_784' title='bbox 2287 5168 2426 5221; x_wconf 88' lang='lat' dir='ltr'><strong>Cum</strong></span> <span class='ocrx_word' id='word_1_785' title='bbox 2510 5165 2724 5220; x_wconf 89' lang='lat' dir='ltr'><strong>etenim</strong></span> <span class='ocrx_word' id='word_1_786' title='bbox 2814 5163 3226 5219; x_wconf 90' lang='lat' dir='ltr'><strong>miraculorum</strong></span> <span class='ocrx_word' id='word_1_787' title='bbox 3294 5159 3779 5228; x_wconf 87' lang='lat' dir='ltr'><strong>attestationibus,</strong></span> 
     </span>
    </p>
   </div>
   <div class='ocr_carea' id='block_1_118' title="bbox 2073 5250 3776 5317">
    <p class='ocr_par' dir='ltr' id='par_1_118' title="bbox 2073 5250 3776 5317">
     <span class='ocr_line' id='line_1_118' title="bbox 2073 5250 3776 5317; baseline -0.002 -10"><span class='ocrx_word' id='word_1_788' title='bbox 2073 5254 2430 5308; x_wconf 79' lang='lat' dir='ltr'><strong>sanctitatem</strong></span> <span class='ocrx_word' id='word_1_789' title='bbox 2508 5253 2861 5308; x_wconf 89' lang='lat' dir='ltr'><strong>Confessoris</strong></span> <span class='ocrx_word' id='word_1_790' title='bbox 2948 5251 3036 5306; x_wconf 91' lang='lat' dir='ltr'><strong>sui</strong></span> <span class='ocrx_word' id='word_1_791' title='bbox 3085 5251 3363 5306; x_wconf 89' lang='lat' dir='ltr'><strong>Dominus</strong></span> <span class='ocrx_word' id='word_1_792' title='bbox 3438 5250 3776 5317; x_wconf 85' lang='lat' dir='ltr'><strong>declararet,</strong></span> 
     </span>
    </p>
   </div>
   <div class='ocr_carea' id='block_1_119' title="bbox 2075 5337 3780 5413">
    <p class='ocr_par' dir='ltr' id='par_1_119' title="bbox 2075 5337 3780 5413">
     <span class='ocr_line' id='line_1_119' title="bbox 2075 5337 3780 5413; baseline -0.004 -17"><span class='ocrx_word' id='word_1_793' title='bbox 2075 5342 2558 5413; x_wconf 78' lang='lat' dir='ltr'><strong>Rabenbergensis</strong></span> <span class='ocrx_word' id='word_1_794' title='bbox 2634 5341 2892 5396; x_wconf 55' lang='lat' dir='ltr'><strong>Ecclesia».</strong></span> <span class='ocrx_word' id='word_1_795' title='bbox 2979 5340 3204 5395; x_wconf 66' lang='lat' dir='ltr'><strong>Prelati</strong></span> <span class='ocrx_word' id='word_1_796' title='bbox 3287 5337 3780 5393; x_wconf 88' lang='lat' dir='ltr'><strong>crebrescentibus</strong></span> 
     </span>
    </p>
   </div>
   <div class='ocr_carea' id='block_1_120' title="bbox 2072 5425 3778 5500">
    <p class='ocr_par' dir='ltr' id='par_1_120' title="bbox 2072 5425 3778 5500">
     <span class='ocr_line' id='line_1_120' title="bbox 2072 5425 3778 5500; baseline -0.002 -17"><span class='ocrx_word' id='word_1_797' title='bbox 2072 5431 2270 5500; x_wconf 89' lang='lat' dir='ltr'><strong>signis,</strong></span> <span class='ocrx_word' id='word_1_798' title='bbox 2298 5447 2427 5484; x_wconf 93' lang='lat' dir='ltr'><strong>cum</strong></span> <span class='ocrx_word' id='word_1_799' title='bbox 2459 5430 2744 5486; x_wconf 91' lang='lat' dir='ltr'><strong>mandatis</strong></span> <span class='ocrx_word' id='word_1_800' title='bbox 2773 5435 2831 5484; x_wconf 87' lang='lat' dir='ltr'><strong>et</strong></span> <span class='ocrx_word' id='word_1_801' title='bbox 2885 5429 3090 5483; x_wconf 85' lang='lat' dir='ltr'><strong>litteris</strong></span> <span class='ocrx_word' id='word_1_802' title='bbox 3148 5427 3436 5484; x_wconf 81' lang='lat' dir='ltr'><strong>Chunradi</strong></span> <span class='ocrx_word' id='word_1_803' title='bbox 3491 5425 3660 5496; x_wconf 83' lang='lat' dir='ltr'><strong>Regis</strong></span> <span class='ocrx_word' id='word_1_804' title='bbox 3712 5443 3778 5480; x_wconf 86' lang='lat' dir='ltr'><strong>ac</strong></span> 
     </span>
    </p>
   </div>
   <div class='ocr_carea' id='block_1_121' title="bbox 2073 5512 3777 5591">
    <p class='ocr_par' dir='ltr' id='par_1_121' title="bbox 2073 5512 3777 5591">
     <span class='ocr_line' id='line_1_121' title="bbox 2073 5512 3777 5591; baseline -0.005 -17"><span class='ocrx_word' id='word_1_805' title='bbox 2073 5518 2406 5591; x_wconf 89' lang='lat' dir='ltr'><strong>Principum</strong></span> <span class='ocrx_word' id='word_1_806' title='bbox 2437 5519 2681 5575; x_wconf 79' lang='lat' dir='ltr'><strong>Romam</strong></span> <span class='ocrx_word' id='word_1_807' title='bbox 2713 5517 2979 5574; x_wconf 85' lang='lat' dir='ltr'><strong>abierunt</strong></span> <span class='ocrx_word' id='word_1_808' title='bbox 3033 5533 3242 5588; x_wconf 87' lang='lat' dir='ltr'><strong>magna</strong></span> <span class='ocrx_word' id='word_1_809' title='bbox 3304 5521 3360 5570; x_wconf 90' lang='lat' dir='ltr'><strong>ct</strong></span> <span class='ocrx_word' id='word_1_810' title='bbox 3390 5528 3561 5586; x_wconf 86' lang='lat' dir='ltr'><strong>quam</strong></span> <span class='ocrx_word' id='word_1_811' title='bbox 3591 5512 3777 5566; x_wconf 87' lang='lat' dir='ltr'><strong>mira-</strong></span> 
     </span>
    </p>
   </div>
  </div>
