4012 6204
238 282 315 333 133
1848 282 1888 332 Α

3598 286 3695 340 134

232 401 345 455 bilia
375 402 509 454 Dens
539 414 637 469 per
666 397 1059 452 Confessorem
1113 414 1280 452 suum
1313 405 1605 469 operetur,
1645 401 1886 455 Domino
1919 407 1960 457 A
2002 403 2351 472 tegritatem,
2408 404 2902 475 eleemosynarum
2956 406 3303 476 largitatem,
3358 408 3699 464 humilitatis

232 493 371 559 Papae
410 489 672 558 Eugenio,
704 495 760 541 et
791 489 1063 542 Romanae
1093 489 1270 541 curiae
1326 491 1755 542 nuntiaverunt.
1818 493 1890 544 At

231 580 297 632 illi
324 578 636 647 gaudentes,
672 584 729 628 et
779 593 880 646 pro
934 582 1104 629 tantae
1148 578 1314 629 fama:
1374 577 1676 631 dulcedine
1710 578 1887 631 Deum

231 666 589 736 gloriﬁcantes,
632 664 699 717 de
730 664 1163 717 canonizatioue
1194 664 1374 717 sancti
1436 665 1603 733 Regis
1662 665 1887 718 Ilenrici

231 760 488 824 coeperunt
515 752 749 805 sollicite
805 768 867 804 ac
895 753 1203 822 diligenter
1234 754 1301 804 ad
1337 752 1577 805 invicem
1608 756 1886 819 conferre,

232 850 475 912 quatenus
527 840 584 893 in
650 841 920 910 Catalogo
1002 842 1459 894 conscriberetur
1526 841 1883 908 Sanctorum,

237 932 317 1002 qui
356 930 647 983 virtutibus
677 937 732 984 et
785 931 966 999 signis
1006 931 1351 1001 probaretur
1401 937 1727 1001 assumptus
1769 947 1889 983 esse

230 1021 277 1072 in
305 1034 523 1088 regnum
554 1020 848 1072 caelorum.
885 1019 988 1072 Cui
1028 1019 1445 1072 canonizationi
1476 1020 1710 1089 quidam
1749 1020 1886 1074 Car-

228 1109 422 1171 dinalis,
475 1108 716 1159 Joannes
772 1107 1031 1173 nomine,
1095 1108 1269 1177 coepit
1313 1108 1680 1161 vehementer
1736 1108 1887 1160 obsi-

229 1202 369 1259 stere,
406 1199 458 1247 et
484 1196 736 1264 projecto
768 1195 979 1248 timore
1016 1195 1134 1258 Dei,
1172 1196 1229 1248 in
1280 1195 1738 1266 quibuscumque
1784 1212 1888 1265 po-

230 1284 336 1344 tuit,
381 1299 486 1336 non
527 1284 943 1336 verecundatus
987 1288 1071 1336 est
1126 1284 1398 1354 prtrdicto
1435 1284 1759 1338 Confessori
1800 1285 1892 1336 de-

231 1372 440 1424 trahere.
474 1372 582 1423 Sed
632 1371 824 1424 divina
875 1372 1020 1425 ultio
1071 1372 1470 1425 detrahentem
1527 1371 1737 1425 caelesti
1767 1387 1889 1425 ver-

230 1462 341 1514 bere
390 1468 621 1529 repente
683 1460 954 1524 coercuit,
1017 1466 1074 1513 et
1101 1461 1239 1514 dum
1287 1461 1500 1513 famam
1560 1460 1710 1514 beati
1785 1460 1892 1513 viri

230 1551 488 1613 laceraret,
542 1554 791 1617 potestas
841 1549 943 1602 Dei
987 1549 1205 1602 lumine
1254 1550 1549 1602 oculorum
1598 1564 1728 1601 eum
1779 1548 1893 1617 pri-

230 1639 371 1690 vavit.
410 1637 593 1690 Atille
627 1637 773 1689 adeo
821 1653 1124 1706 percussus
1165 1644 1221 1690 et
1257 1636 1594 1691 humiliatus
1625 1636 1891 1689 caecitatis

228 1725 564 1782 molestiaet
604 1734 796 1779 reatus
850 1726 938 1778 sui
991 1726 1341 1797 conscientia
1391 1727 1563 1796 coepit
1604 1725 1889 1795 terqueri;

228 1818 271 1865 et
318 1813 594 1884 quomodo
642 1814 789 1866 hanc
838 1813 1067 1883 plagam
1129 1815 1187 1867 in
1228 1814 1620 1868 Confessorem
1685 1814 1892 1868 Christi

226 1902 479 1971 peccando
506 1902 830 1970 meruisset,
870 1903 1103 1972 publica
1146 1918 1277 1956 voce
1338 1902 1618 1968 conﬁteri,
1673 1903 1755 1972 [et
1794 1902 1892 1955 mi-

228 2005 333 2042 rum
361 1991 418 2043 in
480 1990 740 2057 modum,
788 2006 960 2060 quem
1010 1990 1171 2060 prius
1211 1990 1482 2044 dentibus
1523 1990 1894 2043 detractionis

225 2079 657 2145 lacerabat,hunc
685 2079 880 2148 {modo
931 2080 1197 2139 laudibus
1251 2085 1307 2131 et
1350 2079 1653 2148 praeconiis
1714 2094 1893 2148 usque

225 2169 280 2220 ad
307 2168 478 2220 sidera
532 2169 864 2221 extollebat.
908 2169 1224 2222 Conversus
1276 2168 1469 2238 itaque
1501 2169 1567 2221 ad
1612 2167 1893 2237 paeniten-

225 2256 361 2322 tiam,
396 2256 639 2309 celerem
687 2262 1022 2309 consecutus
1054 2261 1133 2309 est
1185 2256 1626 2324 indulgentiam,
1682 2262 1736 2308 et
1792 2272 1896 2325 per

226 2345 662 2398 intercessionem
691 2344 1041 2398 Confessoris
1081 2344 1289 2398 Christi
1337 2346 1527 2397 denuo
1564 2350 1647 2397 est
1680 2344 1893 2397 illumi-

224 2438 382 2498 natus,
416 2433 486 2485 ob
544 2434 712 2503 cujus
767 2434 1047 2487 ultionem
1102 2434 1261 2503 justo
1310 2432 1527 2502 judicio
1562 2432 1661 2485 Dei
1711 2433 1896 2486 fuerat

223 2528 522 2575 excaecatus.

286 2611 355 2662 l0.
406 2610 595 2663 Simili
637 2610 807 2663 modo
839 2626 968 2663 cum
1008 2610 1067 2663 in
1100 2610 1223 2663 loco
1288 2608 1763 2677 Babeubergensi,
1798 2609 1896 2662 ubi

224 2698 499 2767 przedictus
527 2700 831 2753 Confessor
869 2700 1183 2752 tumulatus
1216 2700 1420 2761 fuerat,
1482 2698 1549 2750 de
1592 2696 1891 2749 canoniza-

224 2787 353 2840 tione
382 2787 500 2856 ejus
531 2788 776 2841 celebris
814 2788 967 2841 fama
1014 2787 1345 2852 haberetur,
1380 2786 1463 2838 vir
1495 2785 1729 2855 quidam
1765 2786 1893 2838 reli-

224 2874 393 2942 giosus
422 2876 488 2929 de
520 2876 723 2945 signis,
774 2892 903 2946 quae
952 2892 1053 2945 per
1079 2892 1210 2928 eum
1250 2875 1484 2941 tiebant,
1516 2873 1685 2943 erepit
1727 2872 1892 2927 dubi-

1997 492 2339 557 custodiam,
2397 498 2452 545 et
2480 494 2674 546 omnia
2708 510 2882 563 opera
2904 495 3149 563 justitite
3197 512 3378 565 usque
3412 498 3470 550 in
3518 499 3692 552 tinem

1999 580 2127 633 vita:
2182 598 2301 635 suae
2348 598 2479 635 cum
2535 582 2841 636 devotione
2890 599 3116 636 summa
3173 587 3498 640 servaverit.
3556 587 3688 651 Sed,

1998 668 2145 721 sicut
2173 671 2450 739 scriptum
2482 676 2568 723 est
2600 685 2612 723 :
2651 670 2829 723 Nemo
2874 672 3159 741 propheta
3202 679 3466 743 acceptus
3504 681 3589 727 est
3635 676 3696 728 in

1998 756 2183 824 patria
2202 774 2321 809 sua.
2359 758 2451 810 Vir
2488 773 2625 825 ergo
2658 759 2984 827 praedictus,
3046 760 3267 813 defectu
3302 762 3508 815 lumini
3564 778 3693 832 gra-

1997 852 2180 909 vatus,
2205 845 2461 915 confugit
2490 846 2560 898 ad
2605 846 2917 915 patrocinia
2945 847 3309 913 Sanctorum,
3380 849 3696 918 deprecans

1997 938 2061 985 ut
2091 950 2191 1003 per
2222 950 2419 986 eorum
2472 933 2745 1004 suifragia
2774 934 2986 987 sanitas
3028 936 3135 989 sibi
3168 938 3506 991 restituatur
3555 954 3698 991 ocu-

1998 1021 2207 1075 lorum.
2249 1023 2460 1075 Etcum
2498 1038 2561 1074 ex
2594 1024 2789 1076 dolore
2824 1031 2879 1075 et
2908 1024 3102 1077 labore
3133 1025 3362 1078 assidua
3421 1042 3698 1080 venarum

1997 1110 2389 1163 incurvatione
2420 1111 2689 1179 fatigatus
2713 1111 2927 1176 fuisset,
2956 1114 3221 1166 lassatum
3253 1130 3459 1183 corpus
3494 1131 3695 1168 somno

2000 1204 2300 1268 reparawt.
2356 1198 2456 1251 Cui
2490 1199 2799 1252 dormienti
2828 1200 2882 1254 S.
2949 1201 3355 1272 Woltfgangus,
3416 1218 3484 1257 eo
3544 1204 3696 1272 quod

2001 1303 2133 1340 eum
2164 1287 2505 1340 familiarem
2539 1287 2597 1339 in
2656 1288 3014 1342 orationibus
3045 1290 3161 1343 suis
3193 1291 3477 1353 habuerit,
3515 1307 3699 1361 appa-

2000 1372 2135 1437 ruit,
2171 1380 2226 1426 et
2280 1374 2359 1428 ait
2402 1374 2454 1426 ei
2488 1389 2500 1427 :
2536 1374 2645 1427 Ora
2685 1376 3081 1429 Confessorem
3115 1378 3320 1431 Christi
3350 1377 3696 1444 Heinricum,

2002 1466 2056 1513 et
2095 1461 2361 1515 liberabit
2387 1466 2463 1527 te,
2496 1461 2653 1533 quia,
2686 1463 2839 1533 quod
2872 1464 2997 1533 ejus
3053 1466 3336 1519 sanctitati
3389 1466 3698 1536 derogasti,

2002 1549 2214 1603 idcirco
2264 1551 2387 1603 haec
2452 1552 2623 1620 plaga
2664 1551 2934 1604 czecitatis
2993 1553 3147 1605 venit
3213 1569 3385 1623 super
3443 1558 3515 1607 te.
3567 1556 3702 1609 Post

2003 1640 2147 1691 hanc
2188 1639 2466 1692 visionem
2525 1640 2951 1709 expergefactus
3006 1656 3070 1693 ex
3114 1641 3464 1694 conscientia
3508 1643 3703 1696 delicit

2003 1725 2091 1777 sui
2142 1727 2509 1791 contremuit,
2571 1728 2751 1780 et-ad
2796 1728 3054 1781 tumbam
3088 1728 3299 1783 Christi
3345 1730 3699 1783 Confessoris

2002 1815 2227 1867 concito
2256 1815 2440 1887 gradu
2463 1820 2519 1868 et
2574 1815 2776 1868 devota
2826 1822 3016 1869 mente
3074 1817 3418 1885 properavit.
3469 1818 3535 1870 Et
3562 1834 3703 1888 pro-

2002 1903 2278 1955 cumhens
2330 1908 2519 1968 terrae,
2569 1920 2603 1957 a
2651 1903 2981 1957 Confessore
3040 1904 3248 1959 Christi
3324 1906 3589 1974 lacrymis
3645 1912 3702 1960 et

2002 1991 2289 2060 precibus,
2348 1992 2467 2045 suis
2535 1992 2858 2045 excessibus
2928 1993 3154 2046 veniam
3210 1994 3538 2061 postulavit.
3592 1995 3700 2058 Qui

2003 2079 2194 2131 statim
2267 2080 2588 2144 exauditus,
2654 2086 2708 2133 et
2763 2080 3020 2150 pristinae
3086 2082 3319 2134 sanitati
3376 2084 3693 2148 restitutus,

2003 2168 2321 2235 gratiarum
2378 2168 2630 2221 actiones
2664 2170 2778 2222 Deo
2819 2174 2874 2222 et
2930 2175 3124 2223 sancto
3182 2171 3444 2224 Heinrico
3474 2173 3696 2237 retulit;

2003 2261 2057 2308 et
2087 2255 2375 2324 magnalia
2419 2256 2542 2319 Dei,
2576 2272 2705 2326 quae
2753 2257 2902 2309 circa
2931 2258 3120 2326 ipsum
3157 2259 3304 2311 Deus
3342 2259 3571 2325 fecerat,
3611 2276 3699 2313 re-

2002 2343 2221 2411 ligiosis
2267 2343 2425 2409 viris,
2479 2344 2579 2413 qui
2636 2344 2801 2397 nobis
2887 2345 3157 2410 retulere,
3225 2346 3347 2414 ipse
3422 2347 3696 2401 narravit.

2004 2432 2252 2485 Caveant
2280 2432 2459 2501 igitur
2488 2432 2835 2486 habitatores
2867 2432 3060 2487 saeculi
3114 2433 3440 2486 domesticis
3488 2434 3591 2487 Dei
3648 2441 3704 2489 et

2003 2520 2220 2574 civibus
2282 2520 2616 2574 Sanctorum
2648 2521 2978 2586 detrahere;
3023 2521 3158 2591 quia
3210 2537 3441 2574 necesse
3494 2527 3579 2575 est
3607 2538 3702 2576 eos

2004 2609 2098 2662 hic
2140 2608 2274 2661 etin
2316 2614 2593 2662 aeternum
2628 2610 2834 2679 perire,
2869 2609 2969 2680 qui
2999 2609 3337 2663 Sanctorum
3360 2608 3527 2662 bonis
3557 2626 3701 2680 ope-

2003 2696 2165 2749 ribus
2195 2699 2379 2750 soleut
2403 2697 2641 2767 obloqui
2676 2703 2733 2751 et
2758 2697 3031 2751 invidere.
3062 2696 3330 2760 Quamvis
3374 2713 3513 2766 ergo
3544 2714 3699 2752 nunc

2004 2791 2265 2854 tempora
2298 2786 2708 2839 miraculorum
2743 2803 2855 2839 non
2878 2786 3013 2851 sint,
3046 2787 3208 2855 signa
3234 2786 3391 2839 enim
3422 2786 3704 2840 debentur

2004 2890 2120 2926 non
2155 2874 2440 2941 ﬁdelibus,
2500 2874 2597 2926 sed
2654 2874 3025 2927 infidelibus:
3083 2881 3276 2927 tamen
3324 2890 3455 2927 cum
3505 2875 3701 2945 aliqua

223 2968 342 3027 tare,
372 2968 426 3016 et
458 2964 527 3017 de
562 2963 990 3033 permutatione
1023 2964 1416 3033 exequiarum,
1452 2978 1580 3032 quae
1620 2962 1678 3013 in
1729 2962 1899 3014 anni-
1931 2964 1969 3016 C
2010 2962 2173 3014 nobis
2202 2967 2413 3031 praeter
2467 2962 2700 3015 solitum
2756 2978 2986 3016 cursum
3044 2963 3421 3032 ordinemque
3472 2970 3695 3016 natura:

225 3052 444 3105 versario
488 3054 619 3121 ejus
672 3052 977 3105 celebriter
1032 3052 1267 3115 fiebant,
1320 3050 1468 3103 intra
1523 3049 1897 3119 semetipsum

225 3137 435 3193 dolere:
486 3141 595 3211 qui
654 3157 779 3194 mox
834 3141 1134 3194 oculorum
1200 3139 1444 3207 caligine
1474 3138 1617 3191 adeo
1658 3144 1738 3191 est
1772 3139 1897 3207 pla-

225 3235 387 3296 gatus,
442 3234 504 3281 nt
563 3235 765 3299 postea
815 3245 920 3299 per
975 3229 1368 3283 Confessorem
1410 3226 1621 3281 Christi
1644 3231 1894 3291 sanatus,

225 3323 475 3385 quantum
501 3319 775 3371 sanctitas
801 3319 944 3387 jejus
974 3318 1126 3388 apud
1164 3319 1339 3371 Deum
1375 3320 1583 3385 posset,
1634 3315 1694 3369 in
1726 3332 1893 3369 cura-

224 3403 353 3458 tione
397 3406 579 3475 ipsius
626 3406 999 3475 experiretur.
1050 3408 1114 3461 Et
1184 3405 1513 3458 mirandum
1570 3410 1655 3456 est
1708 3404 1895 3471 valde,

223 3493 350 3561 quod
389 3494 456 3548 de
513 3494 818 3548 sanctitate
866 3495 1006 3549 tanti
1068 3494 1171 3547 viri
1202 3492 1412 3563 aliquis
1469 3492 1730 3546 dubitare
1787 3509 1889 3561 po-

220 3584 386 3647 tuerit,
420 3600 550 3637 cum
582 3584 1036 3637 conversationis
1076 3584 1459 3647 sanctitatem,
1504 3580 1777 3633 castitatis
1808 3582 1891 3633 in-

1514 3714 1739 3721 ._—__—_.

2008 3050 2298 3117 eveniunt,
2329 3051 2487 3104 omni
2515 3051 2880 3104 veneratione
2919 3052 3319 3121 amplectenda
3345 3057 3478 3104 sunt
3505 3068 3516 3104 :
3560 3068 3700 3122 qua-

2007 3146 2173 3193 tenus
2202 3145 2259 3192 et
2285 3139 2426 3209 ipse,
2464 3140 2563 3209 qui
2596 3139 2655 3192 in
2688 3140 2905 3193 Sanctis
2962 3141 3078 3193 suis
3110 3141 3391 3195 mirabilis
3445 3148 3550 3209 est,
3606 3142 3704 3195 ho-

2007 3233 2264 3292 noretur,
2315 3233 2370 3280 et
2442 3228 2677 3281 tarditas
2756 3236 2951 3281 nostra
3001 3229 3074 3282 ad
3155 3230 3395 3283 meliora
3456 3247 3702 3301 quaeque

2007 3316 2180 3369 tantis
2216 3316 2519 3369 virtutibus
2539 3317 2914 3382 accendatur;
2949 3322 3255 3387 praestante
3286 3318 3529 3372 Domino
3585 3335 3697 3371 no-

2004 3410 2119 3457 stro
2148 3406 2278 3458 Jesu
2333 3405 2575 3465 Christo.
2609 3404 2870 3475 quicum
2905 3406 3064 3459 Patre
3122 3411 3179 3459 et
3228 3406 3444 3475 Spiritu
3504 3412 3701 3460 sancto

2006 3492 2141 3545 vivit
2170 3498 2225 3545 et
2262 3498 2464 3563 regnat
2494 3494 2643 3547 Deus
2682 3509 2786 3563 per
2826 3494 3023 3547 omnia
3052 3494 3263 3548 saacula
3314 3493 3691 3550 saeculorum.

2004 3585 2211 3635 Amen.

1406 3793 1769 3895 PARS
1872 3795 2469 3895 ALTERA.

285 4021 351 4068 lt.
378 4018 660 4086 Tempore
692 4016 811 4083 illo,
844 4031 957 4085 quo
988 4013 1330 4067 venerabilis
1362 4010 1539 4064 abbas
1570 4012 1885 4065 Mersebur-

223 4105 691 4174 gensingcclesiaa
747 4104 1069 4156 Volcmarus
1118 4100 1392 4170 reliquias
1446 4100 1596 4152 beati
1642 4098 1888 4151 Heinrici

221 4190 535 4245 Confessoris
567 4192 859 4246 Suronicze
892 4199 1056 4244 terrm
1106 4189 1338 4254 invexit,
1373 4205 1538 4242 sexus
1588 4188 1886 4257 utriusque

223 4281 380 4345 turba,
433 4283 589 4335 fama
652 4280 961 4348 divulgata,
1024 4279 1247 4331 obviam
1307 4278 1516 4331 venit:
1568 4293 1630 4329 ex
1675 4277 1882 4346 quibus
1917 4279 1956 4331 D

220 4369 465 4434 quosdam
526 4370 935 4438 recuperandae
991 4367 1283 4437 sospitatis
1354 4383 1541 4431 causa,
1612 4366 1887 4435 quosdam

222 4471 327 4509 vero
358 4462 539 4511 ferens
594 4459 870 4522 studium,
928 4458 1078 4527 quod
1132 4456 1199 4509 ab
1250 4456 1489 4526 antiquo
1528 4455 1674 4507 circa
1734 4454 1883 4523 ejus-

219 4543 325 4597 dem
375 4548 543 4617 Regis
601 4562 813 4600 nomen
870 4546 1209 4609 habuerant,
1274 4544 1558 4597 attraxit:
1614 4560 1681 4597 eo
1733 4543 1886 4613 quod

216 4636 357 4687 terrae
409 4651 528 4689 suae
590 4640 801 4688 statum
868 4634 1155 4703 frequenti
1215 4648 1576 4702 paganorum
1653 4631 1884 4684 incursu

215 4731 542 4789 quassatum.
579 4724 742 4776 illum
785 4724 1141 4789 reformasse,
1188 4721 1445 4791 priorum
1500 4720 1774 4773 relatione
1809 4719 1888 4773 di-

215 4808 460 4865 dicerant.
527 4813 637 4865 Sed
686 4812 1025 4864 meritorum
1091 4811 1214 4879 ejus
1272 4808 1557 4879 praeconia
1590 4811 1888 4876 coeperunt

213 4896 259 4949 in
303 4900 415 4968 ipso
471 4900 696 4954 itineris
749 4915 1011 4969 processu
1061 4898 1421 4952 evidentibus
1480 4896 1885 4949 miraculorum

214 4984 411 5041 indiciis
433 4989 715 5043 declarari
750 5005 761 5041 :
800 5005 856 5040 in
891 5003 1005 5057 quo
1064 4986 1304 5039 diversis
1334 4985 1665 5062 morborum
1705 4998 1886 5053 geneo

212 5074 346 5129 ribus
382 5077 658 5147 oppressi,
695 5075 863 5129 saluti
913 5075 1170 5145 pristinae
1220 5072 1404 5145 [quot]
1461 5073 1673 5125 fuerint
1721 5071 1883 5124 resti-

209 5164 317 5229 tuti,
341 5166 553 5218 referre
587 5181 690 5234 per
741 5165 985 5233 singula,
1051 5163 1289 5216 tmdium
1320 5161 1590 5214 scribenti
1634 5165 1688 5213 et
1736 5158 1885 5212 fasti-

210 5249 343 5305 dium
400 5255 644 5307 forsitan
702 5256 1004 5323 generaret
1045 5251 1280 5322 legenti.
1335 5252 1549 5304 Tamen
1609 5249 1715 5302 hoc
1764 5263 1881 5301 non

209 5337 487 5407 silendum,
518 5343 671 5413 quod
714 5342 772 5395 in
830 5341 1120 5411 plerisque
1170 5340 1534 5393 curationum
1594 5339 1755 5404 locis,
1818 5336 1875 5389 in

212 5430 581 5484 tastimonium
612 5431 883 5484 divinitus
924 5436 1167 5482 ostensa:
1199 5428 1445 5495 virtutis,
1489 5426 1702 5480 cumuli
1735 5426 1880 5478 hanc

212 5518 446 5585 grandes,
502 5519 661 5589 vulgi
713 5518 921 5585 studio,
974 5516 1229 5588 congesti
1268 5531 1603 5569 excrevere:
1660 5518 1723 5567 ut
1791 5511 1879 5567 his

1995 4012 2129 4064 visis
2184 4012 2489 4081 posteritas
2547 4010 2631 4063 illi
2694 4010 3069 4063 reverentiam
3158 4011 3477 4076 exhiberet,
3537 4014 3699 4082 cujus

1999 4100 2215 4153 meritis
2247 4106 2331 4153 tot
2361 4099 2513 4170 genti
2550 4116 2667 4152 sum
2708 4098 2987 4152 beneficia
3037 4100 3243 4153 collata
3296 4099 3535 4153 videret.
3588 4102 3694 4154 Ve-

1997 4195 2322 4243 rumtamen
2372 4189 2459 4241 his
2499 4188 2728 4240 interim
2760 4188 3005 4250 omissis,
3057 4204 3122 4240 ea
3187 4188 3485 4242 referenda
3542 4196 3695 4251 sunt,

1998 4294 2125 4348 quas
2152 4278 2207 4330 in
2244 4276 2519 4330 memoria
2551 4276 2836 4346 hodieque
2864 4281 3130 4329 tenentur
3158 4293 3192 4329 a
3232 4276 3449 4331 multis.

2076 4368 2155 4419 12.
2219 4366 2371 4418 Inter
2416 4380 2620 4428 aegros,
2654 4379 2901 4434 quorum
2959 4364 3266 4417 multitudo
3305 4365 3550 4418 salutem
3598 4378 3696 4433 pe-

1996 4458 2122 4507 tens
2177 4453 2576 4517 comitabatur,
2640 4452 2972 4505 adolescens
3023 4452 3259 4521 quidam
3318 4451 3695 4521 irrefragahili

1995 4542 2391 4595 membrorum
2423 4546 2717 4593 contractu
2748 4539 3034 4609 globatus,
3077 4556 3109 4592 a
3139 4541 3471 4609 parentibus
3504 4544 3689 4609 porta-

1995 4628 2367 4701 batur[sella]
2402 4629 2729 4698 gestatoria.
2754 4628 2881 4693 Qui,
2912 4628 2991 4680 nil
3024 4628 3083 4681 in
3117 4630 3207 4682 via
3243 4634 3601 4695 consecutus,
3627 4628 3698 4682 ad

1995 4720 2245 4773 ecclesim
2276 4718 2452 4772 limen
2483 4733 2664 4787 usque
2687 4718 3033 4787 perducitur.
3070 4719 3330 4771 Procedit
3361 4718 3587 4771 obviam
3614 4732 3699 4769 re-

1994 4806 2189 4876 liquiis
2211 4806 2385 4875 digno
2402 4805 2558 4858 cultu
2580 4806 2787 4858 chorus
2813 4807 3222 4859 monachorum
3240 4822 3303 4859 ac
3332 4805 3695 4871 clericorum,

1994 4910 2109 4947 non
2145 4900 2257 4948 tam
2292 4894 2414 4963 ejus
2467 4892 2575 4946 loci
2631 4910 2804 4963 quam
2855 4910 2916 4946 ex
2941 4894 3066 4946 aliis
3114 4893 3361 4946 ecclesiis
3406 4894 3695 4944 confluen-

1992 4983 2160 5035 tium.
2197 4981 2432 5048 Deinde,
2467 4987 2529 5034 ut
2584 4982 2759 5034 moris
2805 4986 2906 5047 est,
2950 4986 3228 5035 concentu
3260 4978 3416 5047 vulgi
3471 4983 3526 5031 et
3556 4979 3693 5031 cleri

1994 5071 2217 5124 mixtim
2273 5073 2671 5139 concrepante,
2711 5069 3053 5138 regreditur.
3122 5068 3417 5119 Missarum
3462 5082 3691 5137 quoque

1992 5157 2302 5211 solennitas
2333 5156 2444 5210 ritu
2477 5157 2764 5209 festiviore
2821 5157 2888 5209 de
2922 5156 3045 5225 ipso
3094 5154 3257 5207 beato
3300 5153 3561 5207 Heinrico
3595 5154 3687 5206 in-

1991 5247 2249 5299 choatur.
2291 5249 2361 5298 At
2390 5245 2625 5298 claudus
2654 5245 2749 5297 ille
2792 5244 2937 5296 inter
2973 5241 3207 5311 agmina
3237 5242 3681 5312 constipantiuin

1990 5333 2077 5385 vix
2116 5332 2365 5386 ecclesiae
2392 5333 2605 5397 illatus,
2635 5332 2795 5401 juxta
2826 5329 3031 5395 altare,
3062 5327 3162 5382 ubi
3192 5328 3450 5399 reliquias
3500 5330 3687 5382 ferant

1986 5422 2296 5487 collocatae,
2329 5422 2656 5492 deponitur.
2702 5418 2930 5471 Videres
2956 5418 3105 5472 ineo
3154 5418 3297 5473 illud
3331 5418 3487 5471 Isaia:
3526 5434 3682 5470 com-

1987 5511 2133 5583 pleri
2162 5510 2335 5566 Saliet
2383 5511 2528 5564 sicut
2573 5522 2771 5562 cervus
2826 5506 3085 5574 claudus,
3148 5511 3204 5561 et
3244 5507 3396 5561 clara
3430 5506 3538 5559 erit
3567 5505 3683 5558 lin—
