4012 6204
270 290 368 344 133

1565 283 1619 337 S.
1667 280 1940 336 IIENRICI
1986 279 2464 339 IMPERATORIS

3670 288 3769 342 136

266 430 378 483 gua
401 415 707 466 mutorum.
736 410 1046 480 Coeperunt
1074 407 1227 462 enim
1245 420 1553 461 nervorum
1575 404 1699 474 ejus
1730 403 1952 457 vincula
1985 404 2030 455 A
2067 403 2252 458 noctis
2280 420 2385 475 per
2435 409 2597 460 tuum
2663 406 3051 478 patrocinium
3103 408 3366 479 perfruar
3404 409 3618 481 quiete.
3671 412 3770 465 Hic

268 502 428 566 solvi,
467 500 662 572 pedes,
694 514 975 569 cruraque
1009 496 1268 563 extendi;
1292 496 1504 566 illeque
1542 493 1602 547 in
1628 491 1806 547 oculis
1836 508 1960 545 om-

271 591 430 644 nium
462 588 781 662 prosiliens,
810 592 1035 658 quanto
1054 586 1245 656 potuit
1272 583 1423 637 vocis
1443 581 1764 648 conamine,
1788 581 1962 634 virtu-

265 682 381 733 tem
408 680 469 732 in
499 694 556 731 se
590 679 795 733 factam
828 674 1150 747 protestari.
1184 675 1388 743 Sicque
1428 671 1679 725 ofﬁcium
1711 686 1958 741 gressus.

268 768 425 838 quod
458 784 594 821 usus
625 767 693 820 ab
720 765 843 836 ipso
882 762 1193 819 nativitatis
1225 761 1348 831 ejus
1375 760 1606 813 exordio
1630 763 1959 829 negaverat,

267 856 451 926 gratia
482 854 689 910 Christi
718 870 821 924 per
856 852 1056 906 merita
1110 851 1264 904 beati
1318 848 1568 903 Heinrici
1634 848 1955 917 reparabat.

266 946 383 997 Vox
405 945 464 998 in
492 943 659 998 laude
688 943 787 997 Dei
817 940 1118 1011 utriusque
1141 955 1307 993 sexus
1328 938 1609 991 attollitur
1647 937 1709 990 in
1740 937 1917 990 altum
1943 953 1955 989 :

267 1038 498 1087 senatus
529 1037 661 1086 ante
691 1031 869 1085 altare
920 1028 1448 1083 communicaturus
1477 1026 1732 1092 sistitur;
1765 1024 1959 1096 sicque

265 1121 330 1174 ad
362 1120 597 1190 propria
611 1135 738 1173 cum
762 1116 1095 1187 parentibus
1122 1115 1463 1185 regreditur.

338 1211 421 1262 13.
467 1207 812 1261 Daemoniaci
836 1210 971 1271 tres,
1037 1222 1183 1259 unus
1232 1205 1519 1258 masculus
1583 1206 1639 1256 et
1692 1202 1819 1256 duas
1880 1201 1958 1255 fe-

267 1296 441 1349 mina:
473 1295 533 1349 in
564 1295 764 1349 eodem
794 1295 917 1347 loco
950 1292 1132 1347 curati
1170 1296 1304 1345 sunt
1336 1307 1349 1344 :
1377 1290 1477 1362 qui
1516 1306 1728 1344 nomen
1788 1289 1956 1344 Ilein-

262 1383 365 1436 rici
414 1381 867 1453 blasphemando
944 1380 1367 1450 ingeminantes
1423 1378 1775 1449 frequenter,
1829 1380 1955 1429 tan-

264 1472 393 1526 dem
434 1487 563 1525 cum
599 1470 839 1524 stridore
877 1468 1168 1535 horriﬁco,
1206 1467 1390 1529 sedes,
1450 1481 1591 1537 quas
1620 1468 1949 1531 tenuerant,

264 1561 642 1630 reliquerunt.
713 1560 868 1611 Unus
919 1573 1116 1610 eorum
1189 1554 1539 1625 pertinacior
1603 1552 1824 1620 ceteris,
1857 1552 1955 1606 diu

261 1647 440 1701 sancti
504 1646 756 1700 nominis
813 1645 1157 1698 invocationi
1215 1643 1487 1709 renitens,
1563 1658 1694 1695 cum
1750 1641 1820 1695 ad
1895 1656 1953 1694 se

260 1735 537 1805 reliquias
581 1733 791 1788 deferri
855 1738 1259 1804 cognosceret;
1322 1732 1513 1795 modo,
1553 1746 1683 1785 cum
1737 1746 1840 1801 per
1892 1746 1951 1783 se

263 1824 560 1878 Heinricus
607 1823 780 1889 venit,
834 1839 949 1875 non
971 1822 1296 1887 subsistam,
1347 1820 1573 1892 inquit:
1623 1819 1947 1890 statimque,

261 1927 389 1965 cum
429 1913 675 1965 clamore
704 1926 913 1981 magno
961 1910 1255 1964 hominem
1296 1924 1621 1980 possessum
1676 1907 1947 1962 deseruit.

264 2002 392 2054 Haec
449 1999 571 2070 ipsa
613 1999 704 2053 die
757 1999 1035 2053 adventus
1095 1997 1471 2068 reliquiarum
1529 1996 1677 2050 infra
1723 1996 1950 2051 Missam

305 2094 425 2141 esta
454 2093 603 2141 sunt.

264 2103 425 2158 gesta
454 2103 603 2141 sunt.

337 2176 420 2228 14.
484 2175 613 2227 Erat
664 2173 721 2226 in
752 2172 1042 2226 territorio
1103 2170 1555 2242 Merseburgensi
1593 2170 1800 2224 mulier
1852 2169 1952 2223 diu

260 2279 427 2323 caeca,
457 2277 607 2332 quas,
656 2260 1033 2315 familiaribus
1084 2277 1309 2331 gressus
1335 2277 1466 2314 suos
1509 2260 1858 2331 regentibus,
1893 2260 1947 2313 in

260 2367 556 2404 occursum
619 2350 880 2420 reliquiis
940 2350 1089 2403 ultra
1138 2349 1598 2419 possibilitatem,
1652 2364 1750 2417 spe
1788 2362 1949 2401 recu-

258 2440 497 2509 perandi
539 2439 712 2504 visus,
766 2438 1131 2508 properabat,
1185 2437 1448 2507 nihilque
1508 2435 1709 2490 salutis
1762 2436 1821 2488 in
1860 2435 1953 2489 via

260 2545 319 2582 se
357 2528 665 2599 recepisse,
713 2532 1075 2597 peccatorum
1128 2541 1363 2579 suorum
1413 2523 1701 2579 obstaculo
1741 2524 1951 2578 adscri-

257 2617 421 2678 bens,
454 2615 644 2670 triduo
678 2614 919 2686 pervigil
960 2619 1015 2668 et
1043 2614 1325 2668 indefessa
1367 2628 1553 2684 prece,
1591 2610 1796 2667 Christi
1842 2610 1950 2665 mi-

259 2703 834 2773 sericordiaejanuam
862 2703 1106 2774 pulsavit
1137 2719 1150 2756 :
1180 2702 1530 2773 tandemque
1574 2701 1715 2755 lucis
1747 2705 1954 2772 optatae

258 2791 594 2863 suffragium
622 2808 725 2863 per
774 2792 979 2845 merita
1026 2791 1179 2846 beati
1227 2790 1473 2845 Heinrici
1526 2789 1790 2845 obtinuit.
1826 2790 1956 2843 Haec

259 2882 320 2934 in
358 2881 577 2945 eadem,
613 2897 727 2951 qua
773 2879 952 2950 prius,
1007 2879 1163 2945 villa,
1227 2880 1326 2934 diu
1356 2879 1497 2933 vixit
1530 2896 1543 2932 :
1575 2883 1807 2948 tamque
1840 2879 1952 2931 cla—

2071 493 2258 563 dictis,
2317 511 2435 565 prae
2484 495 2675 562 tmdio,
2735 501 2906 567 caput
2977 496 3050 551 ad
3119 497 3407 552 modicum
3462 499 3769 555 reclinanti

2071 598 2309 637 somnus
2339 584 2593 654 obrepsit
2622 601 2635 638 :
2670 585 2976 655 statimque
3007 586 3217 653 omnis,
3252 603 3366 658 quo
3410 588 3507 642 diu
3540 588 3769 643 labora-

2069 676 2248 737 verat,
2281 672 2447 725 dolor
2476 672 2733 726 funditus
2762 674 3049 729 abscessit.

2148 762 2232 812 17.
2266 760 2328 812 In
2387 761 2729 815 Monasterio
2787 762 2940 816 beati
3001 763 3177 831 Petri,
3232 764 3388 835 quod
3447 765 3767 819 Mersebur-

2071 847 2234 915 gensi
2263 848 2479 903 civitati
2528 850 2864 920 contiguum
2896 856 2999 917 est,
3032 868 3123 905 res
3154 852 3283 906 talis
3330 853 3551 919 accidit,
3603 856 3770 923 cujus

2069 939 2187 989 fere
2226 937 2412 991 omnis
2442 939 2810 1009 congregatio
2850 939 3156 1006 meminit;
3191 940 3431 1011 ipseque
3477 941 3673 1006 frater,
3698 941 3770 995 de

2069 1041 2184 1095 quo
2235 1042 2424 1080 sermo
2456 1031 2559 1090 est,
2614 1027 2800 1081 adhuc
2830 1032 3117 1098 superstes
3148 1027 3478 1099 inquisitus,
3516 1044 3646 1082 cum
3680 1045 3773 1099 ge-

2069 1112 2219 1168 mitu
2254 1117 2465 1169 referre
2513 1115 2822 1169 consuevit.
2871 1116 3009 1169 Cum
3054 1117 3265 1170 festum
3293 1116 3445 1170 beati
3494 1116 3766 1179 Heinrici,

2067 1202 2195 1272 pari
2220 1207 2373 1271 voto,
2406 1203 2577 1273 longe
2644 1204 2894 1274 lateque,
2951 1221 3148 1259 omnes
3187 1211 3357 1259 terra:
3404 1206 3534 1259 illus
3587 1206 3769 1260 eccle-

2068 1291 2190 1359 sias,
2244 1291 2356 1345 ritu
2410 1291 2698 1346 festiviore
2754 1293 3057 1347 colendum
3131 1294 3489 1364 exciperent;
3540 1294 3771 1358 eadem,

2068 1385 2285 1451 quanto
2315 1380 2576 1450 vicinior,
2617 1385 2775 1435 tanto
2803 1381 2865 1435 in
2914 1382 3082 1436 laude
3131 1381 3286 1436 illius
3324 1387 3614 1453 prompta,
3662 1398 3769 1453 pro

2068 1484 2173 1522 suo
2204 1485 2391 1538 posse,
2427 1468 2599 1538 caspit
2624 1485 2746 1523 esse
2777 1469 3052 1523 ornatior.
3088 1469 3196 1524 Sed
3226 1469 3364 1540 quia
3406 1469 3769 1540 impossibile

2069 1560 2153 1609 est
2182 1562 2266 1622 ut,
2294 1558 2352 1611 in
2404 1556 2694 1627 prosperis
2737 1557 2885 1628 quis,
2937 1558 3201 1629 quamvis
3245 1558 3454 1628 justus,
3504 1559 3770 1629 quamvis

2069 1650 2318 1711 sanctus,
2375 1646 2611 1699 livorem
2671 1645 2928 1716 effugiat,
2995 1646 3174 1701 frater
3225 1646 3475 1717 quidam,
3534 1646 3771 1701 invidias

2064 1732 2309 1788 stimulis
2339 1738 2516 1799 actus,
2562 1734 2684 1805 ejus
2744 1733 3025 1788 sanctitati
3061 1751 3175 1788 non
3230 1734 3424 1788 timuit
3457 1734 3764 1804 derogare,

2063 1826 2119 1875 et
2150 1822 2335 1876 modis
2375 1822 2665 1890 omnibus,
2697 1823 2819 1892 ejus
2860 1828 3143 1893 quantum
3176 1825 3235 1876 in
3264 1824 3388 1893 ipso
3432 1822 3558 1888 fuit,
3590 1822 3768 1876 reniti

2063 1909 2283 1980 gloriae,
2315 1909 2375 1963 in
2405 1914 2653 1975 tantum,
2708 1914 2770 1963 ut
2797 1926 2864 1963 ea
2924 1909 3014 1964 die
3038 1910 3284 1964 cultiora
3311 1926 3557 1982 quaeque
3607 1911 3770 1981 (quia

2059 2004 2197 2052 tunc
2236 1997 2484 2051 custodis
2526 1997 2715 2052 ofﬁcio
2767 1998 3163 2069 fungebatur),
3199 2000 3528 2065 occultaret,
3562 2004 3619 2053 et
3685 1999 3763 2052 si-

2061 2101 2308 2157 gnorum
2360 2086 2668 2156 grandium
2723 2087 3159 2141 consonantiam
3218 2088 3586 2158 praepediret.
3650 2087 3762 2141 Sed

2062 2190 2179 2228 non
2229 2174 2324 2228 diu
2382 2175 2559 2228 frater
2587 2174 2684 2229 ille
2741 2175 2981 2246 impune
3042 2175 3161 2240 Dei,
3218 2182 3273 2229 et
3308 2176 3460 2230 beati
3509 2175 3764 2230 Heinrici

2061 2263 2195 2317 tulit
2248 2264 2551 2318 offensam.
2624 2264 2766 2318 Nam
2842 2264 3015 2335 ccepit
3099 2265 3290 2319 subito
3346 2282 3585 2335 corpore
3638 2266 3764 2318 fere

2064 2352 2322 2424 quinque
2362 2368 2634 2406 sensuum
2667 2353 2857 2407 ofﬁcio
2900 2352 3156 2424 privari:
3196 2353 3402 2409 deinde
3445 2353 3625 2407 animi
3677 2353 3759 2407 ri—

2062 2456 2200 2509 gore
2250 2441 2460 2505 laxato,
2496 2441 2686 2511 palam
2718 2440 2985 2496 omnibus
3022 2441 3121 2495 Dei
3145 2441 3427 2512 judicium
3453 2441 3512 2495 in
3541 2457 3599 2495 se
3629 2456 3765 2511 pro-

2062 2528 2280 2596 testari,
2324 2528 2519 2600 sicque
2570 2529 2809 2583 necdum
2860 2529 2927 2583 ad
2992 2530 3309 2599 perfectum
3369 2535 3620 2597 sanatus,
3653 2529 3762 2583 ali-

2063 2623 2403 2697 quantulum
2437 2623 2495 2677 in
2525 2623 2733 2678 melius
2771 2624 3045 2694 reparari.

2139 2715 2223 2766 18.
2258 2713 2395 2777 Hoc,
2430 2710 2585 2782 quod
2618 2711 2985 2781 subjungam,
3040 2711 3189 2782 ipso,
3244 2711 3311 2767 de
3342 2728 3455 2782 quo
3503 2711 3763 2766 dicturus

2065 2816 2211 2866 sum,
2256 2800 2534 2871 Episcopo
2571 2799 2873 2867 referente,
2920 2801 3036 2854 Deo
3089 2804 3251 2867 teste,
3312 2800 3573 2870 cognovi.
3616 2800 3762 2854 Cum

2068 2889 2304 2944 Polonia
2328 2889 2536 2960 jugum
2568 2888 2817 2959 imperii,
2878 2893 3075 2959 utpote
3129 2904 3269 2958 gens
3326 2888 3558 2942 rebellis
3587 2894 3643 2942 et
3671 2890 3764 2943 ef-

260 2981 390 3021 rens
429 2968 590 3021 omni
618 2974 783 3020 terrae
843 2967 928 3021 illi
963 2967 1246 3037 ejusmodi
1300 2967 1635 3021 miraculum
1704 2967 1835 3034 fuit,
1892 2968 1960 3018 ut
1997 2967 2204 3042 Cfera,
2269 2982 2323 3031 et
2372 2976 2553 3047 magis
2598 2977 2848 3031 saltuum
2904 2982 2961 3031 et
3014 2978 3285 3047 pjludum
3339 2977 3506 3031 inviis
3584 2993 3760 3048 quam

258 3055 404 3108 nulli
434 3056 570 3123 fere,
614 3056 860 3109 maxime
891 3056 1122 3120 horum,
1148 3056 1249 3126 qui
1302 3060 1441 3109 tunc
1469 3056 1740 3123 temporis
1770 3054 1950 3121 fuare,

261 3143 620 3213 incognitum
653 3160 771 3197 esse
795 3144 991 3213 possit.

335 3235 426 3287 15.
460 3233 601 3286 Item
658 3232 809 3286 inter
837 3235 1199 3285 occursantes
1254 3247 1287 3284 a
1344 3230 1747 3285 remotioribus
1785 3234 1952 3283 terra!

262 3320 419 3375 illius
434 3321 711 3391 partibus,
730 3321 942 3375 mulier
958 3320 1222 3392 quaedam
1241 3336 1357 3373 non
1379 3320 1563 3373 solum
1593 3319 1811 3372 incessu
1839 3318 1954 3396 pri-

260 3414 409 3476 vata,
430 3409 524 3463 sed
556 3414 612 3463 et
635 3410 811 3463 totius
832 3409 1087 3479 corporis
1112 3408 1424 3463 miserabili
1447 3408 1635 3478 specie
1681 3406 1953 3462 deformis

257 3502 314 3550 et
343 3497 580 3551 distorta
611 3498 1015 3551 aconviatibus
1052 3496 1309 3551 vehicule
1345 3495 1424 3568 [1.
1457 3496 1563 3549 via:
1606 3493 1797 3565 sociis]
1839 3500 1952 3548 tra-

258 3586 521 3639 hebatur.
553 3586 713 3653 Quae,
745 3585 815 3639 de
845 3584 997 3639 beati
1028 3584 1275 3638 Heinrici
1301 3583 1620 3654 patrocinio
1640 3583 1950 3648 conﬁdens,

255 3678 497 3744 propter
536 3673 632 3726 ubi
684 3673 805 3743 jam
849 3674 1080 3743 vulgata
1139 3672 1421 3726 virtutum
1497 3672 1620 3742 ejus
1676 3671 1948 3741 insignia,

260 3777 472 3815 nomen
519 3762 674 3815 illius
729 3761 957 3815 assidua
1031 3760 1411 3826 invocatione,
1466 3776 1597 3814 cum
1655 3760 1950 3814 oculorum

257 3865 652 3921 manuumque
686 3850 1014 3905 extensione
1064 3849 1439 3904 memorabat.
1493 3849 1742 3919 Ideoque
1799 3848 1952 3919 quod

257 3939 392 3993 totis
422 3939 601 3993 animi
629 3940 776 3995 votis
808 3939 1093 4010 quaesivit,
1149 3939 1210 3992 in
1237 3938 1444 3993 itinere
1469 3937 1655 3991 adhuc
1696 3937 1951 3991 invenire

257 4026 490 4090 meruit,
537 4026 757 4081 Laxatis
799 4026 1085 4097 siquidem
1133 4026 1311 4091 ﬁbris,
1381 4042 1443 4079 ac
1474 4025 1630 4095 gibbi
1665 4025 1835 4078 modo
1864 4040 1952 4079 re-

258 4116 425 4183 flexo,
454 4120 691 4184 totoque
717 4130 957 4183 corpore
1013 4114 1073 4167 in
1104 4114 1356 4168 habilem
1398 4113 1785 4179 redintegrato
1838 4112 1949 4165 for-

2065 3065 2275 3119 virium
2322 3066 2526 3119 robore
2602 3066 2838 3131 conﬁsa,
2890 3066 2960 3121 de
3010 3067 3226 3120 cervice
3315 3083 3417 3119 sua
3472 3067 3761 3121 niteretur

2064 3158 2328 3207 excutere
2361 3171 2376 3206 :
2408 3153 2476 3207 ad
2510 3154 2938 3225 reprimendam
3000 3154 3124 3224 ejus
3153 3154 3573 3209 contumaciam
3632 3155 3761 3225 glo-

2063 3242 2247 3296 riosus
2294 3241 2612 3312 imperator
2642 3242 2959 3297 Fridericus
3008 3244 3263 3298 animum
3296 3244 3559 3297 intendit.
3594 3244 3764 3297 Cum-

2064 3346 2175 3401 que
2225 3330 2439 3384 indicta
2496 3331 2754 3401 generali
2811 3332 3200 3402 expeditione,
3273 3332 3540 3403 copiosus
3591 3348 3623 3385 a
3679 3332 3765 3386 di-

2061 3419 2238 3474 versis
2302 3420 2464 3489 regni
2526 3420 2785 3491 partibus
2837 3426 3163 3474 contractus
3244 3425 3390 3475 esset
3455 3420 3760 3487 exercitus,

2062 3508 2353 3579 Principes
2380 3513 2548 3562 terra;
2590 3507 2765 3576 illius,
2799 3514 2856 3563 et
2886 3509 3076 3563 omnis
3104 3510 3356 3580 populus
3397 3509 3605 3562 timore
3634 3524 3764 3561 cor-

2063 3596 2232 3667 repti,
2279 3596 2492 3668 quippe
2523 3596 2622 3667 qui
2676 3597 2839 3667 regni
2870 3598 3021 3651 vires
3075 3601 3275 3652 contra
3304 3614 3364 3652 se
3394 3597 3638 3663 moveri;
3697 3613 3762 3650 se

2061 3690 2253 3739 autem
2282 3685 2533 3755 impares
2558 3689 2613 3738 et
2664 3685 2992 3756 inexpertos
3022 3686 3244 3756 peritia:
3277 3686 3412 3740 belli
3464 3686 3760 3752 videbant,

2062 3773 2129 3828 ad
2186 3773 2524 3844 placandam
2572 3773 2722 3843 regis
2754 3772 2897 3827 iram
2933 3774 3147 3844 legatos
3194 3775 3507 3839 mittentes,
3553 3775 3767 3829 iterata

2063 3862 2416 3932 subjectione
2444 3861 2657 3932 prioris
2686 3862 2907 3916 dissidii
2930 3878 3183 3917 errorem
3229 3863 3512 3934 corrigere
3566 3864 3763 3918 omni-

2065 3950 2248 4004 modis
2307 3949 2738 4021 promittebant.
2785 3949 2866 4003 Ad
2913 3949 3022 4004 hoc
3080 3966 3216 4021 ergo
3254 3952 3578 4006 reverendae
3626 3969 3764 4023 per-

2064 4055 2239 4104 sonas,
2292 4038 2572 4108 mirasque
2602 4037 2926 4108 prudentiae
2959 4037 3292 4109 episcopum
3336 4040 3619 4095 Plocensis
3659 4056 3763 4094 ec-

2064 4126 2249 4180 clesias
2310 4124 2684 4179 Wernherum
2727 4126 3048 4195 elegerunt,
3095 4142 3346 4198 eumque
3393 4143 3523 4181 cum
3590 4127 3764 4183 donis

259 4220 434 4269 mam,
458 4219 655 4257 vocem
680 4203 739 4256 in
767 4220 824 4257 se
846 4201 1071 4256 virtutis
1115 4207 1361 4255 ostensze
1386 4216 1713 4271 praeconem
1772 4201 1949 4266 fudit;

2143 4214 2285 4284 giam
2332 4212 2817 4284 magniﬁcentiam
2848 4214 3203 4282 decentibus,
3250 4216 3319 4270 ad
3348 4217 3762 4287 Imperatorem

257 4290 549 4361 versisque
606 4290 667 4343 in
716 4295 1011 4360 stuporem
1079 4288 1558 4354 commeantibus,
1619 4288 1949 4341 vehiculum

2143 4302 2405 4372 quisgrani
2444 4306 2789 4368 morantem,
2825 4307 2881 4356 et
2939 4319 3064 4357 ossa
3116 4304 3301 4358 Caroli
3348 4304 3538 4375 Magni
3574 4305 3763 4359 levata

256 4379 488 4444 deserit,
522 4384 577 4431 et
621 4379 879 4432 laetantes
925 4378 994 4432 de
1038 4377 1136 4432 Dei
1168 4377 1551 4446 magnalibus,
1598 4376 1782 4430 ltelior
1828 4377 1953 4447 ipsa

257 4467 581 4538 praecedens
611 4467 682 4521 ad
739 4467 1035 4521 ecclesiam
1072 4466 1273 4520 venit:
1315 4483 1379 4520 ac
1436 4472 1565 4519 vota
1621 4464 1798 4537 [quae]
1847 4482 1952 4536 pro

257 4555 583 4625 recipienda
619 4555 886 4626 sospitate
916 4556 1129 4610 factura
1162 4559 1415 4621 venerat,
1474 4555 1595 4625 jam
1624 4571 1690 4608 ea
1748 4554 1950 4624 potita,

257 4643 450 4698 triduo
477 4644 593 4698 illic
623 4650 844 4698 morata
870 4645 1148 4700 solvebat.

332 4752 414 4804 16.
449 4750 509 4804 In
538 4748 767 4803 civitate
820 4750 1087 4818 Hallensi,
1130 4766 1258 4820 qua:
1303 4748 1529 4803 duobus
1568 4766 1601 4801 a
1632 4746 1953 4803 Mersebur-

256 4837 419 4909 gensi
451 4838 575 4891 loco
608 4837 953 4892 milliaribus
986 4837 1176 4904 distat,
1212 4836 1323 4891 fuit
1374 4841 1636 4891 matrona
1688 4835 1954 4907 quaedam

255 4942 372 4980 non
403 4925 705 4996 ignobilis;
743 4941 893 4996 quae,
917 4925 1045 4995 jugi
1074 4925 1190 4979 fere
1222 4924 1481 4978 dentium
1517 4924 1714 4978 dolore
1781 4939 1955 4977 vexa-

257 5015 446 5081 batur,
480 5015 624 5069 adeo
658 5018 719 5068 ut
751 5013 1027 5084 paulatim
1063 5014 1270 5067 robore
1319 5013 1582 5067 dentium
1629 5012 1952 5082 absumpto,

258 5118 417 5171 spem
468 5103 664 5157 salutis
720 5101 1016 5155 assiduitas
1078 5105 1314 5171 negaret
1383 5100 1617 5154 doloris.
1694 5100 1954 5171 Cumque

249 5190 439 5255 noctis
465 5190 760 5260 cujusdam
794 5190 956 5245 initio
987 5188 1383 5244 vehementius
1411 5188 1719 5242 acerbitate
1767 5187 1956 5242 morbi

257 5277 671 5346 stimularetur,
701 5294 832 5332 cum
888 5278 1046 5348 gravi
1097 5276 1343 5348 suspirio
1374 5276 1519 5330 hanc
1573 5276 1841 5347 prorupit
1895 5276 1955 5329 in

260 5381 454 5419 vocem
490 5382 502 5419 :
538 5366 580 5420 Ο
638 5366 801 5420 beate
860 5366 1145 5435 Heinrice,
1178 5366 1277 5437 qui
1304 5366 1565 5419 omnium
1611 5370 1667 5418 te
1695 5381 1955 5435 quaeren-

255 5455 400 5508 tium
448 5454 777 5508 necessitati
844 5455 1147 5523 succurris,
1206 5471 1297 5510 me
1354 5452 1728 5524 peccatricem
1784 5454 1956 5523 plena

257 5543 367 5597 ﬁde
397 5546 451 5597 te
484 5542 863 5607 invocantem,
896 5558 966 5596 ne
997 5543 1250 5614 despice;
1284 5542 1379 5597 sed
1410 5542 1519 5612 fac,
1552 5546 1615 5595 ut
1650 5541 1739 5595 vel
1784 5540 1957 5595 unius

2061 4390 2120 4444 in
2172 4390 2349 4444 thecis
2423 4406 2562 4444 auro
2613 4390 2972 4462 gemmisque
3026 4391 3300 4446 confectis
3352 4393 3757 4447 recondentem

2061 4480 2408 4535 direxerunt.
2461 4482 2506 4533 A
2538 4495 2650 4549 quo
2694 4479 2788 4533 diu
2824 4480 3107 4551 repulsus,
3142 4481 3373 4535 tandem
3430 4481 3761 4536 interventu

2062 4568 2391 4639 Principum
2415 4567 2475 4621 in
2527 4567 2773 4637 gratiam
2805 4568 3108 4635 admissus,
3142 4569 3430 4640 legatione
3463 4570 3533 4623 ad
3559 4575 3758 4624 votum

2062 4662 2310 4728 peracta,
2341 4672 2473 4709 cum
2523 4655 2781 4727 reliquiis
2806 4656 2859 4712 S.
2898 4656 3151 4725 Henrici,
3183 4658 3423 4729 aliisque
3474 4658 3638 4713 donis
3686 4659 3761 4713 ab

2062 4748 2413 4816 Imperatore
2458 4745 2741 4815 perceptis
2787 4745 2938 4799 redit
2999 4762 3011 4799 :
3072 4752 3127 4800 et
3174 4746 3234 4800 in
3292 4763 3527 4801 nemore
3601 4748 3760 4818 quod

2062 4833 2285 4888 Xubria:
2332 4849 2396 4887 ac
2447 4832 2703 4887 Polonia:
2773 4833 3036 4887 terminis
3094 4834 3411 4903 interjacet,
3468 4836 3762 4892 mediante

2056 4922 2179 4992 jam
2230 4922 2342 4987 die,
2378 4921 2628 4975 tentoria
2676 4920 2777 4991 figi
2807 4921 3095 4992 praecepit.
3148 4923 3405 4993 Cumque
3460 4927 3589 4993 post
3616 4924 3765 4978 refe-

2063 5010 2314 5064 ctionem
2362 5009 2535 5063 fessos
2564 5026 2628 5063 ex
2685 5009 2889 5064 itinere
2920 5016 3077 5065 artus
3109 5011 3291 5081 quieti
3324 5010 3590 5076 dedisset,
3625 5012 3759 5083 qui-

2064 5099 2196 5153 dam
2228 5098 2287 5152 in
2316 5114 2542 5164 somno,
2569 5098 2724 5168 regia
2755 5104 2911 5152 Veste
2953 5098 3434 5166 circumamictus,
3468 5106 3523 5154 et
3562 5100 3765 5155 dextra

2065 5194 2353 5260 sceptrum
2398 5203 2603 5257 gerens
2668 5187 2751 5241 illi
2817 5188 3054 5255 adstitit,
3127 5189 3331 5260 hisque
3388 5190 3580 5243 verbis
3625 5205 3765 5244 eum

2064 5277 2347 5331 allocutus
2385 5277 2509 5329 ait:
2543 5274 2687 5339 Quid
2740 5274 2801 5328 in
2860 5276 2965 5329 hac
2997 5281 3153 5329 vasta
3208 5277 3515 5331 solitudine
3555 5294 3767 5331 somno

2064 5363 2445 5435 deprimeris?
2474 5364 2613 5427 Qum
2638 5368 2826 5417 tecum
2859 5364 3119 5417 nesciens
3146 5365 3298 5435 geris
3326 5366 3355 5418 ?
3380 5366 3444 5419 Et
3483 5364 3620 5419 dum
3660 5365 3767 5421 ille

2065 5451 2426 5522 perterritus,
2466 5450 2731 5522 quisnam
2784 5455 2930 5504 esset
2980 5456 3369 5521 merrogaret:
3424 5452 3539 5523 Ego
3604 5469 3764 5524 sum,

2064 5540 2166 5607 ait,
2217 5538 2538 5605 Heinricns,
2598 5538 3084 5609 Babenbergensis
3134 5539 3386 5594 ecclesiae
3444 5541 3760 5598 fundator:
