4058 6216
131 352 220 401 137

1794 352 1989 407 ACTA.

3541 374 3639 425 138

126 466 214 539 qui
266 466 325 520 in
361 465 700 559 temporalis
750 465 882 521 vita
931 483 1123 559 cursu,
1169 467 1622 524 immortalitatis
1662 485 1830 559 com-
1862 476 1909 527 A
1948 472 2341 532 adhortantur.
2370 479 2578 534 Ductus
2617 481 2830 552 itaque,
2863 485 2963 538 ubi
3012 488 3271 559 reliquias
3310 492 3460 548 beati
3492 496 3643 550 Con-

124 556 387 628 pendium
415 572 449 609 a
480 554 725 609 Domino
758 556 1074 625 promerui.
1104 557 1165 610 ln
1211 572 1277 610 eo
1307 573 1468 627 ergo,
1505 575 1621 629 quo
1649 558 1827 629 jaces,

125 646 256 711 loco,
288 644 591 698 ecclesiam
620 644 850 698 nomini
884 661 1031 711 meo,
1065 649 1234 715 prout
1262 650 1496 716 tempus
1524 647 1827 717 permittit,

123 739 401 801 construe,
435 733 642 800 sciens,
694 734 897 804 procul
954 734 1144 800 dubio,
1196 749 1473 802 processu
1525 735 1827 805 temporis,

123 822 374 875 divinum
420 822 481 874 in
532 837 602 876 eo
648 822 949 876 servitium
999 822 1376 892 augmentari.
1427 821 1624 892 Surgit
1653 823 1831 893 igitur

123 910 427 981 Episcopus
488 909 805 981 statimque
864 925 965 981 per
1028 909 1428 964 famulantium
1506 910 1557 964 ei
1622 927 1831 965 manus

121 999 373 1053 certatim
415 999 722 1053 ruentibus
776 998 970 1069 lignis,
1011 998 1071 1051 in
1118 998 1353 1052 modum
1406 998 1662 1052 habilem
1698 999 1832 1054 fecit

126 1088 456 1154 ecclesiam;
481 1087 582 1141 sed
610 1088 681 1141 de
717 1087 973 1158 lapidum
1022 1087 1279 1157 penuria,
1339 1087 1443 1158 qui
1476 1086 1694 1142 ibidem
1734 1105 1831 1143 an-

124 1176 238 1241 diri,
266 1192 391 1229 non
420 1175 604 1229 videri
656 1180 1092 1241 consueverant,
1141 1174 1279 1229 dum
1311 1177 1520 1229 anxius
1562 1176 1834 1231 circuiret

127 1264 449 1335 Episcopus,
491 1278 627 1317 casu
684 1263 972 1330 baculum,
1030 1279 1200 1334 quem
1253 1264 1495 1330 ferebat,
1546 1264 1607 1318 in
1650 1280 1832 1335 agge-

126 1357 263 1405 stum
320 1356 501 1404 terrae
554 1351 852 1405 cumulum
930 1350 1130 1421 ﬁgens,
1187 1352 1445 1421 lapidum
1504 1353 1731 1422 copiam
1770 1354 1831 1408 in

125 1438 554 1492 similitudinem
615 1439 1027 1509 quadratorum
1084 1443 1337 1509 reperit;
1392 1440 1589 1510 sicque
1651 1440 1829 1495 altare

124 1542 495 1597 componens,
528 1526 630 1580 Dei
684 1531 741 1579 et
789 1526 934 1580 beati
978 1526 1243 1595 Heinrici,
1283 1527 1593 1605 sanctique
1654 1526 1826 1598 Sigis-

132 1616 315 1669 mundi
380 1615 554 1685 Regis
624 1615 848 1669 nomini
899 1615 1192 1670 dedicavit.
1254 1615 1362 1671 Ubi
1418 1632 1593 1684 uunc,
1634 1615 1830 1670 multis

132 1702 638 1773 adstipulantibus,
688 1704 873 1773 major
923 1705 1155 1758 ecclesia
1210 1704 1583 1772 construitur,
1610 1720 1674 1758 ac
1708 1721 1828 1758 mo-

130 1792 393 1845 machicm
435 1791 811 1862 professionis
858 1791 1007 1846 Ordo
1042 1792 1395 1862 inchoatur;
1445 1792 1715 1864 quodque
1736 1793 1833 1847 ille

131 1880 495 1950 prmdixerat,
560 1879 689 1948 jam
749 1879 974 1949 impleri
1026 1880 1266 1935 videtur.
1302 1881 1414 1934 Hac
1460 1880 1640 1951 igitur
1681 1896 1835 1935 occa-

130 1969 269 2022 sione
322 1984 554 2022 nomen
603 1968 759 2022 beati
806 1967 1057 2021 Heinrici
1109 1968 1254 2039 apud
1303 1968 1431 2023 illas
1480 1967 1743 2023 nationes
1772 1969 1832 2022 in

128 2057 493 2111 veneratione
514 2056 690 2127 coepit
710 2056 928 2110 haberi.

192 2148 270 2211 t9,
324 2144 602 2209 Quodam
642 2150 903 2214 tempore
935 2159 1063 2197 cum
1096 2160 1211 2198 non
1240 2145 1466 2199 modica
1519 2144 1832 2199 multitudo

128 2249 472 2306 pauperum,
514 2232 691 2287 variis
736 2232 1114 2303 languoribus
1167 2249 1456 2304 oppressa,
1506 2234 1569 2288 in
1600 2233 1835 2288 ecclesia

126 2321 577 2392 Merseburgensi
657 2337 773 2375 non
820 2322 1005 2375 solum
1055 2322 1352 2376 sanitatem
1403 2323 1682 2394 corporis,
1735 2323 1830 2376 sed

124 2418 172 2465 et
199 2412 414 2481 stipem
480 2411 816 2481 importune
868 2415 1073 2480 petens
1122 2410 1497 2479 confluxisset,
1560 2411 1829 2481 populus,

122 2500 208 2569 qui
237 2495 527 2552 orationis
583 2512 755 2550 causa
804 2498 1135 2565 advenerat,
1190 2504 1360 2569 prout
1413 2499 1653 2553 facultas
1709 2514 1837 2569 per-

122 2586 410 2651 mittebat,
464 2584 779 2661 unicuique
826 2585 1235 2639 misericordim
1286 2604 1520 2641 manum
1577 2587 1834 2658 porrige-

122 2674 223 2729 bat.
256 2673 373 2728 Ubi
400 2673 654 2726 rusticus
679 2673 917 2743 quidam
954 2689 984 2725 e
1032 2674 1289 2743 proxima
1336 2676 1493 2743 villa,
1525 2675 1835 2746 cupiditate

121 2763 367 2828 sordens,
401 2765 729 2831 :nervorum
784 2761 1235 2816 contractionem
1289 2764 1600 2830 simulavit,
1660 2768 1715 2817 et
1743 2780 1835 2817 re-

120 2857 336 2906 curvato
370 2850 527 2922 pede
556 2850 619 2903 in
648 2849 841 2904 medio
891 2850 1288 2919 languentium
1321 2852 1599 2906 consedit.
1629 2851 1833 2919 Quem,

121 2941 244 2995 dum
282 2942 372 2994 rei
411 2938 744 2993 domesticae
793 2954 932 2991 cura
965 2938 1188 3007 regredi
1238 2941 1635 3010 compulisset,
1682 2941 1834 3009 jam-

1941 560 2171 614 fessoris
2219 567 2609 636 servabantur,
2676 570 2837 624 humi
2916 577 3339 643 prosternitur:
3377 588 3432 636 et
3468 586 3642 653 paulo

1939 655 2071 743 post
2100 650 2371 743 pietatem
2404 656 2718 723 Teutonici,
2766 660 2994 715 Sclavus
3024 663 3164 734 ipse,
3213 684 3385 737 quam
3443 650 3641 743 negari

1939 734 2044 791 sibi
2086 742 2451 810 querebatur,
2511 746 2817 815 experitur.
2855 750 3162 821 Coeperunt
3216 734 3365 811 enim
3399 760 3469 813 ab
3501 734 3640 814 ocu-

1937 823 2008 877 lis
2053 827 2175 895 ejus
2226 830 2516 885 albedines
2594 833 2651 886 in
2713 837 2947 892 modum
3016 857 3383 911 squamarum
3451 851 3639 914 avelli,

1942 918 2316 986 optatumqne
2374 920 2515 973 lucis
2590 922 2925 994 suffragium
2981 929 3037 982 in
3097 947 3163 984 eo
3241 935 3639 1005 redintegrari.

1944 1001 2107 1094 Unde
2152 1018 2294 1094 gens
2343 1006 2462 1071 illa,
2515 1025 2666 1080 quae,
2720 1018 2785 1065 ut
2824 1014 2959 1080 dixi,
3022 1021 3229 1073 rustica
3280 1001 3644 1094 simplicitate

1940 1093 1996 1181 et
2034 1090 2175 1181 ﬁdei,
2206 1094 2677 1163 pusillanimitate
2738 1116 2797 1154 se
2858 1106 3052 1172 sperni
3088 1090 3486 1181 arbitrabatur,
3536 1116 3643 1170 hoc

1939 1176 2215 1232 beneﬁcio
2260 1181 2466 1237 ﬁducia
2543 1202 2756 1257 speque
2839 1200 3150 1263 resumpta,
3236 1201 3386 1253 ultro
3446 1176 3646 1257 omnes

1942 1266 2170 1321 beatum
2208 1270 2532 1326 lleinricum
2562 1276 2750 1329 studio
2769 1277 3043 1335 devotiori
3089 1287 3481 1342 venerabatur.

2012 1356 2099 1408 2t.
2128 1356 2307 1425 Hujus
2333 1360 2434 1423 rei,
2486 1378 2658 1430 quam
2693 1363 2945 1419 dicturus
2977 1385 3124 1435 sum,
3183 1378 3269 1426 tot
3318 1376 3436 1428 fere
3475 1383 3644 1431 testes

1942 1441 2246 1531 habentur,
2302 1454 2442 1516 quot
2504 1449 2726 1513 fratres,
2788 1455 2887 1524 qui
2947 1462 3083 1510 tunc
3138 1463 3410 1531 temporis
3464 1465 3644 1529 fuere,

1942 1530 2089 1600 apud
2124 1533 2420 1601 praefatam
2456 1535 2514 1588 Β.
2572 1538 2719 1591 Petri
2777 1541 3067 1598 ecclesiam
3097 1530 3470 1604 inveniuntur
3500 1569 3513 1618 ;
3548 1555 3646 1623 qui

1944 1634 2067 1671 eam
2126 1624 2286 1673 tanto
2347 1622 2588 1684 ﬁdelius,
2632 1634 2847 1695 quanto
2898 1632 3088 1686 verius
3149 1638 3448 1702 agnovisse
3517 1622 3650 1694 con-

1946 1706 2097 1776 tigit,
2156 1712 2513 1765 attestantur.
2578 1713 2638 1766 ln
2685 1716 2930 1784 quadam
2967 1736 3164 1777 eorum
3220 1726 3372 1792 villa,
3433 1729 3648 1784 civitati

1947 1796 2233 1884 proxima,
2277 1798 2522 1853 rusticus
2569 1802 2828 1872 quidam,
2860 1809 3015 1876 gravi
3066 1816 3245 1866 tactus
3291 1814 3645 1884 inﬁrmitate,

1947 1883 2196 1938 ofﬁcium
2255 1885 2419 1955 pedis
2478 1887 2645 1941 unius
2700 1892 2989 1959 amiserat,
3040 1898 3296 1970 adeoque
3356 1905 3649 1958 arentibus

1946 1973 2134 2027 nervis
2191 1989 2253 2027 ac
2311 1989 2480 2027 carne
2535 1985 2886 2045 prmmortua
2962 1995 3336 2057 emarcuerat,
3416 1998 3482 2047 ut
3530 1998 3647 2048 tam

1947 2062 2180 2115 solertia
2228 2062 2317 2115 vel
2367 2063 2553 2117 studio
2593 2066 2652 2118 in
2703 2084 2771 2120 eo
2810 2078 3128 2142 recuperari
3174 2078 3496 2145 sanitatem,
3529 2086 3645 2136 tam

1945 2148 2056 2219 ipsi
2111 2165 2283 2220 quam
2343 2151 2609 2205 omnibus
2665 2170 2798 2209 eum
2850 2157 3227 2232 intuentibus,
3293 2170 3646 2238 impossibile

1944 2237 2253 2292 videretur.
2307 2237 2485 2304 Unde,
2536 2242 2691 2311 quod
2729 2244 2797 2297 ab
2844 2244 3077 2303 homine
3115 2252 3238 2305 ﬁeri
3292 2237 3645 2325 desperabat,

1948 2326 2018 2379 ab
2039 2342 2107 2379 eo
2140 2325 2230 2379 cui
2258 2325 2402 2378 nihil
2443 2331 2528 2380 est
2583 2328 2815 2386 difﬁcile
2867 2335 2966 2388 sed
3020 2337 3172 2391 solus
3206 2346 3489 2395 restaurat
3519 2346 3647 2397 uni-

1946 2430 2127 2483 versa,
2185 2429 2291 2483 per
2345 2413 2496 2469 beati
2548 2417 2793 2475 Heinrici
2849 2424 3254 2494 patrocinium,
3315 2431 3427 2484 tide
3460 2432 3648 2498 ﬁrma,

1948 2518 2047 2572 spe
2106 2501 2302 2566 solida,
2369 2519 2654 2576 quaerens,
2735 2509 2857 2579 ejus
2927 2512 3334 2570 misericordia:
3409 2519 3648 2589 januam

1949 2588 2176 2643 ﬂetibus
2207 2590 2471 2661 assiduis,
2488 2593 2727 2664 jejuniis
2759 2597 2970 2653 crebris
3001 2602 3264 2671 pulsavit,
3321 2612 3378 2660 et
3411 2608 3647 2663 tandem

1945 2679 2005 2732 in
2030 2678 2273 2732 formam
2298 2679 2520 2750 pristini
2550 2698 2775 2753 gressus
2796 2688 3018 2743 restitui
3057 2694 3284 2748 meruit.

2018 2768 2107 2819 22.
2137 2767 2204 2820 In
2235 2784 2381 2838 pago
2413 2770 2682 2839 quodam,
2716 2774 2949 2829 milliari
2998 2794 3113 2832 uno
3139 2797 3171 2833 a
3200 2782 3655 2854 Mersebnrgensi

1948 2860 2136 2908 castro
2192 2855 2457 2923 distante,
2519 2860 2729 2914 mulier
2782 2864 2954 2918 surda
2996 2872 3052 2919 et
3082 2874 3241 2922 muta
3297 2872 3369 2926 ab
3423 2876 3653 2930 exordio

1948 2942 2261 2996 nativitatis
2292 2960 2430 3012 sum,
2463 2948 2854 3021 aprbpinquis
2892 2959 2947 3007 et
2977 2954 3211 3024 civibus,
3248 2960 3654 3017 misericordiae

116 3045 236 3099 que,
268 3028 487 3084 baculo
518 3028 762 3093 inuisus,
796 3027 930 3080 ﬁcto
963 3043 1158 3096 gressu
1191 3036 1344 3081 extra
1370 3030 1552 3083 limen
1579 3030 1834 3084 ecclesiae
1870 3028 1910 3081 C
1949 3032 2074 3085 sinu
2129 3033 2445 3087 fovebatur.
2506 3040 2551 3089 A
2600 3038 2827 3108 quibus,
2876 3042 2947 3095 ad
3004 3046 3294 3100 ecclesiam
3356 3052 3653 3119 perducta,

116 3119 505 3188 processisset,
563 3117 755 3170 locum
812 3115 1023 3185 quaerit
1078 3121 1492 3184 opportunum,
1551 3124 1634 3185 ut,
1688 3119 1835 3188 pede

114 3207 340 3271 reﬂexo,
400 3204 747 3275 expeditius,
805 3220 919 3273 quo
967 3204 1255 3271 tendebat,
1321 3207 1671 3275 perveniret.
1726 3206 1832 3261 Sed

115 3298 223 3349 Deo
254 3302 311 3350 et
352 3295 533 3349 beato
593 3293 859 3347 Heinrico
908 3292 1141 3361 dignam
1192 3294 1314 3362 ejus
1347 3294 1569 3347 meritis
1600 3310 1835 3364 poenam

114 3386 442 3457 ingerente,
487 3383 777 3437 miseriam
837 3397 1012 3453 quam
1071 3386 1200 3435 ante
1254 3382 1645 3450 simulaverat,
1709 3384 1837 3453 jam

110 3476 305 3528 dolore
342 3471 737 3541 irrefragabili
789 3470 934 3541 pede
975 3469 1093 3522 nati
1138 3470 1483 3539 cohterente,
1527 3472 1836 3527 sentiebat.

115 3564 254 3628 Quid
286 3564 551 3635 ageret?
586 3561 779 3615 Pudor
826 3561 1103 3630 dolorque
1152 3560 1419 3615 conﬂictu
1451 3563 1578 3632 pari
1614 3563 1675 3616 in
1714 3562 1841 3632 ejus

114 3660 306 3707 mente
358 3650 760 3707 decertabant.
827 3649 1015 3703 Pudor
1079 3650 1379 3720 propalare
1434 3666 1557 3704 rem
1616 3657 1842 3721 gestam

117 3741 515 3811 prohibebat;
574 3739 739 3793 dolor
796 3736 1056 3792 conﬁteri
1121 3738 1378 3808 cogebat.
1448 3739 1594 3794 Vicit
1644 3744 1844 3795 tamen

115 3832 306 3885 timor.
344 3829 420 3883 Et
448 3843 670 3890 omnes,
704 3826 828 3879 haec
856 3825 1175 3887 audientes,
1201 3825 1434 3895 grandis
1463 3828 1847 3897 apprehendit

119 3918 308 3985 timor.
350 3918 473 3970 Hoc
517 3915 713 3986 itaque
744 3913 956 3967 indicio
1013 3913 1229 3967 cunctis
1267 3913 1472 3967 claruit
1508 3915 1608 3968 Dei
1657 3915 1841 3971 famn-

120 4006 239 4061 lum
286 4020 418 4060 non
469 4003 655 4057 solum
696 4002 842 4056 votis
899 4001 992 4073 pie
1052 4003 1435 4072 quaerentium
1495 4003 1715 4069 adesse,
1743 4022 1847 4059 ve-

124 4111 250 4148 rum
296 4094 481 4148 etiam
517 4091 657 4145 talia
712 4090 1195 4161 praesumentibus
1248 4090 1572 4144 districtum
1604 4092 1846 4161 obesse;

126 4183 321 4253 sicque
372 4181 651 4248 deinceps
707 4177 1058 4249 perﬁdorum
1121 4178 1498 4248 prmsumptio
1552 4180 1681 4233 talis
1727 4197 1846 4237 ces-

126 4270 287 4325 savit.

194 4362 285 4414 ‘20.
322 4361 423 4413 Est
478 4356 717 4411 ecclesia
765 4356 1111 4427 parochialis
1178 4356 1427 4411 ecclesiae
1472 4359 1530 4411 Β.
1590 4358 1743 4412 Petri
1787 4358 1845 4413 in

127 4448 307 4503 veteri
341 4449 547 4513 Castro
589 4446 875 4514 contigua,
928 4446 1092 4515 juxta
1136 4462 1307 4516 quam
1362 4445 1624 4500 residens
1667 4463 1849 4501 caecus

130 4538 395 4605 quidam,
438 4534 663 4588 audivit
711 4540 1055 4588 concentum
1112 4535 1479 4604 popularium
1535 4535 1593 4588 in
1626 4552 1848 4606 repara-

129 4627 283 4679 tione
313 4623 625 4693 cujusdam
672 4622 811 4693 zegri
866 4622 1232 4677 devotissime
1290 4623 1839 4694 congratulantium.

131 4714 260 4766 Erat
286 4722 494 4766 autem
548 4710 642 4764 bic
680 4710 749 4764 de
804 4714 960 4764 terra
1020 4715 1075 4764 et
1130 4711 1199 4765 de
1248 4718 1416 4782 gente
1472 4711 1845 4767 Sclavorum:

129 4802 344 4870 quibus
376 4798 716 4868 simplicitas
747 4799 831 4852 vel
864 4798 1347 4866 irrationabilitas,
1409 4799 1686 4870 pravitate
1715 4816 1850 4871 qua-

131 4890 261 4943 dam
296 4886 551 4958 ingenii,
586 4886 859 4940 naturalis
912 4892 997 4939 est
1042 4887 1206 4954 adeo,
1239 4892 1303 4941 ut
1332 4887 1422 4940 vix
1470 4887 1557 4939 vel
1618 4892 1847 4942 tenuem

131 4977 267 5032 ﬁdei
302 4977 617 5031 videantur
645 4974 856 5029 habere
912 4974 1236 5029 scintillam.
1297 4974 1514 5039 Quazrit
1558 4990 1694 5046 ergo
1722 4993 1848 5031 cau-

131 5082 253 5119 sam
284 5064 425 5119 talis
455 5069 791 5118 concentus.
848 5062 970 5127 Cui,
1029 5079 1156 5116 cum
1216 5079 1320 5133 pro
1377 5063 1676 5117 sanatione
1729 5067 1848 5119 lan-

135 5155 376 5218 guentis
406 5154 531 5207 haec
559 5152 685 5206 ﬁeri
715 5152 1030 5206 indicatum
1062 5157 1228 5217 esset,
1252 5152 1332 5206 ait
1366 5168 1380 5206 :
1414 5153 1524 5206 Iste
1557 5152 1850 5207 Heinricus

136 5242 495 5296 Teutonicus
580 5256 709 5294 cum
772 5240 865 5307 sit,
915 5240 1048 5293 solis
1105 5240 1433 5294 Teutonicis
1483 5240 1684 5309 gratia:
1734 5258 1852 5295 suae

138 5334 381 5400 praestat
404 5328 764 5382 subsidium:
799 5328 944 5382 mihi
972 5344 1104 5382 vero
1137 5328 1440 5399 gentisque
1488 5345 1631 5383 mem
1664 5330 1850 5385 homi-

135 5420 312 5471 nibus
385 5416 530 5470 nihil
595 5432 849 5487 unquam
910 5415 1169 5468 beneficii
1218 5416 1476 5469 contulit.
1553 5416 1618 5469 ln
1672 5415 1850 5471 risum

137 5522 303 5578 ergo,
340 5505 442 5577 qui
474 5505 730 5569 aderant,
762 5503 1094 5558 excitantur.
1130 5503 1372 5569 Quidam
1426 5519 1561 5558 vero
1609 5504 1853 5559 sanioris

138 5594 355 5663 animi,
390 5597 452 5647 ut
471 5590 770 5646 ecclesiam
810 5595 967 5663 petat
996 5607 1099 5663 pro
1150 5593 1329 5647 salute
1379 5606 1482 5645 sua
1526 5595 1851 5662 rogaturus,

468 5702 742 5768 ΡΑτιιοι..
797 5699 969 5767 CXL.

1949 3120 2186 3174 nutibus
2243 3126 2299 3174 et
2354 3122 2553 3193 signis,
2606 3127 2815 3196 quibus
2873 3146 3009 3200 erga
3057 3149 3181 3186 eam
3246 3137 3329 3189 uti
3383 3140 3655 3207 possibile

1949 3209 2078 3275 fuit,
2120 3214 2251 3263 ante
2302 3209 2450 3263 beati
2497 3214 2848 3269 Confessoris
2917 3218 3191 3290 reliquias
3240 3240 3422 3293 prona
3475 3229 3657 3282 sterni

1945 3297 2273 3368 jubebatur.
2307 3298 2412 3353 Sed
2454 3300 2570 3368 illa,
2622 3304 2886 3371 jumento
2933 3306 3224 3377 insipienti
3282 3313 3505 3383 similis,
3553 3333 3657 3386 pro

1951 3402 2009 3439 se
2042 3386 2120 3439 nil
2151 3403 2353 3457 rogare
2388 3396 2626 3444 noverat
2660 3408 2673 3458 ;
2708 3394 2791 3446 vel
2822 3395 2974 3464 quod
3009 3408 3193 3452 essent
3248 3401 3525 3473 reliquiae,
3558 3412 3660 3461 aut

1952 3475 2090 3546 quid
2121 3482 2445 3545 generetur,
2485 3479 2716 3548 penitus
2772 3483 3061 3536 nesciebat
3094 3502 3105 3537 :
3143 3488 3233 3541 cui
3271 3494 3462 3545 tamen
3513 3493 3657 3547 fide-

1953 3564 2093 3618 lium
2154 3580 2258 3634 pro
2313 3566 2494 3620 salute
2555 3569 2677 3637 ejus
2718 3568 2776 3622 in
2826 3586 3131 3627 commune
3208 3580 3655 3649 supplicantium

1954 3653 2135 3706 oratio
2192 3653 2444 3724 ﬁdesque
2492 3656 2859 3712 subveniebat
2906 3676 2919 3726 ;
2981 3665 3036 3713 et
3073 3677 3178 3732 per
3224 3665 3374 3720 beati
3409 3669 3661 3724 Heinrici

1955 3740 2243 3809 suﬁragia,
2280 3748 2343 3795 ut
2367 3741 2493 3812 ipsa
2537 3750 2734 3815 postea
2790 3747 3127 3811 testabatur,
3160 3752 3219 3806 in
3252 3760 3500 3829 utroque
3533 3776 3658 3813 cor-

1954 3829 2108 3900 poris
2137 3829 2324 3883 ofﬁcio
2348 3830 2646 3885 reformari
2669 3835 2877 3888 meruit
2908 3851 2973 3888 ex
2999 3836 3246 3909 integro.

1953 3924 1963 3938 ‘
2025 3920 2114 3972 ‘23.
2157 3918 2297 3972 Cum
2341 3920 2593 3973 excubim
2646 3937 2818 3976 sacrae
2866 3939 2899 3976 a
2930 3924 3198 3981 ﬁdelibus
3252 3930 3401 3985 circa
3430 3934 3657 3988 thesau-

1956 4021 2085 4060 rum
2124 4005 2635 4077 incomparabilem
2676 4008 2793 4064 sine
2842 4010 3268 4071 intermissione
3298 4018 3503 4074 tlerent
3536 4038 3549 4075 :
3580 4023 3661 4077 ita

1958 4099 2040 4163 ut,
2068 4093 2193 4149 aliis
2223 4095 2645 4164 recedentibus,
2675 4098 2801 4152 aliis
2846 4100 3339 4171 venientibus,die
3371 4114 3658 4180 noctuque

1959 4182 2109 4236 fores
2176 4183 2425 4239 ecclesiae
2475 4201 2592 4239 non
2653 4187 3073 4257 clauderentur,
3147 4200 3331 4249 custos
3389 4199 3659 4265 ecclesiae,

1963 4270 2112 4324 inter
2173 4288 2303 4326 oves
2359 4272 2525 4343 lupos
2578 4274 2681 4328 sub
2739 4277 2947 4332 vellere
3008 4280 3201 4335 ovium
3247 4284 3487 4340 latentes
3542 4305 3660 4342 non

1961 4357 2122 4412 facile
2182 4360 2414 4429 agnosci
2466 4363 2857 4432 considerans,
2909 4367 3120 4422 auferri
3165 4370 3364 4427 furtim
3393 4375 3663 4447 reliquias

1962 4448 2271 4502 metuebat.
2303 4449 2387 4504 Ad
2436 4452 2586 4521 quod
2633 4455 3099 4525 praecavendum,
3132 4474 3196 4513 ex
3228 4463 3462 4531 quadris
3514 4466 3661 4536 lapi-
3694 4506 3699 4511 η

1961 4536 2128 4590 dibus
2149 4537 2294 4592 facto
2325 4539 2459 4592 satis
2487 4540 2666 4594 habili
2712 4544 3114 4612 reconditorio,
3151 4564 3245 4601 eas
3289 4550 3350 4603 in
3388 4551 3486 4605 illo
3519 4553 3664 4607 loca-

1959 4624 2056 4678 vit.
2109 4625 2211 4679 Cui
2274 4626 2447 4680 etiam
2506 4630 2775 4684 ostiolum
2833 4647 2898 4685 ex
2942 4632 3103 4702 pino,
3152 4638 3309 4706 quod
3359 4654 3527 4694 causa
3559 4658 3664 4712 po-

1960 4717 2152 4767 scente
2245 4714 2431 4769 claudi
2476 4721 2532 4771 et
2587 4718 2797 4788 aperiri
2851 4726 3063 4788 posset,
3121 4722 3423 4794 imposuit.
3493 4730 3663 4783 Nocte

1959 4815 2096 4871 ergo
2127 4802 2398 4871 quadam,
2457 4803 2607 4857 infra
2663 4821 2893 4861 cursum
2944 4810 3292 4867 matutinum
3326 4815 3519 4869 lumen
3570 4816 3664 4869 in-

1959 4889 2181 4943 cautius
2213 4890 2400 4945 eidem
2461 4908 2779 4963 apponens,
2827 4896 3089 4965 chorum,
3139 4916 3308 4970 quem
3359 4904 3664 4958 studiosius

1960 4976 2086 5031 aliis
2136 4978 2554 5049 frequentabat,
2624 4981 2993 5053 ingreditur:
3027 4988 3121 5041 sed
3184 4990 3355 5059 paulo
3402 4997 3532 5060 post
3573 4993 3663 5047 fu-

1960 5082 2120 5119 mum
2164 5067 2432 5133 sentiens,
2483 5074 2539 5122 et
2585 5070 2726 5141 quid
2808 5073 3093 5141 acciderit,
3152 5077 3347 5131 animo
3403 5095 3663 5153 praesago

1960 5153 2307 5224 concipiens,
2336 5156 2403 5209 ad
2437 5158 2623 5212 loeum
2673 5160 2911 5216 festinus
2950 5164 3253 5218 revertitur
3285 5182 3297 5219 :
3332 5166 3664 5242 invenitque

1962 5241 2231 5297 ostiolum
2266 5261 2297 5297 a
2354 5246 2585 5301 ﬂamma
2642 5250 2803 5317 tangi
2870 5254 2925 5305 et
2967 5252 3191 5307 fumum
3232 5244 3389 5323 dare,
3427 5259 3524 5317 sed
3549 5241 3665 5315 non

1966 5330 2113 5385 laedi.
2144 5332 2319 5402 Cujus
2372 5334 2494 5389 haec
2546 5337 2784 5403 meritis,
2839 5338 2951 5393 nisi
3011 5341 3133 5410 ejus
3189 5344 3350 5414 cujus
3391 5346 3507 5402 illic
3537 5351 3664 5405 reli-

1963 5419 2113 5509 quiae
2148 5422 2539 5490 servabantur,
2612 5431 2851 5496 possunt
2902 5428 3165 5485 adscribi.
3237 5434 3507 5491 Poterant
3536 5438 3664 5509 qui-

1965 5508 2117 5596 dem,
2178 5509 2392 5582 absque
2440 5512 2595 5584 ligno
2643 5518 2699 5568 et
2754 5515 2962 5586 lapidis
3016 5522 3393 5591 repositione,
3427 5541 3461 5578 a
3496 5508 3666 5596 raptu

1963 5594 2170 5664 alieno,
2202 5598 2328 5669 ipso
2382 5601 2687 5669 mediante,
2751 5605 2958 5659 servari
2995 5623 3007 5660 :
3038 5611 3133 5663 sed
3192 5611 3322 5681 pius
3381 5594 3667 5669 confessor

3362 5731 3390 5749 ν

3358 5750 3393 5784 ὁ.)
