2029 3108
205 175 253 201 139

859 174 887 200 S.
910 172 1051 200 llENRlCl
1072 172 1109 199 1M
1117 173 1158 201 PE
1164 172 1277 200 BATOB
1284 172 1314 200 IS

1926 176 1932 199 Ι
1946 174 1978 199 Η)

204 235 263 268 Dei,
282 235 407 262 laborem
422 236 450 261 et
473 234 598 261 studium
613 234 713 261 devote
738 233 792 260 sibi
815 233 1048 269 obsequentium,
1065 236 1088 261 Λ
1107 233 1267 269 sigillatim,
1280 241 1344 269 qua:
1360 233 1462 260 diebus
1488 233 1609 269 singulis
1624 233 1698 260 facta
1723 236 1801 266 sunt,
1824 233 1978 261 miracula

201 280 293 307 noluit
308 279 451 306 incassum
468 278 611 314 deperire,
628 287 663 305 ne
674 279 717 305 Vel
735 278 765 305 in
781 285 869 312 parvo
881 278 1056 305 detrimento

199 325 296 360 januae
316 323 482 350 viderentur
502 322 673 355 contristari,
698 322 819 357 ideoque
849 322 878 349 in
895 322 984 357 ligno,
1001 322 1057 349 foci

202 369 266 396 usui
293 371 372 403 apto,
398 368 454 394 vim
484 367 596 394 virtutis
618 375 676 393 sua:
700 367 797 401 ignem
814 374 829 392 a
850 367 906 394 Deo
932 366 1057 393 obtinuit

203 412 338 439 oblivisci.

237 457 281 484 2i.
305 456 405 483 Mulier
428 455 577 491 arreptitia
602 456 636 482 de
663 455 785 481 restibus
810 463 938 482 connexa
954 463 1055 481 manus

202 509 296 528 coram
314 500 452 535 praedicto
470 499 673 531 reconditorio,
701 500 767 526 licet
780 500 902 526 multum
918 499 1053 533 renitens,

202 546 319 572 sistitur.
336 544 405 575 Ome
429 544 560 570 dmmone
580 543 723 578 mugitum
737 543 767 570 iu
788 551 854 570 aera
870 543 954 570 dante
967 551 1054 578 seque

202 590 237 616 ab
261 589 391 616 Heinrico
419 588 547 622 torqueri
573 588 757 620 vociferante,
788 587 856 614 satis
896 587 959 622 ipsa
982 589 1055 614 torta

202 633 348 660 liberatur.
367 632 462 659 Visum
493 635 536 659 est
555 632 608 662 illi.
630 635 661 658 ut
688 632 878 666 prmsentibus
903 631 1054 664 referebat,

201 678 355 712 quemdam
371 677 462 712 capite
476 685 556 709 cano,
575 676 662 702 barba
678 677 799 711 prolixa,
825 678 902 703 veste
918 676 1054 703 amictum

201 722 290 755 regia,
318 730 352 748 cx
381 720 480 747 eodem
506 721 568 747 loco
591 720 772 755 processisse,
789 722 816 746 et
832 728 849 746 a
877 728 906 746 se
922 720 1053 755 spiritum

202 773 325 800 nequam
343 765 457 800 pugnis,
475 766 503 791 et
518 764 604 791 minis
619 764 781 791 extorsisse.
801 764 902 790 Verum
919 765 942 790 si
954 768 1053 791 cuncta

1111 278 1246 314 persequi
1275 279 1404 307 voluero.
1430 281 1543 313 templis
1572 286 1618 304 me
1643 278 1722 313 prius
1739 286 1826 313 quam
1844 279 1977 305 materia

1111 323 1240 350 deseret:
1271 322 1431 357 praesertim
1449 330 1514 348 cum
1539 330 1659 348 numero
1680 322 1907 357 possibilitatem
1927 331 1978 350 ex-

1111 368 1238 401 cedente,
1262 370 1356 393 custos
1387 367 1448 401 ipse
1464 366 1599 395 ecclesia.
1619 366 1669 401 qui
1692 367 1827 394 omnibus
1845 368 1909 394 fere
1926 368 1974 394 in-

1109 414 1225 443 tererat,
1242 418 1331 446 pauca
1356 410 1390 437 de
1420 410 1517 437 multis
1545 410 1691 437 memoria!
1709 411 1822 437 tradere
1852 419 1884 437 se
1916 419 1972 446 po-

1109 455 1197 482 tuisse
1218 454 1395 490 perhibebat.
1415 455 1472 481 Hoc
1493 455 1585 481 solum
1612 454 1657 481 hic
1684 455 1882 482 omittendum
1909 463 1972 482 non

1109 502 1161 531 est,
1178 499 1255 534 quod
1271 499 1306 526 de
1320 499 1406 525 calice
1420 506 1519 530 aureo.
1546 498 1581 525 de
1608 506 1666 534 quo
1682 507 1768 534 supra
1782 499 1895 526 dictum
1914 503 1971 530 est,

1109 551 1194 579 quem
1220 543 1256 569 ob
1280 542 1402 578 speciale
1426 542 1584 569 devotionis
1616 551 1675 569 sua)
1711 542 1850 570 indicium
1889 544 1970 571 idem

1109 588 1266 623 Imperator
1277 587 1361 614 beato
1385 586 1536 613 Laurentio
1561 586 1663 613 confici
1685 587 1819 621 jusserat,
1848 588 1970 614 febrici-

1108 634 1202 659 tantes
1218 639 1311 667 aqute,
1332 631 1375 657 vel
1395 631 1513 657 alterius
1541 631 1662 666 liquoris
1683 631 1785 658 haustu
1801 635 1968 659 curantur:

1107 679 1261 712 praestante
1278 675 1398 702 Domino
1414 679 1510 702 nostro
1524 676 1589 702 .lesu
1609 675 1730 708 Christo,
1756 676 1806 711 qui
1822 684 1890 702 cum
1910 676 1970 703 Deo

1109 722 1191 748 Patre
1206 723 1232 746 et
1247 720 1355 755 Spiritu
1370 723 1466 746 sancto
1493 720 1561 746 vivit
1575 722 1603 746 et
1621 723 1723 754 regnat
1737 720 1810 746 Deus
1825 728 1881 755 per
1898 720 1971 747 inti-

1109 768 1168 791 mta
1183 765 1283 791 saecula
1300 765 1480 790 steculorum.
1498 766 1598 791 Amen.

896 879 1257 922 APPENDIX

202 957 319 987 Eorum
337 968 402 998 quae
418 957 458 988 ad
470 959 651 998 superiorem
676 958 784 995 Vitam,
802 958 839 988 ab
864 959 1022 998 Anonymo
1044 960 1198 999 scriptam,
1215 959 1256 988 ad
1268 958 1304 988 S.
1326 958 1629 989 chrt’cz’recenttora
1640 958 1794 999 beneﬁcia,
1809 964 1965 993 manium,

242 1012 369 1040 crucem,
386 1002 506 1042 aliaque
522 1012 608 1032 sacra
628 1002 768 1040 cz'melz'a;
782 1002 822 1032 ad
833 1003 1007 1033 hodiernam
1022 1003 1236 1033 solemnitatem
1253 1003 1294 1033 ad
1307 1008 1450 1033 renovata
1467 1004 1592 1043 pietatis
1609 1003 1731 1043 Ofﬁcia,
1748 1003 1789 1033 ad
1803 1002 1919 1043 templa
1936 1008 1965 1032 et

241 1047 350 1077 sacella
362 1051 458 1076 erecta
469 1048 658 1086 potissimum
674 1052 819 1086 spectant.

505 1149 617 1176 CAPUT
638 1149 782 1176 PRIMUM.
1067 1150 1087 1176 Β

307 1193 348 1219 De
358 1193 552 1226 diplomatibus
568 1201 602 1219 ea:
616 1193 682 1219 datu
703 1194 764 1220 Vita
779 1193 830 1220 huc
848 1193 964 1227 rejectis.

236 1239 260 1264 1.
285 1237 344 1264 Huc
366 1236 517 1271 rejecimus
533 1236 690 1271 diplomata
712 1237 782 1264 Vitae
809 1237 836 1264 S.
859 1236 970 1263 Henrici
992 1244 1050 1264 non

199 1281 265 1308 satis
281 1285 346 1316 apte
370 1281 476 1307 innexa
505 1280 589 1307 variis
616 1281 757 1316 capitibus
785 1281 819 1308 de
846 1281 950 1316 quibus
964 1288 1051 1315 supra

198 1325 285 1352 locuti
319 1333 426 1352 sumus.
457 1324 586 1351 Primum
611 1325 706 1352 locum
739 1325 786 1352 hic
813 1327 961 1360 occupant,
986 1333 1050 1359 quas

197 1373 361 1406 temporum
398 1369 497 1397 ordine
533 1370 709 1403 praecedunt,
748 1369 870 1404 geminae
908 1368 1050 1396 Benedicti

198 1414 250 1440 PP.
267 1414 325 1441 Vlll
343 1415 444 1440 litterae
466 1414 501 1440 ad
521 1414 549 1441 S.
572 1414 735 1446 Henricum,
762 1414 882 1441 necdum
898 1414 995 1442 Romae
1006 1422 1051 1441 co-

196 1460 340 1490 ronatum,
357 1458 385 1483 et
400 1457 434 1483 ad
459 1457 653 1484 Eberhardum
678 1457 917 1492 Bambergensem
940 1459 1049 1493 episco-

196 1508 267 1535 pum
281 1501 409 1535 primum
433 1501 467 1527 de
492 1501 553 1535 ejus
573 1502 698 1528 ecclesiae
724 1501 941 1528 conﬁrmatione
965 1502 1049 1534 datas,

197 1552 319 1580 quarum
350 1545 460 1580 priores
491 1546 603 1580 scripta;
626 1545 760 1572 dicuntur
786 1545 814 1571 in
845 1554 942 1573 mense
965 1546 1049 1572 Junio

198 1589 297 1616 Indict.
314 1596 359 1621 x1;
377 1589 450 1616 datae
472 1596 539 1615 vero
556 1599 569 1613 ει
597 1597 634 1615 ιιι
660 1589 718 1616 Kal.
749 1589 905 1621 Februarii,
931 1590 1050 1624 pontili-

198 1635 277 1660 catus
292 1641 368 1660 anno
398 1633 501 1667 primo.
520 1643 533 1658 ι)
551 1633 611 1660 Non
628 1636 671 1660 est
698 1632 765 1659 satis
778 1634 907 1668 pervium
925 1633 1051 1669 reperire

198 1677 284 1705 ﬁnem
301 1677 483 1713 pontiﬁcatus
497 1677 589 1712 Sergii
616 1678 659 1710 IV,
687 1680 736 1704 aut
765 1677 878 1704 initium
907 1678 1050 1704 Benedicti

198 1721 270 1755 Vill,
295 1725 327 1748 ut
351 1724 425 1749 recte
453 1722 587 1757 expendit
615 1721 752 1748 Baronius
781 1722 817 1748 ad
846 1730 953 1748 annum
973 1723 1049 1755 l0t2,

198 1766 329 1801 quamvis
348 1766 409 1801 ipse
422 1773 455 1793 eo
475 1774 550 1792 anno
562 1765 623 1800 jam
639 1765 706 1792 dicti
730 1765 818 1800 Sergii
836 1765 945 1793 obitum
962 1766 1049 1792 collo-

197 1813 252 1840 cet.
268 1813 353 1845 atque
377 1810 448 1837 adeo
480 1809 623 1837 Benedicti
651 1809 681 1836 in
704 1809 880 1836 Pontiﬁciam
896 1810 995 1837 Sedem
1013 1810 1052 1836 in-

196 1862 337 1889 gressum.
368 1854 478 1881 Etenim
512 1853 535 1880 si
570 1855 622 1881 hoc
655 1854 811 1889 diplomate
842 1858 917 1882 recte
939 1855 1051 1890 signata

196 1902 264 1925 sunt
278 1899 386 1933 omnia,
402 1907 459 1925 non
476 1899 569 1934 potuit
584 1898 659 1926 Petri
679 1900 843 1926 cathedram
858 1899 1050 1926 conscendere

196 1943 365 1970 Benedictus
382 1945 447 1970 ante
473 1951 582 1970 annum
613 1944 680 1970 tOt3
699 1943 797 1970 Indict.
822 1951 860 1976 x1,
887 1943 937 1979 qui
967 1943 1050 1970 istius

195 1988 264 2014 anni
285 1988 431 2015 character
450 1990 492 2015 est
509 1996 515 2015 :
532 1996 597 2014 cum
613 1995 680 2015 vero
695 1990 722 2014 et
743 1988 880 2022 scriptum
903 1990 932 2015 et
951 1987 1049 2014 datum

195 2032 231 2059 sit
244 2032 371 2067 diploma
396 2038 472 2059 anno
507 2032 600 2067 primo
625 2032 686 2066 ejus
715 2032 908 2066 pontificatus,
935 2039 1049 2058 necesse

195 2079 237 2103 est
252 2076 344 2112 ipsum
364 2076 468 2103 Fadliuc
493 2076 609 2102 fluxisse
639 2083 736 2102 mense
757 2075 905 2108 Januario,
931 2083 981 2102 seu
1011 2084 1047 2102 xu

195 2120 315 2147 Kalend.
342 2120 488 2147 Februarii
517 2120 583 2146 anni
612 2120 756 2155 sequentis
782 2120 859 2152 10H,
885 2119 920 2146 de
949 2127 1048 2154 quare

194 2164 279 2198 hujus
291 2163 346 2190 loci
363 2171 420 2190 non
436 2166 479 2190 est
494 2164 574 2199 plura
586 2163 768 2197 investigare.

228 2210 255 2235 ἓ.
273 2208 341 2235 lude
356 2207 473 2234 fortasse
494 2215 551 2234 non
575 2207 672 2241 inepte
700 2207 764 2242 quis
780 2207 905 2242 colligat,
921 2206 1049 2242 diploma

192 2252 279 2284 istud,
303 2251 476 2287 prmcedenti
503 2259 579 2278 anno
597 2252 663 2278 lOl3
690 2252 838 2286 scriptum,
857 2260 873 2278 a
900 2252 976 2286 Papa
999 2252 1046 2279 Be-

191 2297 305 2323 nedicto
329 2295 455 2322 studiose
482 2298 624 2322 servatum
650 2294 749 2327 videri,
772 2299 804 2322 ut
826 2296 853 2323 id
877 2295 1045 2330 Imperatori

191 2341 331 2375 ipsi,jam
352 2342 487 2366 coronato
515 2348 565 2366 seu
589 2340 765 2369 coronando.
794 2340 846 2367 sub
872 2340 1046 2375 principium

191 2385 258 2411 anni
272 2385 340 2411 1014
355 2384 507 2411 offerretur
522 2384 552 2411 in
577 2383 638 2418 ipsa
654 2383 723 2410 urbe
753 2384 853 2417 Roma,
871 2391 1045 2420 quamquam

190 2429 281 2455 solum
299 2429 383 2462 Regis
407 2428 522 2455 titulum
537 2427 679 2463 praeferat.
706 2428 876 2463 Conjectura
890 2430 941 2462 est,
959 2437 1044 2464 quam
1060 2425 1081 2452 Ι)

189 2474 321 2509 redargui
338 2473 419 2500 facile
447 2473 549 2507 patiar.
581 2472 610 2499 Id
634 2473 726 2499 obiter
756 2473 884 2504 observo,
900 2473 976 2508 quod
993 2473 1045 2500 sub

188 2519 274 2545 tinem
291 2525 422 2545 summus
451 2517 589 2546 Pontifex.
606 2524 663 2543 non
686 2517 746 2551 jam
762 2517 796 2543 ad
819 2517 847 2544 S.
879 2517 1043 2549 Henricum,

188 2561 236 2588 sed
248 2562 282 2588 ad
300 2563 393 2588 solum
411 2572 424 2585 ‹‹
441 2560 659 2588 dilectissimum
685 2561 812 2590 fratrem,
833 2573 845 2586 ι
863 2561 992 2596 adeoque
1008 2562 1043 2589 ad

186 2607 278 2632 solum
294 2606 461 2641 episcopum
481 2604 676 2632 Eberhardtlm
692 2613 854 2632 sermonem
871 2608 1019 2633 convertat
1035 2614 1042 2633 ι

187 2650 236 2676 sed
260 2657 354 2685 neque
383 2650 443 2677 haec
471 2649 666 2685 scrupulosius
681 2648 727 2676 hic
753 2649 944 2676 examinanda
958 2650 1044 2677 susci-

1067 1787 1086 1814 C

186 2694 292 2730 pimus.
312 2694 443 2729 Dipltma
457 2694 590 2727 alterum,
607 2693 659 2720 soli
676 2693 838 2720 Eberliardo
860 2693 1040 2729 inscriptum,

185 2739 294 2766 nullam
321 2738 461 2774 temporis
491 2741 587 2765 notam
616 2737 733 2771 signat;
759 2740 788 2764 at
819 2741 895 2764 recte
922 2738 1042 2769 advertit

186 2782 345 2816 Gretserus,
363 2791 394 2810 ex
410 2782 445 2809 iis
459 2790 523 2817 qua:
539 2782 639 2809 asserit
665 2782 831 2810 Benedictus
859 2790 888 2809 se
901 2786 1041 2818 prmscnte

1108 1149 1272 1184 Bambergie
1302 1150 1373 1176 facta
1409 1149 1506 1182 fuisse,
1550 1150 1649 1177 datum
1677 1158 1738 1177 esse
1772 1151 1968 1185 posteaquam

1109 1194 1294 1229 Bambergam
1310 1193 1370 1229 ipse
1386 1197 1512 1227 venerat,
1529 1202 1634 1229 nempe
1650 1202 1724 1221 anno
1742 1195 1818 1226 l0t9,
1830 1193 1903 1220 dum
1919 1193 1970 1220 ba-

1106 1238 1214 1265 silicam
1242 1238 1268 1265 S.
1292 1238 1491 1273 Stephanivm
1519 1239 1579 1265 Kal.
1601 1238 1664 1266 Maii
1687 1241 1915 1270 consecraverat,
1937 1241 1971 1264 ut

1106 1284 1149 1309 est
1159 1290 1221 1317 cap.
1237 1283 1282 1315 23,
1295 1283 1369 1317 apud
1384 1291 1435 1309 nos
1449 1290 1529 1309 num.
1547 1283 1580 1309 32
1598 1292 1606 1315 ς
1623 1283 1741 1309 fortasse
1768 1282 1797 1309 in
1813 1282 1879 1317 ipsa
1895 1282 1971 1309 urbe

1106 1326 1319 1361 Bambergensi,
1347 1327 1513 1362 priusquam
1536 1327 1566 1353 in
1596 1327 1706 1354 Italiam
1730 1329 1884 1354 remearet.
1927 1327 1970 1353 De

1106 1371 1198 1397 tribus
1213 1370 1275 1397 aliis
1297 1371 1503 1406 posterioribus
1516 1370 1722 1405 diplomatibus
1744 1371 1902 1398 Clementis
1930 1371 1969 1403 Il,

1107 1415 1208 1442 Leonis
1224 1415 1255 1441 IX
1270 1419 1296 1442 et
1313 1415 1426 1442 Henrici
1443 1415 1479 1442 Ill
1509 1415 1636 1448 Caesaris,
1659 1415 1729 1442 nihil
1757 1418 1799 1442 est
1823 1415 1903 1451 quod
1918 1416 1969 1442 hic

1106 1466 1281 1494 magnopere
1300 1460 1447 1494 explicem.

1141 1505 1166 1530 8.
1187 1503 1279 1530 Unum
1295 1507 1433 1538 superest,
1464 1504 1533 1531 dum
1548 1504 1582 1531 de
1608 1503 1812 1540 diplomatibus
1833 1504 1967 1538 agimus,

1106 1547 1158 1574 hac
1184 1548 1400 1582 oppertunitate
1430 1548 1626 1582 indicandum,
1664 1548 1772 1575 variam
1802 1556 1860 1574 non
1888 1548 1967 1575 nihil

1105 1599 1165 1618 esse
1190 1591 1311 1618 formam
1341 1600 1405 1627 qua!
1433 1592 1464 1619 S.
1489 1593 1604 1621 Henrici
1619 1593 1713 1628 sigilla
1745 1592 1872 1619 exhibet.
1902 1593 1967 1619 Huc

1105 1643 1151 1662 me
1165 1635 1282 1662 adduxit
1297 1636 1424 1671 diploma
1449 1637 1662 1669 Heuricianum,
1692 1637 1722 1664 in
1738 1636 1862 1663 maximo
1893 1636 1967 1663 folio

1105 1687 1241 1715 expanso,
1258 1680 1294 1707 ad
1322 1681 1494 1716 autographi
1526 1689 1657 1708 normam
1686 1684 1844 1712 exaratum,
1872 1684 1965 1716 atque

1106 1724 1180 1751 inter
1207 1724 1326 1752 schedas
1353 1728 1463 1752 nostras
1490 1730 1674 1761 repertum,c
1693 1726 1790 1752 datum
1807 1733 1834 1752 γι
1865 1725 1965 1752 Nonas

1105 1768 1219 1803 Aprilis,
1234 1776 1309 1795 anno
1327 1769 1479 1796 Dominicm
1506 1770 1515 1797 l
1530 1770 1714 1797 :carnationis
1732 1778 1791 1801 mu,
1818 1770 1925 1796 lndict.
1944 1778 1963 1802 ι,

1107 1820 1181 1838 anno
1195 1813 1318 1840 secundo
1334 1813 1437 1840 Domni
1459 1814 1570 1841 Henrici
1592 1814 1678 1849 Regis
1693 1814 1714 1841 Ι.
1740 1816 1841 1841 Actum
1860 1813 1965 1845 Ouidi-

1105 1857 1265 1890 lingaburc,
1298 1868 1309 1881 ι
1339 1858 1416 1892 quod
1434 1858 1480 1884 hic
1504 1859 1649 1894 integrum
1679 1862 1708 1885 et
1732 1858 1848 1894 quidem
1878 1858 1966 1885 ineas

1105 1901 1226 1928 incisum
1251 1902 1397 1936 referrem,
1412 1903 1436 1929 si
1459 1903 1486 1929 id
1511 1911 1605 1938 opera:
1626 1903 1750 1938 pretium
1777 1905 1873 1929 esset:
1893 1906 1966 1929 uota

1105 1945 1181 1972 enim
1199 1947 1258 1973 haec
1282 1947 1393 1982 pridem
1418 1951 1494 1980 sunt,
1522 1950 1549 1974 et
1574 1950 1667 1975 totum
1693 1948 1803 1983 pridem
1827 1947 1965 1974 exhibuit

1104 1990 1236 2017 laudatus
1251 1999 1337 2027 supra
1365 1992 1522 2019 Schatenus
1544 1992 1573 2019 iu
1593 1993 1752 2020 Annalibus
1779 1991 1839 2019 suis
1854 1992 1966 2019 Peder-

1104 2034 1291 2062 bornensibns
1302 2036 1337 2063 ad
1357 2035 1464 2063 dictum
1476 2045 1583 2064 annum
1601 2038 1677 2070 l003,
1699 2045 1764 2072 pag.
1780 2038 1845 2064 367.

1310 2287 1443 2369 4’s
1615 2279 1751 2358 Ἴ*

1283 2459 1333 2542 eg
1731 2433 1784 2537 ἓ
