4058 6216
495 439 593 496 143

1790 447 1846 501 s.
1890 447 2175 504 uanum:
2223 436 2692 508 IMPERATORIS

3919 461 4037 512 144

489 574 832 631 ﬁrmationis
892 576 1197 648 descriptio
1263 577 1322 631 in
1373 578 1525 632 hunc
1574 579 1807 633 modum
1875 597 1934 635 se
1983 580 2179 638 habet.
2226 576 2266 628 Α
2300 574 2581 646 quidquid
2621 576 2693 631 ad
2733 591 2984 648 pmsens
3041 577 3181 632 illud
3229 579 3479 650 pertinet
3506 583 3593 636 vel
3617 598 3684 636 ex
3749 583 3850 636 his
3887 601 4034 638 arn-

495 686 517 713 σ
559 666 666 719 Leo
696 665 1004 737 Episcopus
1031 682 1224 720 servus
1255 681 1544 720 servorum
1587 667 1686 722 Dei
1739 669 2015 724 Hartwico
2074 672 2180 725 Ba-

489 753 868 824 benbergensi
919 756 1211 826 Episcopo,
1283 754 1507 824 sibique
1563 756 1834 811 canonice
1901 758 1961 812 in
2048 760 2182 814 sede

489 842 849 914 episcopatus
881 842 1191 896 successori
1258 842 1318 896 in
1377 847 1744 913 perpetuum,
1807 850 2080 901 aternam
2121 847 2182 902 in

488 929 732 983 Domino
754 931 1017 984 salutem.
1050 931 1190 984 Cum
1221 931 1484 1000 exigente
1514 947 1652 986 cura
1681 935 1978 1004 pastorali,
2013 956 2041 984 »
2069 940 2178 991 etc.

494 1016 630 1071 Vide
653 1018 748 1071 ubi
775 1033 963 1088 supra.

486 1124 1117 1198 llenricijrnperutoris
1164 1124 1237 1198 Il,
1303 1126 1464 1198 Regis
1531 1127 1613 1179 III
1682 1128 2017 1195 constitutio,
2071 1145 2181 1198 qua.

553 1195 781 1246 ecclesiae
810 1194 1216 1261 Bambergensis
1249 1197 1546 1264 privilegia
1593 1194 2008 1264 conﬁrmantur.
2069 1194 2174 1254 Le—

555 1266 759 1332 genda
789 1278 912 1333 cap.
951 1266 1036 1317 t9.

550 1371 641 1424 27.
662 1369 772 1423 Nec
788 1369 1108 1440 minusipse
1122 1369 1238 1424 Rex
1262 1370 1534 1439 prafatus
1560 1371 1965 1441 Heinricuslll,
1991 1375 2176 1430 Chun-

483 1455 605 1510 radi
649 1457 1015 1525 Imperatoris
1066 1457 1237 1522 filius,
1272 1460 1514 1528 dudum,
1546 1461 1709 1514 Patre
1766 1461 2009 1528 vivente,
2064 1464 2177 1518 Rex

481 1545 827 1598 constitutus
853 1545 1232 1598 ordinationis
1261 1562 1376 1598 sua
1420 1563 1572 1601 anno
1615 1564 1714 1612 xu,
1769 1549 1932 1619 regni
1985 1557 2175 1606 autem

479 1633 692 1702 primo,
725 1633 794 1686 ad
817 1633 1274 1688 conﬁrmandum
1320 1635 1741 1706 Bambergense
1795 1637 2172 1709 episcopium,

480 1721 846 1793 privilegium
905 1723 1052 1794 quod
1113 1724 1480 1793 subjunctum
1509 1734 1593 1778 est
1623 1725 1791 1780 scribi
1833 1727 2026 1796 jussit,
2077 1743 2174 1782 su-

480 1811 713 1880 perstite
741 1811 923 1864 adhuc
959 1811 1285 1866 Eberhardo
1325 1813 1510 1881 primo
1547 1813 1804 1884 ejusdem
1859 1815 2006 1869 sedis
2037 1815 2172 1885 Epi-

481 1914 672 1968 scopo.
708 1920 728 1946 ι
766 1899 1086 1967 Heinricus,
1128 1899 1225 1953 Dei
1279 1899 1502 1954 favente
1533 1902 1857 1966 clementia,
1919 1903 2057 1957 Rex.
2110 1903 2173 1957 In

481 1987 743 2041 eXamine
788 1987 886 2040 Dei
935 1992 1139 2040 cuncta
1186 1988 1589 2059 conspicientis
1637 1991 1856 2060 aquale
1900 1991 2172 2045 meritum

479 2075 763 2128 credimus
787 2075 906 2130 fore
927 2075 1115 2129 dantis
1131 2081 1188 2130 et
1208 2077 1652 2134 corroborantis.
1677 2078 1978 2134 Credimus
1999 2079 2173 2134 etiam

481 2163 548 2216 ad
581 2165 830 2233 regalem
845 2171 1098 2218 nostram
1122 2166 1479 2234 majestatem
1504 2167 1790 2236 pertinere
1811 2167 1986 2222 totius
2011 2169 2171 2238 regni

480 2267 664 2317 curas,
696 2252 1097 2323 pracipueque
1127 2253 1388 2307 omnium
1451 2259 1773 2308 sanctarum
1838 2255 1936 2309 Dei
1992 2258 2170 2310 eccle-

479 2340 692 2394 siarum
722 2341 1026 2394 commoda
1073 2342 1453 2404 considerare,
1487 2348 1543 2396 et
1594 2344 1789 2398 omnia
1834 2343 1916 2396 eis
1971 2343 2169 2398 adver-

475 2430 657 2482 santia
689 2430 794 2482 sub
825 2428 982 2482 omni
1034 2427 1398 2483 festinatione
1446 2429 1696 2498 abolere,
1739 2446 1811 2484 ne
1870 2430 1958 2484 vel
2011 2432 2168 2502 gravi

476 2516 944 2570 incommoditate
1001 2517 1292 2584 vilescant,
1343 2519 1426 2571 vel
1469 2517 1742 2589 qualibet,
1803 2535 1909 2588 pro
1977 2525 2169 2573 nostra

477 2606 668 2674 eulpa,
697 2609 822 2657 orta
867 2605 1186 2670 occasione,
1217 2621 1251 2657 a
1295 2605 1535 2676 pristino
1587 2606 1745 2660 cultu
1776 2612 1834 2660 et
1887 2607 2167 2677 religione

472 2693 739 2745 recedant
773 2707 786 2745 :
813 2697 1116 2762 quatenus,
1149 2691 1284 2746 dum
1319 2693 1440 2746 hac
1467 2709 1572 2762 pro
1604 2708 1800 2747 amore
1833 2695 2167 2766 pariterque

469 2782 676 2833 timore
733 2780 829 2834 Dei
861 2779 1107 2832 fideliter
1137 2780 1488 2851 peregimus,
1522 2780 1752 2834 illorum
1785 2782 1882 2852 qui
1923 2783 2045 2836 hac
2072 2783 2165 2854 pio

469 2867 671 2922 allectu
709 2869 821 2921 Deo
851 2869 1237 2932 contulerunt,
1273 2869 1492 2923 meritis
1531 2873 1588 2922 et
1615 2870 1814 2938 gloria
1844 2871 2163 2924 communi-

467 2972 678 3010 cemus.
706 2956 950 3009 Proinde
976 2957 1243 3009 omnibus
1274 2959 1332 3010 in
1375 2957 1599 3011 Christo
1638 2958 1924 3026 fidelibus,
1951 2958 2164 3013 scilicet

464 3049 581 3098 tam
613 3044 818 3098 futuris
847 3060 1020 3114 quam
1053 3045 1450 3114 praesentibus,
1503 3051 1704 3099 notum
1737 3062 1860 3098 esse
1891 3047 2161 3101 volumus

462 3132 708 3202 qualiter
737 3132 810 3185 ob
842 3133 985 3186 hanc
1011 3149 1193 3202 spem,
1221 3148 1325 3202 per
1345 3133 1729 3185 interventum
1773 3131 2157 3185 dilectissima
2189 3125 2230 3178 C

463 3222 662 3274 matris
721 3229 929 3274 nostra
1009 3220 1199 3274 Gisila
1272 3219 1661 3290 lmperatricis
1713 3222 2007 3290 Augusta,
2051 3236 2154 3290 pro

461 3309 654 3365 amore
711 3309 882 3363 etiam
937 3308 1126 3362 dilecti
1215 3307 1517 3378 ﬁdelisque
1569 3308 1746 3361 nostri
1824 3308 2153 3374 Eberhardi,

459 3398 636 3469 primi
680 3404 886 3452 sancta
943 3396 1315 3466 Babergensis
1365 3395 1621 3449 Ecclesia
1653 3395 1928 3466 episcopi,
1986 3411 2154 3450 eum-

461 3488 591 3542 dem
648 3489 833 3540 locum
889 3503 918 3538 a
969 3485 1101 3538 divo
1153 3485 1498 3553 lmperatore
1558 3483 1822 3537 Heinrico
1882 3484 2150 3551 secundo,

459 3589 564 3644 pro
599 3590 701 3626 sua
731 3587 1083 3642 suorumque
1137 3571 1331 3623 anima
1363 3572 1422 3624 in
1483 3571 1899 3641 episcopatum,
1961 3570 2154 3625 divina

457 3661 775 3732 inspirante
831 3658 1155 3723 clementia,
1212 3657 1478 3728 perfecta
1537 3657 1671 3712 lidei
1745 3658 2152 3730 charitatisque

460 3749 784 3814 devotione,
807 3747 868 3800 in
897 3747 1117 3800 honore
1145 3747 1423 3818 Principis
1449 3747 1841 3817 apostolorum
1892 3739 2043 3802 Petri
2097 3754 2154 3802 et

458 3839 518 3894 S.
559 3837 789 3908 Georgii
821 3835 1086 3906 martyris
1116 3835 1510 3896 sublimatum,
1551 3852 1832 3890 consensu
1892 3836 2150 3892 ﬁdelium

459 3932 785 3982 nostrorum
811 3924 1119 3978 sancimus.
1138 3928 1214 3988 et,
1229 3925 1387 3978 omni
1408 3924 1861 3979 contradictione
1907 3931 2149 3995 remota,

457 4014 667 4082 regalis
698 4018 906 4067 nostra
951 4012 1266 4082 majestatis
1298 4013 1636 4067 auctoritate
1670 4013 2146 4082 corroboramus;

455 4118 657 4156 omnes
713 4101 886 4155 etiam
939 4116 1030 4154 res
1079 4099 1323 4155 mobiles
1398 4103 1456 4154 et
1505 4100 1833 4155 immobiles
1891 4101 2145 4170 ejusdem

453 4195 665 4245 sancta
699 4189 798 4242 Dei
825 4188 1099 4251 ecclesia,
1130 4203 1273 4258 quas
1293 4187 1416 4258 ipse
1469 4187 1635 4241 divus
1676 4189 1994 4259 Imperator
2041 4205 2146 4260 pro

453 4278 657 4332 ardore
691 4278 932 4330 calestis
962 4279 1161 4347 patria
1210 4275 1423 4330 ibidem
1472 4276 1630 4346 larga
1660 4292 1838 4330 manu
1885 4278 2144 4344 contulit,

2294 664 2536 734 plificari
2613 671 2820 735 potest,
2889 667 3047 721 nulla
3118 667 3190 722 sit
3244 668 3532 724 infestatio
3586 677 4032 741 tyrannorum.

2293 751 2450 805 nulla
2480 757 2730 823 potestas
2759 754 2940 808 irruat
2969 755 3047 810 ibi
3099 772 3201 827 per
3247 757 3603 825 violentiam,
3676 761 3878 814 nullas
3938 761 4033 815 ibi

2291 853 2481 893 comes
2543 846 2643 894 aut
2692 841 2866 910 judex
2903 843 3094 914 legem
3151 843 3333 898 facere
3390 851 3726 914 praesumat,
3785 854 4033 918 prater

2295 927 2632 999 Episcopum
2690 930 2946 1000 ejusdem
3002 931 3126 997 loci,
3177 931 3482 1004 omnisque
3534 936 3829 1005 possessio
3875 938 4012 991 Deo

2291 1015 2695 1072 famulantium
2727 1018 2804 1072 ibi
2826 1035 2930 1089 pro
2983 1019 3346 1074 immunitate
3397 1023 3699 1077 habeatur.
3757 1023 3868 1078 Sita
3912 1026 4026 1078 ille

2293 1105 2662 1176 Episcopatus
2718 1107 2882 1173 liber,
2915 1113 2971 1162 et
3011 1109 3082 1161 ab
3136 1109 3297 1163 omni
3351 1115 3616 1164 extranea
3671 1116 3733 1165 et
3792 1112 4024 1184 iniqua

2291 1208 2520 1246 securus
2545 1199 2823 1263 potestate
2852 1211 2865 1249 :
2899 1203 3202 1266 quatenus,
3235 1197 3448 1252 ibidem
3477 1199 3590 1253 Deo
3615 1197 4017 1265 famulantes,

2289 1285 2346 1333 et
2378 1282 2547 1352 primi
2582 1283 2988 1337 constructoris
3039 1285 3376 1339 memoriam
3436 1285 3609 1358 digne
3668 1289 4011 1358 celebrare.

2289 1385 2504 1441 nosque
2533 1370 2784 1424 fautores
2811 1378 2867 1425 et
2919 1374 3382 1427 corroboratores
3431 1357 3658 1443 possint
3697 1380 3757 1428 et
3818 1357 4012 1430 velint

2292 1458 2404 1512 Deo
2427 1459 2689 1529 precibus
2713 1459 2799 1512 sui
2856 1461 3279 1516 commendare.
3344 1461 3429 1522 Et,
3479 1467 3542 1515 ut
3586 1463 3714 1516 hac
3775 1471 4007 1518 nostra

2286 1546 2636 1599 auctoritatis
2665 1547 2896 1600 traditio
2928 1549 3093 1601 lirma
3123 1553 3180 1602 et
3226 1549 3554 1603 inconvulsa
3619 1560 4004 1620 permaneat,

2285 1633 2392 1688 hoc
2447 1634 2808 1704 privilegium
2863 1635 2995 1690 inde
3063 1637 3450 1708 conscriptum
3499 1655 3678 1692 manu
3746 1642 4006 1711 propria

2283 1723 2738 1789 corroborantes,
2803 1724 2975 1794 sigilli
3033 1725 3216 1779 nostri
3265 1726 3643 1798 impressione
3699 1727 4006 1797 jussimus

2206 1849 2244 1902 Β
2286 1810 2578 1882 insigniri.
2615 1831 2642 1861 ι)

2959 1899 3186 1954 CAPUT
3227 1901 3294 1954 ll.

2356 2004 2438 2057 De
2486 2007 2770 2058 recentiori
2814 2019 2914 2073 per
2960 2005 3015 2060 S.
3069 2007 3357 2060 Henricum
3414 2007 3664 2062 Ecclesia
3715 2009 4004 2064 Bamb"-

2865 2077 3042 2142 geusis
3069 2079 3392 2144 patrocinio.

2350 2163 2438 2216 29.
2507 2161 2818 2217 Pramissis
2873 2163 3296 2234 antiquioribus
3353 2164 3533 2218 sancti
3607 2165 4007 2237 Imperatoris

2281 2247 2572 2303 miraculis
2609 2249 2757 2304 hanc
2787 2249 3162 2322 appendicem
3196 2252 3501 2322 subjungo.
3562 2269 3743 2324 quam
3803 2259 4003 2308 totam

2278 2343 2537 2392 accurate
2571 2339 2801 2409 collegit
2860 2339 3213 2410 digessitque
3271 2340 3532 2395 laudatus
3584 2358 3769 2412 supra
3817 2344 4006 2395 toties

2280 2424 2344 2479 Β.
2379 2427 2441 2478 Ρ.
2493 2426 2756 2481 Nicotaus
2786 2428 2970 2494 Pottu,
3038 2428 3268 2498 collegii
3298 2429 3475 2483 nostri
3533 2431 4004 2501 Bambergensis

2275 2513 2646 2583 dignissimus
2700 2515 2923 2581 Rector,
2973 2516 3032 2569 in
3081 2517 3565 2572 sanctissimorum
3618 2517 3997 2589 Conjugum,

2275 2602 2528 2656 ecclesia
2562 2603 2990 2672 Bambergensis
3019 2603 3409 2666 fundatorum,
3435 2605 3703 2673 gloriam,
3742 2623 3811 2658 ac
3835 2607 4002 2660 duo-

2276 2705 2402 2743 rum
2435 2689 2956 2760 insignissimorum
2977 2691 3314 2758 Prasulum,
3343 2691 3599 2761 ipsorum
3643 2692 3998 2756 clientium,

2275 2779 2539 2834 meritam
2570 2780 3156 2834 commendationem.
3200 2779 3394 2834 Virum
3452 2780 3998 2850 interrogaveram,

2273 2868 2566 2920 nullamne
2595 2867 3042 2936 Bambergenses
3062 2866 3474 2919 miraculorum
3508 2867 3827 2936 postremis
3861 2867 4000 2921 his-

2271 2971 2333 3007 ce
2355 2955 2572 3008 saculis
2599 2969 2699 3023 per
2730 2953 2962 3008 Sanctos
2983 2957 3341 3024 patratorum
3398 2953 3680 3007 rationem
3739 2954 4002 3010 habuis-

2271 3046 2413 3104 sent,
2444 3057 2692 3111 quorum
2749 3041 3020 3094 elenchus
3073 3040 3165 3094 hic
3215 3042 3388 3093 etiam
3451 3040 3674 3094 adnecti
3740 3043 3997 3110 posset?

2270 3127 2414 3180 Voce
2446 3135 2627 3196 muta,
2661 3133 2719 3181 ut
2743 3128 2822 3181 ita
2843 3129 3064 3198 loquar,
3111 3128 3424 3197 respondit,
3484 3128 3832 3197 praedictam
3886 3147 4000 3201 ap-

2268 3215 2568 3285 pendicem
2626 3231 2724 3268 seu
2761 3220 3061 3268 tractatum
3115 3215 3524 3281 submittendo,
3568 3232 3769 3285 quem,
3845 3218 3994 3270 licet

2267 3301 2506 3355 arbritio
2557 3318 2683 3354 meo
2712 3303 2882 3372 plane
2936 3301 3256 3371 reliquerit,
3281 3301 3556 3355 intactum
3593 3317 3700 3371 ego
3735 3311 3798 3356 et
3829 3305 3991 3357 inte-

2265 3405 2432 3459 grum
2469 3390 2822 3445 reddendum
2843 3389 3060 3456 censui,
3095 3393 3158 3442 ut
3185 3395 3318 3458 pote
3351 3405 3414 3444 ex
3442 3389 3510 3443 iis
3557 3393 3982 3445 monumentis

2264 3481 2669 3556 concinnatum
2717 3479 2926 3548 quibus
2965 3494 3068 3532 nec
3114 3477 3443 3532 addendum
3475 3478 3799 3548 quidquam
3873 3496 3986 3533 nec

2264 3564 2616 3619 demendum
2673 3563 3161 3618 existimaverim:
3211 3569 3269 3616 et
3316 3563 3576 3634 quamvis
3624 3564 3985 3619 Henriciani

2263 3653 2505 3719 favores,
2535 3653 2772 3706 seorsim
2795 3667 2828 3705 a
2865 3652 3101 3717 cateris,
3129 3653 3187 3704 in
3218 3652 3491 3721 pauciora
3527 3653 3809 3718 _contrahi
3880 3670 3984 3724 po-

2263 3739 2528 3806 tuissent,
2555 3745 2670 3794 tam
2699 3739 2972 3810 praclara
3003 3737 3382 3793 nihilominus
3412 3739 3531 3792 visa
3583 3744 3723 3792 sunt
3788 3741 3983 3796 virtu-

2263 3832 2384 3881 tum
2411 3827 2690 3898 exempla,
2722 3842 2755 3878 a
2786 3825 2933 3880 binis
2962 3825 3396 3893 Bambergensis
3427 3825 3674 3880 ecclesia
3731 3827 3980 3897 Episco-

2261 3915 2373 3986 pis,
2400 3916 2460 3972 S.
2503 3915 2744 3971 Henrico
2780 3913 3143 3986 potissimum
3191 3913 3532 3984 opitulante,
3563 3913 3686 3966 orbi
3748 3915 3977 3969 Catho-

2263 4004 2371 4060 lico
2410 4005 2684 4070 exhibita,
2718 4007 2781 4057 ut
2835 4003 2926 4056 hic
2965 4001 3154 4056 locum
3198 4002 3410 4056 habere
3467 4007 3834 4058 mereantur.
3898 4005 3981 4058 Ex

2261 4094 2386 4164 ipsa
2408 4092 2757 4157 narratione,
2781 4107 2814 4144 a
2840 4089 3103 4145 Pottuvio
3134 4095 3282 4144 recte
3333 4089 3692 4156 concinnata,
3751 4091 3976 4146 intelli-

2259 4180 2418 4250 gitur
2447 4180 2626 4234 totius
2678 4179 2756 4233 rei
2806 4179 3146 4248 oeconomia,
3203 4178 3295 4232 cui
3369 4178 3460 4232 hic
3520 4179 3722 4231 titulus
3768 4180 3967 4250 prati-

2260 4281 2364 4320 xus
2393 4271 2497 4320 est.

453 4383 520 4421 ea
548 4365 774 4420 ratione
805 4365 1235 4432 confirmamus,
1269 4370 1350 4430 ut,
1389 4364 1574 4418 fidelis
1619 4371 1814 4420 noster
1861 4365 2142 4420 Eberhar—
2189 4401 2230 4454 υ
2333 4373 2566 4426 Favorcs
2620 4388 2654 4425 (ι
2695 4372 2802 4454 “S.
2859 4372 3082 4454 Henrico
3162 4371 3655 4454 calitusuprastiti
3742 4372 3968 4426 duobus

452 4455 558 4509 dus
604 4454 857 4524 ejusdem
916 4454 1024 4508 loci
1103 4452 1324 4524 primus
1373 4452 1708 4524 Episcopus,
1785 4454 2024 4525 ejusque
2085 4455 2146 4509 in

454 4549 796 4616 perpetuum
823 4559 1174 4598 successores
1213 4559 1411 4597 secura
1445 4558 1542 4596 eas
1563 4542 1956 4613 tranquilitate
2010 4561 2143 4614 pos-

451 4633 697 4700 sideant,
741 4637 796 4686 et
842 4633 1079 4686 liberam
1129 4636 1471 4702 potestatem
1509 4631 1784 4693 habeant,
1815 4636 1871 4685 et
1928 4647 2038 4698 res,
2089 4636 2147 4684 et

450 4721 827 4792 proprietates
857 4721 1111 4791 ejusdem
1135 4721 1387 4776 ecclesia
1419 4737 1549 4775 cum
1578 4736 1857 4775 consensu
1889 4719 2066 4774 deleri
2090 4723 2146 4773 et

449 4811 653 4882 populi
686 4809 973 4875 ordinare,
998 4826 1365 4880 componere,
1385 4815 1441 4864 et
1461 4815 1853 4880 augmentare.

518 4903 607 4955 28.
636 4921 663 4949 ‹‹
692 4900 893 4954 Nostra
923 4913 1155 4970 quoque
1215 4900 1555 4953 auctoritate
1611 4897 1900 4952 sancimus
1951 4901 2036 4960 ut,
2083 4896 2141 4950 in

449 4988 711 5056 abbatiis,
773 4987 1158 5055 monasteriis,
1213 4986 1602 5053 comitatibus,
1655 4985 1815 5052 foris,
1871 4986 2141 5040 mercati-

445 5076 572 5144 bus,
595 5076 860 5142 monetis,
887 5075 1094 5135 nautis,
1127 5073 1381 5140 teloniis,
1435 5073 1706 5140 castellis,
1762 5071 1932 5139 villis,
1977 5070 2136 5139 vicis,

447 5165 614 5232 areis,
659 5164 853 5224 servis,
907 5161 1146 5227 ancillis,
1198 5160 1537 5226 tributariis,
1589 5159 1848 5224 decimis,
1906 5157 2140 5213 foresti-

446 5248 552 5302 bus
599 5250 771 5314 silvis,
815 5247 1235 5315 venationibus,
1287 5245 1715 5316 piscationibus,
1767 5243 2138 5309 molendinis,

447 5337 630 5406 aquis,
653 5353 1004 5409 aquarumve
1031 5335 1380 5399 decursibus,
1430 5333 1669 5404 campis.
1723 5333 1922 5403 pratis,
1965 5331 2136 5402 pisci-

445 5424 558 5492 nis,
587 5426 830 5479 terrenis
855 5425 1024 5480 cultis
1053 5430 1109 5478 et
1135 5423 1388 5489 incultis,
1410 5421 1592 5486 libris,
1623 5425 1865 5490 argento
1888 5424 1945 5472 et
1971 5435 2134 5481 auro,

444 5513 708 5584 gemmis,
733 5514 901 5580 vasis,
929 5513 1301 5577 ornamentis,
1332 5511 1417 5564 vel
1439 5509 1732 5580 aliquibus
1765 5506 2136 5561 usteusilibus

445 5605 501 5656 in
551 5603 768 5654 cultum
817 5607 874 5654 et
902 5601 1238 5672 religionem
1289 5600 1388 5654 Dei
1417 5599 1635 5654 ibidem
1674 5595 1914 5662 collatis,
1984 5599 2040 5648 ct
2075 5595 2134 5648 in

441 5693 709 5750 omnibus
756 5689 1017 5746 terminis
1073 5688 1360 5761 rebusque
1405 5686 1662 5759 ejusdem
1705 5681 1982 5750 ecclesia,
2036 5684 2136 5737 aut

2686 4442 2974 4510 Episcopis
3017 4441 3520 4508 Bambergensibus.

2326 4534 2410 4586 30.
2451 4553 2477 4579 ‹‹
2511 4531 2815 4585 Postremis
2841 4529 2991 4582 hisce
3021 4529 3266 4592 saculis,
3321 4529 3530 4600 quibus
3583 4529 3847 4584 hareses
3905 4533 3966 4584 in

2255 4620 2556 4676 Germania
2587 4623 2853 4690 grassata
2880 4622 3202 4688 suntatque
3223 4618 3396 4672 etiam
3425 4617 3812 4673 Franconiam
3837 4635 3963 4674 ma-

2254 4725 2368 4780 gna
2397 4725 2464 4762 ex
2492 4713 2652 4778 parte
2682 4706 3020 4771 infecerant,
3077 4705 3133 4760 S.
3172 4705 3447 4759 Henricus
3498 4720 3630 4759 cum
3677 4707 3957 4776 virginea

2253 4812 2356 4849 sua
2383 4798 2627 4864 conjuge
2658 4793 2965 4864 specialem
3013 4792 3264 4846 ecclesia
3318 4792 3756 4862 Bambergensis
3811 4810 3850 4848 a
3903 4811 3961 4847 se

2253 4885 2391 4939 olim
2421 4885 2673 4938 fundata
2694 4897 2890 4937 curam
2925 4895 3123 4951 gerere
3170 4881 3323 4934 visus
3371 4885 3484 4944 est;
3534 4880 3670 4934 dum
3717 4881 3956 4953 aliquot

2255 4971 2554 5042 Episcopus
2585 4970 3050 5041 Bambergenses,
3083 4968 3227 5022 duos
3256 4969 3596 5040 prasertim,
3661 4968 3773 5022 sibi
3834 4972 3960 5024 sin-

2250 5060 2529 5129 gulariter
2555 5058 2809 5123 devotos,
2867 5057 3138 5110 nimirum
3182 5057 3535 5128 Nythardum
3597 5057 3952 5128 episcopum

2249 5164 2393 5215 m1,
2450 5153 2505 5202 et
2557 5147 2832 5202 Joannem
2909 5145 3282 5200 Godefridum
3353 5145 3689 5216 episcopum
3777 5162 3956 5200 xum

2248 5236 2708 5291 extraordinariis
2727 5234 3070 5307 quibusdam
3102 5232 3389 5288 favoribus
3436 5239 3778 5304 prosecutus
3852 5243 3958 5299 est,

2246 5330 2420 5397 atque
2452 5324 2651 5378 eadem
2689 5340 2862 5395 opera
2912 5321 3218 5376 Ecclesiam
3254 5321 3757 5392 Bambergensem,
3833 5339 3958 5378 me-

2245 5413 2436 5468 diante
2475 5415 2594 5468 zelo
2625 5414 2828 5466 horum
2865 5410 3109 5464 duorum
3152 5409 3486 5475 Prasulum,
3548 5410 3619 5463 ab
3674 5409 3960 5465 infelicis-

2247 5502 2391 5556 sima
2453 5503 2735 5556 hareseos
2790 5505 2846 5554 et
2876 5497 3228 5568 flagitiorum
3283 5498 3554 5551 servitute
3612 5497 3954 5553 vindicavit.

2245 5591 2380 5655 Quae
2410 5589 2504 5644 hic
2529 5594 2837 5644 narrantur
2881 5587 3182 5656 desumpta
3239 5591 3373 5640 sunt
3441 5584 3820 5655 potissimum
3889 5603 3955 5640 ex

2248 5673 2529 5735 Friderico
2565 5678 2834 5742 Fornero,
2867 5675 3138 5746 scriptore
3164 5673 3459 5746 Episcopis
3501 5672 3613 5727 illis
3644 5689 3850 5728 coavo
3905 5679 3956 5728 et
