4058 6216
132 253 231 308 145

126 370 405 427 familiari
467 384 482 423 :

126 458 441 527 inscriptio
470 454 763 527 sepulchri
801 455 922 523 ejus
964 452 1294 521 Bambergae
1321 450 1381 503 in
1414 449 1639 518 templo
1694 463 1883 518 paro-

128 547 310 602 chiali
343 546 401 601 S.
433 542 680 607 Martini,
728 558 857 612 quas
884 541 1013 593 talis
1069 546 1156 593 est
1188 555 1200 593 :
1256 559 1282 589 «ι
1314 536 1882 592 Reverendissimus

132 661 151 686 ε
200 635 259 690 in
298 634 529 689 Christo
573 634 744 686 Pater
780 645 845 683 ac
890 628 1166 683 Dominus
1200 626 1517 681 Fridericus
1558 625 1881 679 Fornerus

132 748 152 773 ι
200 740 321 778 sac.
383 720 722 790 Theologize
802 718 1024 782 Doctor,
1075 715 1371 786 episcopus
1438 711 1879 779 Hebronensis,

130 833 158 864 ε
200 813 615 881 suﬂ'raganeus
671 805 1124 877 Bambergensis,
1157 821 1219 858 ac
1246 803 1458 857 ibidem
1493 802 1553 855 in
1575 799 1881 868 spiritua-

132 927 157 950 ο(
202 902 363 956 libus
398 898 663 953 Vicarius
695 894 1010 959 Generalis,
1038 910 1211 947 sacrae
1264 895 1534 946 Caesareae
1593 888 1881 958 Majesta-

132 1009 157 1045 α
205 990 271 1056 ti,
306 1005 377 1043 ac
435 985 823 1043 Serenissimo
877 981 1118 1038 Bavarite
1150 982 1286 1035 Duci
1326 999 1357 1033 a
1404 977 1691 1040 consiliis,
1756 977 1887 1031 inte

135 1099 159 1128 α
203 1077 428 1149 gritate
456 1075 612 1141 vitae,
674 1074 797 1127 zelo
852 1070 1166 1140 religionis,
1226 1067 1611 1139 legationibus
1662 1065 1878 1133 ubitis,

135 1189 161 1215 ς
204 1164 448 1221 consilii
492 1162 831 1235 prudentia,
863 1176 927 1213 ac
956 1159 1079 1212 vivo
1098 1157 1254 1212 verbi
1287 1157 1389 1212 Dei
1416 1154 1646 1225 eloquio
1680 1154 1879 1209 libris-

138 1279 163 1303 α
204 1271 326 1326 que
365 1252 540 1308 editis
571 1251 702 1306 orbi
763 1253 954 1314 notus,
982 1247 1072 1318 pie
1115 1246 1176 1300 in
1237 1244 1481 1299 Domino
1533 1242 1685 1297 obiit
1716 1260 1875 1297 anno

135 1370 157 1389 ι·
206 1358 467 1406 uocxxx,
490 1358 526 1391 v
559 1338 828 1395 Decemb.
869 1358 896 1385 ››

1825 247 1868 300 Α

3610 257 3705 314 146

538 367 705 437 cujus
762 364 867 420 viri
923 363 1233 435 aliqualem
1307 361 1577 416 notitiam
1632 360 1955 432 przebetA
1995 358 2375 413 secendunta
2424 360 2592 414 Patre
2651 362 2962 431 luminum,
3019 368 3429 438 capacissimus
3473 371 3702 428 eﬁ‘ecms

1997 463 2118 500 esse
2162 447 2514 501 crederetur.
2548 448 2699 504 Rara
2750 452 2872 507 hinc
2919 456 3161 509 mutatio
3192 457 3253 511 in
3311 459 3583 523 vestibus.
3641 464 3696 516 in

1997 536 2275 601 moribus,
2298 537 2357 589 in
2398 536 2718 605 famulitiis,
2775 541 2836 594 in
2889 543 3195 596 domestico
3249 546 3582 615 splendore,
3638 550 3696 602 in

1998 624 2326 695 quotidiana
2370 628 2816 692 conversatione,
2845 634 2903 684 in
2958 632 3117 687 omni
3180 634 3545 703 negotiorum
3583 642 3693 690 tra-

1994 712 2262 778 ctatione,
2295 710 2566 765 omnibus
2624 716 2722 785 qui
2774 733 2903 770 eum
2953 719 3173 788 pridem
3213 730 3497 776 noverant
3554 739 3693 794 pro-

1994 800 2151 870 digio
2206 799 2412 853 similis
2460 801 2801 858 habebatur.
2860 806 3071 860 Exinde
3133 807 3389 863 innotuit
3438 811 3692 865 efﬁcacia

1993 887 2297 959 patrocinii
2327 888 2419 943 SS.
2473 890 2697 945 Henrici
2744 899 2801 947 et
2828 894 3214 964 Cunegundis,
3250 913 3505 967 quorum
3564 900 3686 951 cul-

1989 977 2071 1031 tui
2101 982 2158 1032 et
2180 976 2491 1031 imitationi
2544 984 2729 1035 totum
2790 997 2849 1034 se
2880 981 3069 1037 dabat.
3100 983 3253 1037 Vitas
3277 986 3539 1054 ipsorum
3572 1003 3686 1040 non

1991 1066 2177 1120 solum
2209 1066 2432 1120 assidue
2463 1067 2771 1136 lectitabat,
2809 1071 2905 1123 sed
2956 1071 3129 1125 etiam
3194 1074 3395 1127 ambas
3425 1092 3491 1131 ex
3537 1076 3684 1130 anti-

1988 1170 2103 1225 quo
2135 1154 2325 1208 codice
2365 1170 2469 1210 ms.
2527 1156 2788 1225 ipsemet,
2823 1160 3140 1230 apographi
3191 1160 3425 1216 functus
3474 1164 3684 1232 ofﬁcio,

1986 1259 2161 1296 manu
2184 1259 2285 1296 sua
2315 1242 2630 1312 descripsit.

2058 1333 2141 1385 34.
2176 1356 2201 1379 υ
2251 1332 2469 1385 Horum
2526 1338 2899 1402 patronorqu
2959 1336 3234 1405 exemplis
3290 1337 3579 1407 incitatus,
3629 1348 3685 1396 et

206 1436 300 1486 3t.
353 1450 383 1481 α
447 1429 592 1483 Huic
651 1427 845 1497 elogio
878 1427 1151 1478 consonat
1176 1422 1416 1477 historia
1465 1420 1873 1491 manuscripta
1982 1420 2176 1475 divino
2224 1420 2402 1473 fretus
2455 1420 2688 1489 auxilio,
2730 1438 2873 1491 opus
2904 1438 3135 1492 prorsus
3193 1426 3461 1491 arduum,
3510 1434 3567 1483 et
3620 1431 3681 1483 in

132 1518 375 1590 collegii
407 1519 537 1574 Soc.
595 1519 730 1571 Jesu
784 1513 1112 1581 Bambergaa
1153 1511 1357 1565 eodem
1405 1525 1556 1562 anno
1616 1525 1866 1572 uncxxx,
1984 1509 2106 1562 istis
2140 1524 2330 1562 rerum
2396 1513 2841 1580 temporumque
2882 1510 3346 1578 circumstantiis,
3394 1522 3457 1570 ut
3512 1533 3677 1571 sum-

132 1609 230 1664 ubi
280 1608 447 1662 inter
495 1611 704 1659 caetera
749 1603 822 1657 de
864 1603 961 1655 illo
1019 1601 1227 1655 dicitur
1258 1616 1272 1653 :
1299 1619 1366 1690 Ha
1422 1597 1517 1690 Vir
1563 1602 1694 1651 erat
1723 1597 1866 1652 boni
1910 1636 1947 1690 Β
1985 1596 2064 1648 mi
2104 1596 2275 1650 etiam
2309 1595 2411 1650 viri
2433 1597 2788 1666 judicabant,
2820 1599 2967 1653 factu
2990 1599 3347 1670 impossibile
3378 1621 3679 1674 aggressus

134 1716 159 1745 ι
200 1692 544 1748 communis
592 1706 817 1753 amans,
851 1692 907 1741 et
952 1704 982 1740 a
1028 1687 1244 1740 virtute
1298 1683 1615 1754 litterisque
1669 1684 1859 1755 pluri-

138 1808 153 1831 ι
201 1796 373 1836 mum
434 1776 955 1832 commendatus...
1044 1775 1153 1828 sub
1224 1772 1411 1827 infula
1459 1772 1637 1824 vitam
1700 1770 1865 1827 duxit

138 1896 154 1919 ι
200 1869 567 1939 religiosam.
604 1886 629 1916 ι)
680 1866 787 1919 Hic
814 1863 991 1934 igitur
1034 1862 1448 1931 Suffraganeus
1501 1859 1687 1914 edidit
1715 1877 1860 1931 opu-

130 1960 361 2013 scutum
423 1954 518 2008 cui
563 1954 803 2007 titulum
870 1952 997 2006 fecit
1056 1967 1068 2006 :
1135 1952 1265 2005 Duo
1302 1950 1519 2018 specula
1577 1948 1862 2017 Principis

131 2045 503 2109 ecclesiastici,
564 2060 595 2098 e
642 2044 901 2097 duorum
948 2037 1483 2095 laudatissimorum
1537 2038 1861 2091 Prassulum

130 2155 194 2192 ac
250 2134 608 2205 Principum,
672 2129 916 2186 Joannis
984 2126 1286 2184 Godefridi
1366 2142 1518 2178 anno
1608 2141 1856 2190 uncxxu,

132 2242 261 2280 xxix
290 2223 581 2289 Decemb.,
615 2222 677 2274 et
743 2217 1017 2287 Nythardi
1046 2232 1207 2271 anno
1282 2230 1544 2278 unxcvui,
1574 2230 1708 2268 xxv:
1744 2214 1859 2267 De-

135 2312 312 2367 cemb.
371 2312 643 2382 piissime
705 2306 1105 2361 defunctorum
1181 2303 1358 2357 rebus
1431 2302 1707 2371 praclare
1760 2318 1855 2369 ge-

140 2402 239 2456 stis
302 2400 675 2469 heroicisque
764 2394 1069 2448 virtutibus
1166 2390 1543 2463 potissimum
1614 2391 1859 2444 conflata

133 2496 307 2560 atque
349 2488 718 2553 concinnata,
754 2487 813 2536 et
865 2487 1109 2553 quatuor
1171 2478 1551 2533 concionibus
1600 2477 1856 2532 funebri-

136 2578 240 2631 bus
272 2577 348 2629 ad
380 2589 700 2643 eorumque
734 2571 1061 2640 sepulturas
1100 2573 1157 2622 et
1181 2566 1507 2637 exsequias,
1530 2565 1592 2620 in
1622 2566 1859 2620 ecclesia

134 2664 456 2719 cathedrali
514 2658 949 2729 Bambergensi,
1012 2658 1214 2727 lingua
1274 2656 1584 2709 vernacula
1623 2653 1854 2717 habitis,

135 2753 320 2807 latine
379 2749 623 2818 scriptis,
677 2746 929 2817 publica:
974 2744 1087 2798 luci
1142 2749 1198 2797 et
1255 2741 1575 2796 imitationi
1624 2742 1757 2794 data
1804 2746 1859 2794 et

133 2841 413 2907 evulgata
444 2855 475 2891 a
510 2835 793 2891 Friderico
827 2834 1094 2897 Fernero,
1143 2836 1248 2885 etc.
1314 2829 1672 2899 lngolstadii,
1706 2828 1856 2899 typis

134 2925 404 2997 Gregorii
481 2923 728 2989 Hasnlin,
787 2937 943 2974 anno
997 2919 1200 2974 Christi
1258 2933 1532 2997 lllDCXXlll.
1600 2918 1675 2971 Ex
1751 2917 1930 2970 hocC

133 2995 375 3070 auctore
407 3012 698 3083 pleraque,
736 3025 869 3079 quae
900 3005 996 3060 hic
1050 2995 1448 3067 adducuntur,
1514 3008 1861 3076 deprompta

133 3111 291 3158 sunt.
358 3103 494 3165 Quae
552 3115 619 3152 ex
692 3096 822 3150 aliis
866 3094 1121 3148 fontibus
1162 3096 1375 3148 hausta
1426 3091 1685 3154 fuerunt,
1744 3094 1861 3146 suis

135 3192 279 3247 locis
340 3189 678 3244 indicantur.
740 3183 1020 3238 Ordimur
1073 3197 1106 3234 a
1154 3178 1473 3252 Nythardo,
1539 3180 1642 3253 qui
1696 3185 1859 3233 aetate

138 3283 305 3353 prior
332 3283 433 3333 est.

207 3373 313 3424 3‘2.
345 3386 373 3417 α
408 3363 745 3436 Nythardus,
769 3378 837 3415 ex
870 3357 1051 3414 nobili
1097 3354 1433 3412 Franconiaa
1476 3358 1752 3427 prosapia
1793 3356 1861 3410 de

139 3459 451 3526 Thungen,
484 3468 613 3506 cum
661 3452 722 3505 in
778 3446 1022 3503 ecclesia
1051 3444 1367 3500 cathedrali
1415 3442 1713 3515 Herbipoli
1737 3445 1859 3514 jam

143 3547 351 3601 fuisset
397 3541 730 3612 perfunctus
801 3534 993 3591 oflicio
1056 3533 1255 3588 decani
1320 3534 1379 3584 et
1433 3532 1616 3587 modo
1667 3535 1865 3602 ageret

144 3633 413 3705 ejusdem
437 3629 681 3683 ecclesiae
710 3622 1118 3695 Praepositum,
1150 3620 1348 3675 divino
1386 3622 1649 3687 consilio,
1682 3621 1862 3674 inter-

148 3720 495 3776 cedentibus
534 3716 732 3786 utique
794 3711 890 3767 SS.
940 3709 1180 3764 Henrico
1229 3712 1288 3761 et
1321 3706 1700 3777 Cunegunde,
1732 3705 1860 3778 qui-

153 3812 262 3863 bus
295 3811 421 3860 erat
454 3804 778 3874 specialiter
816 3798 1096 3862 addictus,
1148 3792 1526 3865 amplissimae
1579 3794 1862 3866 praeposi-

154 3905 304 3951 turae
336 3910 457 3947 sua:
511 3890 826 3947 residentia
860 3888 919 3941 in
967 3883 1271 3957 postremis
1312 3881 1509 3936 habita
1558 3889 1617 3937 et
1660 3880 1865 3936 valedi-

154 3998 270 4049 cta,
310 3981 588 4036 translato
646 3976 966 4043 domicilio,
1028 3973 1408 4041 Bambergam
1462 3970 1866 4041 commigravit

158 4073 363 4141 ibique
412 4069 657 4139 primam
693 4064 943 4137 junioris
998 4062 1180 4116 instar
1210 4058 1467 4113 canonici
1499 4059 1863 4114 residentiam

1976 1685 2107 1751 fuit,
2144 1685 2358 1740 scilicet
2409 1688 2875 1742 reformationem
2914 1690 3167 1743 ecclesiae
3214 1692 3705 1764 Bambergensis,_

1976 1789 2151 1844 quam
2219 1774 2454 1828 haeresis
2507 1775 2687 1829 ferme
2760 1780 2936 1830 totam
2992 1786 3375 1847 occupaverat
3422 1787 3479 1835 et
3530 1782 3677 1836 foede

1973 1860 2478 1915 contaminaverat.
2520 1863 2657 1915 Nam
2692 1862 2752 1916 in
2805 1863 3007 1934 primis
3035 1863 3093 1917 in
3156 1866 3284 1936 ipsa
3321 1868 3462 1922 urbe
3503 1869 3675 1921 Bam-

1972 1946 2240 2017 bergensi
2299 1952 2459 2003 totus
2532 1955 2765 2004 senatus
2821 1951 3051 2017 civicus,
3120 1956 3368 2026 exceptis
3427 1956 3674 2018 duobus,

1975 2035 2358 2091 Lutheranam
2389 2041 2598 2090 sectam
2641 2054 2759 2091 non
2800 2041 2983 2093 solum
3044 2042 3503 2109 pertinacissime
3550 2046 3675 2095 tue-

1972 2123 2162 2188 batur,
2224 2126 2321 2178 sed
2357 2131 2412 2179 et
2470 2126 2776 2197 praecipuis
2808 2127 3083 2181 ditiorum
3118 2132 3469 2199 optimatum
3502 2130 3678 2185 totius

1969 2212 2398 2267 communitatis
2419 2213 2651 2278 civium,
2701 2230 2942 2268 numero
2972 2216 3203 2271 circiter
3232 2219 3672 2292 quinquaginta.

1968 2300 2426 2370 conjuraverant,
2479 2302 2625 2355 velle
2667 2318 2726 2355 se
2783 2303 2975 2371 potius
3013 2320 3144 2359 cum
3192 2307 3358 2361 bonis
3407 2307 3693 2373 omnibus

1969 2388 2326 2443 domicilium
2387 2388 2496 2443 alio
2537 2391 2872 2452 transferre,
2931 2409 3105 2464 quam
3165 2411 3368 2449 manus
3422 2397 3576 2451 dare.
3613 2396 3673 2449 In

1969 2476 2098 2530 aliis
2148 2478 2440 2549 pleri~que
2497 2477 2805 2533 dimceseos
2853 2478 3177 2536 civitatibus
3226 2489 3281 2538 et
3332 2483 3562 2554 oppidis
3606 2500 3673 2537 ne

1967 2563 2173 2617 unicus
2202 2564 2435 2635 quidem
2474 2566 2801 2621 Catholicus
2831 2568 2971 2623 civis
3005 2571 3419 2640 reperiebatur.
3456 2573 3671 2628 Nihilo-
3738 2562 3741 2565 i

1966 2651 2159 2706 minus
2213 2658 2274 2707 ut
2336 2653 2703 2723 lmperialem
2765 2654 2916 2709 hanc
2980 2659 3297 2728 ecclesiam,
3342 2667 3670 2715 sanctorum

1970 2739 2197 2794 Henrici
2239 2746 2296 2793 et
2352 2741 2719 2811 Cunegundis
2776 2744 3035 2799 nobilem
3076 2746 3273 2813 tiliam,
3326 2765 3356 2802 e
3403 2750 3669 2818 luporum

1966 2826 2225 2880 faucibus
2278 2826 2545 2897 eriperet,
2600 2834 2793 2897 pastor
2861 2831 2955 2885 hic
3017 2850 3132 2887 non
3186 2837 3376 2890 minus
3423 2838 3674 2907 prudens

1970 2930 2141 2986 quam
2166 2915 2326 2969 fortis
2358 2915 2500 2968 nihil
2536 2916 2883 2971 intentatum
2909 2921 3163 2993 reliquit.

2043 3005 2130 3058 33.
2179 3023 2206 3053 (ι
2244 3004 2323 3058 Re
2354 3003 2513 3073 prius
2570 3008 2999 3062 communicata
3037 3027 3165 3064 cum
3209 3012 3441 3066 Matthia
3472 3014 3671 3067 Roma-

1971 3107 2179 3145 norum
2212 3092 2581 3162 lmperatore,
2615 3109 2744 3146 cum
2777 3096 3084 3151 Willielmo
3119 3100 3267 3153 Duce
3316 3101 3587 3169 Bavarize,
3618 3106 3673 3154 et

1971 3195 2100 3233 cum
2131 3178 2428 3232 nonnullis
2467 3179 2595 3232 aliis
2650 3182 2987 3239 orthodoxis
3042 3187 3416 3257 Principibus,
3478 3206 3541 3242 ac
3571 3206 3672 3242 suo

1970 3267 2287 3322 cathedrali
2316 3267 2591 3336 capitulo,
2622 3269 2812 3337 primo
2846 3275 3109 3327 omnium
3146 3276 3437 3330 ministros
3468 3277 3675 3331 Praedi-

1970 3360 2188 3419 cantes,
2223 3354 2323 3424 qui
2354 3354 2545 3407 nescio
2599 3372 2849 3425 quorum
2909 3361 3295 3428 conniVe-utia,
3353 3364 3675 3434 complures

1979 3441 2417 3512 Bambergensis
2446 3442 2680 3495 ditionis
2716 3447 3018 3514 parochias
3073 3457 3508 3519 occupaverant,
3564 3453 3674 3519 eje-

1972 3532 2070 3586 cit.
2109 3531 2325 3585 Deinde
2376 3536 2719 3600 potestatem
2777 3537 3036 3590 exercuit
3063 3547 3261 3591 contra
3291 3539 3674 3593 ludimodera-

1972 3626 2146 3685 tores,
2180 3618 2281 3688 qui
2313 3618 2395 3671 uti
2428 3618 2484 3671 iu
2514 3619 2812 3689 plerisque
2837 3623 3165 3678 civitatibus
3195 3632 3250 3678 et
3302 3627 3531 3697 oppidis
3563 3627 3675 3679 ha:-

1973 3707 2085 3761 resi
2117 3712 2279 3760 erant
2305 3706 2521 3773 infecti,
2565 3707 2645 3760 ita
2692 3714 2750 3760 et
2794 3710 3039 3766 haereses
3070 3713 3263 3781 pueris
3296 3714 3668 3776 instillabant.

1971 3812 2088 3868 qua
2153 3794 2385 3849 Lutheri
2468 3794 2881 3851 catechismum
2964 3800 3078 3853 illis
3136 3801 3497 3869 inculcanda,
3560 3819 3673 3873 qua

1971 3882 2350 3940 cantiunculis
2424 3882 2495 3936 ab
2579 3883 2816 3937 ecclesia
2898 3888 3185 3941 Catholica
3272 3890 3493 3959 rejectis
3576 3907 3673 3944 eos

1975 3971 2366 4041 depravando,
2420 3974 2476 4024 et
2522 3970 2651 4024 aliis
2702 3972 3053 4028 millemodis
3100 3991 3373 4044 perversa
3404 3978 3681 4046 dogmata

1976 4060 2312 4116 inserendo.
2380 4060 2491 4113 Hos
2557 4058 2736 4129 igitur
2810 4068 3084 4134 tanquam
3142 4063 3398 4118 exitiales
3452 4066 3673 4121 ﬂorida

162 4158 516 4228 auspicatus,
570 4171 684 4209 uno
734 4152 1161 4223 propemodum
1193 4147 1510 4217 eodemque
1557 4162 1726 4208 anno,
1760 4147 1865 4201 de—
1897 4195 1939 4248 Β
1974 4147 2292 4221 juventutis
2329 4152 2696 4217 corruptores
2724 4151 2960 4217 amovit,
2988 4150 3172 4221 iisque
3188 4151 3509 4207 Catholicos
3532 4154 3673 4208 sub-

160 4263 336 4302 curso
382 4244 732 4309 residentiae,
799 4240 955 4311 quod
1001 4242 1223 4303 vocant,
1270 4234 1559 4302 tirocinio,
1618 4235 1865 4305 capitulo

163 4336 605 4397 annumeratus,
653 4326 996 4384 cathedralis
1032 4325 1286 4379 ecclesias
1337 4323 1585 4377 decanus
1638 4322 1867 4386 electus,

165 4425 285 4478 xita
326 4422 524 4476 functo
580 4421 815 4473 Ernesto
862 4416 1136 4481 Prassule,
1170 4410 1435 4467 unanimi
1485 4411 1870 4481 concapitula-

170 4512 325 4565 rium
362 4508 726 4563 dominorum
749 4502 1217 4571 consensu,[sine
1262 4498 1559 4563 scrutinio,
1598 4515 1703 4568 per
1754 4499 1875 4568 Spi-

168 4600 320 4655 ritus
348 4597 403 4652 S.
437 4595 902 4666 inspirationem,
935 4589 1090 4645 omni
1122 4588 1341 4661 populo
1368 4604 1401 4642 a
1427 4601 1652 4639 summo
1694 4602 1875 4656 usque

172 4688 243 4741 ad
290 4684 603 4741 minimum
651 4682 957 4753 jubilante,
1016 4678 1317 4750 episcopus
1369 4675 1582 4729 electus
1622 4674 1731 4728 fuit
1784 4689 1875 4730 xxv

173 4774 451 4830 Novemb.
480 4787 673 4826 annuo
702 4786 884 4825 noxa.

246 4866 340 4919 33.
367 4881 396 4913 α
431 4862 514 4925 Et,
546 4859 703 4931 quod
736 4859 947 4912 mirum
994 4855 1120 4909 visu
1176 4858 1346 4924 atque
1376 4850 1595 4918 auditu,
1640 4851 1710 4905 ad
1770 4850 1876 4904 hoc

178 4964 480 5005 summum
511 4948 834 5001 animarum
868 4944 1130 5014 regimen
1179 4946 1240 4995 ut
1271 4958 1331 4995 se
1361 4939 1470 4993 rite
1528 4938 1872 5009 disponeret,

178 5036 617 5111 quamprimum
670 5035 1044 5102 Bambergam
1103 5029 1365 5091 accessit,
1428 5032 1645 5082 mutato
1699 5028 1877 5082 veteri

180 5126 595 5181 canonicorum
660 5122 850 5177 minus
902 5120 1135 5174 decente
1177 5117 1398 5182 habitu,
1460 5119 1516 5168 et
1550 5115 1707 5168 omni
1760 5115 1875 5185 pri-

182 5215 334 5269 stina
364 5212 792 5267 conversatione
822 5208 1052 5280 penitus
1080 5206 1359 5268 abdicata,
1420 5204 1499 5257 sic
1555 5220 1585 5257 a
1637 5220 1697 5257 se
1750 5202 1877 5273 ipso

183 5303 401 5358 distare
450 5301 640 5372 cmpit,
700 5304 783 5365 ut,
842 5296 1100 5351 omnium
1156 5310 1397 5349 censura
1426 5298 1482 5346 et
1526 5291 1764 5363 judicio,
1822 5292 1878 5346 in

187 5392 368 5446 alium
399 5390 712 5454 hominem,
743 5386 843 5458 qui
871 5384 1184 5439 secundum
1210 5384 1389 5437 Deum
1421 5385 1663 5447 creatus,
1695 5384 1880 5435 trans-

190 5481 341 5534 latus
372 5493 512 5542 esse,
568 5476 812 5542 ideoque
867 5472 1182 5527 cmlestium
1248 5470 1553 5533 donorum,
1613 5483 1738 5538 qua
1782 5468 1878 5522 de-

1983 4235 2223 4307 rogavit.
2282 4236 2527 4290 Ulterius
2560 4234 2765 4290 deinde
2814 4253 3168 4307 progressus,
3200 4241 3495 4309 praafectos
3548 4258 3669 4295 om-

1980 4341 2102 4391 nes,
2190 4328 2504 4394 quaestores
2583 4339 2802 4389 omnes,
2852 4325 3075 4395 judices
3132 4328 3387 4381 locorum
3453 4344 3670 4394 omnes,

1980 4414 2245 4466 scultetos
2297 4428 2516 4476 omnes,
2566 4413 2829 4466 consules
2858 4419 2915 4467 et
2960 4414 3165 4468 civicos
3204 4422 3496 4470 senatores
3551 4434 3673 4471 om-

1984 4516 2105 4564 nes,
2159 4499 2258 4569 qui
2312 4499 2620 4553 Catholicaa
2660 4499 2931 4569 religiOni
2986 4516 3193 4555 manus
3250 4504 3386 4557 dare
3436 4509 3494 4557 et
3549 4521 3673 4558 eam

1983 4586 2239 4659 proﬁteri
2290 4587 2630 4654 abnuerent,
2664 4586 2786 4642 loco
2814 4588 3009 4653 movit,
3045 4595 3102 4643 et
3131 4590 3270 4643 alios
3299 4607 3502 4645 eorum
3558 4593 3676 4647 vice

1983 4676 2289 4731 substituit.

2060 4767 2144 4820 36.
2184 4788 2207 4813 (ι
2244 4766 2357 4819 Hoc
2383 4762 2561 4816 veluti
2602 4751 2881 4833 praeludio
2910 4764 3083 4819 totius
3115 4766 3388 4821 dramatis
3418 4769 3673 4837 praemis—

1985 4868 2065 4917 so,
2094 4849 2523 4904 conversionem
2580 4848 2762 4918 ipsam
2794 4850 3150 4904 subditorum
3200 4852 3437 4921 provide
3492 4854 3679 4924 auspi~

1985 4943 2141 4992 catus
2167 4937 2293 5003 fuit,
2319 4942 2394 5002 et,
2443 4936 2595 4989 inter
2615 4935 2948 4990 innumeras
2977 4938 3374 4993 libertinorum
3391 4941 3674 5008 querelas,

1986 5023 2488 5091 contradictiones,
2533 5023 2749 5092 turbas,
2830 5024 3157 5091 seditiones,
3229 5025 3673 5081 acatholicorum

1986 5113 2314 5187 principum
2385 5111 2863 5166 comminationes
2933 5118 2990 5166 et
3064 5114 3507 5183 persecutiones,
3576 5133 3679 5188 per

1987 5203 2182 5274 plures
2261 5216 2446 5254 annos
2474 5200 2701 5254 fortiter
2730 5205 3065 5270 prosecutus
3122 5200 3250 5255 fuit.
3304 5202 3370 5255 Et
3419 5218 3550 5258 cum
3605 5206 3678 5259 ad

1989 5289 2206 5361 grande
2254 5288 2363 5342 hoc
2410 5288 2684 5342 molimen
2738 5287 2935 5356 magni
3000 5293 3261 5357 sumptus
3312 5290 3677 5361 requireren-

1988 5382 2102 5444 tur,
2143 5393 2216 5431 ne
2267 5392 2472 5430 nervus
2503 5376 2585 5429 rei
2614 5376 2759 5431 bene
2790 5375 3058 5445 gerendas
3090 5376 3332 5445 deesset,
3387 5378 3679 5450 impensas

1991 5466 2140 5521 circa
2192 5480 2355 5519 suam
2413 5480 2737 5535 personam,
2824 5480 2950 5518 raro
2996 5466 3279 5536 exemplo,
3331 5466 3677 5538 ubicumque
