4058 6216
410 218 503 273 li?
1711 223 1763 275 S.
1813 220 2100 276 ilENlthl
2137 219 2618 277 IMPERATOIUS
3827 229 3911 281 HS

402 348 651 416 poterat,
682 341 1050 401 constrinxit.
1088 341 1421 399 Aulicorum
1490 342 1841 398 famulorum
1891 357 2099 396 nume-
2133 343 2180 395 Α
2216 339 2434 394 dralem
2466 340 2767 395 ecclesiam
2813 345 3158 412 spectantes,
3202 358 3358 398 aurae
3389 344 3706 414 captandas
3736 362 3913 409 causa,

404 451 534 488 rum
575 433 645 489 a'l
674 438 894 488 tantam
949 432 1169 504 redegit
1222 433 1593 503 paucitatem,
1648 437 1711 485 ut
1757 430 1844 485 vix
1874 431 2110 503 Imperii

408 522 687 594 Principis
729 522 1069 592 dignitatem
1123 522 1273 576 tueri
1342 521 1647 576 videretur.
1712 520 1939 574 Fastum
1986 536 2108 573 om-

407 628 541 666 nem
573 616 630 665 et
656 627 933 682 pompam
981 610 1306 681 respuebat,
1358 614 1416 663 et
1473 608 1762 663 victitabat
1797 613 1955 662 tanta
1982 608 2107 663 fru-

408 702 664 773 galitate,
695 700 964 770 privatim
995 699 1281 771 principiis
1311 715 1442 753 cum
1498 698 1806 768 pranderet
1867 704 1969 753 aut
1995 714 2107 754 coe-

410 794 598 858 naret,
658 794 743 858 ut,
776 788 984 843 .tribus
1039 787 1109 842 ad
1140 803 1432 841 summum
1495 787 1725 841 ferculis
1781 787 2110 857 vulgaribus

415 881 743 945 contentus,
791 876 1124 945 religiosum
1201 874 1398 943 potius
1463 874 1525 928 in
1599 875 1865 941 claustro,
1933 890 2108 945 quam

415 967 760 1036 Episcopum
793 970 850 1017 et
890 962 1212 1032 Principem
1270 962 1328 1016 in
1373 962 1590 1032 palatio
1652 967 2108 1033 reprmsentaret.

486 1056 572 1106 37.
613 1072 639 1102 ‹‹
694 1052 936 1105 Econtra
985 1050 1083 1103 ubi
1136 1049 1364 1103 divinus
1395 1052 1601 1115 cultus,
1637 1056 1736 1105 aut
1783 1049 2110 1104 animarum

412 1139 669 1207 reductio
698 1139 991 1209 agebatur,
1024 1140 1217 1208 inullis
1272 1142 1542 1210 parcebat
1587 1139 1881 1211 impensis.
1922 1138 2012 1193 Sic
2041 1138 2111 1193 ad

416 1228 781 1282 excitandum
812 1233 868 1280 et
919 1228 1373 1298 promovendum
1402 1229 1474 1297 lin
1515 1229 1819 1299 juventute
1848 1226 2112 1282 ardorem

414 1315 775 1371 addiscendie
830 1316 1107 1370 doctrinae
1163 1317 1519 1382 Christianae,
1592 1315 1651 1369 in
1695 1316 1817 1369 sola
1897 1331 2111 1369 munu-

416 1406 574 1459 scula
640 1404 1004 1468 catechetica,
1062 1405 1274 1459 scilicet
1329 1404 1738 1458 caterhisuium
1772 1401 2000 1469 Canisii,
2057 1408 2115 1456 et

418 1492 673 1561 ejusdem
721 1491 947 1546 libellos
979 1494 1048 1547 de
1080 1493 1499 1562 prteparatione
1526 1492 1590 1545 ad
1615 1492 2025 1544 confessionem
2058 1495 2116 1544 et

419 1579 912 1639 communionem.
944 1580 1341 1648 precationum
1368 1576 1666 1645 formulas,
1708 1578 1946 1643 rosaria,
1968 1578 2111 1632 ima-

423 1666 585 1737 gines
615 1672 672 1722 et
700 1667 811 1721 alia
854 1666 1141 1738 ejusmodi
1187 1666 1494 1719 coemenda
1526 1667 1819 1735 ingentem
1852 1666 2113 1737 pecuniae

427 1756 540 1811 vim
562 1773 627 1812 ex
647 1757 879 1827 proprio
909 1757 1131 1827 peculio
1152 1755 1427 1826 profudit.
1478 1755 1615 1809 Sum
1648 1756 1906 1809 oculatus
1933 1754 2116 1820 testis,

428 1848 542 1901 imo
573 1851 628 1899 et
647 1852 983 1915 cooperator
1002 1845 1211 1911 exstiti,
1242 1844 1473 1914 quando
1505 1858 1620 1896 una
1659 1844 1780 1897 vice
1810 1842 1921 1897 tria
1950 1844 2118 1897 flore-

426 1951 632 1999 uormn
666 1934 846 1988 millia
870 1934 928 1987 in
958 1934 1112 1987 hunc
1143 1935 1317 1987 linem
1349 1937 1665 2000 Augustam
1697 1931 2024 1995 destinavit,
2060 1937 2122 1985 ut

424 2021 577 2075 aliud
627 2021 768 2076 nihil
803 2037 977 2093 quam
1008 2038 1167 2075 sacra
1196 2021 1481 2091 ejusmodi
1516 2024 1785 2085 amuleta,
1816 2026 1874 2073 et
1910 2020 2119 2073 excita-

425 2109 570 2163 toria
623 2126 938 2179 puerorum
1011 2110 1370 2180 apophoreta
1433 2113 1924 2178 compararentur.
1981 2108 2118 2172 Quae

424 2214 553 2252 cum
579 2199 956 2268 appulissent,
987 2199 1179 2252 omnia
1205 2197 1356 2251 intra
1384 2198 1556 2252 unius
1585 2197 1958 2251 hebdomadas
1987 2213 2119 2267 spa-

426 2286 593 2350 tium,
621 2302 727 2357 per
758 2302 959 2340 omnes
988 2287 1162 2357 hujus
1193 2287 1445 2340 ecclesim
1478 2286 1794 2356 parochias,
1846 2284 2120 2339 admoni-

424 2374 584 2428 toriis
615 2374 900 2445 adjunctis
929 2374 1153 2441 litteris,
1185 2374 1581 2429 liberalissime
1620 2373 1905 2444 dispersit.

497 2466 582 2519 38.
621 2485 649 2512 ι(
702 2464 829 2518 Non
874 2464 1111 2518 deerant
1140 2479 1171 2517 e
1209 2462 1471 2533 pecuniae
1524 2461 1987 2527 fceneratoribus,
2020 2460 2121 2532 qui

425 2550 826 2621 oggannirent,
882 2551 1217 2606 immodicas
1272 2549 1517 2604 nimium
1548 2566 1822 2620 expensas
1851 2549 1912 2603 in
1945 2549 2122 2604 refor-

427 2641 745 2695 mationem
777 2640 1083 2695 dimceseos
1112 2639 1363 2711 erogari,
1397 2639 1649 2711 quando,
1681 2654 1811 2692 cum
1859 2642 2122 2709 tempore

429 2728 613 2799 magis
657 2734 1003 2800 opportuno,
1036 2729 1233 2783 omnia
1267 2727 1487 2783 minore
1516 2732 1749 2797 sumptu
1778 2726 2123 2796 perficienda

429 2818 717 2884 venirent;
777 2817 987 2887 quibus
1015 2816 1110 2871 ille
1142 2816 1300 2871 dedit
1336 2832 1679 2887 responsum
1709 2814 1971 2886 Principe
2029 2831 2121 2869 ec-

430 2898 712 2959 clesiatico
748 2906 990 2977 dignum
1022 2921 1035 2959 :
1086 2925 1121 2960 α
1168 2905 1429 2960 Ecclesiae
1473 2921 1617 2960 meae
1648 2905 1799 2958 bona
1836 2909 2128 2974 tempora-

432 3009 465 3042 (ι
500 2992 596 3059 lia,
645 2993 964 3064 inquiebat,
1005 2994 1204 3048 utilius
1242 3009 1560 3063 numquam
1615 2992 2121 3061 dispensabuntur,

436 3104 467 3131 ι
503 3098 678 3153 quam
720 3081 769 3135 si
815 3082 886 3137 ad
933 3081 1333 3151 ampliandam
1373 3081 1474 3136 Dei
1521 3080 1786 3149 gloriam,
1816 3085 1874 3134 et
1892 3079 2122 3133 anima-

433 3191 462 3221 «
503 3187 630 3225 rum
676 3171 922 3225 salutem
969 3170 1423 3241 promovendam
1473 3175 1645 3240 atque
1684 3168 2120 3239 propagandam

434 3280 462 3307 κ
502 3259 887 3313 insumantur.
930 3259 1112 3322 Quem
1156 3259 1312 3312 enim
1342 3258 1520 3311 alium
1551 3257 1613 3311 in
1646 3257 1821 3310 tinem
1852 3257 1909 3311 S.
1944 3257 2121 3311 Hein-

434 3370 456 3397 4
503 3347 653 3401 ricus
726 3346 1022 3400 ecclesiam
1081 3362 1243 3400 suam
1284 3350 1581 3416 tantopere
1634 3344 2036 3415 locupletavit?
2096 3366 2119 3394 ι

434 3435 709 3491 Pastorali
759 3434 866 3489 hac
916 3434 1211 3506 vigilantia
1245 3439 1302 3489 et
1332 3433 1695 3500 liberalitate,
1738 3447 1981 3486 necnon
2033 3432 2122 3486 la-

436 3526 638 3579 borum
667 3528 723 3577 et
752 3522 1277 3578 contradictionum
1304 3522 1516 3577 invicta
1544 3521 1875 3590 tolerantia,
1918 3521 2125 3575 lauda-

431 3612 683 3668 tissimus
710 3611 804 3666 hic
833 3612 1043 3666 Prassul
1088 3618 1317 3666 tantum
1348 3611 1557 3677 effecit,
1588 3615 1653 3665 ut
1706 3609 1858 3664 intra
1888 3614 2122 3679 septen-

432 3702 615 3769 nium,
673 3702 939 3756 haeretica
997 3702 1116 3755 lues
1156 3717 1221 3755 ex
1283 3705 1400 3755 tota
1449 3700 1630 3754 ferme
1661 3696 1890 3753 diascesi
1956 3696 2128 3751 fuerit

433 3790 755 3862 proﬂigata,
782 3795 839 3844 et
867 3789 1184 3845 orthodoxa
1224 3789 1365 3844 tides
1394 3788 1453 3843 in
1485 3804 1610 3842 eam
1657 3787 1920 3853 reducta;
1962 3791 2019 3840 et
2048 3785 2127 3840 sic

433 3880 613 3935 multa
660 3878 842 3933 millia
904 3878 1207 3934 hominum
1283 3893 1401 3932 non
1450 3879 1634 3931 solum
1725 3882 1863 3932 tunc
1938 3874 2127 3928 viven-

431 3969 597 4032 tium,
634 3967 729 4022 sed
784 3967 958 4023 etiam
1009 3971 1389 4039 posterorum,
1431 3965 1502 4019 ab
1553 3964 1790 4019 interitu
1843 3962 2127 4018 vindicata

434 4058 566 4111 sint.

504 4148 590 4199 39.
649 4164 676 4195 α
727 4143 835 4207 Qui
882 4142 1147 4197 Prsesulis
1194 4142 1352 4194 zelus
1407 4155 1580 4210 quam
1631 4144 1895 4209 acceptus
1945 4138 2125 4192 fuerit

434 4233 487 4286 8.
559 4230 844 4295 Hcinrico,
930 4236 987 4283 et
1034 4228 1185 4297 apud
1261 4228 1440 4281 Deum
1526 4226 1741 4295 meriti,
1818 4226 2009 4296 colligi
2057 4242 2125 4279 ex

435 4336 503 4373 eo
560 4323 752 4388 potest
803 4318 959 4386 quod
1017 4317 1260 4370 ccelestis
1295 4314 1707 4370 Paterfamilias
1758 4314 1933 4369 fidem
1974 4315 2126 4369 hunc

438 4407 496 4461 in
526 4407 691 4461 vinea
722 4406 952 4459 Domini
983 4404 1336 4474 operarium,
1366 4404 1473 4458 sub
1512 4404 1643 4457 vita:
1665 4418 1984 4473 vesperam,
2024 4419 2126 4471 per

437 4496 748 4566 ipsummet
795 4494 847 4548 S.
912 4495 1346 4564 Imperatorem,
1418 4492 1656 4562 ejusque
1711 4490 2125 4546 sanctissimam

436 4584 762 4655 cunjugem,
801 4582 872 4637 ad
905 4582 1225 4636 mercedem
1265 4590 1542 4635 aeternam
1573 4586 1691 4634 tam
1722 4580 1938 4650 egregii
1969 4580 2127 4635 labo-

436 4672 515 4726 ris
544 4670 953 4742 recipiendam,
1001 4670 1190 4725 favore
1257 4668 1709 4723 extraordinario
1761 4684 1963 4721 voeare
2039 4668 2126 4722 di-

436 4763 648 4831 gnatus
692 4758 884 4812 fuerit.
946 4759 1087 4812 item
1153 4757 1320 4811 istam
1369 4756 1799 4811 memorabilem
1844 4755 2128 4810 Fornerus

433 4864 569 4920 pag.
636 4850 756 4913 ΗΟ,
811 4846 997 4901 verbis
1035 4846 1404 4917 sequentibus
1434 4845 1649 4900 refert:
1706 4845 1849 4900 Rem
1889 4859 2127 4915 prorsus

435 4935 802 5007 stupendam,
834 4934 1040 5006 inquit,
1079 4933 1423 4987 virissimam
1444 4938 1635 4987 tamen
1656 4932 1821 4987 vobis
1846 4932 2124 4998 referam;

436 5026 587 5080 unde
634 5023 878 5097 liquebit
946 5022 1075 5095 quis
1134 5021 1188 5077 ci
1265 5022 1665 5076 imminentem
1723 5036 1791 5075 ex
1866 5020 1971 5075 hac
2014 5022 2129 5076 vita

436 5112 741 5183 transitum
798 5110 1162 5167 vaticinando
1216 5109 1569 5181 signiﬁcarit.
1622 5112 1787 5163 Anno
1866 5125 2128 5177 unxcvm,

439 5202 538 5273 qui
588 5201 642 5255 ei
697 5202 883 5257 fatalis
938 5200 1063 5266 fuit,
1113 5215 1266 5266 cum,
1323 5199 1385 5253 in
1432 5196 1733 5253 festivitate
1784 5199 1839 5254 S.
1882 5198 2131 5253 Heinrici

439 5290 829 5360 Imperatoris,
883 5306 1054 5345 mane
1106 5287 1425 5361 pontificali
1481 5286 1594 5340 ritu
1657 5286 1831 5340 sacris
1860 5293 2132 5357 operatus

440 5385 608 5445 esset,
668 5396 699 5433 a
749 5379 996 5450 prandio
1038 5379 1215 5434 vitam
1253 5376 1514 5448 ejusdem
1552 5374 1765 5442 Sancti,
1818 5375 2019 5431 sedens
2071 5376 2132 5432 in

442 5468 692 5524 oratorio
721 5483 848 5533 suo,
901 5466 1210 5533 lectitabat,
1259 5468 1535 5522 fenestras
1590 5483 1619 5517 e
1678 5463 1907 5533 regione
1936 5465 2130 5519 cathe-

2220 435 2447 500 apertas
2483 428 2733 483 habens.
2797 430 3049 501 Contigit
3094 429 3247 486 inter
3295 433 3614 503 legendum
3650 439 3714 489 ut
3742 435 3917 492 adver-

2219 533 2346 571 sum
2379 518 2722 588 campauile,
2748 517 2847 572 ubi
2875 519 3210 587 grandiores
3239 520 3295 575 S.
3346 521 3609 576 Heinrici
3639 528 3698 576 et
3727 524 3777 578 S.
3812 526 3913 579 Cu-

2220 606 2504 676 negundis
2564 607 3186 677 campanaspeudent,
3248 611 3637 681 perspiceret,
3713 612 3914 684 ibique,

2220 694 2617 764 superioribus
2674 713 2704 747 e
2757 696 3040 760 fenestris,
3099 697 3156 751 8.
3220 697 3473 751 Heinrici
3500 704 3563 753 et
3620 699 3678 754 S.
3743 702 3907 754 Cunc-

2219 781 2430 851 gundis
2462 781 2746 853 imperiali
2797 785 2993 837 llillotlu
3051 790 3220 855 atque
3269 801 3508 852 corona,
3554 785 3645 839 uti
3674 786 3912 857 pingun-

2218 876 2335 939 tur,
2384 872 2689 925 simulacra
2743 871 3024 927 immensa
3076 873 3200 927 luce
3259 873 3653 937 coruscantia,
3714 880 3768 929 et
3799 894 3913 930 san-

2220 964 2372 1012 ctum
2410 959 2641 1031 quidem
2675 960 3000 1016 Heinricum
3057 976 3236 1016 manu
3266 961 3376 1018 sibi
3415 968 3782 1019 annuentem
3807 982 3917 1020 cer-

2222 1053 2399 1101 neret.

2292 1135 2380 1189 40.
2419 1157 2446 1185 ί(
2478 1135 2629 1190 Visio
2669 1135 2780 1190 ista
2838 1136 3137 1192 horrorem
3197 1137 3388 1209 primo
3445 1138 3701 1193 incussit
3755 1142 3917 1195 ωειιί-

2224 1239 2415 1289 mum;
2460 1240 2632 1294 quem
2665 1230 2879 1291 tamen,
2935 1224 3034 1279 ubi
3060 1242 3119 1280 se
3167 1228 3472 1296 paululum
3509 1229 3828 1299 collegisset
3867 1236 3917 1285 et

2224 1314 2431 1367 sanctis
2462 1313 2575 1368 illis
2625 1314 2882 1368 Patronis
2909 1314 3173 1368 obnixius
3201 1316 3698 1382 commendasset,
3734 1334 3912 1389 super-

2224 1403 2461 1456 veniens
2491 1403 2736 1456 interius
2776 1402 2985 1456 mentis
3032 1404 3212 1458 affusa
3245 1406 3571 1459 consolatio
3600 1405 3728 1459 sine
3772 1423 3915 1461 mora

2224 1490 2834 1561 expulitetabstersit.
2897 1491 2965 1545 Ut
2991 1494 3182 1544 autem
3225 1491 3307 1545 rei
3338 1491 3650 1544 veritatem
3704 1489 3914 1561 penitus

2226 1579 2527 1650 iudagaret
2556 1596 2620 1634 ac
2669 1580 2880 1633 certius
2910 1585 3299 1649 cognosceret,
3355 1595 3472 1633 una
3527 1595 3667 1633 cum
3722 1578 3914 1633 redimo

2231 1667 2648 1722 cubicularium
2685 1684 2887 1737 unum,
2942 1674 3071 1738 post
3117 1667 3365 1722 alterum
3422 1684 3491 1722 eo
3527 1666 3816 1733 submisit,
3862 1671 3919 1719 ut

2231 1756 2500 1826 quisnam
2530 1755 2591 1810 in
2632 1756 2778 1811 turri
2829 1762 2977 1810 esset
3005 1761 3065 1812 et
3109 1756 3219 1827 ipsi
3247 1761 3688 1828 cognoscerent.
3745 1759 3814 1809 At
3846 1753 3919 1808 illi

2231 1843 2464 1915 quidem
2499 1845 2787 1899 neminem
2820 1844 3051 1915 penitus
3077 1845 3231 1900 ibise
3262 1845 3468 1900 vidisse
3498 1844 3915 1908 renuntiarunt,

2229 1948 2362 1987 cum
2418 1932 2615 1987 omnia
2674 1935 3144 2004 perlustrassent;
3202 1933 3344 1988 visio
3393 1939 3596 1988 tamen
3657 1933 3757 1987 illa
3800 1948 3919 2003 per-

2233 2021 2467 2087 mansit,
2501 2021 2609 2076 illis
2640 2022 3041 2093 prwsentihus,
3088 2022 3308 2076 tametsi
3341 2022 3486 2076 nihil
3522 2021 3753 2093 uspiam
3785 2036 3919 2091 pra:-

2230 2113 2320 2164 ter
2370 2110 2668 2164 horrorem
2721 2110 3029 2181 quemdam
3078 2110 3374 2164 insolitum
3427 2109 3917 2180 persentiscerent,

2232 2214 2338 2253 nec
2361 2198 2497 2269 quid
2531 2198 2639 2253 sibi
2670 2199 2969 2269 episcopus
3026 2199 3215 2265 vellet,
3257 2199 3676 2270 intelligerent.
3705 2198 3769 2252 Et
3797 2212 3911 2250 cum

2234 2303 2293 2341 se
2320 2287 2491 2342 tertio
2515 2286 2856 2341 ostendisset
2885 2288 3085 2341 eadem
3112 2287 3423 2358 apparitio,
3476 2288 3716 2341 tandem
3746 2284 3914 2339 omni-

2236 2391 2311 2429 no
2341 2374 2645 2445 disparuit.
2678 2375 2932 2448 tlontigit
2955 2376 3174 2447 vesperi
3207 2381 3265 2429 ut
3294 2391 3423 2430 cum
3455 2375 3608 2447 ipso,
3650 2375 3721 2429 de
3752 2388 3915 2435 more,

2236 2479 2339 2533 per
2400 2464 2631 2518 hortum
2688 2464 3061 2530 ambulando,
3111 2465 3420 2518 matutinas
3483 2480 3623 2518 cum
3671 2461 3918 2517 laudibus

2234 2566 2431 2623 preces
2477 2556 2608 2604 aute
2661 2566 2884 2605 cumam
2932 2554 3345 2623 persolverem;
3379 2552 3595 2623 quibus
3634 2551 3708 2605 ad
3759 2550 3916 2603 ﬁnem

2234 2637 2508 2702 decursis,
2535 2638 2720 2691 verbis
2751 2639 2904 2693 hisce
2961 2655 3051 2693 me
3081 2640 3361 2693 allocutus
3392 2646 3476 2692 est
3527 2655 3543 2692 :
3576 2637 3824 2702 Quaestio
3846 2639 3919 2688 est

2234 2726 2304 2779 ad
2332 2732 2409 2790 te,
2442 2726 2644 2779 doctor
2675 2727 2920 2781 Fornere
2948 2743 2962 2780 :
2995 2726 3041 2780 si
3070 2727 3261 2781 Sancti
3291 2728 3543 2798 cuipiam
3594 2727 3916 2799 appareant.

2233 2818 2290 2868 et
2312 2815 2574 2869 manibus
2608 2815 2769 2885 quasi
2797 2816 3109 2870 annuendo
3133 2816 3206 2871 ad
3227 2833 3286 2870 se
3318 2821 3541 2880 vocent,
3567 2815 3714 2887 quid
3751 2812 3914 2883 signi-

2163 2904 2202 2957 C
2243 2903 2412 2957 ticare
2460 2903 2783 2957 existimas?
2816 2903 3111 2974 Optimum
3167 2921 3359 2974 omen,
3392 2906 3754 2975 inquiebam,
3810 2916 3916 2955 esse

2233 2992 2378 3046 duco
2423 3008 2435 3045 :
2490 2991 2722 3062 signum
2778 2997 2860 3046 est
2917 2992 3150 3047 Sanctos
3186 3009 3340 3060 eum,
3401 3010 3577 3064 quem
3620 2994 3836 3051 vocant,
3866 2988 3917 3041 in

2234 3095 2402 3133 suum
2433 3080 2782 3133 consortium
2810 3080 2969 3138 brevi
3008 3081 3397 3150 adoptaturus.
3456 3083 3522 3136 Et
3577 3082 3636 3137 id
3668 3080 3917 3148 colligam

2235 3172 2323 3220 est
2358 3184 2425 3222 ex
2475 3167 2643 3221 variis
2673 3167 3133 3238 apparitionibus
3162 3169 3523 3235 Sanctorum,
3572 3185 3716 3241 quas
3765 3165 3915 3220 refert

2233 3255 2288 3311 S.
2321 3256 2627 3326 Gregorius
2661 3256 2896 3326 Magnus
2921 3257 2981 3311 in
3014 3256 3170 3311 libris
3213 3258 3611 3328 Dialogorum.
3658 3255 3745 3311 Sic
3776 3251 3911 3309 Ursi-

2235 3361 2311 3398 no
2356 3346 2689 3416 presbytero
2738 3352 3135 3417 apparuerunt
3188 3345 3282 3401 SS.
3338 3347 3597 3416 Apostoli
3624 3347 3821 3400 Petrus
3865 3344 3913 3392 et

2237 3434 2462 3496 Paulus.
2497 3440 2555 3487 et
2584 3449 2715 3488 eum
2746 3434 2814 3488 ad
2838 3435 3087 3488 caelestia
3110 3439 3434 3489 evocarunt.

2304 3522 2392 3576 41.
2434 3544 2455 3570 ι
2509 3521 2600 3577 Sic
2650 3522 2834 3576 Probo
2892 3523 3163 3593 episcopo
3223 3522 3465 3578 Reatino
3494 3523 3551 3578 S.
3614 3515 3909 3580 Iuvenalis,

2234 3609 2289 3664 S.
2326 3610 2682 3664 Eleutherius
2711 3611 2983 3682 Martyres
3012 3612 3205 3665 obitus
3231 3611 3385 3666 diem
3441 3609 3907 3682 prmnuntiarunt.

2235 3698 2324 3753 Sic
2353 3698 2650 3769 Arnulpho
2678 3698 3077 3754 Suessionensi
3122 3700 3394 3769 episcopo
3422 3700 3479 3755 S.
3542 3697 3773 3756 Michael
3822 3698 3911 3749 Ar-

2237 3786 2549 3857 changelus
2578 3786 2769 3842 obitus
2801 3787 2953 3842 diem
3011 3788 3293 3858 predixit.
3326 3787 3415 3843 Sic
3460 3781 3907 3851 Aredium,refe-

2239 3880 2399 3930 rente
2438 3875 2498 3931 S.
2552 3876 2828 3945 Gregorio
2892 3876 3230 3942 Turonensi,
3285 3876 3340 3930 8.
3400 3876 3678 3930 Martinus
3730 3878 3785 3926 et
3825 3866 3910 3921 alii

2238 3970 2578 4035 apparentes
2607 3964 2677 4019 ad
2710 3964 2921 4033 gaudia
2952 3965 3251 4019 Beatorum
3281 3964 3619 4018 invitaruut.
3668 3964 3758 4018 Has
3786 3964 3910 4011 tunc

2237 4053 2514 4122 temporis
2557 4053 2810 4107 historia!
2865 4052 3005 4107 mihi
3062 4053 3458 4107 occurrebant.
3504 4052 3590 4107 Ad
3623 4066 3751 4123 quas
3790 4045 3905 4100 ille:

2239 4138 2409 4193 Recte
2434 4139 2722 4210 judicasti.
2763 4142 2953 4195 Dicam
2999 4141 3104 4195 tibi
3131 4142 3272 4213 quid
3323 4146 3456 4195 ante
3485 4142 3710 4212 aliquot
3742 4139 3905 4193 horas,

2236 4227 2523 4281 hodierno
2581 4228 2901 4283 etiamnum
2953 4229 3063 4294 die,
3118 4229 3262 4285 mihi
3300 4229 3647 4300 contigerit:
3693 4228 3756 4282 Et
3798 4235 3899 4276 rem

2239 4330 2498 4382 omnem,
2533 4316 2615 4370 uti
2644 4316 2763 4385 jam
2796 4317 3210 4384 recensuimus,
3242 4334 3345 4389 per
3383 4319 3650 4373 ordinem
3681 4324 3903 4385 expone-

2237 4402 2352 4457 bat.
2382 4404 2446 4458 Et
2480 4403 2957 4475 interpretatione
2988 4406 3220 4461 visionis
3241 4407 3311 4461 de
3343 4406 3577 4460 instanti
3618 4408 3795 4461 morte
3821 4411 3907 4452 sua

2238 4493 2558 4547 luculenter
2613 4495 2914 4565 explicata,
2956 4496 3188 4551 tandem
3238 4496 3484 4567 ipsemet
3520 4488 3904 4566 subjungebal!

2239 4582 2418 4637 Audio
2449 4581 2697 4637 similem
2721 4584 2997 4639 visionem
3057 4584 3308 4638 oblatam
3363 4582 3707 4639 antecessori
3738 4589 3905 4651 quon-

2237 4671 2368 4726 dam
2428 4687 2574 4734 meo,
2626 4673 2902 4743 Wigando
2975 4672 3250 4727 Redwitio
3311 4673 3444 4742 (fuit
3517 4672 3567 4727 is
3623 4671 3908 4744 Episcopus

2242 4759 2675 4832 Bambergensis
2748 4760 3239 4832 quadragesimus,
3329 4777 3399 4814 eo
3483 4766 3743 4830 tempore
3807 4764 3904 4822 quo

2238 4848 2485 4902 hmreses
2513 4854 2695 4902 totam
2726 4848 3088 4905 Germaniam
3123 4849 3574 4920 populabantur;
3597 4848 3696 4919 qui
3720 4842 3905 4900 Luthe-

2241 4953 2303 4991 ro
2333 4942 2392 4991 et
2416 4937 2541 5006 ejus
2560 4938 2807 5004 asseclis,
2832 4938 2879 4991 si
2903 4937 3031 5008 quis
3066 4937 3232 5003 alius,
3270 4937 3670 4992 strenuissime
3701 4927 3903 4990 restitit:

2239 5029 2296 5078 et
2325 5024 2449 5096 ejus
2472 5025 2762 5096 paradoxa
2790 5026 2862 5080 ab
2883 5026 3132 5080 ecclesias
3164 5026 3338 5096 hujus
3375 5026 3536 5093 ovili,
3556 5024 3907 5096 quibuscum-

2237 5128 2350 5183 que
2370 5117 2622 5183 poterat,
2682 5114 2950 5168 remediis
3008 5113 3384 5184 profligavit).
3418 5115 3471 5168 Is
3522 5129 3694 5183 porro
3728 5106 3903 5162 eodem

2238 5216 2391 5254 anno
2422 5216 2453 5255 e
2473 5201 2613 5255 vivis
2642 5217 2764 5255 esse
2796 5201 2981 5256 desiit.
3042 5202 3283 5265 Videbis.
3340 5201 3655 5273 inquiebat,
3688 5199 3827 5255 idem
3853 5192 3899 5243 et

2241 5288 2385 5343 mihi
2415 5296 2774 5345 eventurum.
2811 5291 2949 5345 Nam
2993 5288 3053 5344 in
3091 5289 3265 5359 hujus
3302 5290 3443 5344 anni
3486 5290 3659 5344 tidem
3689 5300 3792 5342 non
3823 5293 3904 5332 ero

2241 5376 2684 5447 supervicturus.
2741 5377 2904 5443 Dixit,
2976 5382 3033 5432 et
3109 5377 3283 5433 verbo
3339 5378 3636 5448 respondit
3688 5374 3897 5432 eventus

2241 5466 2413 5534 paulo
2441 5472 2574 5521 ante
2611 5467 2790 5521 tinem
2809 5466 3063 5535 ejusdem
3092 5466 3226 5521 anni
3259 5482 3525 5520 unxcxm.
