  <div class='ocr_page' id='page_1' title='image "/cluster/home/n/w/nwhite01/storage/ocr_20150623/140/hvd.32044054760004/080.png"; bbox 0 0 4058 6216; ppageno 0'>
   <div class='ocr_carea' id='block_1_1' title="bbox 150 263 243 314">
    <p class='ocr_par' dir='ltr' id='par_1_1' title="bbox 150 263 243 314">
     <span class='ocr_line' id='line_1_1' title="bbox 150 263 243 314; baseline -0.032 0"><span class='ocrx_word' id='word_1_1' title='bbox 150 263 243 314; x_wconf 54' lang='lat' dir='ltr'><strong>litt</strong></span> 
     </span>
    </p>
   </div>
   <div class='ocr_carea' id='block_1_2' title="bbox 1833 258 2038 312">
    <p class='ocr_par' dir='ltr' id='par_1_2' title="bbox 1833 258 2038 312">
     <span class='ocr_line' id='line_1_2' title="bbox 1833 258 2038 312; baseline -0.015 -3"><span class='ocrx_word' id='word_1_2' title='bbox 1833 258 2038 312; x_wconf 66' lang='lat' dir='ltr'><strong>ACTA.</strong></span> 
     </span>
    </p>
   </div>
   <div class='ocr_carea' id='block_1_3' title="bbox 3620 279 3718 330">
    <p class='ocr_par' dir='ltr' id='par_1_3' title="bbox 3620 279 3718 330">
     <span class='ocr_line' id='line_1_3' title="bbox 3620 279 3718 330; baseline 0.01 -1"><span class='ocrx_word' id='word_1_3' title='bbox 3620 279 3718 330; x_wconf 74' lang='grc'><strong>150</strong></span> 
     </span>
    </p>
   </div>
   <div class='ocr_carea' id='block_1_4' title="bbox 203 374 3713 452">
    <p class='ocr_par' dir='ltr' id='par_1_4' title="bbox 203 374 3713 452">
     <span class='ocr_line' id='line_1_4' title="bbox 203 374 3713 452; baseline 0.004 -15"><span class='ocrx_word' id='word_1_4' title='bbox 203 384 296 437; x_wconf 66' lang='grc'><strong>42.</strong></span> <span class='ocrx_word' id='word_1_5' title='bbox 338 404 357 430; x_wconf 75' lang='grc' dir='ltr'>ι</span> <span class='ocrx_word' id='word_1_6' title='bbox 394 381 621 435; x_wconf 85' lang='lat' dir='ltr'><strong>Interea</strong></span> <span class='ocrx_word' id='word_1_7' title='bbox 648 378 923 449; x_wconf 86' lang='lat' dir='ltr'><strong>temporis</strong></span> <span class='ocrx_word' id='word_1_8' title='bbox 972 393 1201 431; x_wconf 88' lang='lat' dir='ltr'><strong>summa</strong></span> <span class='ocrx_word' id='word_1_9' title='bbox 1253 381 1309 430; x_wconf 91' lang='lat' dir='ltr'><strong>et</strong></span> <span class='ocrx_word' id='word_1_10' title='bbox 1364 374 1538 429; x_wconf 87' lang='lat' dir='ltr'><strong>unica</strong></span> <span class='ocrx_word' id='word_1_11' title='bbox 1569 374 1700 445; x_wconf 78' lang='lat' dir='ltr'><strong>ejus</strong></span> <span class='ocrx_word' id='word_1_12' title='bbox 1734 391 1888 429; x_wconf 86' lang='lat' dir='ltr'><strong>cura</strong></span> <span class='ocrx_word' id='word_1_13' title='bbox 1919 380 1962 430; x_wconf 86' lang='lat' dir='ltr'><strong>A</strong></span> <span class='ocrx_word' id='word_1_14' title='bbox 2008 377 2268 448; x_wconf 85' lang='lat' dir='ltr'><strong>pluribus</strong></span> <span class='ocrx_word' id='word_1_15' title='bbox 2298 377 2522 448; x_wconf 78' lang='lat' dir='ltr'><strong>paginis</strong></span> <span class='ocrx_word' id='word_1_16' title='bbox 2543 382 2893 452; x_wconf 82' lang='lat' dir='ltr'><strong>exsequitur.</strong></span> <span class='ocrx_word' id='word_1_17' title='bbox 2946 387 3187 442; x_wconf 89' lang='lat' dir='ltr'><strong>Demum</strong></span> <span class='ocrx_word' id='word_1_18' title='bbox 3220 393 3713 451; x_wconf 89' lang='lat' dir='ltr'><strong>concludit:Can-</strong></span> 
     </span>
    </p>
   </div>
   <div class='ocr_carea' id='block_1_5' title="bbox 134 464 1890 535">
    <p class='ocr_par' dir='ltr' id='par_1_5' title="bbox 134 464 1890 535">
     <span class='ocr_line' id='line_1_5' title="bbox 134 464 1890 535; baseline -0.003 -12"><span class='ocrx_word' id='word_1_19' title='bbox 134 472 240 525; x_wconf 84' lang='lat' dir='ltr'><strong>fuit</strong></span> <span class='ocrx_word' id='word_1_20' title='bbox 271 487 334 523; x_wconf 91' lang='lat' dir='ltr'><strong>se</strong></span> <span class='ocrx_word' id='word_1_21' title='bbox 384 475 720 523; x_wconf 91' lang='lat' dir='ltr'><strong>sanctorum</strong></span> <span class='ocrx_word' id='word_1_22' title='bbox 784 470 1162 522; x_wconf 82' lang='lat' dir='ltr'><strong>Patronorum</strong></span> <span class='ocrx_word' id='word_1_23' title='bbox 1215 464 1528 529; x_wconf 89' lang='lat' dir='ltr'><strong>consortio,</strong></span> <span class='ocrx_word' id='word_1_24' title='bbox 1590 464 1663 518; x_wconf 88' lang='lat' dir='ltr'><strong>ad</strong></span> <span class='ocrx_word' id='word_1_25' title='bbox 1711 465 1890 535; x_wconf 85' lang='lat' dir='ltr'><strong>quod</strong></span> 
     </span>
    </p>
   </div>
   <div class='ocr_carea' id='block_1_6' title="bbox 132 551 1888 628">
    <p class='ocr_par' dir='ltr' id='par_1_6' title="bbox 132 551 1888 628">
     <span class='ocr_line' id='line_1_6' title="bbox 132 551 1888 628; baseline -0.003 -16"><span class='ocrx_word' id='word_1_26' title='bbox 132 562 202 612; x_wconf 86' lang='lat' dir='ltr'><strong>ab</strong></span> <span class='ocrx_word' id='word_1_27' title='bbox 248 558 521 628; x_wconf 87' lang='lat' dir='ltr'><strong>ipsismet</strong></span> <span class='ocrx_word' id='word_1_28' title='bbox 576 555 992 626; x_wconf 83' lang='lat' dir='ltr'><strong>gratiosissime</strong></span> <span class='ocrx_word' id='word_1_29' title='bbox 1034 554 1305 609; x_wconf 72' lang='lat' dir='ltr'><strong>invitatus</strong></span> <span class='ocrx_word' id='word_1_30' title='bbox 1356 553 1563 615; x_wconf 81' lang='lat' dir='ltr'><strong>fuerat,</strong></span> <span class='ocrx_word' id='word_1_31' title='bbox 1610 551 1888 622; x_wconf 84' lang='lat' dir='ltr'><strong>dignum</strong></span> 
     </span>
    </p>
   </div>
   <div class='ocr_carea' id='block_1_7' title="bbox 130 639 1889 713">
    <p class='ocr_par' dir='ltr' id='par_1_7' title="bbox 130 639 1889 713">
     <span class='ocr_line' id='line_1_7' title="bbox 130 639 1889 713; baseline -0.005 -12"><span class='ocrx_word' id='word_1_32' title='bbox 130 648 397 701; x_wconf 85' lang='lat' dir='ltr'><strong>reddere.</strong></span> <span class='ocrx_word' id='word_1_33' title='bbox 481 645 797 701; x_wconf 69' lang='lat' dir='ltr'><strong>Restabant</strong></span> <span class='ocrx_word' id='word_1_34' title='bbox 854 649 988 696; x_wconf 86' lang='lat' dir='ltr'><strong>tunc</strong></span> <span class='ocrx_word' id='word_1_35' title='bbox 1059 642 1330 713; x_wconf 88' lang='lat' dir='ltr'><strong>temporis</strong></span> <span class='ocrx_word' id='word_1_36' title='bbox 1382 641 1605 711; x_wconf 82' lang='lat' dir='ltr'><strong>aliquot</strong></span> <span class='ocrx_word' id='word_1_37' title='bbox 1668 639 1889 693; x_wconf 84' lang='lat' dir='ltr'><strong>adhuc</strong></span> 
     </span>
    </p>
   </div>
   <div class='ocr_carea' id='block_1_8' title="bbox 128 732 1884 806">
    <p class='ocr_par' dir='ltr' id='par_1_8' title="bbox 128 732 1884 806">
     <span class='ocr_line' id='line_1_8' title="bbox 128 732 1884 806; baseline -0.004 -18"><span class='ocrx_word' id='word_1_38' title='bbox 128 735 371 806; x_wconf 89' lang='lat' dir='ltr'><strong>oppida,</strong></span> <span class='ocrx_word' id='word_1_39' title='bbox 479 742 543 788; x_wconf 90' lang='lat' dir='ltr'><strong>ut</strong></span> <span class='ocrx_word' id='word_1_40' title='bbox 638 732 1105 795; x_wconf 81' lang='lat' dir='ltr'><strong>Hochstadiense,</strong></span> <span class='ocrx_word' id='word_1_41' title='bbox 1204 733 1884 800; x_wconf 84' lang='lat' dir='ltr'><strong>Hertzogenauracense,</strong></span> 
     </span>
    </p>
   </div>
   <div class='ocr_carea' id='block_1_9' title="bbox 129 816 1887 885">
    <p class='ocr_par' dir='ltr' id='par_1_9' title="bbox 129 816 1887 885">
     <span class='ocr_line' id='line_1_9' title="bbox 129 816 1887 885; baseline -0.006 -6"><span class='ocrx_word' id='word_1_42' title='bbox 129 822 801 885; x_wconf 84' lang='lat' dir='ltr'><strong>Obserscheinteldense,</strong></span> <span class='ocrx_word' id='word_1_43' title='bbox 825 820 1373 874; x_wconf 86' lang='lat' dir='ltr'><strong>Burckunstadiense</strong></span> <span class='ocrx_word' id='word_1_44' title='bbox 1399 833 1526 872; x_wconf 89' lang='lat' dir='ltr'><strong>cum</strong></span> <span class='ocrx_word' id='word_1_45' title='bbox 1557 816 1887 870; x_wconf 86' lang='lat' dir='ltr'>nonnullis</span> 
     </span>
    </p>
   </div>
   <div class='ocr_carea' id='block_1_10' title="bbox 128 903 1887 983">
    <p class='ocr_par' dir='ltr' id='par_1_10' title="bbox 128 903 1887 983">
     <span class='ocr_line' id='line_1_10' title="bbox 128 903 1887 983; baseline -0.003 -19"><span class='ocrx_word' id='word_1_46' title='bbox 128 914 315 983; x_wconf 84' lang='lat' dir='ltr'><strong>pagis,</strong></span> <span class='ocrx_word' id='word_1_47' title='bbox 350 913 413 964; x_wconf 92' lang='lat' dir='ltr'><strong>in</strong></span> <span class='ocrx_word' id='word_1_48' title='bbox 442 912 658 983; x_wconf 86' lang='lat' dir='ltr'><strong>quibus</strong></span> <span class='ocrx_word' id='word_1_49' title='bbox 693 909 1023 964; x_wconf 81' lang='lat' dir='ltr'><strong>reformatio</strong></span> <span class='ocrx_word' id='word_1_50' title='bbox 1050 908 1306 979; x_wconf 79' lang='lat' dir='ltr'><strong>quidem,</strong></span> <span class='ocrx_word' id='word_1_51' title='bbox 1361 912 1413 961; x_wconf 90' lang='lat' dir='ltr'><strong>et</strong></span> <span class='ocrx_word' id='word_1_52' title='bbox 1444 903 1788 959; x_wconf 76' lang='lat' dir='ltr'><strong>errantium</strong></span> <span class='ocrx_word' id='word_1_53' title='bbox 1814 904 1887 958; x_wconf 88' lang='lat' dir='ltr'><strong>ad</strong></span> 
     </span>
    </p>
   </div>
   <div class='ocr_carea' id='block_1_11' title="bbox 133 992 1883 1065">
    <p class='ocr_par' dir='ltr' id='par_1_11' title="bbox 133 992 1883 1065">
     <span class='ocr_line' id='line_1_11' title="bbox 133 992 1883 1065; baseline -0.007 -8"><span class='ocrx_word' id='word_1_54' title='bbox 133 1000 401 1057; x_wconf 80' lang='lat' dir='ltr'><strong>Ecclesia</strong></span> <span class='ocrx_word' id='word_1_55' title='bbox 455 1000 741 1052; x_wconf 85' lang='lat' dir='ltr'><strong>unitatem</strong></span> <span class='ocrx_word' id='word_1_56' title='bbox 796 996 1053 1051; x_wconf 77' lang='lat' dir='ltr'><strong>reductio</strong></span> <span class='ocrx_word' id='word_1_57' title='bbox 1106 997 1225 1065; x_wconf 88' lang='lat' dir='ltr'><strong>jam</strong></span> <span class='ocrx_word' id='word_1_58' title='bbox 1286 995 1570 1057; x_wconf 81' lang='lat' dir='ltr'><strong>inchoata,</strong></span> <span class='ocrx_word' id='word_1_59' title='bbox 1607 992 1883 1046; x_wconf 83' lang='lat' dir='ltr'><strong>necdum</strong></span> 
     </span>
    </p>
   </div>
   <div class='ocr_carea' id='block_1_12' title="bbox 130 1080 1883 1157">
    <p class='ocr_par' dir='ltr' id='par_1_12' title="bbox 130 1080 1883 1157">
     <span class='ocr_line' id='line_1_12' title="bbox 130 1080 1883 1157; baseline -0.005 -14"><span class='ocrx_word' id='word_1_60' title='bbox 130 1098 329 1143; x_wconf 87' lang='lat' dir='ltr'><strong>tamen</strong></span> <span class='ocrx_word' id='word_1_61' title='bbox 371 1088 444 1141; x_wconf 84' lang='lat' dir='ltr'><strong>ad</strong></span> <span class='ocrx_word' id='word_1_62' title='bbox 476 1091 745 1157; x_wconf 88' lang='lat' dir='ltr'><strong>optatum</strong></span> <span class='ocrx_word' id='word_1_63' title='bbox 795 1086 970 1140; x_wconf 92' lang='lat' dir='ltr'><strong>ﬁnem</strong></span> <span class='ocrx_word' id='word_1_64' title='bbox 1030 1086 1301 1153; x_wconf 87' lang='lat' dir='ltr'><strong>perducta</strong></span> <span class='ocrx_word' id='word_1_65' title='bbox 1360 1088 1498 1135; x_wconf 89' lang='lat' dir='ltr'><strong>erat.</strong></span> <span class='ocrx_word' id='word_1_66' title='bbox 1535 1080 1883 1135; x_wconf 76' lang='lat' dir='ltr'><strong>Arbitratus</strong></span> 
     </span>
    </p>
   </div>
   <div class='ocr_carea' id='block_1_13' title="bbox 131 1172 1879 1248">
    <p class='ocr_par' dir='ltr' id='par_1_13' title="bbox 131 1172 1879 1248">
     <span class='ocr_line' id='line_1_13' title="bbox 131 1172 1879 1248; baseline -0.005 -17"><span class='ocrx_word' id='word_1_67' title='bbox 131 1180 314 1248; x_wconf 87' lang='lat' dir='ltr'><strong>igitur</strong></span> <span class='ocrx_word' id='word_1_68' title='bbox 344 1193 408 1230; x_wconf 91' lang='lat' dir='ltr'><strong>se</strong></span> <span class='ocrx_word' id='word_1_69' title='bbox 429 1177 644 1229; x_wconf 86' lang='lat' dir='ltr'><strong>sanctis</strong></span> <span class='ocrx_word' id='word_1_70' title='bbox 688 1173 1103 1229; x_wconf 85' lang='lat' dir='ltr'><strong>Fundatoribus</strong></span> <span class='ocrx_word' id='word_1_71' title='bbox 1142 1172 1601 1243; x_wconf 77' lang='lat' dir='ltr'><strong>acceptissimum</strong></span> <span class='ocrx_word' id='word_1_72' title='bbox 1653 1177 1879 1224; x_wconf 85' lang='lat' dir='ltr'><strong>ventu-</strong></span> 
     </span>
    </p>
   </div>
   <div class='ocr_carea' id='block_1_14' title="bbox 131 1259 1881 1329">
    <p class='ocr_par' dir='ltr' id='par_1_14' title="bbox 131 1259 1881 1329">
     <span class='ocr_line' id='line_1_14' title="bbox 131 1259 1881 1329; baseline -0.004 -9"><span class='ocrx_word' id='word_1_73' title='bbox 131 1283 287 1329; x_wconf 90' lang='lat' dir='ltr'><strong>rum,</strong></span> <span class='ocrx_word' id='word_1_74' title='bbox 339 1265 393 1318; x_wconf 91' lang='lat' dir='ltr'><strong>si</strong></span> <span class='ocrx_word' id='word_1_75' title='bbox 445 1263 749 1318; x_wconf 87' lang='lat' dir='ltr'><strong>ecclesiam</strong></span> <span class='ocrx_word' id='word_1_76' title='bbox 805 1262 874 1315; x_wconf 89' lang='lat' dir='ltr'><strong>ab</strong></span> <span class='ocrx_word' id='word_1_77' title='bbox 922 1261 1056 1329; x_wconf 81' lang='lat' dir='ltr'><strong>ipsis</strong></span> <span class='ocrx_word' id='word_1_78' title='bbox 1102 1262 1421 1323; x_wconf 84' lang='lat' dir='ltr'><strong>fundatam,</strong></span> <span class='ocrx_word' id='word_1_79' title='bbox 1482 1259 1603 1312; x_wconf 89' lang='lat' dir='ltr'><strong>sine</strong></span> <span class='ocrx_word' id='word_1_80' title='bbox 1637 1260 1881 1313; x_wconf 84' lang='lat' dir='ltr'><strong>macula</strong></span> 
     </span>
    </p>
   </div>
   <div class='ocr_carea' id='block_1_15' title="bbox 136 1349 1874 1421">
    <p class='ocr_par' dir='ltr' id='par_1_15' title="bbox 136 1349 1874 1421">
     <span class='ocr_line' id='line_1_15' title="bbox 136 1349 1874 1421; baseline -0.004 -13"><span class='ocrx_word' id='word_1_81' title='bbox 136 1353 377 1408; x_wconf 69' lang='lat' dir='ltr'><strong>haeresis</strong></span> <span class='ocrx_word' id='word_1_82' title='bbox 430 1358 787 1421; x_wconf 80' lang='lat' dir='ltr'><strong>prasentare</strong></span> <span class='ocrx_word' id='word_1_83' title='bbox 839 1350 1070 1404; x_wconf 91' lang='lat' dir='ltr'><strong>illorum</strong></span> <span class='ocrx_word' id='word_1_84' title='bbox 1111 1349 1443 1418; x_wconf 81' lang='lat' dir='ltr'><strong>conspectui</strong></span> <span class='ocrx_word' id='word_1_85' title='bbox 1475 1352 1700 1418; x_wconf 83' lang='lat' dir='ltr'><strong>posset,</strong></span> <span class='ocrx_word' id='word_1_86' title='bbox 1752 1353 1874 1402; x_wconf 89' lang='lat' dir='ltr'><strong>tota</strong></span> 
     </span>
    </p>
   </div>
   <div class='ocr_carea' id='block_1_16' title="bbox 132 1435 1876 1509">
    <p class='ocr_par' dir='ltr' id='par_1_16' title="bbox 132 1435 1876 1509">
     <span class='ocr_line' id='line_1_16' title="bbox 132 1435 1876 1509; baseline -0.002 -17"><span class='ocrx_word' id='word_1_87' title='bbox 132 1446 322 1496; x_wconf 61' lang='lat' dir='ltr'><strong>virum</strong></span> <span class='ocrx_word' id='word_1_88' title='bbox 376 1440 758 1493; x_wconf 82' lang='lat' dir='ltr'><strong>contentione</strong></span> <span class='ocrx_word' id='word_1_89' title='bbox 815 1438 876 1492; x_wconf 92' lang='lat' dir='ltr'><strong>in</strong></span> <span class='ocrx_word' id='word_1_90' title='bbox 928 1438 982 1492; x_wconf 90' lang='lat' dir='ltr'><strong>id</strong></span> <span class='ocrx_word' id='word_1_91' title='bbox 1023 1438 1435 1509; x_wconf 89' lang='lat' dir='ltr'><strong>perﬁciendum</strong></span> <span class='ocrx_word' id='word_1_92' title='bbox 1469 1435 1784 1490; x_wconf 88' lang='lat' dir='ltr'><strong>incubuit:</strong></span> <span class='ocrx_word' id='word_1_93' title='bbox 1819 1440 1876 1489; x_wconf 91' lang='lat' dir='ltr'><strong>et</strong></span> 
     </span>
    </p>
   </div>
   <div class='ocr_carea' id='block_1_17' title="bbox 131 1524 1871 1601">
    <p class='ocr_par' dir='ltr' id='par_1_17' title="bbox 131 1524 1871 1601">
     <span class='ocr_line' id='line_1_17' title="bbox 131 1524 1871 1601; baseline -0.003 -17"><span class='ocrx_word' id='word_1_94' title='bbox 131 1531 281 1601; x_wconf 83' lang='lat' dir='ltr'><strong>quod</strong></span> <span class='ocrx_word' id='word_1_95' title='bbox 311 1532 380 1582; x_wconf 91' lang='lat' dir='ltr'><strong>in</strong></span> <span class='ocrx_word' id='word_1_96' title='bbox 416 1533 565 1581; x_wconf 83' lang='lat' dir='ltr'><strong>votis</strong></span> <span class='ocrx_word' id='word_1_97' title='bbox 621 1528 893 1594; x_wconf 82' lang='lat' dir='ltr'><strong>habebat,</strong></span> <span class='ocrx_word' id='word_1_98' title='bbox 952 1532 1030 1579; x_wconf 90' lang='lat' dir='ltr'><strong>est</strong></span> <span class='ocrx_word' id='word_1_99' title='bbox 1072 1532 1386 1593; x_wconf 85' lang='lat' dir='ltr'><strong>assecutus,</strong></span> <span class='ocrx_word' id='word_1_100' title='bbox 1441 1524 1695 1580; x_wconf 89' lang='lat' dir='ltr'><strong>Domino</strong></span> <span class='ocrx_word' id='word_1_101' title='bbox 1728 1524 1871 1578; x_wconf 80' lang='lat' dir='ltr'><strong>tide-</strong></span> 
     </span>
    </p>
   </div>
   <div class='ocr_carea' id='block_1_18' title="bbox 2000 466 3713 553">
    <p class='ocr_par' dir='ltr' id='par_1_18' title="bbox 2000 466 3713 553">
     <span class='ocr_line' id='line_1_18' title="bbox 2000 466 3713 553; baseline 0.01 -33"><span class='ocrx_word' id='word_1_102' title='bbox 2000 466 2128 520; x_wconf 90' lang='lat' dir='ltr'><strong>dide</strong></span> <span class='ocrx_word' id='word_1_103' title='bbox 2160 468 2365 529; x_wconf 87' lang='lat' dir='ltr'><strong>fateor,</strong></span> <span class='ocrx_word' id='word_1_104' title='bbox 2406 471 2461 519; x_wconf 90' lang='lat' dir='ltr'><strong>et</strong></span> <span class='ocrx_word' id='word_1_105' title='bbox 2489 469 2646 538; x_wconf 89' lang='lat' dir='ltr'><strong>quod</strong></span> <span class='ocrx_word' id='word_1_106' title='bbox 2675 487 2765 525; x_wconf 89' lang='lat' dir='ltr'><strong>res</strong></span> <span class='ocrx_word' id='word_1_107' title='bbox 2798 480 2902 540; x_wconf 91' lang='lat' dir='ltr'><strong>est,</strong></span> <span class='ocrx_word' id='word_1_108' title='bbox 2947 475 3126 530; x_wconf 91' lang='lat' dir='ltr'><strong>edico.</strong></span> <span class='ocrx_word' id='word_1_109' title='bbox 3161 478 3457 547; x_wconf 83' lang='lat' dir='ltr'><strong>Plurimis,</strong></span> <span class='ocrx_word' id='word_1_110' title='bbox 3491 484 3589 553; x_wconf 91' lang='lat' dir='ltr'><strong>qui</strong></span> <span class='ocrx_word' id='word_1_111' title='bbox 3621 485 3713 553; x_wconf 90' lang='lat' dir='ltr'><strong>pie</strong></span> 
     </span>
    </p>
   </div>
   <div class='ocr_carea' id='block_1_19' title="bbox 1998 554 3710 636">
    <p class='ocr_par' dir='ltr' id='par_1_19' title="bbox 1998 554 3710 636">
     <span class='ocr_line' id='line_1_19' title="bbox 1998 554 3710 636; baseline 0.011 -31"><span class='ocrx_word' id='word_1_112' title='bbox 1998 554 2307 607; x_wconf 86' lang='lat' dir='ltr'><strong>admodum</strong></span> <span class='ocrx_word' id='word_1_113' title='bbox 2339 569 2403 607; x_wconf 82' lang='lat' dir='ltr'><strong>ex</strong></span> <span class='ocrx_word' id='word_1_114' title='bbox 2452 554 2559 608; x_wconf 88' lang='lat' dir='ltr'><strong>hac</strong></span> <span class='ocrx_word' id='word_1_115' title='bbox 2606 556 2721 610; x_wconf 88' lang='lat' dir='ltr'><strong>vita</strong></span> <span class='ocrx_word' id='word_1_116' title='bbox 2759 562 3041 630; x_wconf 81' lang='lat' dir='ltr'><strong>emigrare</strong></span> <span class='ocrx_word' id='word_1_117' title='bbox 3100 566 3502 636; x_wconf 85' lang='lat' dir='ltr'><strong>credebantur,</strong></span> <span class='ocrx_word' id='word_1_118' title='bbox 3558 572 3710 624; x_wconf 80' lang='lat' dir='ltr'><strong>adfui</strong></span> 
     </span>
    </p>
   </div>
   <div class='ocr_carea' id='block_1_20' title="bbox 1998 641 3707 712">
    <p class='ocr_par' dir='ltr' id='par_1_20' title="bbox 1998 641 3707 712">
     <span class='ocr_line' id='line_1_20' title="bbox 1998 641 3707 712; baseline 0.011 -18"><span class='ocrx_word' id='word_1_119' title='bbox 1998 641 2056 695; x_wconf 90' lang='lat' dir='ltr'><strong>in</strong></span> <span class='ocrx_word' id='word_1_120' title='bbox 2088 642 2355 695; x_wconf 84' lang='lat' dir='ltr'><strong>extremis</strong></span> <span class='ocrx_word' id='word_1_121' title='bbox 2390 658 2402 695; x_wconf 87' lang='lat'><strong>:</strong></span> <span class='ocrx_word' id='word_1_122' title='bbox 2435 643 2531 696; x_wconf 89' lang='lat' dir='ltr'><strong>sed</strong></span> <span class='ocrx_word' id='word_1_123' title='bbox 2572 646 2863 701; x_wconf 87' lang='lat' dir='ltr'><strong>neminem</strong></span> <span class='ocrx_word' id='word_1_124' title='bbox 2906 650 3093 704; x_wconf 82' lang='lat' dir='ltr'><strong>adhuc</strong></span> <span class='ocrx_word' id='word_1_125' title='bbox 3136 653 3250 706; x_wconf 90' lang='lat' dir='ltr'><strong>vidi</strong></span> <span class='ocrx_word' id='word_1_126' title='bbox 3280 654 3341 708; x_wconf 91' lang='lat' dir='ltr'><strong>in</strong></span> <span class='ocrx_word' id='word_1_127' title='bbox 3371 657 3707 712; x_wconf 85' lang='lat' dir='ltr'><strong>hodiernam</strong></span> 
     </span>
    </p>
   </div>
   <div class='ocr_carea' id='block_1_21' title="bbox 1998 730 3709 812">
    <p class='ocr_par' dir='ltr' id='par_1_21' title="bbox 1998 730 3709 812">
     <span class='ocr_line' id='line_1_21' title="bbox 1998 730 3709 812; baseline 0.011 -30"><span class='ocrx_word' id='word_1_128' title='bbox 1998 730 2171 795; x_wconf 89' lang='lat' dir='ltr'><strong>diem,</strong></span> <span class='ocrx_word' id='word_1_129' title='bbox 2208 730 2322 783; x_wconf 90' lang='lat' dir='ltr'><strong>imo</strong></span> <span class='ocrx_word' id='word_1_130' title='bbox 2354 736 2410 783; x_wconf 93' lang='lat' dir='ltr'><strong>et</strong></span> <span class='ocrx_word' id='word_1_131' title='bbox 2456 730 2549 784; x_wconf 78' lang='lat' dir='ltr'><strong>vix</strong></span> <span class='ocrx_word' id='word_1_132' title='bbox 2578 734 2768 788; x_wconf 82' lang='lat' dir='ltr'><strong>audivi</strong></span> <span class='ocrx_word' id='word_1_133' title='bbox 2798 737 3045 792; x_wconf 85' lang='lat' dir='ltr'><strong>similem</strong></span> <span class='ocrx_word' id='word_1_134' title='bbox 3075 740 3328 795; x_wconf 85' lang='lat' dir='ltr'><strong>hominis</strong></span> <span class='ocrx_word' id='word_1_135' title='bbox 3355 745 3477 812; x_wconf 86' lang='lat' dir='ltr'><strong>jam</strong></span> <span class='ocrx_word' id='word_1_136' title='bbox 3530 747 3709 799; x_wconf 84' lang='lat' dir='ltr'><strong>mori-</strong></span> 
     </span>
    </p>
   </div>
   <div class='ocr_carea' id='block_1_22' title="bbox 1996 817 3703 890">
    <p class='ocr_par' dir='ltr' id='par_1_22' title="bbox 1996 817 3703 890">
     <span class='ocr_line' id='line_1_22' title="bbox 1996 817 3703 890; baseline 0.011 -20"><span class='ocrx_word' id='word_1_137' title='bbox 1996 817 2109 870; x_wconf 86' lang='lat' dir='ltr'><strong>turi</strong></span> <span class='ocrx_word' id='word_1_138' title='bbox 2142 818 2435 889; x_wconf 84' lang='lat' dir='ltr'><strong>pietatem,</strong></span> <span class='ocrx_word' id='word_1_139' title='bbox 2478 835 2593 890; x_wconf 91' lang='lat' dir='ltr'><strong>qua</strong></span> <span class='ocrx_word' id='word_1_140' title='bbox 2622 821 2717 877; x_wconf 89' lang='lat' dir='ltr'><strong>ille</strong></span> <span class='ocrx_word' id='word_1_141' title='bbox 2752 824 2902 878; x_wconf 88' lang='lat' dir='ltr'><strong>diem</strong></span> <span class='ocrx_word' id='word_1_142' title='bbox 2932 843 3098 881; x_wconf 88' lang='lat' dir='ltr'><strong>suum</strong></span> <span class='ocrx_word' id='word_1_143' title='bbox 3129 831 3334 884; x_wconf 85' lang='lat' dir='ltr'><strong>clausit</strong></span> <span class='ocrx_word' id='word_1_144' title='bbox 3360 837 3703 888; x_wconf 87' lang='lat' dir='ltr'><strong>extremum.</strong></span> 
     </span>
    </p>
   </div>
   <div class='ocr_carea' id='block_1_23' title="bbox 1993 905 3704 975">
    <p class='ocr_par' dir='ltr' id='par_1_23' title="bbox 1993 905 3704 975">
     <span class='ocr_line' id='line_1_23' title="bbox 1993 905 3704 975; baseline 0.01 -17"><span class='ocrx_word' id='word_1_145' title='bbox 1993 905 2231 959; x_wconf 85' lang='lat' dir='ltr'><strong>Tantum</strong></span> <span class='ocrx_word' id='word_1_146' title='bbox 2291 907 2567 961; x_wconf 87' lang='lat' dir='ltr'><strong>momenti</strong></span> <span class='ocrx_word' id='word_1_147' title='bbox 2619 917 2673 963; x_wconf 89' lang='lat' dir='ltr'><strong>et</strong></span> <span class='ocrx_word' id='word_1_148' title='bbox 2703 912 2971 967; x_wconf 81' lang='lat' dir='ltr'><strong>efﬁcacia</strong></span> <span class='ocrx_word' id='word_1_149' title='bbox 3013 916 3085 969; x_wconf 91' lang='lat' dir='ltr'><strong>ad</strong></span> <span class='ocrx_word' id='word_1_150' title='bbox 3147 917 3294 972; x_wconf 84' lang='lat' dir='ltr'><strong>bene</strong></span> <span class='ocrx_word' id='word_1_151' title='bbox 3337 921 3704 975; x_wconf 87' lang='lat' dir='ltr'><strong>moriendum</strong></span> 
     </span>
    </p>
   </div>
   <div class='ocr_carea' id='block_1_24' title="bbox 1964 993 3705 1077">
    <p class='ocr_par' dir='ltr' id='par_1_24' title="bbox 1964 993 3705 1077">
     <span class='ocr_line' id='line_1_24' title="bbox 1964 993 3705 1077; baseline 0.011 -32"><span class='ocrx_word' id='word_1_152' title='bbox 1964 993 2191 1057; x_wconf 86' lang='lat' dir='ltr'><strong>habuit</strong></span> <span class='ocrx_word' id='word_1_153' title='bbox 2221 994 2601 1065; x_wconf 87' lang='lat' dir='ltr'><strong>patrocinium</strong></span> <span class='ocrx_word' id='word_1_154' title='bbox 2650 998 2739 1052; x_wconf 84' lang='lat' dir='ltr'><strong>SS.</strong></span> <span class='ocrx_word' id='word_1_155' title='bbox 2803 1000 3049 1054; x_wconf 85' lang='lat' dir='ltr'><strong>Heinrici</strong></span> <span class='ocrx_word' id='word_1_156' title='bbox 3106 1008 3163 1056; x_wconf 91' lang='lat' dir='ltr'><strong>et</strong></span> <span class='ocrx_word' id='word_1_157' title='bbox 3195 1005 3594 1077; x_wconf 86' lang='lat' dir='ltr'><strong>Cunegundis,</strong></span> <span class='ocrx_word' id='word_1_158' title='bbox 3650 1016 3705 1065; x_wconf 88' lang='lat' dir='ltr'><strong>et</strong></span> 
     </span>
    </p>
   </div>
   <div class='ocr_carea' id='block_1_25' title="bbox 1992 1083 3703 1157">
    <p class='ocr_par' dir='ltr' id='par_1_25' title="bbox 1992 1083 3703 1157">
     <span class='ocr_line' id='line_1_25' title="bbox 1992 1083 3703 1157; baseline 0.009 -22"><span class='ocrx_word' id='word_1_159' title='bbox 1992 1083 2333 1136; x_wconf 87' lang='lat' dir='ltr'><strong>eorumdem</strong></span> <span class='ocrx_word' id='word_1_160' title='bbox 2366 1084 2619 1152; x_wconf 84' lang='lat' dir='ltr'><strong>gratiosa</strong></span> <span class='ocrx_word' id='word_1_161' title='bbox 2644 1088 2952 1157; x_wconf 88' lang='lat' dir='ltr'><strong>apparitio,</strong></span> <span class='ocrx_word' id='word_1_162' title='bbox 2978 1089 3249 1145; x_wconf 89' lang='lat' dir='ltr'><strong>devotum</strong></span> <span class='ocrx_word' id='word_1_163' title='bbox 3290 1094 3402 1148; x_wconf 88' lang='lat' dir='ltr'><strong>sibi</strong></span> <span class='ocrx_word' id='word_1_164' title='bbox 3433 1096 3703 1151; x_wconf 88' lang='lat' dir='ltr'><strong>clientem</strong></span> 
     </span>
    </p>
   </div>
   <div class='ocr_carea' id='block_1_26' title="bbox 1991 1170 3702 1240">
    <p class='ocr_par' dir='ltr' id='par_1_26' title="bbox 1991 1170 3702 1240">
     <span class='ocr_line' id='line_1_26' title="bbox 1991 1170 3702 1240; baseline 0.011 -18"><span class='ocrx_word' id='word_1_165' title='bbox 1991 1170 2057 1223; x_wconf 88' lang='lat' dir='ltr'><strong>ad</strong></span> <span class='ocrx_word' id='word_1_166' title='bbox 2088 1170 2311 1224; x_wconf 85' lang='lat' dir='ltr'><strong>beatam</strong></span> <span class='ocrx_word' id='word_1_167' title='bbox 2363 1173 2742 1228; x_wconf 80' lang='lat' dir='ltr'><strong>aeternitatem</strong></span> <span class='ocrx_word' id='word_1_168' title='bbox 2790 1175 3175 1233; x_wconf 89' lang='lat' dir='ltr'><strong>invitantium.</strong></span> <span class='ocrx_word' id='word_1_169' title='bbox 3242 1181 3482 1237; x_wconf 84' lang='lat' dir='ltr'><strong>Videtur</strong></span> <span class='ocrx_word' id='word_1_170' title='bbox 3529 1185 3702 1240; x_wconf 84' lang='lat' dir='ltr'><strong>etiam</strong></span> 
     </span>
    </p>
   </div>
   <div class='ocr_carea' id='block_1_27' title="bbox 1987 1259 3700 1327">
    <p class='ocr_par' dir='ltr' id='par_1_27' title="bbox 1987 1259 3700 1327">
     <span class='ocr_line' id='line_1_27' title="bbox 1987 1259 3700 1327; baseline 0.009 -16"><span class='ocrx_word' id='word_1_171' title='bbox 1987 1259 2094 1312; x_wconf 88' lang='lat' dir='ltr'><strong>hoc</strong></span> <span class='ocrx_word' id='word_1_172' title='bbox 2134 1260 2251 1311; x_wconf 91' lang='lat' dir='ltr'><strong>loco</strong></span> <span class='ocrx_word' id='word_1_173' title='bbox 2290 1263 2793 1316; x_wconf 89' lang='lat' dir='ltr'><strong>commemoranda</strong></span> <span class='ocrx_word' id='word_1_174' title='bbox 2831 1265 2940 1318; x_wconf 88' lang='lat' dir='ltr'><strong>alia</strong></span> <span class='ocrx_word' id='word_1_175' title='bbox 2973 1265 3114 1320; x_wconf 89' lang='lat' dir='ltr'><strong>visio</strong></span> <span class='ocrx_word' id='word_1_176' title='bbox 3160 1269 3399 1324; x_wconf 85' lang='lat' dir='ltr'><strong>Prasuli</strong></span> <span class='ocrx_word' id='word_1_177' title='bbox 3429 1272 3563 1326; x_wconf 90' lang='lat' dir='ltr'><strong>huic</strong></span> <span class='ocrx_word' id='word_1_178' title='bbox 3591 1274 3700 1327; x_wconf 90' lang='lat' dir='ltr'><strong>ali-</strong></span> 
     </span>
    </p>
   </div>
   <div class='ocr_carea' id='block_1_28' title="bbox 1987 1351 3701 1426">
    <p class='ocr_par' dir='ltr' id='par_1_28' title="bbox 1987 1351 3701 1426">
     <span class='ocr_line' id='line_1_28' title="bbox 1987 1351 3701 1426; baseline 0.011 -28"><span class='ocrx_word' id='word_1_179' title='bbox 1987 1352 2128 1416; x_wconf 90' lang='lat' dir='ltr'><strong>quot</strong></span> <span class='ocrx_word' id='word_1_180' title='bbox 2157 1354 2286 1401; x_wconf 89' lang='lat' dir='ltr'><strong>ante</strong></span> <span class='ocrx_word' id='word_1_181' title='bbox 2334 1355 2579 1403; x_wconf 89' lang='lat' dir='ltr'><strong>mortem</strong></span> <span class='ocrx_word' id='word_1_182' title='bbox 2627 1351 2786 1405; x_wconf 90' lang='lat' dir='ltr'><strong>horis</strong></span> <span class='ocrx_word' id='word_1_183' title='bbox 2843 1353 3055 1422; x_wconf 89' lang='lat' dir='ltr'><strong>oblata,</strong></span> <span class='ocrx_word' id='word_1_184' title='bbox 3105 1372 3218 1426; x_wconf 90' lang='lat' dir='ltr'><strong>qua</strong></span> <span class='ocrx_word' id='word_1_185' title='bbox 3278 1360 3485 1414; x_wconf 88' lang='lat' dir='ltr'><strong>certior</strong></span> <span class='ocrx_word' id='word_1_186' title='bbox 3522 1361 3701 1415; x_wconf 86' lang='lat' dir='ltr'><strong>factus</strong></span> 
     </span>
    </p>
   </div>
   <div class='ocr_carea' id='block_1_29' title="bbox 1986 1434 3700 1518">
    <p class='ocr_par' dir='ltr' id='par_1_29' title="bbox 1986 1434 3700 1518">
     <span class='ocr_line' id='line_1_29' title="bbox 1986 1434 3700 1518; baseline 0.009 -31"><span class='ocrx_word' id='word_1_187' title='bbox 1986 1434 2093 1489; x_wconf 88' lang='lat' dir='ltr'><strong>fuit</strong></span> <span class='ocrx_word' id='word_1_188' title='bbox 2124 1436 2193 1489; x_wconf 91' lang='lat' dir='ltr'><strong>de</strong></span> <span class='ocrx_word' id='word_1_189' title='bbox 2222 1436 2418 1490; x_wconf 88' lang='lat' dir='ltr'><strong>futuro</strong></span> <span class='ocrx_word' id='word_1_190' title='bbox 2458 1439 2752 1507; x_wconf 87' lang='lat' dir='ltr'><strong>quondam</strong></span> <span class='ocrx_word' id='word_1_191' title='bbox 2812 1456 3138 1496; x_wconf 88' lang='lat' dir='ltr'><strong>successore</strong></span> <span class='ocrx_word' id='word_1_192' title='bbox 3168 1460 3295 1510; x_wconf 90' lang='lat' dir='ltr'><strong>suo,</strong></span> <span class='ocrx_word' id='word_1_193' title='bbox 3327 1448 3427 1516; x_wconf 90' lang='lat' dir='ltr'><strong>qui</strong></span> <span class='ocrx_word' id='word_1_194' title='bbox 3473 1464 3541 1501; x_wconf 89' lang='lat' dir='ltr'><strong>ea</strong></span> <span class='ocrx_word' id='word_1_195' title='bbox 3571 1464 3700 1518; x_wconf 81' lang='lat' dir='ltr'><strong>qua</strong></span> 
     </span>
    </p>
   </div>
   <div class='ocr_carea' id='block_1_30' title="bbox 1983 1524 3696 1605">
    <p class='ocr_par' dir='ltr' id='par_1_30' title="bbox 1983 1524 3696 1605">
     <span class='ocr_line' id='line_1_30' title="bbox 1983 1524 3696 1605; baseline 0.007 -28"><span class='ocrx_word' id='word_1_196' title='bbox 1983 1524 2105 1592; x_wconf 89' lang='lat' dir='ltr'><strong>ipse</strong></span> <span class='ocrx_word' id='word_1_197' title='bbox 2139 1541 2242 1593; x_wconf 90' lang='lat' dir='ltr'><strong>pro</strong></span> <span class='ocrx_word' id='word_1_198' title='bbox 2273 1525 2426 1579; x_wconf 92' lang='lat' dir='ltr'><strong>hono</strong></span> <span class='ocrx_word' id='word_1_199' title='bbox 2449 1528 2702 1581; x_wconf 85' lang='lat' dir='ltr'><strong>ecclesia</strong></span> <span class='ocrx_word' id='word_1_200' title='bbox 2756 1530 3189 1599; x_wconf 81' lang='lat' dir='ltr'><strong>Bambergensis</strong></span> <span class='ocrx_word' id='word_1_201' title='bbox 3248 1540 3399 1588; x_wconf 90' lang='lat' dir='ltr'><strong>recte</strong></span> <span class='ocrx_word' id='word_1_202' title='bbox 3426 1542 3696 1605; x_wconf 84' lang='lat' dir='ltr'><strong>coeperat,</strong></span> 
     </span>
    </p>
   </div>
   <div class='ocr_carea' id='block_1_31' title="bbox 129 1612 3700 1705">
    <p class='ocr_par' dir='ltr' id='par_1_31' title="bbox 129 1612 3700 1705">
     <span class='ocr_line' id='line_1_31' title="bbox 129 1612 3700 1705; baseline 0.001 -32"><span class='ocrx_word' id='word_1_203' title='bbox 129 1620 340 1674; x_wconf 82' lang='lat' dir='ltr'><strong>lissimi</strong></span> <span class='ocrx_word' id='word_1_204' title='bbox 395 1617 489 1671; x_wconf 90' lang='lat' dir='ltr'><strong>sui</strong></span> <span class='ocrx_word' id='word_1_205' title='bbox 545 1617 691 1671; x_wconf 85' lang='lat' dir='ltr'><strong>servi</strong></span> <span class='ocrx_word' id='word_1_206' title='bbox 746 1615 1037 1669; x_wconf 85' lang='lat' dir='ltr'><strong>conatibus</strong></span> <span class='ocrx_word' id='word_1_207' title='bbox 1079 1615 1327 1679; x_wconf 85' lang='lat' dir='ltr'><strong>favente,</strong></span> <span class='ocrx_word' id='word_1_208' title='bbox 1388 1618 1445 1667; x_wconf 91' lang='lat' dir='ltr'><strong>et</strong></span> <span class='ocrx_word' id='word_1_209' title='bbox 1498 1612 1869 1667; x_wconf 88' lang='lat' dir='ltr'><strong>evidentibus</strong></span> <span class='ocrx_word' id='word_1_210' title='bbox 1903 1653 1944 1705; x_wconf 76' lang='grc' dir='ltr'><strong>Β</strong></span> <span class='ocrx_word' id='word_1_211' title='bbox 1985 1618 2217 1667; x_wconf 87' lang='lat' dir='ltr'><strong>strenue</strong></span> <span class='ocrx_word' id='word_1_212' title='bbox 2274 1620 2397 1669; x_wconf 89' lang='lat' dir='ltr'><strong>erat</strong></span> <span class='ocrx_word' id='word_1_213' title='bbox 2450 1623 2877 1686; x_wconf 83' lang='lat' dir='ltr'><strong>prosecuturus.</strong></span> <span class='ocrx_word' id='word_1_214' title='bbox 2922 1620 3118 1673; x_wconf 80' lang='lat' dir='ltr'><strong>Refert</strong></span> <span class='ocrx_word' id='word_1_215' title='bbox 3170 1623 3508 1678; x_wconf 88' lang='lat' dir='ltr'><strong>vaticinium</strong></span> <span class='ocrx_word' id='word_1_216' title='bbox 3558 1625 3700 1677; x_wconf 89' lang='lat' dir='ltr'><strong>illud</strong></span> 
     </span>
    </p>
   </div>
   <div class='ocr_carea' id='block_1_32' title="bbox 129 1704 1280 1778">
    <p class='ocr_par' dir='ltr' id='par_1_32' title="bbox 129 1704 1280 1778">
     <span class='ocr_line' id='line_1_32' title="bbox 129 1704 1280 1778; baseline -0.003 -18"><span class='ocrx_word' id='word_1_217' title='bbox 129 1709 331 1778; x_wconf 78' lang='lat' dir='ltr'><strong>gratia</strong></span> <span class='ocrx_word' id='word_1_218' title='bbox 366 1705 581 1759; x_wconf 83' lang='lat' dir='ltr'><strong>divina</strong></span> <span class='ocrx_word' id='word_1_219' title='bbox 615 1704 889 1759; x_wconf 88' lang='lat' dir='ltr'><strong>subsidiis</strong></span> <span class='ocrx_word' id='word_1_220' title='bbox 915 1708 1280 1772; x_wconf 80' lang='lat' dir='ltr'><strong>cooperante.</strong></span> 
     </span>
    </p>
   </div>
   <div class='ocr_carea' id='block_1_33' title="bbox 198 1789 1867 1857">
    <p class='ocr_par' dir='ltr' id='par_1_33' title="bbox 198 1789 1867 1857">
     <span class='ocr_line' id='line_1_33' title="bbox 198 1789 1867 1857; baseline -0.002 -8"><span class='ocrx_word' id='word_1_221' title='bbox 198 1799 287 1851; x_wconf 66' lang='lat' dir='ltr'><strong>i3.</strong></span> <span class='ocrx_word' id='word_1_222' title='bbox 330 1815 363 1845; x_wconf 73' lang='grc' dir='ltr'><strong>ι(</strong></span> <span class='ocrx_word' id='word_1_223' title='bbox 429 1797 734 1857; x_wconf 78' lang='lat' dir='ltr'><strong>Praeterea,</strong></span> <span class='ocrx_word' id='word_1_224' title='bbox 796 1809 925 1845; x_wconf 89' lang='lat' dir='ltr'><strong>cum</strong></span> <span class='ocrx_word' id='word_1_225' title='bbox 968 1793 1072 1847; x_wconf 90' lang='lat' dir='ltr'><strong>sibi</strong></span> <span class='ocrx_word' id='word_1_226' title='bbox 1123 1810 1158 1845; x_wconf 91' lang='lat' dir='ltr'><strong>a</strong></span> <span class='ocrx_word' id='word_1_227' title='bbox 1213 1791 1269 1845; x_wconf 89' lang='lat' dir='ltr'><strong>S.</strong></span> <span class='ocrx_word' id='word_1_228' title='bbox 1338 1789 1599 1845; x_wconf 78' lang='lat' dir='ltr'><strong>Heinrico</strong></span> <span class='ocrx_word' id='word_1_229' title='bbox 1658 1793 1867 1846; x_wconf 90' lang='lat' dir='ltr'><strong>eturri</strong></span> 
     </span>
    </p>
   </div>
   <div class='ocr_carea' id='block_1_34' title="bbox 131 1878 1862 1951">
    <p class='ocr_par' dir='ltr' id='par_1_34' title="bbox 131 1878 1862 1951">
     <span class='ocr_line' id='line_1_34' title="bbox 131 1878 1862 1951; baseline -0.002 -12"><span class='ocrx_word' id='word_1_230' title='bbox 131 1902 300 1939; x_wconf 87' lang='lat' dir='ltr'><strong>manu</strong></span> <span class='ocrx_word' id='word_1_231' title='bbox 340 1889 658 1948; x_wconf 85' lang='lat' dir='ltr'><strong>annuente,</strong></span> <span class='ocrx_word' id='word_1_232' title='bbox 694 1881 1025 1935; x_wconf 82' lang='lat' dir='ltr'><strong>denuntiari</strong></span> <span class='ocrx_word' id='word_1_233' title='bbox 1054 1882 1323 1935; x_wconf 88' lang='lat' dir='ltr'><strong>crederet</strong></span> <span class='ocrx_word' id='word_1_234' title='bbox 1375 1878 1513 1932; x_wconf 90' lang='lat' dir='ltr'><strong>illud</strong></span> <span class='ocrx_word' id='word_1_235' title='bbox 1551 1880 1775 1951; x_wconf 84' lang='lat' dir='ltr'><strong>llegum</strong></span> <span class='ocrx_word' id='word_1_236' title='bbox 1808 1883 1862 1946; x_wconf 74' lang='grc'><strong>4,</strong></span> 
     </span>
    </p>
   </div>
   <div class='ocr_carea' id='block_1_35' title="bbox 130 1966 1866 2044">
    <p class='ocr_par' dir='ltr' id='par_1_35' title="bbox 130 1966 1866 2044">
     <span class='ocr_line' id='line_1_35' title="bbox 130 1966 1866 2044; baseline -0.004 -15"><span class='ocrx_word' id='word_1_237' title='bbox 130 1992 255 2044; x_wconf 75' lang='lat' dir='ltr'><strong>cap.</strong></span> <span class='ocrx_word' id='word_1_238' title='bbox 296 1976 375 2027; x_wconf 70' lang='lat'><strong>‘20</strong></span> <span class='ocrx_word' id='word_1_239' title='bbox 404 1989 416 2024; x_wconf 88' lang='lat'><strong>:</strong></span> <span class='ocrx_word' id='word_1_240' title='bbox 450 1989 478 2021; x_wconf 74' lang='grc' dir='ltr'><strong><em>α</em></strong></span> <span class='ocrx_word' id='word_1_241' title='bbox 512 1972 808 2041; x_wconf 82' lang='lat' dir='ltr'><strong>Pracipue</strong></span> <span class='ocrx_word' id='word_1_242' title='bbox 832 1970 1023 2023; x_wconf 90' lang='lat' dir='ltr'><strong>domui</strong></span> <span class='ocrx_word' id='word_1_243' title='bbox 1052 1976 1172 2023; x_wconf 84' lang='lat' dir='ltr'><strong>tua</strong></span> <span class='ocrx_word' id='word_1_244' title='bbox 1204 1984 1218 2033; x_wconf 93' lang='lat'><strong>;</strong></span> <span class='ocrx_word' id='word_1_245' title='bbox 1253 1966 1687 2022; x_wconf 89' lang='lat' dir='ltr'><strong>morierisenim</strong></span> <span class='ocrx_word' id='word_1_246' title='bbox 1717 1975 1773 2022; x_wconf 92' lang='lat' dir='ltr'><strong>tu</strong></span> <span class='ocrx_word' id='word_1_247' title='bbox 1809 1973 1866 2022; x_wconf 90' lang='lat' dir='ltr'><strong>et</strong></span> 
     </span>
    </p>
   </div>
   <div class='ocr_carea' id='block_1_36' title="bbox 132 2056 1865 2131">
    <p class='ocr_par' dir='ltr' id='par_1_36' title="bbox 132 2056 1865 2131">
     <span class='ocr_line' id='line_1_36' title="bbox 132 2056 1865 2131; baseline -0.004 -13"><span class='ocrx_word' id='word_1_248' title='bbox 132 2082 239 2118; x_wconf 89' lang='lat' dir='ltr'><strong>non</strong></span> <span class='ocrx_word' id='word_1_249' title='bbox 275 2063 449 2124; x_wconf 80' lang='lat' dir='ltr'><strong>vives,</strong></span> <span class='ocrx_word' id='word_1_250' title='bbox 478 2082 501 2110; x_wconf 76' lang='grc' dir='ltr'><strong><em>ι</em></strong></span> <span class='ocrx_word' id='word_1_251' title='bbox 552 2061 731 2131; x_wconf 80' lang='lat' dir='ltr'><strong>capit</strong></span> <span class='ocrx_word' id='word_1_252' title='bbox 785 2058 974 2112; x_wconf 90' lang='lat' dir='ltr'><strong>omnia</strong></span> <span class='ocrx_word' id='word_1_253' title='bbox 1021 2060 1131 2113; x_wconf 88' lang='lat' dir='ltr'><strong>rite</strong></span> <span class='ocrx_word' id='word_1_254' title='bbox 1178 2056 1477 2123; x_wconf 88' lang='lat' dir='ltr'><strong>ordinare,</strong></span> <span class='ocrx_word' id='word_1_255' title='bbox 1522 2058 1641 2108; x_wconf 90' lang='lat' dir='ltr'><strong>tam</strong></span> <span class='ocrx_word' id='word_1_256' title='bbox 1677 2057 1865 2126; x_wconf 88' lang='lat' dir='ltr'><strong>quoad</strong></span> 
     </span>
    </p>
   </div>
   <div class='ocr_carea' id='block_1_37' title="bbox 131 2146 1863 2223">
    <p class='ocr_par' dir='ltr' id='par_1_37' title="bbox 131 2146 1863 2223">
     <span class='ocr_line' id='line_1_37' title="bbox 131 2146 1863 2223; baseline -0.005 -16"><span class='ocrx_word' id='word_1_257' title='bbox 131 2152 459 2223; x_wconf 85' lang='lat' dir='ltr'><strong>temporalia</strong></span> <span class='ocrx_word' id='word_1_258' title='bbox 508 2166 695 2221; x_wconf 88' lang='lat' dir='ltr'><strong>quam</strong></span> <span class='ocrx_word' id='word_1_259' title='bbox 732 2147 918 2218; x_wconf 86' lang='lat' dir='ltr'><strong>quoad</strong></span> <span class='ocrx_word' id='word_1_260' title='bbox 965 2154 1183 2201; x_wconf 87' lang='lat' dir='ltr'><strong>statum</strong></span> <span class='ocrx_word' id='word_1_261' title='bbox 1221 2146 1429 2199; x_wconf 87' lang='lat' dir='ltr'><strong>anima</strong></span> <span class='ocrx_word' id='word_1_262' title='bbox 1462 2160 1599 2197; x_wconf 87' lang='lat' dir='ltr'><strong>sua.</strong></span> <span class='ocrx_word' id='word_1_263' title='bbox 1632 2146 1863 2199; x_wconf 85' lang='lat' dir='ltr'><strong>Peccata</strong></span> 
     </span>
    </p>
   </div>
   <div class='ocr_carea' id='block_1_38' title="bbox 134 2232 1866 2310">
    <p class='ocr_par' dir='ltr' id='par_1_38' title="bbox 134 2232 1866 2310">
     <span class='ocr_line' id='line_1_38' title="bbox 134 2232 1866 2310; baseline -0.006 -13"><span class='ocrx_word' id='word_1_264' title='bbox 134 2260 231 2295; x_wconf 84' lang='lat' dir='ltr'><strong>sua</strong></span> <span class='ocrx_word' id='word_1_265' title='bbox 260 2239 642 2310; x_wconf 85' lang='lat' dir='ltr'><strong>eleemosynis</strong></span> <span class='ocrx_word' id='word_1_266' title='bbox 702 2236 983 2291; x_wconf 84' lang='lat' dir='ltr'><strong>redimere</strong></span> <span class='ocrx_word' id='word_1_267' title='bbox 1014 2236 1284 2307; x_wconf 87' lang='lat' dir='ltr'><strong>cupiens,</strong></span> <span class='ocrx_word' id='word_1_268' title='bbox 1318 2235 1376 2287; x_wconf 90' lang='lat' dir='ltr'><strong>in</strong></span> <span class='ocrx_word' id='word_1_269' title='bbox 1421 2232 1615 2287; x_wconf 88' lang='lat' dir='ltr'><strong>omnia</strong></span> <span class='ocrx_word' id='word_1_270' title='bbox 1648 2235 1866 2303; x_wconf 89' lang='lat' dir='ltr'><strong>templa</strong></span> 
     </span>
    </p>
   </div>
   <div class='ocr_carea' id='block_1_39' title="bbox 137 2322 1864 2398">
    <p class='ocr_par' dir='ltr' id='par_1_39' title="bbox 137 2322 1864 2398">
     <span class='ocr_line' id='line_1_39' title="bbox 137 2322 1864 2398; baseline -0.005 -14"><span class='ocrx_word' id='word_1_271' title='bbox 137 2337 191 2384; x_wconf 85' lang='lat' dir='ltr'><strong>et</strong></span> <span class='ocrx_word' id='word_1_272' title='bbox 219 2329 563 2384; x_wconf 87' lang='lat' dir='ltr'><strong>monasteria</strong></span> <span class='ocrx_word' id='word_1_273' title='bbox 594 2341 927 2398; x_wconf 87' lang='lat' dir='ltr'><strong>pauperum</strong></span> <span class='ocrx_word' id='word_1_274' title='bbox 974 2326 1412 2395; x_wconf 77' lang='lat' dir='ltr'><strong>religiosorum,</strong></span> <span class='ocrx_word' id='word_1_275' title='bbox 1462 2323 1521 2375; x_wconf 91' lang='lat' dir='ltr'><strong>in</strong></span> <span class='ocrx_word' id='word_1_276' title='bbox 1552 2322 1864 2393; x_wconf 82' lang='lat' dir='ltr'><strong>hospitalia</strong></span> 
     </span>
    </p>
   </div>
   <div class='ocr_carea' id='block_1_40' title="bbox 137 2412 1857 2485">
    <p class='ocr_par' dir='ltr' id='par_1_40' title="bbox 137 2412 1857 2485">
     <span class='ocr_line' id='line_1_40' title="bbox 137 2412 1857 2485; baseline -0.005 -13"><span class='ocrx_word' id='word_1_277' title='bbox 137 2426 190 2473; x_wconf 78' lang='lat' dir='ltr'><strong>et</strong></span> <span class='ocrx_word' id='word_1_278' title='bbox 238 2418 571 2472; x_wconf 90' lang='lat' dir='ltr'><strong>nosocomia</strong></span> <span class='ocrx_word' id='word_1_279' title='bbox 630 2414 987 2485; x_wconf 79' lang='lat' dir='ltr'><strong>largissimas</strong></span> <span class='ocrx_word' id='word_1_280' title='bbox 1060 2415 1465 2483; x_wconf 82' lang='lat' dir='ltr'><strong>eleemosynas</strong></span> <span class='ocrx_word' id='word_1_281' title='bbox 1522 2412 1857 2465; x_wconf 86' lang='lat' dir='ltr'><strong>destinavit:</strong></span> 
     </span>
    </p>
   </div>
   <div class='ocr_carea' id='block_1_41' title="bbox 133 2499 1869 2577">
    <p class='ocr_par' dir='ltr' id='par_1_41' title="bbox 133 2499 1869 2577">
     <span class='ocr_line' id='line_1_41' title="bbox 133 2499 1869 2577; baseline -0.005 -17"><span class='ocrx_word' id='word_1_282' title='bbox 133 2508 258 2560; x_wconf 81' lang='lat' dir='ltr'><strong>aliis</strong></span> <span class='ocrx_word' id='word_1_283' title='bbox 339 2522 569 2577; x_wconf 88' lang='lat' dir='ltr'><strong>quoque</strong></span> <span class='ocrx_word' id='word_1_284' title='bbox 638 2502 853 2560; x_wconf 84' lang='lat' dir='ltr'><strong>Christi</strong></span> <span class='ocrx_word' id='word_1_285' title='bbox 935 2501 1289 2572; x_wconf 80' lang='lat' dir='ltr'><strong>pauperibus</strong></span> <span class='ocrx_word' id='word_1_286' title='bbox 1384 2499 1656 2570; x_wconf 90' lang='lat' dir='ltr'><strong>pecunias</strong></span> <span class='ocrx_word' id='word_1_287' title='bbox 1740 2499 1869 2552; x_wconf 88' lang='lat' dir='ltr'><strong>sine</strong></span> 
     </span>
    </p>
   </div>
   <div class='ocr_carea' id='block_1_42' title="bbox 136 2588 1862 2663">
    <p class='ocr_par' dir='ltr' id='par_1_42' title="bbox 136 2588 1862 2663">
     <span class='ocr_line' id='line_1_42' title="bbox 136 2588 1862 2663; baseline -0.005 -13"><span class='ocrx_word' id='word_1_288' title='bbox 136 2612 386 2650; x_wconf 91' lang='lat' dir='ltr'><strong>numero</strong></span> <span class='ocrx_word' id='word_1_289' title='bbox 451 2593 750 2663; x_wconf 90' lang='lat' dir='ltr'><strong>dispertiri</strong></span> <span class='ocrx_word' id='word_1_290' title='bbox 807 2592 1027 2644; x_wconf 87' lang='lat' dir='ltr'><strong>curavi.</strong></span> <span class='ocrx_word' id='word_1_291' title='bbox 1093 2591 1158 2643; x_wconf 84' lang='lat' dir='ltr'><strong>Et</strong></span> <span class='ocrx_word' id='word_1_292' title='bbox 1206 2593 1516 2659; x_wconf 87' lang='lat' dir='ltr'><strong>postquam</strong></span> <span class='ocrx_word' id='word_1_293' title='bbox 1570 2588 1862 2655; x_wconf 83' lang='lat' dir='ltr'><strong>Herbipoli</strong></span> 
     </span>
    </p>
   </div>
   <div class='ocr_carea' id='block_1_43' title="bbox 134 2677 1863 2755">
    <p class='ocr_par' dir='ltr' id='par_1_43' title="bbox 134 2677 1863 2755">
     <span class='ocr_line' id='line_1_43' title="bbox 134 2677 1863 2755; baseline -0.005 -17"><span class='ocrx_word' id='word_1_294' title='bbox 134 2690 269 2755; x_wconf 73' lang='lat' dir='ltr'><strong>{quo</strong></span> <span class='ocrx_word' id='word_1_295' title='bbox 328 2689 560 2753; x_wconf 88' lang='lat' dir='ltr'><strong>propter</strong></span> <span class='ocrx_word' id='word_1_296' title='bbox 618 2680 857 2751; x_wconf 86' lang='lat' dir='ltr'><strong>negotia</strong></span> <span class='ocrx_word' id='word_1_297' title='bbox 935 2686 1208 2749; x_wconf 89' lang='lat' dir='ltr'><strong>tanquam</strong></span> <span class='ocrx_word' id='word_1_298' title='bbox 1279 2677 1634 2747; x_wconf 78' lang='lat' dir='ltr'><strong>Prapositus</strong></span> <span class='ocrx_word' id='word_1_299' title='bbox 1709 2678 1863 2731; x_wconf 88' lang='lat' dir='ltr'><strong>illius</strong></span> 
     </span>
    </p>
   </div>
   <div class='ocr_carea' id='block_1_44' title="bbox 130 2766 1861 2835">
    <p class='ocr_par' dir='ltr' id='par_1_44' title="bbox 130 2766 1861 2835">
     <span class='ocr_line' id='line_1_44' title="bbox 130 2766 1861 2835; baseline -0.005 -9"><span class='ocrx_word' id='word_1_300' title='bbox 130 2771 396 2826; x_wconf 87' lang='lat' dir='ltr'><strong>ecclesia</strong></span> <span class='ocrx_word' id='word_1_301' title='bbox 463 2772 841 2835; x_wconf 85' lang='lat' dir='ltr'><strong>concesserat)</strong></span> <span class='ocrx_word' id='word_1_302' title='bbox 897 2768 958 2819; x_wconf 90' lang='lat' dir='ltr'><strong>in</strong></span> <span class='ocrx_word' id='word_1_303' title='bbox 1015 2769 1279 2820; x_wconf 90' lang='lat' dir='ltr'><strong>morbum</strong></span> <span class='ocrx_word' id='word_1_304' title='bbox 1367 2766 1684 2831; x_wconf 80' lang='lat' dir='ltr'><strong>incidisset,</strong></span> <span class='ocrx_word' id='word_1_305' title='bbox 1746 2770 1861 2819; x_wconf 90' lang='lat' dir='ltr'><strong>tam</strong></span> 
     </span>
    </p>
   </div>
   <div class='ocr_carea' id='block_1_45' title="bbox 131 2852 1859 2929">
    <p class='ocr_par' dir='ltr' id='par_1_45' title="bbox 131 2852 1859 2929">
     <span class='ocr_line' id='line_1_45' title="bbox 131 2852 1859 2929; baseline -0.005 -14"><span class='ocrx_word' id='word_1_306' title='bbox 131 2861 301 2928; x_wconf 88' lang='lat' dir='ltr'><strong>mihi,</strong></span> <span class='ocrx_word' id='word_1_307' title='bbox 338 2875 507 2929; x_wconf 87' lang='lat' dir='ltr'><strong>quam</strong></span> <span class='ocrx_word' id='word_1_308' title='bbox 538 2858 667 2911; x_wconf 87' lang='lat' dir='ltr'><strong>aliis</strong></span> <span class='ocrx_word' id='word_1_309' title='bbox 706 2862 830 2909; x_wconf 88' lang='lat' dir='ltr'><strong>toto</strong></span> <span class='ocrx_word' id='word_1_310' title='bbox 879 2855 1067 2908; x_wconf 89' lang='lat' dir='ltr'><strong>morbi</strong></span> <span class='ocrx_word' id='word_1_311' title='bbox 1125 2860 1388 2924; x_wconf 88' lang='lat' dir='ltr'><strong>tempore</strong></span> <span class='ocrx_word' id='word_1_312' title='bbox 1438 2852 1551 2922; x_wconf 87' lang='lat' dir='ltr'><strong>ipsi</strong></span> <span class='ocrx_word' id='word_1_313' title='bbox 1584 2853 1859 2908; x_wconf 66' lang='lat' dir='ltr'><strong>adstanti-</strong></span> 
     </span>
    </p>
   </div>
   <div class='ocr_carea' id='block_1_46' title="bbox 1975 2396 2394 2478">
    <p class='ocr_par' dir='ltr' id='par_1_46' title="bbox 1975 2396 2394 2478">
     <span class='ocr_line' id='line_1_46' title="bbox 1975 2396 2394 2478; baseline 0.005 -19"><span class='ocrx_word' id='word_1_314' title='bbox 1975 2396 2193 2473; x_wconf 86' lang='lat' dir='ltr'><strong>fuisset,</strong></span> <span class='ocrx_word' id='word_1_315' title='bbox 2265 2424 2394 2478; x_wconf 90' lang='lat' dir='ltr'><strong>ego,</strong></span> 
     </span>
    </p>
   </div>
   <div class='ocr_carea' id='block_1_47' title="bbox 1974 2495 3698 2569">
    <p class='ocr_par' dir='ltr' id='par_1_47' title="bbox 1974 2495 3698 2569">
     <span class='ocr_line' id='line_1_47' title="bbox 1974 2495 3698 2569; baseline 0.005 -20"><span class='ocrx_word' id='word_1_316' title='bbox 1974 2495 2259 2551; x_wconf 84' lang='lat' dir='ltr'><strong>Joannem</strong></span> <span class='ocrx_word' id='word_1_317' title='bbox 2314 2497 2709 2566; x_wconf 86' lang='lat' dir='ltr'><strong>Godefridum,</strong></span> <span class='ocrx_word' id='word_1_318' title='bbox 2773 2501 2872 2569; x_wconf 90' lang='lat' dir='ltr'><strong>qui</strong></span> <span class='ocrx_word' id='word_1_319' title='bbox 2932 2503 3349 2559; x_wconf 76' lang='lat' dir='ltr'><strong>nudiustertius</strong></span> <span class='ocrx_word' id='word_1_320' title='bbox 3406 2523 3471 2561; x_wconf 82' lang='lat' dir='ltr'><strong>ex</strong></span> <span class='ocrx_word' id='word_1_321' title='bbox 3503 2504 3698 2561; x_wconf 87' lang='lat' dir='ltr'><strong>Galliis</strong></span> 
     </span>
    </p>
   </div>
   <div class='ocr_carea' id='block_1_48' title="bbox 1975 2583 3692 2659">
    <p class='ocr_par' dir='ltr' id='par_1_48' title="bbox 1975 2583 3692 2659">
     <span class='ocr_line' id='line_1_48' title="bbox 1975 2583 3692 2659; baseline 0.007 -23"><span class='ocrx_word' id='word_1_322' title='bbox 1975 2583 2216 2638; x_wconf 89' lang='lat' dir='ltr'><strong>domum</strong></span> <span class='ocrx_word' id='word_1_323' title='bbox 2274 2586 2545 2652; x_wconf 90' lang='lat' dir='ltr'><strong>redierat,</strong></span> <span class='ocrx_word' id='word_1_324' title='bbox 2602 2587 2671 2640; x_wconf 90' lang='lat' dir='ltr'><strong>ad</strong></span> <span class='ocrx_word' id='word_1_325' title='bbox 2730 2605 2863 2642; x_wconf 86' lang='lat' dir='ltr'><strong>eum</strong></span> <span class='ocrx_word' id='word_1_326' title='bbox 2924 2590 2983 2643; x_wconf 94' lang='lat' dir='ltr'><strong>in</strong></span> <span class='ocrx_word' id='word_1_327' title='bbox 3044 2593 3187 2646; x_wconf 80' lang='lat' dir='ltr'><strong>lecto</strong></span> <span class='ocrx_word' id='word_1_328' title='bbox 3233 2594 3692 2659; x_wconf 85' lang='lat' dir='ltr'><strong>decumbentem,</strong></span> 
     </span>
    </p>
   </div>
   <div class='ocr_carea' id='block_1_49' title="bbox 1984 1702 3701 1771">
    <p class='ocr_par' dir='ltr' id='par_1_49' title="bbox 1984 1702 3701 1771">
     <span class='ocr_line' id='line_1_49' title="bbox 1984 1702 3701 1771; baseline 0.006 -18"><span class='ocrx_word' id='word_1_329' title='bbox 1984 1702 2195 1771; x_wconf 75' lang='lat' dir='ltr'><strong>sapius</strong></span> <span class='ocrx_word' id='word_1_330' title='bbox 2255 1703 2519 1758; x_wconf 89' lang='lat' dir='ltr'><strong>laudatus</strong></span> <span class='ocrx_word' id='word_1_331' title='bbox 2578 1706 2895 1759; x_wconf 83' lang='lat' dir='ltr'><strong>Fridericus</strong></span> <span class='ocrx_word' id='word_1_332' title='bbox 2954 1709 3234 1762; x_wconf 86' lang='lat' dir='ltr'><strong>Fornerus</strong></span> <span class='ocrx_word' id='word_1_333' title='bbox 3265 1711 3325 1764; x_wconf 92' lang='lat' dir='ltr'><strong>in</strong></span> <span class='ocrx_word' id='word_1_334' title='bbox 3383 1712 3553 1765; x_wconf 87' lang='lat' dir='ltr'><strong>citato</strong></span> <span class='ocrx_word' id='word_1_335' title='bbox 3592 1716 3701 1764; x_wconf 85' lang='lat' dir='ltr'><strong>tra-</strong></span> 
     </span>
    </p>
   </div>
   <div class='ocr_carea' id='block_1_50' title="bbox 1982 1793 3700 1864">
    <p class='ocr_par' dir='ltr' id='par_1_50' title="bbox 1982 1793 3700 1864">
     <span class='ocr_line' id='line_1_50' title="bbox 1982 1793 3700 1864; baseline 0.006 -22"><span class='ocrx_word' id='word_1_336' title='bbox 1982 1795 2156 1853; x_wconf 88' lang='lat' dir='ltr'><strong>ctatu,</strong></span> <span class='ocrx_word' id='word_1_337' title='bbox 2234 1793 2347 1845; x_wconf 82' lang='lat' dir='ltr'><strong>Duo</strong></span> <span class='ocrx_word' id='word_1_338' title='bbox 2421 1794 2639 1860; x_wconf 81' lang='lat' dir='ltr'><strong>specula</strong></span> <span class='ocrx_word' id='word_1_339' title='bbox 2724 1796 3000 1864; x_wconf 79' lang='lat' dir='ltr'><strong>Principis</strong></span> <span class='ocrx_word' id='word_1_340' title='bbox 3075 1800 3447 1862; x_wconf 78' lang='lat' dir='ltr'><strong>ecclesiastici,</strong></span> <span class='ocrx_word' id='word_1_341' title='bbox 3518 1805 3574 1853; x_wconf 92' lang='lat' dir='ltr'><strong>et</strong></span> <span class='ocrx_word' id='word_1_342' title='bbox 3639 1799 3700 1853; x_wconf 93' lang='lat' dir='ltr'>in</span> 
     </span>
    </p>
   </div>
   <div class='ocr_carea' id='block_1_51' title="bbox 1980 1878 3699 1942">
    <p class='ocr_par' dir='ltr' id='par_1_51' title="bbox 1980 1878 3699 1942">
     <span class='ocr_line' id='line_1_51' title="bbox 1980 1878 3699 1942; baseline 0.006 -12"><span class='ocrx_word' id='word_1_343' title='bbox 1980 1878 2255 1932; x_wconf 89' lang='lat' dir='ltr'><strong>concione</strong></span> <span class='ocrx_word' id='word_1_344' title='bbox 2312 1882 2562 1933; x_wconf 88' lang='lat' dir='ltr'><strong>secunda</strong></span> <span class='ocrx_word' id='word_1_345' title='bbox 2623 1883 2851 1937; x_wconf 80' lang='lat' dir='ltr'><strong>funebri</strong></span> <span class='ocrx_word' id='word_1_346' title='bbox 2904 1884 2973 1937; x_wconf 94' lang='lat' dir='ltr'><strong>de</strong></span> <span class='ocrx_word' id='word_1_347' title='bbox 3019 1886 3238 1941; x_wconf 84' lang='lat' dir='ltr'><strong>Joanne</strong></span> <span class='ocrx_word' id='word_1_348' title='bbox 3301 1888 3606 1942; x_wconf 84' lang='lat' dir='ltr'><strong>Godefrido</strong></span> <span class='ocrx_word' id='word_1_349' title='bbox 3629 1887 3699 1941; x_wconf 88' lang='lat' dir='ltr'><strong>ab</strong></span> 
     </span>
    </p>
   </div>
   <div class='ocr_carea' id='block_1_52' title="bbox 1978 1969 3099 2038">
    <p class='ocr_par' dir='ltr' id='par_1_52' title="bbox 1978 1969 3099 2038">
     <span class='ocr_line' id='line_1_52' title="bbox 1978 1969 3099 2038; baseline 0.005 -17"><span class='ocrx_word' id='word_1_350' title='bbox 1978 1969 2327 2031; x_wconf 80' lang='lat' dir='ltr'><strong>Aschausen,</strong></span> <span class='ocrx_word' id='word_1_351' title='bbox 2362 1984 2494 2038; x_wconf 89' lang='lat' dir='ltr'><strong>pag.</strong></span> <span class='ocrx_word' id='word_1_352' title='bbox 2526 1971 2617 2035; x_wconf 88' lang='lat'><strong>60,</strong></span> <span class='ocrx_word' id='word_1_353' title='bbox 2643 1971 2741 2024; x_wconf 89' lang='lat' dir='ltr'><strong>ubi</strong></span> <span class='ocrx_word' id='word_1_354' title='bbox 2774 1972 2852 2025; x_wconf 88' lang='lat' dir='ltr'><strong>sic</strong></span> <span class='ocrx_word' id='word_1_355' title='bbox 2877 1971 3099 2027; x_wconf 87' lang='lat' dir='ltr'><strong>scribit:</strong></span> 
     </span>
    </p>
   </div>
   <div class='ocr_carea' id='block_1_53' title="bbox 2051 2055 3697 2119">
    <p class='ocr_par' dir='ltr' id='par_1_53' title="bbox 2051 2055 3697 2119">
     <span class='ocr_line' id='line_1_53' title="bbox 2051 2055 3697 2119; baseline 0.006 -12"><span class='ocrx_word' id='word_1_356' title='bbox 2051 2055 2137 2108; x_wconf 65' lang='grc'><strong>46.</strong></span> <span class='ocrx_word' id='word_1_357' title='bbox 2166 2074 2193 2105; x_wconf 91' lang='grc'><strong>‹‹</strong></span> <span class='ocrx_word' id='word_1_358' title='bbox 2226 2056 2367 2109; x_wconf 87' lang='lat' dir='ltr'><strong>Cum</strong></span> <span class='ocrx_word' id='word_1_359' title='bbox 2410 2057 2836 2111; x_wconf 87' lang='lat' dir='ltr'><strong>Illustrissimus</strong></span> <span class='ocrx_word' id='word_1_360' title='bbox 2867 2065 2922 2113; x_wconf 89' lang='lat' dir='ltr'><strong>et</strong></span> <span class='ocrx_word' id='word_1_361' title='bbox 2963 2061 3492 2119; x_wconf 81' lang='lat' dir='ltr'><strong>Reverendissimus</strong></span> <span class='ocrx_word' id='word_1_362' title='bbox 3524 2066 3697 2118; x_wconf 86' lang='lat' dir='ltr'><strong>Bam-</strong></span> 
     </span>
    </p>
   </div>
   <div class='ocr_carea' id='block_1_54' title="bbox 1976 2140 3699 2217">
    <p class='ocr_par' dir='ltr' id='par_1_54' title="bbox 1976 2140 3699 2217">
     <span class='ocr_line' id='line_1_54' title="bbox 1976 2140 3699 2217; baseline 0.006 -24"><span class='ocrx_word' id='word_1_363' title='bbox 1976 2140 2271 2211; x_wconf 87' lang='lat' dir='ltr'><strong>hergensis</strong></span> <span class='ocrx_word' id='word_1_364' title='bbox 2329 2144 2634 2214; x_wconf 90' lang='lat' dir='ltr'><strong>episcopus</strong></span> <span class='ocrx_word' id='word_1_365' title='bbox 2704 2147 3053 2217; x_wconf 85' lang='lat' dir='ltr'><strong>Nythardus,</strong></span> <span class='ocrx_word' id='word_1_366' title='bbox 3107 2152 3519 2207; x_wconf 88' lang='lat' dir='ltr'><strong>laudatissima</strong></span> <span class='ocrx_word' id='word_1_367' title='bbox 3577 2167 3699 2205; x_wconf 85' lang='lat' dir='ltr'><strong>nie-</strong></span> 
     </span>
    </p>
   </div>
   <div class='ocr_carea' id='block_1_55' title="bbox 1977 2230 3696 2310">
    <p class='ocr_par' dir='ltr' id='par_1_55' title="bbox 1977 2230 3696 2310">
     <span class='ocr_line' id='line_1_55' title="bbox 1977 2230 3696 2310; baseline 0.006 -28"><span class='ocrx_word' id='word_1_368' title='bbox 1977 2230 2199 2291; x_wconf 88' lang='lat' dir='ltr'><strong>moria,</strong></span> <span class='ocrx_word' id='word_1_369' title='bbox 2232 2247 2385 2285; x_wconf 89' lang='lat' dir='ltr'><strong>anno</strong></span> <span class='ocrx_word' id='word_1_370' title='bbox 2419 2247 2657 2286; x_wconf 72' lang='lat' dir='ltr'><strong>uoxcvm</strong></span> <span class='ocrx_word' id='word_1_371' title='bbox 2713 2234 2770 2287; x_wconf 91' lang='lat' dir='ltr'><strong>in</strong></span> <span class='ocrx_word' id='word_1_372' title='bbox 2830 2235 2953 2304; x_wconf 90' lang='lat' dir='ltr'><strong>ipsa</strong></span> <span class='ocrx_word' id='word_1_373' title='bbox 3007 2236 3061 2291; x_wconf 91' lang='lat' dir='ltr'><strong>S.</strong></span> <span class='ocrx_word' id='word_1_374' title='bbox 3116 2238 3391 2310; x_wconf 88' lang='lat' dir='ltr'><strong>Stephani</strong></span> <span class='ocrx_word' id='word_1_375' title='bbox 3421 2240 3696 2294; x_wconf 87' lang='lat' dir='ltr'><strong>festivita-</strong></span> 
     </span>
    </p>
   </div>
   <div class='ocr_carea' id='block_1_56' title="bbox 1976 2320 3697 2389">
    <p class='ocr_par' dir='ltr' id='par_1_56' title="bbox 1976 2320 3697 2389">
     <span class='ocr_line' id='line_1_56' title="bbox 1976 2320 3697 2389; baseline 0.006 -19"><span class='ocrx_word' id='word_1_376' title='bbox 1976 2322 2052 2381; x_wconf 90' lang='lat' dir='ltr'><strong>te,</strong></span> <span class='ocrx_word' id='word_1_377' title='bbox 2087 2320 2288 2389; x_wconf 87' lang='lat' dir='ltr'><strong>quain</strong></span> <span class='ocrx_word' id='word_1_378' title='bbox 2340 2320 2479 2373; x_wconf 84' lang='lat' dir='ltr'><strong>vivis</strong></span> <span class='ocrx_word' id='word_1_379' title='bbox 2510 2337 2634 2374; x_wconf 87' lang='lat' dir='ltr'><strong>esse</strong></span> <span class='ocrx_word' id='word_1_380' title='bbox 2691 2322 2882 2388; x_wconf 81' lang='lat' dir='ltr'><strong>desiit,</strong></span> <span class='ocrx_word' id='word_1_381' title='bbox 2942 2341 3113 2380; x_wconf 88' lang='lat' dir='ltr'><strong>mane</strong></span> <span class='ocrx_word' id='word_1_382' title='bbox 3181 2330 3460 2383; x_wconf 88' lang='lat' dir='ltr'><strong>sacriﬁcio</strong></span> <span class='ocrx_word' id='word_1_383' title='bbox 3516 2328 3697 2381; x_wconf 86' lang='lat' dir='ltr'><strong>inter-</strong></span> 
     </span>
    </p>
   </div>
   <div class='ocr_carea' id='block_1_57' title="bbox 2484 2409 3697 2484">
    <p class='ocr_par' dir='ltr' id='par_1_57' title="bbox 2484 2409 3697 2484">
     <span class='ocr_line' id='line_1_57' title="bbox 2484 2409 3697 2484; baseline 0.007 -23"><span class='ocrx_word' id='word_1_384' title='bbox 2484 2409 2582 2479; x_wconf 91' lang='lat' dir='ltr'><strong>qui</strong></span> <span class='ocrx_word' id='word_1_385' title='bbox 2649 2410 2703 2464; x_wconf 88' lang='lat' dir='ltr'><strong>ei</strong></span> <span class='ocrx_word' id='word_1_386' title='bbox 2787 2428 3016 2483; x_wconf 87' lang='lat' dir='ltr'><strong>semper</strong></span> <span class='ocrx_word' id='word_1_387' title='bbox 3100 2416 3353 2484; x_wconf 90' lang='lat' dir='ltr'><strong>aderam,</strong></span> <span class='ocrx_word' id='word_1_388' title='bbox 3434 2421 3697 2471; x_wconf 89' lang='lat' dir='ltr'><strong>nostrum</strong></span> 
     </span>
    </p>
   </div>
   <div class='ocr_carea' id='block_1_58' title="bbox 1976 2672 3701 2753">
    <p class='ocr_par' dir='ltr' id='par_1_58' title="bbox 1976 2672 3701 2753">
     <span class='ocr_line' id='line_1_58' title="bbox 1976 2672 3701 2753; baseline 0.007 -28"><span class='ocrx_word' id='word_1_389' title='bbox 1976 2672 2175 2725; x_wconf 88' lang='lat' dir='ltr'><strong>multis</strong></span> <span class='ocrx_word' id='word_1_390' title='bbox 2208 2674 2609 2743; x_wconf 89' lang='lat' dir='ltr'><strong>prasentibus,</strong></span> <span class='ocrx_word' id='word_1_391' title='bbox 2646 2674 2945 2732; x_wconf 85' lang='lat' dir='ltr'><strong>introduxi</strong></span> <span class='ocrx_word' id='word_1_392' title='bbox 2972 2696 2985 2733; x_wconf 88' lang='lat'><strong>:</strong></span> <span class='ocrx_word' id='word_1_393' title='bbox 3008 2697 3179 2750; x_wconf 83' lang='lat' dir='ltr'><strong>quem</strong></span> <span class='ocrx_word' id='word_1_394' title='bbox 3209 2699 3336 2737; x_wconf 89' lang='lat' dir='ltr'><strong>cum</strong></span> <span class='ocrx_word' id='word_1_395' title='bbox 3376 2684 3701 2753; x_wconf 84' lang='lat' dir='ltr'><strong>ingredien-</strong></span> 
     </span>
    </p>
   </div>
   <div class='ocr_carea' id='block_1_59' title="bbox 1976 2763 3693 2838">
    <p class='ocr_par' dir='ltr' id='par_1_59' title="bbox 1976 2763 3693 2838">
     <span class='ocr_line' id='line_1_59' title="bbox 1976 2763 3693 2838; baseline 0.006 -23"><span class='ocrx_word' id='word_1_396' title='bbox 1976 2767 2090 2815; x_wconf 90' lang='lat' dir='ltr'><strong>tem</strong></span> <span class='ocrx_word' id='word_1_397' title='bbox 2122 2763 2529 2832; x_wconf 85' lang='lat' dir='ltr'><strong>conspexisset,</strong></span> <span class='ocrx_word' id='word_1_398' title='bbox 2584 2764 2650 2817; x_wconf 90' lang='lat' dir='ltr'><strong>ad</strong></span> <span class='ocrx_word' id='word_1_399' title='bbox 2722 2782 2812 2819; x_wconf 89' lang='lat' dir='ltr'><strong>me</strong></span> <span class='ocrx_word' id='word_1_400' title='bbox 2871 2783 3227 2826; x_wconf 87' lang='lat' dir='ltr'><strong>conversus:</strong></span> <span class='ocrx_word' id='word_1_401' title='bbox 3295 2772 3693 2838; x_wconf 79' lang='lat' dir='ltr'><strong>Qualemnam,</strong></span> 
     </span>
    </p>
   </div>
   <div class='ocr_carea' id='block_1_60' title="bbox 1976 2850 3693 2931">
    <p class='ocr_par' dir='ltr' id='par_1_60' title="bbox 1976 2850 3693 2931">
     <span class='ocr_line' id='line_1_60' title="bbox 1976 2850 3693 2931; baseline 0.007 -28"><span class='ocrx_word' id='word_1_402' title='bbox 1976 2850 2273 2920; x_wconf 89' lang='lat' dir='ltr'><strong>inquiens,</strong></span> <span class='ocrx_word' id='word_1_403' title='bbox 2332 2850 2667 2921; x_wconf 88' lang='lat' dir='ltr'><strong>episcopum</strong></span> <span class='ocrx_word' id='word_1_404' title='bbox 2730 2854 2874 2909; x_wconf 89' lang='lat' dir='ltr'><strong>mihi</strong></span> <span class='ocrx_word' id='word_1_405' title='bbox 2917 2858 3157 2912; x_wconf 89' lang='lat' dir='ltr'><strong>adducis</strong></span> <span class='ocrx_word' id='word_1_406' title='bbox 3184 2862 3212 2914; x_wconf 87' lang='lat'><strong><em>?</em></strong></span> <span class='ocrx_word' id='word_1_407' title='bbox 3244 2862 3358 2931; x_wconf 87' lang='lat' dir='ltr'><strong>Ego</strong></span> <span class='ocrx_word' id='word_1_408' title='bbox 3403 2862 3529 2916; x_wconf 89' lang='lat' dir='ltr'><strong>illi:</strong></span> <span class='ocrx_word' id='word_1_409' title='bbox 3563 2863 3693 2916; x_wconf 91' lang='lat' dir='ltr'><strong>lllu-</strong></span> 
     </span>
    </p>
   </div>
   <div class='ocr_carea' id='block_1_61' title="bbox 129 2932 3693 3015">
    <p class='ocr_par' dir='ltr' id='par_1_61' title="bbox 129 2932 3693 3015">
     <span class='ocr_line' id='line_1_61' title="bbox 129 2932 3693 3015; baseline -0.001 -11"><span class='ocrx_word' id='word_1_410' title='bbox 129 2950 255 3015; x_wconf 82' lang='lat' dir='ltr'><strong>bus,</strong></span> <span class='ocrx_word' id='word_1_411' title='bbox 307 2949 546 3002; x_wconf 87' lang='lat' dir='ltr'><strong>liberam</strong></span> <span class='ocrx_word' id='word_1_412' title='bbox 586 2948 655 3001; x_wconf 90' lang='lat' dir='ltr'><strong>de</strong></span> <span class='ocrx_word' id='word_1_413' title='bbox 689 2944 965 2997; x_wconf 90' lang='lat' dir='ltr'><strong>omnibus</strong></span> <span class='ocrx_word' id='word_1_414' title='bbox 1026 2943 1184 2997; x_wconf 89' lang='lat' dir='ltr'><strong>bonis</strong></span> <span class='ocrx_word' id='word_1_415' title='bbox 1236 2942 1382 3006; x_wconf 89' lang='lat' dir='ltr'><strong>suis,</strong></span> <span class='ocrx_word' id='word_1_416' title='bbox 1432 2942 1492 2994; x_wconf 89' lang='lat' dir='ltr'><strong>in</strong></span> <span class='ocrx_word' id='word_1_417' title='bbox 1523 2942 1774 3007; x_wconf 85' lang='lat' dir='ltr'><strong>horreis,</strong></span> <span class='ocrx_word' id='word_1_418' title='bbox 1804 2941 1863 2996; x_wconf 89' lang='lat' dir='ltr'><strong>in</strong></span> <span class='ocrx_word' id='word_1_419' title='bbox 1899 2932 1940 2985; x_wconf 70' lang='grc' dir='ltr'>Ο</span> <span class='ocrx_word' id='word_1_420' title='bbox 1980 2937 2256 2990; x_wconf 73' lang='lat' dir='ltr'><strong>StriSSime</strong></span> <span class='ocrx_word' id='word_1_421' title='bbox 2317 2939 2580 3003; x_wconf 82' lang='lat' dir='ltr'><strong>Domine,</strong></span> <span class='ocrx_word' id='word_1_422' title='bbox 2646 2946 2730 2994; x_wconf 86' lang='lat' dir='ltr'><strong>est</strong></span> <span class='ocrx_word' id='word_1_423' title='bbox 2778 2943 3013 3011; x_wconf 85' lang='lat' dir='ltr'><strong>juvenis</strong></span> <span class='ocrx_word' id='word_1_424' title='bbox 3067 2948 3385 3002; x_wconf 88' lang='lat' dir='ltr'><strong>Canonicus</strong></span> <span class='ocrx_word' id='word_1_425' title='bbox 3443 2951 3693 3003; x_wconf 81' lang='lat' dir='ltr'><strong>Joannes</strong></span> 
     </span>
    </p>
   </div>
   <div class='ocr_carea' id='block_1_62' title="bbox 132 3031 1860 3110">
    <p class='ocr_par' dir='ltr' id='par_1_62' title="bbox 132 3031 1860 3110">
     <span class='ocr_line' id='line_1_62' title="bbox 132 3031 1860 3110; baseline -0.006 -17"><span class='ocrx_word' id='word_1_426' title='bbox 132 3037 455 3110; x_wconf 85' lang='lat' dir='ltr'><strong>penuariis,</strong></span> <span class='ocrx_word' id='word_1_427' title='bbox 491 3037 547 3088; x_wconf 88' lang='lat' dir='ltr'><strong>in</strong></span> <span class='ocrx_word' id='word_1_428' title='bbox 592 3050 704 3088; x_wconf 82' lang='lat' dir='ltr'><strong>are</strong></span> <span class='ocrx_word' id='word_1_429' title='bbox 765 3031 1060 3102; x_wconf 79' lang='lat' dir='ltr'><strong>praesenti,</strong></span> <span class='ocrx_word' id='word_1_430' title='bbox 1120 3046 1528 3101; x_wconf 89' lang='lat' dir='ltr'><strong>quascumque</strong></span> <span class='ocrx_word' id='word_1_431' title='bbox 1562 3032 1860 3090; x_wconf 84' lang='lat' dir='ltr'><strong>vellemus,</strong></span> 
     </span>
    </p>
   </div>
   <div class='ocr_carea' id='block_1_63' title="bbox 129 3119 1861 3194">
    <p class='ocr_par' dir='ltr' id='par_1_63' title="bbox 129 3119 1861 3194">
     <span class='ocr_line' id='line_1_63' title="bbox 129 3119 1861 3194; baseline -0.009 -11"><span class='ocrx_word' id='word_1_432' title='bbox 129 3131 531 3194; x_wconf 85' lang='lat' dir='ltr'><strong>eleemosynas</strong></span> <span class='ocrx_word' id='word_1_433' title='bbox 567 3124 637 3177; x_wconf 88' lang='lat' dir='ltr'><strong>ad</strong></span> <span class='ocrx_word' id='word_1_434' title='bbox 694 3121 927 3175; x_wconf 91' lang='lat' dir='ltr'><strong>libitum</strong></span> <span class='ocrx_word' id='word_1_435' title='bbox 986 3124 1244 3173; x_wconf 89' lang='lat' dir='ltr'><strong>nostrum</strong></span> <span class='ocrx_word' id='word_1_436' title='bbox 1311 3132 1419 3187; x_wconf 87' lang='lat' dir='ltr'><strong>pro</strong></span> <span class='ocrx_word' id='word_1_437' title='bbox 1478 3119 1681 3172; x_wconf 88' lang='lat' dir='ltr'><strong>anima</strong></span> <span class='ocrx_word' id='word_1_438' title='bbox 1739 3134 1861 3180; x_wconf 84' lang='lat' dir='ltr'><strong>sua,</strong></span> 
     </span>
    </p>
   </div>
   <div class='ocr_carea' id='block_1_64' title="bbox 131 3204 1862 3289">
    <p class='ocr_par' dir='ltr' id='par_1_64' title="bbox 131 3204 1862 3289">
     <span class='ocr_line' id='line_1_64' title="bbox 131 3204 1862 3289; baseline -0.013 -18"><span class='ocrx_word' id='word_1_439' title='bbox 131 3214 489 3289; x_wconf 86' lang='lat' dir='ltr'><strong>pauperibus</strong></span> <span class='ocrx_word' id='word_1_440' title='bbox 549 3217 604 3265; x_wconf 90' lang='lat' dir='ltr'><strong>et</strong></span> <span class='ocrx_word' id='word_1_441' title='bbox 679 3210 817 3263; x_wconf 92' lang='lat' dir='ltr'><strong>locis</strong></span> <span class='ocrx_word' id='word_1_442' title='bbox 874 3206 988 3277; x_wconf 90' lang='lat' dir='ltr'><strong>piis</strong></span> <span class='ocrx_word' id='word_1_443' title='bbox 1067 3204 1454 3276; x_wconf 88' lang='lat' dir='ltr'><strong>dispertiendi</strong></span> <span class='ocrx_word' id='word_1_444' title='bbox 1536 3207 1862 3262; x_wconf 65' lang='lat' dir='ltr'><strong>facultatem</strong></span> 
     </span>
    </p>
   </div>
   <div class='ocr_carea' id='block_1_65' title="bbox 131 3292 1863 3368">
    <p class='ocr_par' dir='ltr' id='par_1_65' title="bbox 131 3292 1863 3368">
     <span class='ocr_line' id='line_1_65' title="bbox 131 3292 1863 3368; baseline -0.007 -8"><span class='ocrx_word' id='word_1_445' title='bbox 131 3302 439 3366; x_wconf 76' lang='lat' dir='ltr'><strong>concessit,</strong></span> <span class='ocrx_word' id='word_1_446' title='bbox 479 3301 598 3354; x_wconf 83' lang='lat' dir='ltr'><strong>hac</strong></span> <span class='ocrx_word' id='word_1_447' title='bbox 660 3314 813 3368; x_wconf 83' lang='lat' dir='ltr'><strong>sape</strong></span> <span class='ocrx_word' id='word_1_448' title='bbox 874 3297 1086 3349; x_wconf 82' lang='lat' dir='ltr'><strong>iterans</strong></span> <span class='ocrx_word' id='word_1_449' title='bbox 1135 3295 1362 3348; x_wconf 89' lang='lat' dir='ltr'><strong>verba:</strong></span> <span class='ocrx_word' id='word_1_450' title='bbox 1415 3292 1712 3366; x_wconf 86' lang='lat' dir='ltr'><strong>Quidquid</strong></span> <span class='ocrx_word' id='word_1_451' title='bbox 1759 3311 1863 3365; x_wconf 90' lang='lat' dir='ltr'><strong>pro</strong></span> 
     </span>
    </p>
   </div>
   <div class='ocr_carea' id='block_1_66' title="bbox 133 3380 1862 3456">
    <p class='ocr_par' dir='ltr' id='par_1_66' title="bbox 133 3380 1862 3456">
     <span class='ocr_line' id='line_1_66' title="bbox 133 3380 1862 3456; baseline -0.006 -8"><span class='ocrx_word' id='word_1_452' title='bbox 133 3396 338 3448; x_wconf 81' lang='lat' dir='ltr'><strong>anima</strong></span> <span class='ocrx_word' id='word_1_453' title='bbox 370 3406 496 3444; x_wconf 88' lang='lat' dir='ltr'><strong>mea</strong></span> <span class='ocrx_word' id='word_1_454' title='bbox 526 3390 1027 3456; x_wconf 84' lang='lat' dir='ltr'><strong>eleemosynarum</strong></span> <span class='ocrx_word' id='word_1_455' title='bbox 1076 3380 1477 3454; x_wconf 85' lang='lat' dir='ltr'><strong>erogaveritis,</strong></span> <span class='ocrx_word' id='word_1_456' title='bbox 1536 3402 1643 3455; x_wconf 89' lang='lat' dir='ltr'><strong>ego</strong></span> <span class='ocrx_word' id='word_1_457' title='bbox 1676 3389 1862 3437; x_wconf 89' lang='lat' dir='ltr'><strong>ratum</strong></span> 
     </span>
    </p>
   </div>
   <div class='ocr_carea' id='block_1_67' title="bbox 136 3481 389 3537">
    <p class='ocr_par' dir='ltr' id='par_1_67' title="bbox 136 3481 389 3537">
     <span class='ocr_line' id='line_1_67' title="bbox 136 3481 389 3537; baseline -0.02 0"><span class='ocrx_word' id='word_1_458' title='bbox 136 3481 389 3537; x_wconf 83' lang='lat' dir='ltr'><strong>habebo.</strong></span> 
     </span>
    </p>
   </div>
   <div class='ocr_carea' id='block_1_68' title="bbox 206 3556 1865 3636">
    <p class='ocr_par' dir='ltr' id='par_1_68' title="bbox 206 3556 1865 3636">
     <span class='ocr_line' id='line_1_68' title="bbox 206 3556 1865 3636; baseline -0.008 -11"><span class='ocrx_word' id='word_1_459' title='bbox 206 3570 315 3626; x_wconf 62' lang='lat' dir='ltr'><strong>ss.</strong></span> <span class='ocrx_word' id='word_1_460' title='bbox 358 3591 384 3613; x_wconf 72' lang='grc' dir='ltr'><strong>κ</strong></span> <span class='ocrx_word' id='word_1_461' title='bbox 416 3566 589 3636; x_wconf 90' lang='lat' dir='ltr'><strong>quue</strong></span> <span class='ocrx_word' id='word_1_462' title='bbox 618 3561 1005 3635; x_wconf 86' lang='lat' dir='ltr'><strong>prasentibus</strong></span> <span class='ocrx_word' id='word_1_463' title='bbox 1050 3559 1222 3614; x_wconf 88' lang='lat' dir='ltr'><strong>etiam</strong></span> <span class='ocrx_word' id='word_1_464' title='bbox 1254 3556 1515 3615; x_wconf 85' lang='lat' dir='ltr'><strong>ecclesiae</strong></span> <span class='ocrx_word' id='word_1_465' title='bbox 1547 3559 1865 3630; x_wconf 88' lang='lat' dir='ltr'><strong>imperialis</strong></span> 
     </span>
    </p>
   </div>
   <div class='ocr_carea' id='block_1_69' title="bbox 144 3646 1865 3724">
    <p class='ocr_par' dir='ltr' id='par_1_69' title="bbox 144 3646 1865 3724">
     <span class='ocr_line' id='line_1_69' title="bbox 144 3646 1865 3724; baseline -0.007 -11"><span class='ocrx_word' id='word_1_466' title='bbox 144 3654 584 3724; x_wconf 85' lang='lat' dir='ltr'><strong>Bambergensis</strong></span> <span class='ocrx_word' id='word_1_467' title='bbox 612 3653 840 3708; x_wconf 89' lang='lat' dir='ltr'><strong>duobus</strong></span> <span class='ocrx_word' id='word_1_468' title='bbox 882 3648 1160 3715; x_wconf 86' lang='lat' dir='ltr'><strong>Pralatis,</strong></span> <span class='ocrx_word' id='word_1_469' title='bbox 1213 3646 1318 3718; x_wconf 87' lang='lat' dir='ltr'><strong>qui</strong></span> <span class='ocrx_word' id='word_1_470' title='bbox 1348 3647 1702 3715; x_wconf 85' lang='lat' dir='ltr'><strong>Herhipolim</strong></span> <span class='ocrx_word' id='word_1_471' title='bbox 1737 3648 1865 3702; x_wconf 89' lang='lat' dir='ltr'><strong>ideo</strong></span> 
     </span>
    </p>
   </div>
   <div class='ocr_carea' id='block_1_70' title="bbox 143 3736 1867 3805">
    <p class='ocr_par' dir='ltr' id='par_1_70' title="bbox 143 3736 1867 3805">
     <span class='ocr_line' id='line_1_70' title="bbox 143 3736 1867 3805; baseline -0.008 -3"><span class='ocrx_word' id='word_1_472' title='bbox 143 3744 582 3805; x_wconf 81' lang='lat' dir='ltr'><strong>descenderant,</strong></span> <span class='ocrx_word' id='word_1_473' title='bbox 659 3747 724 3795; x_wconf 90' lang='lat' dir='ltr'><strong>ut</strong></span> <span class='ocrx_word' id='word_1_474' title='bbox 773 3755 907 3793; x_wconf 91' lang='lat' dir='ltr'><strong>eum</strong></span> <span class='ocrx_word' id='word_1_475' title='bbox 955 3738 1017 3792; x_wconf 91' lang='lat' dir='ltr'><strong>in</strong></span> <span class='ocrx_word' id='word_1_476' title='bbox 1056 3738 1260 3791; x_wconf 90' lang='lat' dir='ltr'><strong>morbo</strong></span> <span class='ocrx_word' id='word_1_477' title='bbox 1318 3750 1421 3789; x_wconf 84' lang='lat' dir='ltr'><strong>suo</strong></span> <span class='ocrx_word' id='word_1_478' title='bbox 1467 3736 1781 3792; x_wconf 90' lang='lat' dir='ltr'><strong>inviserent</strong></span> <span class='ocrx_word' id='word_1_479' title='bbox 1811 3741 1867 3789; x_wconf 90' lang='lat' dir='ltr'><strong>et</strong></span> 
     </span>
    </p>
   </div>
   <div class='ocr_carea' id='block_1_71' title="bbox 145 3822 1861 3901">
    <p class='ocr_par' dir='ltr' id='par_1_71' title="bbox 145 3822 1861 3901">
     <span class='ocr_line' id='line_1_71' title="bbox 145 3822 1861 3901; baseline -0.009 -10"><span class='ocrx_word' id='word_1_480' title='bbox 145 3835 609 3897; x_wconf 88' lang='lat' dir='ltr'><strong>consolarentur,</strong></span> <span class='ocrx_word' id='word_1_481' title='bbox 659 3829 879 3901; x_wconf 88' lang='lat' dir='ltr'><strong>pluries</strong></span> <span class='ocrx_word' id='word_1_482' title='bbox 931 3826 1178 3892; x_wconf 89' lang='lat' dir='ltr'><strong>iteravit,</strong></span> <span class='ocrx_word' id='word_1_483' title='bbox 1238 3822 1456 3877; x_wconf 88' lang='lat' dir='ltr'><strong>addens</strong></span> <span class='ocrx_word' id='word_1_484' title='bbox 1514 3842 1629 3879; x_wconf 88' lang='lat' dir='ltr'><strong>non</strong></span> <span class='ocrx_word' id='word_1_485' title='bbox 1658 3826 1861 3880; x_wconf 88' lang='lat' dir='ltr'><strong>semel:</strong></span> 
     </span>
    </p>
   </div>
   <div class='ocr_carea' id='block_1_72' title="bbox 148 3916 1867 3990">
    <p class='ocr_par' dir='ltr' id='par_1_72' title="bbox 148 3916 1867 3990">
     <span class='ocr_line' id='line_1_72' title="bbox 148 3916 1867 3990; baseline -0.008 -9"><span class='ocrx_word' id='word_1_486' title='bbox 148 3929 396 3982; x_wconf 84' lang='lat' dir='ltr'><strong>Peccata</strong></span> <span class='ocrx_word' id='word_1_487' title='bbox 423 3937 549 3975; x_wconf 90' lang='lat' dir='ltr'><strong>mea</strong></span> <span class='ocrx_word' id='word_1_488' title='bbox 599 3916 939 3990; x_wconf 87' lang='lat' dir='ltr'><strong>gravissima</strong></span> <span class='ocrx_word' id='word_1_489' title='bbox 999 3919 1151 3979; x_wconf 91' lang='lat' dir='ltr'><strong>sunt,</strong></span> <span class='ocrx_word' id='word_1_490' title='bbox 1207 3918 1265 3968; x_wconf 91' lang='lat' dir='ltr'><strong>et</strong></span> <span class='ocrx_word' id='word_1_491' title='bbox 1297 3927 1540 3967; x_wconf 89' lang='lat' dir='ltr'><strong>numero</strong></span> <span class='ocrx_word' id='word_1_492' title='bbox 1569 3929 1867 3983; x_wconf 89' lang='lat' dir='ltr'><strong>propemo-</strong></span> 
     </span>
    </p>
   </div>
   <div class='ocr_carea' id='block_1_73' title="bbox 150 4000 1868 4076">
    <p class='ocr_par' dir='ltr' id='par_1_73' title="bbox 150 4000 1868 4076">
     <span class='ocr_line' id='line_1_73' title="bbox 150 4000 1868 4076; baseline -0.008 -8"><span class='ocrx_word' id='word_1_493' title='bbox 150 4018 297 4068; x_wconf 89' lang='lat' dir='ltr'><strong>dum</strong></span> <span class='ocrx_word' id='word_1_494' title='bbox 332 4010 558 4065; x_wconf 83' lang='lat' dir='ltr'><strong>inﬁnita</strong></span> <span class='ocrx_word' id='word_1_495' title='bbox 594 4025 608 4062; x_wconf 87' lang='lat'>:</span> <span class='ocrx_word' id='word_1_496' title='bbox 637 4005 838 4062; x_wconf 88' lang='lat' dir='ltr'><strong>multis</strong></span> <span class='ocrx_word' id='word_1_497' title='bbox 872 4003 1120 4076; x_wconf 90' lang='lat' dir='ltr'><strong>proinde</strong></span> <span class='ocrx_word' id='word_1_498' title='bbox 1150 4007 1209 4056; x_wconf 92' lang='lat' dir='ltr'><strong>et</strong></span> <span class='ocrx_word' id='word_1_499' title='bbox 1238 4000 1465 4069; x_wconf 87' lang='lat' dir='ltr'><strong>magnis</strong></span> <span class='ocrx_word' id='word_1_500' title='bbox 1492 4002 1868 4074; x_wconf 76' lang='lat' dir='ltr'><strong>eleemosynis</strong></span> 
     </span>
    </p>
   </div>
   <div class='ocr_carea' id='block_1_74' title="bbox 150 4090 1870 4160">
    <p class='ocr_par' dir='ltr' id='par_1_74' title="bbox 150 4090 1870 4160">
     <span class='ocr_line' id='line_1_74' title="bbox 150 4090 1870 4160; baseline -0.008 -3"><span class='ocrx_word' id='word_1_501' title='bbox 150 4100 449 4158; x_wconf 87' lang='lat' dir='ltr'><strong>diluenda.</strong></span> <span class='ocrx_word' id='word_1_502' title='bbox 509 4098 776 4153; x_wconf 87' lang='lat' dir='ltr'><strong>Ultimam</strong></span> <span class='ocrx_word' id='word_1_503' title='bbox 862 4109 1026 4147; x_wconf 87' lang='lat' dir='ltr'><strong>suam</strong></span> <span class='ocrx_word' id='word_1_504' title='bbox 1086 4092 1442 4145; x_wconf 86' lang='lat' dir='ltr'><strong>voluntatem</strong></span> <span class='ocrx_word' id='word_1_505' title='bbox 1488 4090 1769 4160; x_wconf 85' lang='lat' dir='ltr'><strong>exposuit,</strong></span> <span class='ocrx_word' id='word_1_506' title='bbox 1807 4095 1870 4144; x_wconf 89' lang='lat' dir='ltr'><strong>ut</strong></span> 
     </span>
    </p>
   </div>
   <div class='ocr_carea' id='block_1_75' title="bbox 1978 3025 3690 3102">
    <p class='ocr_par' dir='ltr' id='par_1_75' title="bbox 1978 3025 3690 3102">
     <span class='ocr_line' id='line_1_75' title="bbox 1978 3025 3690 3102; baseline 0.006 -22"><span class='ocrx_word' id='word_1_507' title='bbox 1978 3025 2320 3080; x_wconf 86' lang='lat' dir='ltr'><strong>Godefridus</strong></span> <span class='ocrx_word' id='word_1_508' title='bbox 2350 3026 2420 3080; x_wconf 89' lang='lat' dir='ltr'><strong>ab</strong></span> <span class='ocrx_word' id='word_1_509' title='bbox 2478 3028 2831 3097; x_wconf 83' lang='lat' dir='ltr'><strong>Ascliausen,</strong></span> <span class='ocrx_word' id='word_1_510' title='bbox 2892 3049 3106 3102; x_wconf 87' lang='lat' dir='ltr'><strong>paucos</strong></span> <span class='ocrx_word' id='word_1_511' title='bbox 3140 3042 3271 3090; x_wconf 90' lang='lat' dir='ltr'><strong>ante</strong></span> <span class='ocrx_word' id='word_1_512' title='bbox 3320 3037 3440 3091; x_wconf 87' lang='lat' dir='ltr'><strong>dies</strong></span> <span class='ocrx_word' id='word_1_513' title='bbox 3466 3054 3529 3091; x_wconf 79' lang='lat' dir='ltr'><strong>ex</strong></span> <span class='ocrx_word' id='word_1_514' title='bbox 3563 3038 3690 3092; x_wconf 85' lang='lat' dir='ltr'><strong>Gal—</strong></span> 
     </span>
    </p>
   </div>
   <div class='ocr_carea' id='block_1_76' title="bbox 1978 3114 3687 3195">
    <p class='ocr_par' dir='ltr' id='par_1_76' title="bbox 1978 3114 3687 3195">
     <span class='ocr_line' id='line_1_76' title="bbox 1978 3114 3687 3195; baseline 0.008 -29"><span class='ocrx_word' id='word_1_515' title='bbox 1978 3114 2052 3166; x_wconf 91' lang='lat' dir='ltr'><strong>lia</strong></span> <span class='ocrx_word' id='word_1_516' title='bbox 2082 3114 2318 3168; x_wconf 90' lang='lat' dir='ltr'><strong>domum</strong></span> <span class='ocrx_word' id='word_1_517' title='bbox 2370 3116 2567 3168; x_wconf 84' lang='lat' dir='ltr'><strong>redux.</strong></span> <span class='ocrx_word' id='word_1_518' title='bbox 2629 3118 2762 3185; x_wconf 81' lang='lat' dir='ltr'><strong>Ejus</strong></span> <span class='ocrx_word' id='word_1_519' title='bbox 2824 3119 3021 3192; x_wconf 88' lang='lat' dir='ltr'><strong>itaque</strong></span> <span class='ocrx_word' id='word_1_520' title='bbox 3062 3140 3237 3179; x_wconf 88' lang='lat' dir='ltr'><strong>manu</strong></span> <span class='ocrx_word' id='word_1_521' title='bbox 3293 3126 3687 3195; x_wconf 86' lang='lat' dir='ltr'><strong>apprehensa:</strong></span> 
     </span>
    </p>
   </div>
   <div class='ocr_carea' id='block_1_77' title="bbox 1979 3203 3689 3275">
    <p class='ocr_par' dir='ltr' id='par_1_77' title="bbox 1979 3203 3689 3275">
     <span class='ocr_line' id='line_1_77' title="bbox 1979 3203 3689 3275; baseline 0.006 -19"><span class='ocrx_word' id='word_1_522' title='bbox 1979 3204 2111 3269; x_wconf 85' lang='lat' dir='ltr'><strong>Iste,</strong></span> <span class='ocrx_word' id='word_1_523' title='bbox 2150 3203 2359 3273; x_wconf 89' lang='lat' dir='ltr'><strong>inquit.</strong></span> <span class='ocrx_word' id='word_1_524' title='bbox 2393 3210 2525 3268; x_wconf 88' lang='lat' dir='ltr'><strong>post</strong></span> <span class='ocrx_word' id='word_1_525' title='bbox 2553 3221 2767 3275; x_wconf 90' lang='lat' dir='ltr'><strong>paucos</strong></span> <span class='ocrx_word' id='word_1_526' title='bbox 2805 3224 2995 3265; x_wconf 90' lang='lat' dir='ltr'><strong>annos</strong></span> <span class='ocrx_word' id='word_1_527' title='bbox 3037 3213 3445 3268; x_wconf 88' lang='lat' dir='ltr'><strong>condecorabit</strong></span> <span class='ocrx_word' id='word_1_528' title='bbox 3497 3215 3689 3267; x_wconf 87' lang='lat' dir='ltr'><strong>sedem</strong></span> 
     </span>
    </p>
   </div>
   <div class='ocr_carea' id='block_1_78' title="bbox 1977 3292 3692 3369">
    <p class='ocr_par' dir='ltr' id='par_1_78' title="bbox 1977 3292 3692 3369">
     <span class='ocr_line' id='line_1_78' title="bbox 1977 3292 3692 3369; baseline 0.008 -26"><span class='ocrx_word' id='word_1_529' title='bbox 1977 3292 2359 3361; x_wconf 84' lang='lat' dir='ltr'><strong>episcopalem</strong></span> <span class='ocrx_word' id='word_1_530' title='bbox 2388 3293 2444 3346; x_wconf 87' lang='lat' dir='ltr'><strong>S.</strong></span> <span class='ocrx_word' id='word_1_531' title='bbox 2478 3294 2717 3348; x_wconf 86' lang='lat' dir='ltr'><strong>Ottonis</strong></span> <span class='ocrx_word' id='word_1_532' title='bbox 2758 3298 2824 3350; x_wconf 87' lang='lat' dir='ltr'><strong>Et</strong></span> <span class='ocrx_word' id='word_1_533' title='bbox 2881 3306 3015 3369; x_wconf 90' lang='lat' dir='ltr'><strong>post</strong></span> <span class='ocrx_word' id='word_1_534' title='bbox 3055 3301 3173 3355; x_wconf 84' lang='lat' dir='ltr'><strong>hac</strong></span> <span class='ocrx_word' id='word_1_535' title='bbox 3204 3303 3373 3357; x_wconf 82' lang='lat' dir='ltr'><strong>verba</strong></span> <span class='ocrx_word' id='word_1_536' title='bbox 3415 3303 3692 3357; x_wconf 91' lang='lat' dir='ltr'><strong>conticuit</strong></span> 
     </span>
    </p>
   </div>
   <div class='ocr_carea' id='block_1_79' title="bbox 1978 3379 3690 3455">
    <p class='ocr_par' dir='ltr' id='par_1_79' title="bbox 1978 3379 3690 3455">
     <span class='ocr_line' id='line_1_79' title="bbox 1978 3379 3690 3455; baseline 0.006 -21"><span class='ocrx_word' id='word_1_537' title='bbox 1978 3379 2424 3434; x_wconf 88' lang='lat' dir='ltr'><strong>meditabundus</strong></span> <span class='ocrx_word' id='word_1_538' title='bbox 2479 3381 2902 3455; x_wconf 82' lang='lat' dir='ltr'><strong>aliquantisper</strong></span> <span class='ocrx_word' id='word_1_539' title='bbox 2944 3406 2956 3442; x_wconf 90' lang='lat'><strong>:</strong></span> <span class='ocrx_word' id='word_1_540' title='bbox 2993 3407 3056 3444; x_wconf 88' lang='lat' dir='ltr'><strong>ac</strong></span> <span class='ocrx_word' id='word_1_541' title='bbox 3104 3391 3335 3445; x_wconf 90' lang='lat' dir='ltr'><strong>demum</strong></span> <span class='ocrx_word' id='word_1_542' title='bbox 3376 3392 3447 3446; x_wconf 89' lang='lat' dir='ltr'><strong>de</strong></span> <span class='ocrx_word' id='word_1_543' title='bbox 3503 3391 3690 3445; x_wconf 89' lang='lat' dir='ltr'><strong>reditu</strong></span> 
     </span>
    </p>
   </div>
   <div class='ocr_carea' id='block_1_80' title="bbox 1976 3470 3687 3547">
    <p class='ocr_par' dir='ltr' id='par_1_80' title="bbox 1976 3470 3687 3547">
     <span class='ocr_line' id='line_1_80' title="bbox 1976 3470 3687 3547; baseline 0.005 -25"><span class='ocrx_word' id='word_1_544' title='bbox 1976 3470 2029 3522; x_wconf 90' lang='lat' dir='ltr'><strong>ei</strong></span> <span class='ocrx_word' id='word_1_545' title='bbox 2063 3472 2149 3521; x_wconf 89' lang='lat' dir='ltr'><strong>est</strong></span> <span class='ocrx_word' id='word_1_546' title='bbox 2177 3470 2625 3539; x_wconf 88' lang='lat' dir='ltr'><strong>congratulatus.</strong></span> <span class='ocrx_word' id='word_1_547' title='bbox 2686 3473 3116 3533; x_wconf 77' lang='lat' dir='ltr'><strong>Recordabatur</strong></span> <span class='ocrx_word' id='word_1_548' title='bbox 3165 3480 3448 3547; x_wconf 78' lang='lat' dir='ltr'><strong>ejusmodi</strong></span> <span class='ocrx_word' id='word_1_549' title='bbox 3486 3479 3687 3533; x_wconf 86' lang='lat' dir='ltr'><strong>verbo-</strong></span> 
     </span>
    </p>
   </div>
   <div class='ocr_carea' id='block_1_81' title="bbox 1974 3558 3687 3623">
    <p class='ocr_par' dir='ltr' id='par_1_81' title="bbox 1974 3558 3687 3623">
     <span class='ocr_line' id='line_1_81' title="bbox 1974 3558 3687 3623; baseline 0.005 -12"><span class='ocrx_word' id='word_1_550' title='bbox 1974 3572 2107 3611; x_wconf 89' lang='lat' dir='ltr'><strong>rum</strong></span> <span class='ocrx_word' id='word_1_551' title='bbox 2152 3572 2271 3611; x_wconf 92' lang='lat' dir='ltr'><strong>non</strong></span> <span class='ocrx_word' id='word_1_552' title='bbox 2311 3574 2442 3611; x_wconf 91' lang='lat' dir='ltr'><strong>raro</strong></span> <span class='ocrx_word' id='word_1_553' title='bbox 2481 3558 2907 3618; x_wconf 85' lang='lat' dir='ltr'><strong>lllustrissimus</strong></span> <span class='ocrx_word' id='word_1_554' title='bbox 2960 3572 3152 3620; x_wconf 89' lang='lat' dir='ltr'><strong>noster</strong></span> <span class='ocrx_word' id='word_1_555' title='bbox 3196 3568 3445 3621; x_wconf 85' lang='lat' dir='ltr'><strong>Joannes</strong></span> <span class='ocrx_word' id='word_1_556' title='bbox 3504 3566 3687 3623; x_wconf 89' lang='lat' dir='ltr'><strong>Gode-</strong></span> 
     </span>
    </p>
   </div>
   <div class='ocr_carea' id='block_1_82' title="bbox 1976 3646 3690 3743">
    <p class='ocr_par' dir='ltr' id='par_1_82' title="bbox 1976 3646 3690 3716">
     <span class='ocr_line' id='line_1_82' title="bbox 1976 3646 3690 3716; baseline 0.005 -16"><span class='ocrx_word' id='word_1_557' title='bbox 1976 3646 2176 3712; x_wconf 85' lang='lat' dir='ltr'><strong>fridus,</strong></span> <span class='ocrx_word' id='word_1_558' title='bbox 2221 3646 2333 3716; x_wconf 83' lang='lat' dir='ltr'><strong>pia</strong></span> <span class='ocrx_word' id='word_1_559' title='bbox 2390 3647 2685 3701; x_wconf 89' lang='lat' dir='ltr'><strong>memoria</strong></span> <span class='ocrx_word' id='word_1_560' title='bbox 2747 3667 2761 3714; x_wconf 89' lang='lat'><strong>;</strong></span> <span class='ocrx_word' id='word_1_561' title='bbox 2822 3655 3048 3709; x_wconf 88' lang='lat' dir='ltr'><strong>vetabat</strong></span> <span class='ocrx_word' id='word_1_562' title='bbox 3103 3661 3297 3709; x_wconf 89' lang='lat' dir='ltr'><strong>tamen</strong></span> <span class='ocrx_word' id='word_1_563' title='bbox 3353 3656 3479 3710; x_wconf 88' lang='lat' dir='ltr'><strong>aliis</strong></span> <span class='ocrx_word' id='word_1_564' title='bbox 3537 3654 3690 3709; x_wconf 87' lang='lat' dir='ltr'><strong>evul-</strong></span> 
     </span>
    </p>
   </div>
   <div class='ocr_carea' id='block_1_83' title="bbox 2018 3750 2123 3788">
    <p class='ocr_par' dir='ltr' id='par_1_83' title="bbox 2018 3750 2123 3788">
     <span class='ocr_line' id='line_1_83' title="bbox 2018 3750 2123 3788; baseline -0.01 0"><span class='ocrx_word' id='word_1_565' title='bbox 2018 3750 2123 3788; x_wconf 89' lang='lat' dir='ltr'><strong>ari.</strong></span> 
     </span>
    </p>
   </div>
   <div class='ocr_carea' id='block_1_84' title="bbox 1976 3753 3685 3899">
    <p class='ocr_par' dir='ltr' id='par_1_84' title="bbox 1976 3753 3685 3899">
     <span class='ocr_line' id='line_1_84' title="bbox 2018 3753 2123 3788; baseline -0.01 0"><span class='ocrx_word' id='word_1_566' title='bbox 2018 3753 2123 3788; x_wconf 84' lang='lat' dir='ltr'><strong>ari.</strong></span> 
     </span>
     <span class='ocr_line' id='line_1_85' title="bbox 1976 3753 3685 3899; baseline 0.002 -21"><span class='ocrx_word' id='word_1_567' title='bbox 1976 3753 2013 3807; x_wconf 67' lang='lat'>8</span> <span class='ocrx_word' id='word_1_568' title='bbox 2047 3824 2138 3878; x_wconf 79' lang='grc'><strong>47.</strong></span> <span class='ocrx_word' id='word_1_569' title='bbox 2174 3843 2194 3868; x_wconf 75' lang='grc' dir='ltr'>ι</span> <span class='ocrx_word' id='word_1_570' title='bbox 2231 3820 2538 3891; x_wconf 88' lang='lat' dir='ltr'><strong>Hueusque</strong></span> <span class='ocrx_word' id='word_1_571' title='bbox 2571 3823 2742 3876; x_wconf 86' lang='lat' dir='ltr'><strong>verba</strong></span> <span class='ocrx_word' id='word_1_572' title='bbox 2799 3826 3035 3881; x_wconf 78' lang='lat' dir='ltr'><strong>Forneri</strong></span> <span class='ocrx_word' id='word_1_573' title='bbox 3069 3844 3199 3898; x_wconf 90' lang='lat' dir='ltr'><strong>pag.</strong></span> <span class='ocrx_word' id='word_1_574' title='bbox 3256 3831 3344 3890; x_wconf 83' lang='lat'><strong>60,</strong></span> <span class='ocrx_word' id='word_1_575' title='bbox 3379 3830 3479 3899; x_wconf 87' lang='lat' dir='ltr'><strong>qui</strong></span> <span class='ocrx_word' id='word_1_576' title='bbox 3514 3845 3685 3897; x_wconf 89' lang='lat' dir='ltr'><strong>supra</strong></span> 
     </span>
    </p>
   </div>
   <div class='ocr_carea' id='block_1_85' title="bbox 1978 3909 3686 3988">
    <p class='ocr_par' dir='ltr' id='par_1_85' title="bbox 1978 3909 3686 3988">
     <span class='ocr_line' id='line_1_86' title="bbox 1978 3909 3686 3988; baseline 0.003 -24"><span class='ocrx_word' id='word_1_577' title='bbox 1978 3927 2110 3983; x_wconf 87' lang='lat' dir='ltr'><strong>pag.</strong></span> <span class='ocrx_word' id='word_1_578' title='bbox 2157 3913 2212 3964; x_wconf 88' lang='lat' dir='ltr'><strong>ll</strong></span> <span class='ocrx_word' id='word_1_579' title='bbox 2252 3909 2540 3969; x_wconf 87' lang='lat' dir='ltr'><strong>retulerat,</strong></span> <span class='ocrx_word' id='word_1_580' title='bbox 2586 3910 2906 3980; x_wconf 76' lang='lat' dir='ltr'><strong>piissimam</strong></span> <span class='ocrx_word' id='word_1_581' title='bbox 2936 3916 3060 3985; x_wconf 77' lang='lat' dir='ltr'><strong>ejus</strong></span> <span class='ocrx_word' id='word_1_582' title='bbox 3112 3920 3355 3970; x_wconf 89' lang='lat' dir='ltr'><strong>matrem</strong></span> <span class='ocrx_word' id='word_1_583' title='bbox 3390 3917 3686 3988; x_wconf 88' lang='lat' dir='ltr'><strong>Brigittam</strong></span> 
     </span>
    </p>
   </div>
   <div class='ocr_carea' id='block_1_86' title="bbox 1978 3998 3683 4074">
    <p class='ocr_par' dir='ltr' id='par_1_86' title="bbox 1978 3998 3683 4074">
     <span class='ocr_line' id='line_1_87' title="bbox 1978 3998 3683 4074; baseline 0.002 -19"><span class='ocrx_word' id='word_1_584' title='bbox 1978 4003 2048 4055; x_wconf 92' lang='lat' dir='ltr'><strong>de</strong></span> <span class='ocrx_word' id='word_1_585' title='bbox 2076 3998 2266 4061; x_wconf 91' lang='lat' dir='ltr'><strong>Zobel,</strong></span> <span class='ocrx_word' id='word_1_586' title='bbox 2319 3998 2455 4052; x_wconf 91' lang='lat' dir='ltr'><strong>dum</strong></span> <span class='ocrx_word' id='word_1_587' title='bbox 2518 3998 2727 4053; x_wconf 88' lang='lat' dir='ltr'><strong>liliolus</strong></span> <span class='ocrx_word' id='word_1_588' title='bbox 2759 4002 2882 4070; x_wconf 86' lang='lat' dir='ltr'><strong>ejus</strong></span> <span class='ocrx_word' id='word_1_589' title='bbox 2912 4004 3095 4057; x_wconf 84' lang='lat' dir='ltr'><strong>adhuc</strong></span> <span class='ocrx_word' id='word_1_590' title='bbox 3124 4004 3184 4057; x_wconf 94' lang='lat' dir='ltr'><strong>in</strong></span> <span class='ocrx_word' id='word_1_591' title='bbox 3230 4005 3393 4058; x_wconf 89' lang='lat' dir='ltr'><strong>cunis</strong></span> <span class='ocrx_word' id='word_1_592' title='bbox 3446 4005 3683 4074; x_wconf 88' lang='lat' dir='ltr'><strong>vagiret,</strong></span> 
     </span>
    </p>
   </div>
   <div class='ocr_carea' id='block_1_87' title="bbox 1979 4087 3684 4159">
    <p class='ocr_par' dir='ltr' id='par_1_87' title="bbox 1979 4087 3684 4159">
     <span class='ocr_line' id='line_1_88' title="bbox 1979 4087 3684 4159; baseline 0.001 -14"><span class='ocrx_word' id='word_1_593' title='bbox 1979 4093 2143 4145; x_wconf 88' lang='lat' dir='ltr'><strong>nocte</strong></span> <span class='ocrx_word' id='word_1_594' title='bbox 2202 4087 2473 4158; x_wconf 89' lang='lat' dir='ltr'><strong>quadam,</strong></span> <span class='ocrx_word' id='word_1_595' title='bbox 2531 4103 2663 4141; x_wconf 90' lang='lat' dir='ltr'><strong>cum</strong></span> <span class='ocrx_word' id='word_1_596' title='bbox 2747 4090 2934 4159; x_wconf 86' lang='lat' dir='ltr'><strong>pridie</strong></span> <span class='ocrx_word' id='word_1_597' title='bbox 3008 4107 3224 4145; x_wconf 88' lang='lat' dir='ltr'><strong>sacram</strong></span> <span class='ocrx_word' id='word_1_598' title='bbox 3279 4092 3684 4147; x_wconf 88' lang='lat' dir='ltr'><strong>Eucharistiam</strong></span> 
     </span>
    </p>
   </div>
   <div class='ocr_carea' id='block_1_88' title="bbox 156 4175 3687 4261">
    <p class='ocr_par' dir='ltr' id='par_1_88' title="bbox 156 4175 3687 4261">
     <span class='ocr_line' id='line_1_89' title="bbox 156 4175 3687 4261; baseline -0.002 -18"><span class='ocrx_word' id='word_1_599' title='bbox 156 4189 461 4260; x_wconf 86' lang='lat' dir='ltr'><strong>sequitur:</strong></span> <span class='ocrx_word' id='word_1_600' title='bbox 508 4185 715 4241; x_wconf 89' lang='lat' dir='ltr'><strong>Omnia</strong></span> <span class='ocrx_word' id='word_1_601' title='bbox 767 4199 897 4237; x_wconf 84' lang='lat' dir='ltr'><strong>mea</strong></span> <span class='ocrx_word' id='word_1_602' title='bbox 952 4182 1124 4247; x_wconf 86' lang='lat' dir='ltr'><strong>bona,</strong></span> <span class='ocrx_word' id='word_1_603' title='bbox 1160 4178 1373 4248; x_wconf 88' lang='lat' dir='ltr'><strong>inquit,</strong></span> <span class='ocrx_word' id='word_1_604' title='bbox 1431 4176 1499 4230; x_wconf 93' lang='lat' dir='ltr'><strong>de</strong></span> <span class='ocrx_word' id='word_1_605' title='bbox 1545 4178 1753 4243; x_wconf 91' lang='lat' dir='ltr'><strong>quibus</strong></span> <span class='ocrx_word' id='word_1_606' title='bbox 1807 4184 1871 4232; x_wconf 92' lang='lat' dir='ltr'><strong>ut</strong></span> <span class='ocrx_word' id='word_1_607' title='bbox 1901 4209 1942 4261; x_wconf 68' lang='grc' dir='ltr'>Β</span> <span class='ocrx_word' id='word_1_608' title='bbox 1982 4176 2335 4245; x_wconf 87' lang='lat' dir='ltr'><strong>sumpsisset,</strong></span> <span class='ocrx_word' id='word_1_609' title='bbox 2389 4181 2447 4229; x_wconf 92' lang='lat' dir='ltr'><strong>et</strong></span> <span class='ocrx_word' id='word_1_610' title='bbox 2484 4175 2671 4230; x_wconf 90' lang='lat' dir='ltr'><strong>ﬁlium</strong></span> <span class='ocrx_word' id='word_1_611' title='bbox 2726 4195 2894 4232; x_wconf 90' lang='lat' dir='ltr'><strong>suum</strong></span> <span class='ocrx_word' id='word_1_612' title='bbox 2948 4180 3171 4234; x_wconf 84' lang='lat' dir='ltr'><strong>Christo</strong></span> <span class='ocrx_word' id='word_1_613' title='bbox 3230 4185 3286 4233; x_wconf 90' lang='lat' dir='ltr'><strong>et</strong></span> <span class='ocrx_word' id='word_1_614' title='bbox 3336 4180 3495 4235; x_wconf 87' lang='lat' dir='ltr'><strong>Matri</strong></span> <span class='ocrx_word' id='word_1_615' title='bbox 3562 4181 3687 4251; x_wconf 84' lang='lat' dir='ltr'><strong>ejus</strong></span> 
     </span>
    </p>
   </div>
   <div class='ocr_carea' id='block_1_89' title="bbox 157 4264 1875 4351">
    <p class='ocr_par' dir='ltr' id='par_1_89' title="bbox 157 4264 1875 4351">
     <span class='ocr_line' id='line_1_90' title="bbox 157 4264 1875 4351; baseline -0.007 -19"><span class='ocrx_word' id='word_1_616' title='bbox 157 4279 387 4351; x_wconf 83' lang='lat' dir='ltr'><strong>peculio</strong></span> <span class='ocrx_word' id='word_1_617' title='bbox 416 4274 671 4347; x_wconf 88' lang='lat' dir='ltr'><strong>proprio,</strong></span> <span class='ocrx_word' id='word_1_618' title='bbox 730 4270 933 4341; x_wconf 88' lang='lat' dir='ltr'><strong>majori</strong></span> <span class='ocrx_word' id='word_1_619' title='bbox 963 4286 1029 4323; x_wconf 83' lang='lat' dir='ltr'><strong>ex</strong></span> <span class='ocrx_word' id='word_1_620' title='bbox 1061 4273 1219 4339; x_wconf 88' lang='lat' dir='ltr'><strong>parte</strong></span> <span class='ocrx_word' id='word_1_621' title='bbox 1272 4264 1641 4333; x_wconf 78' lang='lat' dir='ltr'><strong>hereditario,</strong></span> <span class='ocrx_word' id='word_1_622' title='bbox 1687 4266 1875 4337; x_wconf 87' lang='lat' dir='ltr'><strong>dispo-</strong></span> 
     </span>
    </p>
   </div>
   <div class='ocr_carea' id='block_1_90' title="bbox 159 4354 1875 4435">
    <p class='ocr_par' dir='ltr' id='par_1_90' title="bbox 159 4354 1875 4435">
     <span class='ocr_line' id='line_1_91' title="bbox 159 4354 1875 4435; baseline -0.008 -13"><span class='ocrx_word' id='word_1_623' title='bbox 159 4384 301 4423; x_wconf 90' lang='lat' dir='ltr'><strong>nere</strong></span> <span class='ocrx_word' id='word_1_624' title='bbox 335 4380 591 4435; x_wconf 89' lang='lat' dir='ltr'><strong>possum,</strong></span> <span class='ocrx_word' id='word_1_625' title='bbox 623 4363 683 4416; x_wconf 92' lang='lat' dir='ltr'><strong>in</strong></span> <span class='ocrx_word' id='word_1_626' title='bbox 713 4367 827 4415; x_wconf 89' lang='lat' dir='ltr'><strong>tres</strong></span> <span class='ocrx_word' id='word_1_627' title='bbox 855 4363 1042 4430; x_wconf 88' lang='lat' dir='ltr'><strong>partes</strong></span> <span class='ocrx_word' id='word_1_628' title='bbox 1083 4355 1263 4411; x_wconf 91' lang='lat' dir='ltr'><strong>dividi</strong></span> <span class='ocrx_word' id='word_1_629' title='bbox 1294 4354 1439 4408; x_wconf 93' lang='lat' dir='ltr'><strong>volo.</strong></span> <span class='ocrx_word' id='word_1_630' title='bbox 1490 4354 1682 4409; x_wconf 84' lang='lat' dir='ltr'><strong>Prima</strong></span> <span class='ocrx_word' id='word_1_631' title='bbox 1708 4356 1875 4410; x_wconf 88' lang='lat' dir='ltr'><strong>detur</strong></span> 
     </span>
    </p>
   </div>
   <div class='ocr_carea' id='block_1_91' title="bbox 166 4442 1871 4519">
    <p class='ocr_par' dir='ltr' id='par_1_91' title="bbox 166 4442 1871 4519">
     <span class='ocr_line' id='line_1_92' title="bbox 166 4442 1871 4519; baseline -0.008 -8"><span class='ocrx_word' id='word_1_632' title='bbox 166 4454 432 4511; x_wconf 83' lang='lat' dir='ltr'><strong>Ecclesia</strong></span> <span class='ocrx_word' id='word_1_633' title='bbox 485 4468 499 4517; x_wconf 86' lang='lat'><strong>;</strong></span> <span class='ocrx_word' id='word_1_634' title='bbox 560 4452 739 4504; x_wconf 88' lang='lat' dir='ltr'><strong>altera</strong></span> <span class='ocrx_word' id='word_1_635' title='bbox 809 4462 1130 4519; x_wconf 87' lang='lat' dir='ltr'><strong>pauperum</strong></span> <span class='ocrx_word' id='word_1_636' title='bbox 1189 4443 1382 4497; x_wconf 89' lang='lat' dir='ltr'><strong>usibus</strong></span> <span class='ocrx_word' id='word_1_637' title='bbox 1441 4442 1810 4513; x_wconf 90' lang='lat' dir='ltr'><strong>impendatur</strong></span> <span class='ocrx_word' id='word_1_638' title='bbox 1858 4461 1871 4511; x_wconf 90' lang='lat'><strong>;</strong></span> 
     </span>
    </p>
   </div>
   <div class='ocr_carea' id='block_1_92' title="bbox 163 4532 1877 4609">
    <p class='ocr_par' dir='ltr' id='par_1_92' title="bbox 163 4532 1877 4609">
     <span class='ocr_line' id='line_1_93' title="bbox 163 4532 1877 4609; baseline -0.006 -13"><span class='ocrx_word' id='word_1_639' title='bbox 163 4543 337 4597; x_wconf 87' lang='lat' dir='ltr'><strong>tertia</strong></span> <span class='ocrx_word' id='word_1_640' title='bbox 385 4539 641 4609; x_wconf 89' lang='lat' dir='ltr'><strong>cognatis</strong></span> <span class='ocrx_word' id='word_1_641' title='bbox 700 4536 842 4590; x_wconf 90' lang='lat' dir='ltr'><strong>meis</strong></span> <span class='ocrx_word' id='word_1_642' title='bbox 899 4534 1082 4598; x_wconf 88' lang='lat' dir='ltr'><strong>cedat,</strong></span> <span class='ocrx_word' id='word_1_643' title='bbox 1143 4548 1288 4604; x_wconf 89' lang='lat' dir='ltr'><strong>quos</strong></span> <span class='ocrx_word' id='word_1_644' title='bbox 1368 4532 1519 4585; x_wconf 92' lang='lat' dir='ltr'><strong>inter</strong></span> <span class='ocrx_word' id='word_1_645' title='bbox 1555 4533 1877 4603; x_wconf 89' lang='lat' dir='ltr'><strong>pracipuos</strong></span> 
     </span>
    </p>
   </div>
   <div class='ocr_carea' id='block_1_93' title="bbox 166 4620 1878 4696">
    <p class='ocr_par' dir='ltr' id='par_1_93' title="bbox 166 4620 1878 4696">
     <span class='ocr_line' id='line_1_94' title="bbox 166 4620 1878 4696; baseline -0.007 -9"><span class='ocrx_word' id='word_1_646' title='bbox 166 4650 291 4688; x_wconf 88' lang='lat' dir='ltr'><strong>esse</strong></span> <span class='ocrx_word' id='word_1_647' title='bbox 320 4631 449 4683; x_wconf 87' lang='lat' dir='ltr'><strong>volo</strong></span> <span class='ocrx_word' id='word_1_648' title='bbox 493 4644 591 4682; x_wconf 89' lang='lat' dir='ltr'><strong>eos</strong></span> <span class='ocrx_word' id='word_1_649' title='bbox 646 4626 747 4696; x_wconf 90' lang='lat' dir='ltr'><strong>qui</strong></span> <span class='ocrx_word' id='word_1_650' title='bbox 800 4625 862 4679; x_wconf 92' lang='lat' dir='ltr'><strong>in</strong></span> <span class='ocrx_word' id='word_1_651' title='bbox 913 4622 1117 4677; x_wconf 88' lang='lat' dir='ltr'><strong>studiis</strong></span> <span class='ocrx_word' id='word_1_652' title='bbox 1169 4620 1355 4675; x_wconf 89' lang='lat' dir='ltr'><strong>adhuc</strong></span> <span class='ocrx_word' id='word_1_653' title='bbox 1411 4626 1762 4687; x_wconf 88' lang='lat' dir='ltr'><strong>versantur;</strong></span> <span class='ocrx_word' id='word_1_654' title='bbox 1821 4626 1878 4675; x_wconf 87' lang='lat' dir='ltr'><strong>et</strong></span> 
     </span>
    </p>
   </div>
   <div class='ocr_carea' id='block_1_94' title="bbox 169 4706 1874 4779">
    <p class='ocr_par' dir='ltr' id='par_1_94' title="bbox 169 4706 1874 4779">
     <span class='ocr_line' id='line_1_95' title="bbox 169 4706 1874 4779; baseline -0.008 -3"><span class='ocrx_word' id='word_1_655' title='bbox 169 4719 366 4776; x_wconf 88' lang='lat' dir='ltr'><strong>fratris</strong></span> <span class='ocrx_word' id='word_1_656' title='bbox 395 4717 545 4772; x_wconf 89' lang='lat' dir='ltr'><strong>ﬁlios</strong></span> <span class='ocrx_word' id='word_1_657' title='bbox 589 4714 978 4776; x_wconf 86' lang='lat' dir='ltr'><strong>minorennes,</strong></span> <span class='ocrx_word' id='word_1_658' title='bbox 1033 4717 1096 4764; x_wconf 90' lang='lat' dir='ltr'><strong>ut</strong></span> <span class='ocrx_word' id='word_1_659' title='bbox 1149 4709 1210 4763; x_wconf 93' lang='lat' dir='ltr'>in</span> <span class='ocrx_word' id='word_1_660' title='bbox 1271 4706 1558 4763; x_wconf 86' lang='lat' dir='ltr'><strong>Catholica</strong></span> <span class='ocrx_word' id='word_1_661' title='bbox 1598 4708 1874 4779; x_wconf 91' lang='lat' dir='ltr'><strong>religione</strong></span> 
     </span>
    </p>
   </div>
   <div class='ocr_carea' id='block_1_95' title="bbox 169 4796 1872 4864">
    <p class='ocr_par' dir='ltr' id='par_1_95' title="bbox 169 4796 1872 4864">
     <span class='ocr_line' id='line_1_96' title="bbox 169 4796 1872 4864; baseline -0.005 -3"><span class='ocrx_word' id='word_1_662' title='bbox 169 4811 399 4863; x_wconf 79' lang='lat' dir='ltr'><strong>valeant</strong></span> <span class='ocrx_word' id='word_1_663' title='bbox 433 4804 683 4860; x_wconf 88' lang='lat' dir='ltr'><strong>educari.</strong></span> <span class='ocrx_word' id='word_1_664' title='bbox 746 4802 965 4857; x_wconf 84' lang='lat' dir='ltr'><strong>Nollem</strong></span> <span class='ocrx_word' id='word_1_665' title='bbox 1016 4804 1226 4864; x_wconf 88' lang='lat' dir='ltr'><strong>autem,</strong></span> <span class='ocrx_word' id='word_1_666' title='bbox 1263 4798 1332 4852; x_wconf 91' lang='lat' dir='ltr'><strong>de</strong></span> <span class='ocrx_word' id='word_1_667' title='bbox 1378 4796 1546 4851; x_wconf 89' lang='lat' dir='ltr'><strong>bonis</strong></span> <span class='ocrx_word' id='word_1_668' title='bbox 1590 4797 1872 4863; x_wconf 85' lang='lat' dir='ltr'><strong>Ecclesia,</strong></span> 
     </span>
    </p>
   </div>
   <div class='ocr_carea' id='block_1_96' title="bbox 170 4883 1872 4962">
    <p class='ocr_par' dir='ltr' id='par_1_96' title="bbox 170 4883 1872 4962">
     <span class='ocr_line' id='line_1_97' title="bbox 170 4883 1872 4962; baseline -0.008 -9"><span class='ocrx_word' id='word_1_669' title='bbox 170 4898 317 4954; x_wconf 85' lang='lat' dir='ltr'><strong>mihi</strong></span> <span class='ocrx_word' id='word_1_670' title='bbox 368 4894 649 4960; x_wconf 82' lang='lat' dir='ltr'><strong>sanguine</strong></span> <span class='ocrx_word' id='word_1_671' title='bbox 690 4890 906 4962; x_wconf 89' lang='lat' dir='ltr'><strong>junctis</strong></span> <span class='ocrx_word' id='word_1_672' title='bbox 960 4887 1274 4959; x_wconf 87' lang='lat' dir='ltr'><strong>quidquam</strong></span> <span class='ocrx_word' id='word_1_673' title='bbox 1341 4883 1596 4954; x_wconf 89' lang='lat' dir='ltr'><strong>elargiri,</strong></span> <span class='ocrx_word' id='word_1_674' title='bbox 1654 4884 1765 4938; x_wconf 90' lang='lat' dir='ltr'><strong>nisi</strong></span> <span class='ocrx_word' id='word_1_675' title='bbox 1808 4901 1872 4939; x_wconf 85' lang='lat' dir='ltr'><strong>ex</strong></span> 
     </span>
    </p>
   </div>
   <div class='ocr_carea' id='block_1_97' title="bbox 170 4973 1874 5058">
    <p class='ocr_par' dir='ltr' id='par_1_97' title="bbox 170 4973 1874 5058">
     <span class='ocr_line' id='line_1_98' title="bbox 170 4973 1874 5058; baseline -0.008 -18"><span class='ocrx_word' id='word_1_676' title='bbox 170 4986 524 5058; x_wconf 78' lang='lat' dir='ltr'><strong>patrimonio</strong></span> <span class='ocrx_word' id='word_1_677' title='bbox 568 4998 695 5036; x_wconf 88' lang='lat' dir='ltr'><strong>meo</strong></span> <span class='ocrx_word' id='word_1_678' title='bbox 742 4981 1090 5049; x_wconf 87' lang='lat' dir='ltr'><strong>suppeteret,</strong></span> <span class='ocrx_word' id='word_1_679' title='bbox 1135 4979 1197 5029; x_wconf 89' lang='lat' dir='ltr'><strong>ut</strong></span> <span class='ocrx_word' id='word_1_680' title='bbox 1247 4976 1327 5028; x_wconf 92' lang='lat' dir='ltr'><strong>eis</strong></span> <span class='ocrx_word' id='word_1_681' title='bbox 1372 4973 1705 5028; x_wconf 75' lang='lat' dir='ltr'><strong>benefacere</strong></span> <span class='ocrx_word' id='word_1_682' title='bbox 1736 4990 1874 5043; x_wconf 91' lang='lat' dir='ltr'><strong>pos-</strong></span> 
     </span>
    </p>
   </div>
   <div class='ocr_carea' id='block_1_98' title="bbox 171 5062 1873 5128">
    <p class='ocr_par' dir='ltr' id='par_1_98' title="bbox 171 5062 1873 5128">
     <span class='ocr_line' id='line_1_99' title="bbox 171 5062 1873 5128; baseline -0.008 1"><span class='ocrx_word' id='word_1_683' title='bbox 171 5090 339 5128; x_wconf 91' lang='lat' dir='ltr'><strong>sem:</strong></span> <span class='ocrx_word' id='word_1_684' title='bbox 374 5071 491 5124; x_wconf 90' lang='lat' dir='ltr'><strong>scio</strong></span> <span class='ocrx_word' id='word_1_685' title='bbox 540 5070 694 5122; x_wconf 82' lang='lat' dir='ltr'><strong>enim</strong></span> <span class='ocrx_word' id='word_1_686' title='bbox 752 5064 1131 5121; x_wconf 87' lang='lat' dir='ltr'><strong>ecclesiastica</strong></span> <span class='ocrx_word' id='word_1_687' title='bbox 1184 5064 1334 5118; x_wconf 86' lang='lat' dir='ltr'><strong>bona</strong></span> <span class='ocrx_word' id='word_1_688' title='bbox 1385 5063 1496 5116; x_wconf 90' lang='lat' dir='ltr'><strong>illis</strong></span> <span class='ocrx_word' id='word_1_689' title='bbox 1526 5078 1635 5115; x_wconf 88' lang='lat' dir='ltr'><strong>non</strong></span> <span class='ocrx_word' id='word_1_690' title='bbox 1659 5062 1873 5117; x_wconf 90' lang='lat' dir='ltr'><strong>deberi.</strong></span> 
     </span>
    </p>
   </div>
   <div class='ocr_carea' id='block_1_99' title="bbox 170 5151 1878 5223">
    <p class='ocr_par' dir='ltr' id='par_1_99' title="bbox 170 5151 1878 5223">
     <span class='ocr_line' id='line_1_100' title="bbox 170 5151 1878 5223; baseline -0.008 -6"><span class='ocrx_word' id='word_1_691' title='bbox 170 5159 408 5217; x_wconf 79' lang='lat' dir='ltr'><strong>Addidit</strong></span> <span class='ocrx_word' id='word_1_692' title='bbox 434 5159 491 5211; x_wconf 93' lang='lat' dir='ltr'><strong>in</strong></span> <span class='ocrx_word' id='word_1_693' title='bbox 538 5158 673 5221; x_wconf 88' lang='lat' dir='ltr'><strong>ﬁne,</strong></span> <span class='ocrx_word' id='word_1_694' title='bbox 733 5153 1050 5223; x_wconf 87' lang='lat' dir='ltr'><strong>sepelirise</strong></span> <span class='ocrx_word' id='word_1_695' title='bbox 1093 5151 1232 5204; x_wconf 82' lang='lat' dir='ltr'><strong>velle</strong></span> <span class='ocrx_word' id='word_1_696' title='bbox 1280 5151 1337 5204; x_wconf 92' lang='lat' dir='ltr'>in</span> <span class='ocrx_word' id='word_1_697' title='bbox 1396 5151 1629 5204; x_wconf 85' lang='lat' dir='ltr'><strong>ecclesia</strong></span> <span class='ocrx_word' id='word_1_698' title='bbox 1685 5151 1878 5204; x_wconf 87' lang='lat' dir='ltr'><strong>cathe-</strong></span> 
     </span>
    </p>
   </div>
   <div class='ocr_carea' id='block_1_100' title="bbox 175 5238 1876 5314">
    <p class='ocr_par' dir='ltr' id='par_1_100' title="bbox 175 5238 1876 5314">
     <span class='ocr_line' id='line_1_101' title="bbox 175 5238 1876 5314; baseline -0.007 -9"><span class='ocrx_word' id='word_1_699' title='bbox 175 5250 324 5306; x_wconf 90' lang='lat' dir='ltr'><strong>drali</strong></span> <span class='ocrx_word' id='word_1_700' title='bbox 377 5244 800 5314; x_wconf 83' lang='lat' dir='ltr'><strong>Bambergensi,</strong></span> <span class='ocrx_word' id='word_1_701' title='bbox 852 5243 974 5294; x_wconf 90' lang='lat' dir='ltr'><strong>sine</strong></span> <span class='ocrx_word' id='word_1_702' title='bbox 1018 5256 1245 5310; x_wconf 89' lang='lat' dir='ltr'><strong>pompa,</strong></span> <span class='ocrx_word' id='word_1_703' title='bbox 1305 5244 1362 5293; x_wconf 92' lang='lat' dir='ltr'><strong>et</strong></span> <span class='ocrx_word' id='word_1_704' title='bbox 1418 5255 1590 5309; x_wconf 88' lang='lat' dir='ltr'><strong>quam</strong></span> <span class='ocrx_word' id='word_1_705' title='bbox 1636 5238 1876 5293; x_wconf 89' lang='lat' dir='ltr'><strong>minimo</strong></span> 
     </span>
    </p>
   </div>
   <div class='ocr_carea' id='block_1_101' title="bbox 172 5337 804 5407">
    <p class='ocr_par' dir='ltr' id='par_1_101' title="bbox 172 5337 804 5407">
     <span class='ocr_line' id='line_1_102' title="bbox 172 5337 804 5407; baseline -0.013 -14"><span class='ocrx_word' id='word_1_706' title='bbox 172 5337 300 5393; x_wconf 86' lang='lat' dir='ltr'><strong>ﬁeri</strong></span> <span class='ocrx_word' id='word_1_707' title='bbox 333 5340 525 5407; x_wconf 85' lang='lat' dir='ltr'><strong>posset</strong></span> <span class='ocrx_word' id='word_1_708' title='bbox 552 5337 804 5403; x_wconf 86' lang='lat' dir='ltr'><strong>sumptu.</strong></span> 
     </span>
    </p>
   </div>
   <div class='ocr_carea' id='block_1_102' title="bbox 248 5414 1875 5491">
    <p class='ocr_par' dir='ltr' id='par_1_102' title="bbox 248 5414 1875 5491">
     <span class='ocr_line' id='line_1_103' title="bbox 248 5414 1875 5491; baseline -0.007 -11"><span class='ocrx_word' id='word_1_709' title='bbox 248 5427 340 5480; x_wconf 79' lang='grc'><strong>45.</strong></span> <span class='ocrx_word' id='word_1_710' title='bbox 380 5443 407 5473; x_wconf 78' lang='grc' dir='ltr'>α</span> <span class='ocrx_word' id='word_1_711' title='bbox 441 5424 705 5477; x_wconf 86' lang='lat' dir='ltr'><strong>Ceterum</strong></span> <span class='ocrx_word' id='word_1_712' title='bbox 733 5434 905 5491; x_wconf 90' lang='lat' dir='ltr'><strong>quam</strong></span> <span class='ocrx_word' id='word_1_713' title='bbox 936 5420 1128 5471; x_wconf 83' lang='lat' dir='ltr'><strong>exacte</strong></span> <span class='ocrx_word' id='word_1_714' title='bbox 1160 5432 1219 5470; x_wconf 90' lang='lat' dir='ltr'><strong>se</strong></span> <span class='ocrx_word' id='word_1_715' title='bbox 1249 5414 1317 5469; x_wconf 91' lang='lat' dir='ltr'><strong>ad</strong></span> <span class='ocrx_word' id='word_1_716' title='bbox 1369 5415 1593 5468; x_wconf 88' lang='lat' dir='ltr'><strong>beatam</strong></span> <span class='ocrx_word' id='word_1_717' title='bbox 1635 5418 1875 5469; x_wconf 89' lang='lat' dir='ltr'><strong>mortem</strong></span> 
     </span>
    </p>
   </div>
   <div class='ocr_carea' id='block_1_103' title="bbox 180 5500 1878 5586">
    <p class='ocr_par' dir='ltr' id='par_1_103' title="bbox 180 5500 1878 5586">
     <span class='ocr_line' id='line_1_104' title="bbox 180 5500 1878 5586; baseline -0.007 -19"><span class='ocrx_word' id='word_1_718' title='bbox 180 5512 607 5586; x_wconf 77' lang='lat' dir='ltr'><strong>praparaverit.</strong></span> <span class='ocrx_word' id='word_1_719' title='bbox 641 5515 694 5562; x_wconf 85' lang='lat' dir='ltr'><strong>et</strong></span> <span class='ocrx_word' id='word_1_720' title='bbox 728 5524 899 5579; x_wconf 89' lang='lat' dir='ltr'><strong>quam</strong></span> <span class='ocrx_word' id='word_1_721' title='bbox 932 5506 1024 5576; x_wconf 84' lang='lat' dir='ltr'><strong>pie</strong></span> <span class='ocrx_word' id='word_1_722' title='bbox 1050 5505 1202 5558; x_wconf 85' lang='lat' dir='ltr'><strong>illam</strong></span> <span class='ocrx_word' id='word_1_723' title='bbox 1236 5502 1561 5574; x_wconf 88' lang='lat' dir='ltr'><strong>oppetierit.</strong></span> <span class='ocrx_word' id='word_1_724' title='bbox 1596 5500 1878 5555; x_wconf 76' lang='lat' dir='ltr'><strong>Fornerus</strong></span> 
     </span>
    </p>
   </div>
   <div class='ocr_carea' id='block_1_104' title="bbox 1986 4264 3686 4339">
    <p class='ocr_par' dir='ltr' id='par_1_104' title="bbox 1986 4264 3686 4339">
     <span class='ocr_line' id='line_1_105' title="bbox 1986 4264 3686 4339; baseline 0.002 -19"><span class='ocrx_word' id='word_1_725' title='bbox 1986 4264 2244 4320; x_wconf 90' lang='lat' dir='ltr'><strong>devotius</strong></span> <span class='ocrx_word' id='word_1_726' title='bbox 2272 4264 2742 4329; x_wconf 86' lang='lat' dir='ltr'><strong>commendasset,</strong></span> <span class='ocrx_word' id='word_1_727' title='bbox 2793 4267 2965 4320; x_wconf 88' lang='lat' dir='ltr'><strong>mitra</strong></span> <span class='ocrx_word' id='word_1_728' title='bbox 2999 4272 3057 4321; x_wconf 88' lang='lat' dir='ltr'><strong>et</strong></span> <span class='ocrx_word' id='word_1_729' title='bbox 3113 4267 3313 4322; x_wconf 88' lang='lat' dir='ltr'><strong>habitu</strong></span> <span class='ocrx_word' id='word_1_730' title='bbox 3366 4269 3686 4339; x_wconf 84' lang='lat' dir='ltr'><strong>pontiﬁcali</strong></span> 
     </span>
    </p>
   </div>
   <div class='ocr_carea' id='block_1_105' title="bbox 1987 4353 3685 4424">
    <p class='ocr_par' dir='ltr' id='par_1_105' title="bbox 1987 4353 3685 4424">
     <span class='ocr_line' id='line_1_106' title="bbox 1987 4353 3685 4424; baseline 0.003 -17"><span class='ocrx_word' id='word_1_731' title='bbox 1987 4358 2275 4418; x_wconf 90' lang='lat' dir='ltr'><strong>ornatum,</strong></span> <span class='ocrx_word' id='word_1_732' title='bbox 2310 4369 2372 4406; x_wconf 92' lang='lat' dir='ltr'><strong>ac</strong></span> <span class='ocrx_word' id='word_1_733' title='bbox 2412 4353 2557 4407; x_wconf 90' lang='lat' dir='ltr'><strong>miro</strong></span> <span class='ocrx_word' id='word_1_734' title='bbox 2586 4353 2811 4424; x_wconf 89' lang='lat' dir='ltr'><strong>fulgore</strong></span> <span class='ocrx_word' id='word_1_735' title='bbox 2840 4373 3140 4410; x_wconf 91' lang='lat' dir='ltr'><strong>coruscum</strong></span> <span class='ocrx_word' id='word_1_736' title='bbox 3170 4361 3303 4411; x_wconf 89' lang='lat' dir='ltr'><strong>ante</strong></span> <span class='ocrx_word' id='word_1_737' title='bbox 3353 4374 3412 4410; x_wconf 88' lang='lat' dir='ltr'><strong>se</strong></span> <span class='ocrx_word' id='word_1_738' title='bbox 3441 4362 3685 4412; x_wconf 87' lang='lat' dir='ltr'><strong>stantem</strong></span> 
     </span>
    </p>
   </div>
   <div class='ocr_carea' id='block_1_106' title="bbox 1985 4441 3689 4515">
    <p class='ocr_par' dir='ltr' id='par_1_106' title="bbox 1985 4441 3689 4515">
     <span class='ocr_line' id='line_1_107' title="bbox 1985 4441 3689 4515; baseline 0.001 -18"><span class='ocrx_word' id='word_1_739' title='bbox 1985 4441 2361 4512; x_wconf 80' lang='lat' dir='ltr'><strong>couspexisse.</strong></span> <span class='ocrx_word' id='word_1_740' title='bbox 2400 4443 2525 4496; x_wconf 84' lang='lat' dir='ltr'><strong>Erat</strong></span> <span class='ocrx_word' id='word_1_741' title='bbox 2579 4443 2842 4497; x_wconf 88' lang='lat' dir='ltr'><strong>laudatus</strong></span> <span class='ocrx_word' id='word_1_742' title='bbox 2888 4445 3134 4514; x_wconf 82' lang='lat' dir='ltr'><strong>juvenis,</strong></span> <span class='ocrx_word' id='word_1_743' title='bbox 3172 4445 3271 4515; x_wconf 92' lang='lat' dir='ltr'><strong>qui</strong></span> <span class='ocrx_word' id='word_1_744' title='bbox 3325 4452 3460 4498; x_wconf 90' lang='lat' dir='ltr'><strong>tunc</strong></span> <span class='ocrx_word' id='word_1_745' title='bbox 3483 4447 3689 4515; x_wconf 86' lang='lat' dir='ltr'><strong>agebat</strong></span> 
     </span>
    </p>
   </div>
   <div class='ocr_carea' id='block_1_107' title="bbox 1986 4530 3686 4604">
    <p class='ocr_par' dir='ltr' id='par_1_107' title="bbox 1986 4530 3686 4604">
     <span class='ocr_line' id='line_1_108' title="bbox 1986 4530 3686 4604; baseline 0.002 -20"><span class='ocrx_word' id='word_1_746' title='bbox 1986 4546 2205 4599; x_wconf 81' lang='lat' dir='ltr'><strong>annum</strong></span> <span class='ocrx_word' id='word_1_747' title='bbox 2231 4530 2410 4583; x_wconf 83' lang='lat' dir='ltr'><strong>atatis</strong></span> <span class='ocrx_word' id='word_1_748' title='bbox 2438 4530 2780 4601; x_wconf 88' lang='lat' dir='ltr'><strong>vigesimum</strong></span> <span class='ocrx_word' id='word_1_749' title='bbox 2836 4539 3127 4603; x_wconf 84' lang='lat' dir='ltr'><strong>quartum,</strong></span> <span class='ocrx_word' id='word_1_750' title='bbox 3171 4534 3226 4587; x_wconf 92' lang='lat' dir='ltr'><strong>S.</strong></span> <span class='ocrx_word' id='word_1_751' title='bbox 3260 4534 3521 4588; x_wconf 78' lang='lat' dir='ltr'><strong>l-ieinrico</strong></span> <span class='ocrx_word' id='word_1_752' title='bbox 3553 4550 3686 4604; x_wconf 90' lang='lat' dir='ltr'><strong>spe-</strong></span> 
     </span>
    </p>
   </div>
   <div class='ocr_carea' id='block_1_108' title="bbox 1986 4619 3686 4688">
    <p class='ocr_par' dir='ltr' id='par_1_108' title="bbox 1986 4619 3686 4688">
     <span class='ocr_line' id='line_1_109' title="bbox 1986 4619 3686 4688; baseline 0.002 -16"><span class='ocrx_word' id='word_1_753' title='bbox 1986 4619 2204 4673; x_wconf 88' lang='lat' dir='ltr'><strong>cialiter</strong></span> <span class='ocrx_word' id='word_1_754' title='bbox 2233 4619 2471 4672; x_wconf 90' lang='lat' dir='ltr'><strong>devotus</strong></span> <span class='ocrx_word' id='word_1_755' title='bbox 2504 4635 2517 4683; x_wconf 90' lang='lat'><strong>;</strong></span> <span class='ocrx_word' id='word_1_756' title='bbox 2551 4624 2606 4672; x_wconf 89' lang='lat' dir='ltr'><strong>et</strong></span> <span class='ocrx_word' id='word_1_757' title='bbox 2636 4619 2820 4673; x_wconf 91' lang='lat' dir='ltr'><strong>eidem</strong></span> <span class='ocrx_word' id='word_1_758' title='bbox 2870 4622 3098 4688; x_wconf 89' lang='lat' dir='ltr'><strong>Sancto,</strong></span> <span class='ocrx_word' id='word_1_759' title='bbox 3169 4627 3232 4674; x_wconf 93' lang='lat' dir='ltr'><strong>ut</strong></span> <span class='ocrx_word' id='word_1_760' title='bbox 3266 4623 3471 4675; x_wconf 88' lang='lat' dir='ltr'><strong>merito</strong></span> <span class='ocrx_word' id='word_1_761' title='bbox 3510 4622 3686 4675; x_wconf 85' lang='lat' dir='ltr'><strong>credi-</strong></span> 
     </span>
    </p>
   </div>
   <div class='ocr_carea' id='block_1_109' title="bbox 1985 4706 3685 4777">
    <p class='ocr_par' dir='ltr' id='par_1_109' title="bbox 1985 4706 3685 4777">
     <span class='ocr_line' id='line_1_110' title="bbox 1985 4706 3685 4777; baseline 0.001 -17"><span class='ocrx_word' id='word_1_762' title='bbox 1985 4711 2097 4773; x_wconf 90' lang='lat' dir='ltr'><strong>tur,</strong></span> <span class='ocrx_word' id='word_1_763' title='bbox 2125 4706 2384 4777; x_wconf 89' lang='lat' dir='ltr'><strong>apprime</strong></span> <span class='ocrx_word' id='word_1_764' title='bbox 2410 4707 2639 4772; x_wconf 83' lang='lat' dir='ltr'><strong>cliarus,</strong></span> <span class='ocrx_word' id='word_1_765' title='bbox 2695 4724 2807 4760; x_wconf 91' lang='lat' dir='ltr'><strong>non</strong></span> <span class='ocrx_word' id='word_1_766' title='bbox 2842 4709 3029 4761; x_wconf 89' lang='lat' dir='ltr'><strong>solum</strong></span> <span class='ocrx_word' id='word_1_767' title='bbox 3060 4709 3132 4762; x_wconf 93' lang='lat' dir='ltr'><strong>ob</strong></span> <span class='ocrx_word' id='word_1_768' title='bbox 3188 4710 3505 4763; x_wconf 85' lang='lat' dir='ltr'><strong>devotionis</strong></span> <span class='ocrx_word' id='word_1_769' title='bbox 3529 4716 3685 4763; x_wconf 89' lang='lat' dir='ltr'><strong>tene-</strong></span> 
     </span>
    </p>
   </div>
   <div class='ocr_carea' id='block_1_110' title="bbox 1987 4794 3686 4861">
    <p class='ocr_par' dir='ltr' id='par_1_110' title="bbox 1987 4794 3686 4861">
     <span class='ocr_line' id='line_1_111' title="bbox 1987 4794 3686 4861; baseline 0.001 -13"><span class='ocrx_word' id='word_1_770' title='bbox 1987 4794 2318 4861; x_wconf 90' lang='lat' dir='ltr'><strong>ritudinem,</strong></span> <span class='ocrx_word' id='word_1_771' title='bbox 2349 4794 2443 4848; x_wconf 91' lang='lat' dir='ltr'><strong>sed</strong></span> <span class='ocrx_word' id='word_1_772' title='bbox 2476 4796 2560 4848; x_wconf 92' lang='lat' dir='ltr'><strong>vel</strong></span> <span class='ocrx_word' id='word_1_773' title='bbox 2606 4796 2852 4850; x_wconf 84' lang='lat' dir='ltr'><strong>maxime</strong></span> <span class='ocrx_word' id='word_1_774' title='bbox 2900 4797 2973 4850; x_wconf 92' lang='lat' dir='ltr'><strong>ob</strong></span> <span class='ocrx_word' id='word_1_775' title='bbox 3032 4797 3471 4851; x_wconf 88' lang='lat' dir='ltr'><strong>similitudinem</strong></span> <span class='ocrx_word' id='word_1_776' title='bbox 3521 4798 3686 4851; x_wconf 87' lang='lat' dir='ltr'><strong>casti-</strong></span> 
     </span>
    </p>
   </div>
   <div class='ocr_carea' id='block_1_111' title="bbox 1988 4882 3688 4954">
    <p class='ocr_par' dir='ltr' id='par_1_111' title="bbox 1988 4882 3688 4954">
     <span class='ocr_line' id='line_1_112' title="bbox 1988 4882 3688 4954; baseline 0.002 -18"><span class='ocrx_word' id='word_1_777' title='bbox 1988 4882 2220 4947; x_wconf 80' lang='lat' dir='ltr'><strong>monia,</strong></span> <span class='ocrx_word' id='word_1_778' title='bbox 2253 4900 2380 4954; x_wconf 89' lang='lat' dir='ltr'><strong>qua</strong></span> <span class='ocrx_word' id='word_1_779' title='bbox 2402 4882 2631 4952; x_wconf 86' lang='lat' dir='ltr'><strong>juvenis</strong></span> <span class='ocrx_word' id='word_1_780' title='bbox 2662 4900 2837 4954; x_wconf 87' lang='lat' dir='ltr'><strong>supra</strong></span> <span class='ocrx_word' id='word_1_781' title='bbox 2862 4901 3230 4939; x_wconf 89' lang='lat' dir='ltr'><strong>communem</strong></span> <span class='ocrx_word' id='word_1_782' title='bbox 3269 4886 3499 4939; x_wconf 91' lang='lat' dir='ltr'><strong>modum</strong></span> <span class='ocrx_word' id='word_1_783' title='bbox 3533 4886 3688 4940; x_wconf 76' lang='lat' dir='ltr'><strong>efful-</strong></span> 
     </span>
    </p>
   </div>
   <div class='ocr_carea' id='block_1_112' title="bbox 1987 4973 3688 5043">
    <p class='ocr_par' dir='ltr' id='par_1_112' title="bbox 1987 4973 3688 5043">
     <span class='ocr_line' id='line_1_113' title="bbox 1987 4973 3688 5043; baseline 0.001 -20"><span class='ocrx_word' id='word_1_784' title='bbox 1987 4973 2176 5041; x_wconf 83' lang='lat' dir='ltr'><strong>gebat,</strong></span> <span class='ocrx_word' id='word_1_785' title='bbox 2230 4977 2284 5025; x_wconf 87' lang='lat' dir='ltr'><strong>et</strong></span> <span class='ocrx_word' id='word_1_786' title='bbox 2358 4988 2475 5025; x_wconf 92' lang='lat' dir='ltr'><strong>non</strong></span> <span class='ocrx_word' id='word_1_787' title='bbox 2523 4973 2601 5026; x_wconf 88' lang='lat' dir='ltr'><strong>ita</strong></span> <span class='ocrx_word' id='word_1_788' title='bbox 2668 4973 2890 5043; x_wconf 89' lang='lat' dir='ltr'><strong>pridem</strong></span> <span class='ocrx_word' id='word_1_789' title='bbox 2963 4973 3275 5042; x_wconf 85' lang='lat' dir='ltr'><strong>Herbipoli,</strong></span> <span class='ocrx_word' id='word_1_790' title='bbox 3344 4973 3441 5026; x_wconf 91' lang='lat' dir='ltr'><strong>ubi</strong></span> <span class='ocrx_word' id='word_1_791' title='bbox 3486 4974 3688 5027; x_wconf 86' lang='lat' dir='ltr'><strong>studiis</strong></span> 
     </span>
    </p>
   </div>
   <div class='ocr_carea' id='block_1_113' title="bbox 1989 5059 3691 5131">
    <p class='ocr_par' dir='ltr' id='par_1_113' title="bbox 1989 5059 3691 5131">
     <span class='ocr_line' id='line_1_114' title="bbox 1989 5059 3691 5131; baseline 0.002 -19"><span class='ocrx_word' id='word_1_792' title='bbox 1989 5059 2242 5123; x_wconf 84' lang='lat' dir='ltr'><strong>vacabat,</strong></span> <span class='ocrx_word' id='word_1_793' title='bbox 2278 5064 2462 5129; x_wconf 78' lang='lat' dir='ltr'><strong>ejusce</strong></span> <span class='ocrx_word' id='word_1_794' title='bbox 2492 5061 2721 5114; x_wconf 89' lang='lat' dir='ltr'><strong>virtutis</strong></span> <span class='ocrx_word' id='word_1_795' title='bbox 2760 5063 3053 5131; x_wconf 87' lang='lat' dir='ltr'><strong>specimen</strong></span> <span class='ocrx_word' id='word_1_796' title='bbox 3110 5061 3348 5114; x_wconf 88' lang='lat' dir='ltr'><strong>dederat</strong></span> <span class='ocrx_word' id='word_1_797' title='bbox 3378 5060 3691 5115; x_wconf 89' lang='lat' dir='ltr'><strong>immortali</strong></span> 
     </span>
    </p>
   </div>
   <div class='ocr_carea' id='block_1_114' title="bbox 1990 5147 3689 5217">
    <p class='ocr_par' dir='ltr' id='par_1_114' title="bbox 1990 5147 3689 5217">
     <span class='ocr_line' id='line_1_115' title="bbox 1990 5147 3689 5217; baseline 0 -17"><span class='ocrx_word' id='word_1_798' title='bbox 1990 5148 2267 5201; x_wconf 86' lang='lat' dir='ltr'><strong>memoria</strong></span> <span class='ocrx_word' id='word_1_799' title='bbox 2292 5148 2551 5217; x_wconf 87' lang='lat' dir='ltr'><strong>dignum.</strong></span> <span class='ocrx_word' id='word_1_800' title='bbox 2598 5152 2889 5204; x_wconf 58' lang='lat' dir='ltr'><strong>Fornerus-</strong></span> <span class='ocrx_word' id='word_1_801' title='bbox 2936 5150 2993 5204; x_wconf 91' lang='lat' dir='ltr'><strong>in</strong></span> <span class='ocrx_word' id='word_1_802' title='bbox 3046 5148 3318 5203; x_wconf 90' lang='lat' dir='ltr'><strong>concione</strong></span> <span class='ocrx_word' id='word_1_803' title='bbox 3375 5147 3563 5216; x_wconf 88' lang='lat' dir='ltr'><strong>prima</strong></span> <span class='ocrx_word' id='word_1_804' title='bbox 3613 5147 3689 5200; x_wconf 83' lang='lat' dir='ltr'><strong>fu-</strong></span> 
     </span>
    </p>
   </div>
   <div class='ocr_carea' id='block_1_115' title="bbox 1986 5235 2957 5306">
    <p class='ocr_par' dir='ltr' id='par_1_115' title="bbox 1986 5235 2957 5306">
     <span class='ocr_line' id='line_1_116' title="bbox 1986 5235 2957 5306; baseline 0.002 -17"><span class='ocrx_word' id='word_1_805' title='bbox 1986 5235 2150 5289; x_wconf 86' lang='lat' dir='ltr'><strong>nebri</strong></span> <span class='ocrx_word' id='word_1_806' title='bbox 2181 5252 2311 5306; x_wconf 83' lang='lat' dir='ltr'><strong>pag.</strong></span> <span class='ocrx_word' id='word_1_807' title='bbox 2348 5240 2434 5299; x_wconf 81' lang='lat'><strong>26,</strong></span> <span class='ocrx_word' id='word_1_808' title='bbox 2470 5237 2611 5291; x_wconf 90' lang='lat' dir='ltr'><strong>illud</strong></span> <span class='ocrx_word' id='word_1_809' title='bbox 2643 5238 2719 5290; x_wconf 89' lang='lat' dir='ltr'><strong>ita</strong></span> <span class='ocrx_word' id='word_1_810' title='bbox 2744 5239 2918 5291; x_wconf 81' lang='lat' dir='ltr'><strong>refert</strong></span> <span class='ocrx_word' id='word_1_811' title='bbox 2945 5255 2957 5290; x_wconf 91' lang='lat'>:</span> 
     </span>
    </p>
   </div>
   <div class='ocr_carea' id='block_1_116' title="bbox 2060 5324 3688 5389">
    <p class='ocr_par' dir='ltr' id='par_1_116' title="bbox 2060 5324 3688 5389">
     <span class='ocr_line' id='line_1_117' title="bbox 2060 5324 3688 5389; baseline -0.001 -11"><span class='ocrx_word' id='word_1_812' title='bbox 2060 5326 2148 5379; x_wconf 70' lang='grc'><strong>48.</strong></span> <span class='ocrx_word' id='word_1_813' title='bbox 2179 5348 2199 5372; x_wconf 72' lang='grc' dir='ltr'>ι</span> <span class='ocrx_word' id='word_1_814' title='bbox 2222 5325 2362 5378; x_wconf 86' lang='lat' dir='ltr'><strong>Rem</strong></span> <span class='ocrx_word' id='word_1_815' title='bbox 2392 5325 2814 5389; x_wconf 87' lang='lat' dir='ltr'><strong>admirandam,</strong></span> <span class='ocrx_word' id='word_1_816' title='bbox 2872 5325 3226 5379; x_wconf 82' lang='lat' dir='ltr'><strong>verissimam</strong></span> <span class='ocrx_word' id='word_1_817' title='bbox 3282 5330 3497 5388; x_wconf 85' lang='lat' dir='ltr'><strong>tamen,</strong></span> <span class='ocrx_word' id='word_1_818' title='bbox 3531 5324 3688 5377; x_wconf 86' lang='lat' dir='ltr'><strong>vobis</strong></span> 
     </span>
    </p>
   </div>
   <div class='ocr_carea' id='block_1_117' title="bbox 1994 5413 3687 5469">
    <p class='ocr_par' dir='ltr' id='par_1_117' title="bbox 1994 5413 3687 5469">
     <span class='ocr_line' id='line_1_118' title="bbox 1994 5413 3687 5469; baseline 0 -3"><span class='ocrx_word' id='word_1_819' title='bbox 1994 5413 2338 5467; x_wconf 86' lang='lat' dir='ltr'><strong>memorabo.</strong></span> <span class='ocrx_word' id='word_1_820' title='bbox 2399 5415 2644 5467; x_wconf 89' lang='lat' dir='ltr'><strong>Joannes</strong></span> <span class='ocrx_word' id='word_1_821' title='bbox 2722 5414 3063 5469; x_wconf 85' lang='lat' dir='ltr'><strong>Godefridus</strong></span> <span class='ocrx_word' id='word_1_822' title='bbox 3112 5414 3182 5468; x_wconf 90' lang='lat' dir='ltr'><strong>ab</strong></span> <span class='ocrx_word' id='word_1_823' title='bbox 3232 5415 3550 5469; x_wconf 80' lang='lat' dir='ltr'><strong>AscliaUseu</strong></span> <span class='ocrx_word' id='word_1_824' title='bbox 3599 5413 3687 5466; x_wconf 89' lang='lat' dir='ltr'><strong>in-</strong></span> 
     </span>
    </p>
   </div>
   <div class='ocr_carea' id='block_1_118' title="bbox 1991 5500 3687 5566">
    <p class='ocr_par' dir='ltr' id='par_1_118' title="bbox 1991 5500 3687 5566">
     <span class='ocr_line' id='line_1_119' title="bbox 1991 5500 3687 5566; baseline -0.001 -13"><span class='ocrx_word' id='word_1_825' title='bbox 1991 5501 2375 5554; x_wconf 79' lang='lat' dir='ltr'><strong>aduleseentia</strong></span> <span class='ocrx_word' id='word_1_826' title='bbox 2406 5519 2526 5566; x_wconf 87' lang='lat' dir='ltr'><strong>sua,</strong></span> <span class='ocrx_word' id='word_1_827' title='bbox 2564 5507 2623 5556; x_wconf 89' lang='lat' dir='ltr'><strong>ut</strong></span> <span class='ocrx_word' id='word_1_828' title='bbox 2655 5518 2822 5555; x_wconf 85' lang='lat' dir='ltr'><strong>nemo</strong></span> <span class='ocrx_word' id='word_1_829' title='bbox 2866 5519 2978 5555; x_wconf 88' lang='lat' dir='ltr'><strong>non</strong></span> <span class='ocrx_word' id='word_1_830' title='bbox 3023 5502 3197 5566; x_wconf 89' lang='lat' dir='ltr'><strong>novit,</strong></span> <span class='ocrx_word' id='word_1_831' title='bbox 3248 5500 3687 5555; x_wconf 82' lang='lat' dir='ltr'><strong>formosissimus</strong></span> 
     </span>
    </p>
   </div>
  </div>
