4012 6204
336 260 422 312 151

1621 261 1676 316 S.
1720 260 2008 317 HENllICI
2049 257 2523 316 lMPERATORlS

328 381 450 433 erat
469 381 526 432 et
569 377 1002 434 venustissimus
1033 395 1047 447 ;
1107 381 1461 451 pereleganti
1503 395 1736 453 quoque
1767 381 2021 453 corporis
2050 384 2094 435 Α

326 465 732 523 constitutione
764 484 778 522 :
810 485 924 539 qua
970 469 1260 524 occasione
1308 470 1545 524 humani
1574 470 1800 542 generis
1843 470 2022 526 hostis

329 555 725 610 hareditarius
798 561 1047 627 arrepta,
1101 558 1224 628 ejus
1280 559 1551 630 virginea
1607 559 1844 628 puritati
1914 562 2021 616 hoc

325 648 726 713 strategemate
756 644 993 699 insidias
1029 647 1251 712 struxit,
1301 653 1359 701 et
1386 647 1612 718 pedicas
1657 649 1882 718 objecit.
1921 650 2020 703 Fe-

329 733 499 787 mina
538 732 804 804 quadam
835 750 900 786 ex
948 750 1214 803 gynaceo
1272 735 1465 807 magni
1517 737 1766 791 nominis
1796 742 1854 792 et
1883 737 2021 792 illu-

329 821 458 876 stris
522 820 886 888 conditionis,
933 822 1242 888 instigante
1311 824 1730 891 cacodamone,
1807 825 2022 898 insigni

328 911 450 980 ejus
478 909 663 965 forma
715 913 771 964 et
814 911 1236 979 pulchritudine
1292 917 1492 983 capta,
1549 914 1783 968 honoris
1836 915 2022 986 specie

329 998 399 1052 ad
421 997 742 1052 convivium
771 998 1086 1054 invitarunt
1125 1016 1138 1053 :
1172 999 1290 1065 ubi,
1337 1016 1467 1055 cum
1516 1018 1648 1056 eum
1681 1001 1781 1074 qui
1826 1019 2023 1058 curam

329 1102 388 1140 ex
421 1086 610 1140 ofﬁcio
659 1103 858 1157 gerere
904 1087 1168 1153 debebat,
1213 1088 1292 1142 nil
1344 1089 1478 1142 mali
1533 1090 1916 1160 suspicantem
1955 1107 2021 1146 ex

330 1174 611 1229 industria
669 1174 1066 1242 inebriassent,
1130 1177 1507 1248 cubitumque
1561 1178 1782 1233 ductari
1811 1180 2023 1250 jussis-

328 1268 473 1327 sent,
497 1279 564 1318 ea
623 1269 788 1318 nocte
846 1266 1268 1321 adolescentem
1323 1283 1550 1338 quoque
1602 1269 1754 1338 apud
1785 1285 1845 1323 se
1878 1269 2022 1324 reti-

329 1366 463 1404 nere
489 1351 810 1417 voluerunt,
836 1351 990 1422 quia,
1023 1368 1096 1406 ne
1128 1354 1247 1422 ipse
1295 1353 1430 1407 mali
1459 1354 1758 1425 quidpiam
1793 1356 2023 1412 subesse

331 1443 504 1504 ratus,
559 1455 690 1492 cum
743 1440 1056 1494 dormitum
1107 1441 1228 1510 jam
1281 1441 1667 1509 concessisset,
1719 1442 2025 1497 libidinosa

331 1525 428 1578 illa
456 1526 666 1580 diaboli
691 1543 909 1597 organa
927 1529 1074 1584 clam
1123 1529 1406 1601 taciteque
1447 1531 1653 1585 lectum
1686 1532 1807 1601 ejus
1841 1548 2022 1586 acces-

329 1618 544 1680 serunt,
590 1620 647 1669 et
683 1615 866 1670 verbis
913 1617 1127 1687 pariter
1179 1617 1415 1685 lascivit,
1465 1623 1521 1672 et
1566 1620 2023 1691 quibuscumque

332 1707 596 1772 poterant
651 1702 1077 1759 titillationibus
1122 1706 1190 1761 ad
1245 1723 1336 1760 res
1366 1707 1610 1761 nefarias
1649 1725 1782 1762 eum
1813 1709 2030 1764 sollici—

332 1795 453 1845 tare
499 1796 816 1862 caperunt.
873 1793 1018 1857 Quid
1043 1794 1444 1866 pudicissimus
1485 1797 1811 1852 adolescens
1831 1797 1858 1852 ‘I
1890 1799 2031 1853 Hor-

335 1880 576 1934 rendum
609 1880 943 1948 vociferans,
976 1898 1006 1936 e
1057 1883 1218 1950 lecto,
1270 1889 1333 1938 ut
1370 1890 1512 1953 erat,
1557 1886 1724 1941 lineis
1754 1887 1948 1955 caligit
1977 1891 2035 1940 et

333 1967 562 2022 indusio
592 1968 826 2022 vestitus
876 1970 1142 2039 prosiliit,
1175 1988 1205 2026 e
1237 1973 1502 2028 manibus
1542 1975 1770 2029 illarum
1821 1975 2030 2045 erupit,

331 2055 541 2110 ostium
575 2057 777 2111 domus
807 2057 1140 2114 festinanter
1182 2061 1367 2131 petiit,
1401 2066 1475 2129 et,
1528 2063 1739 2118 relictis
1768 2063 2034 2117 omnibus

335 2149 467 2215 post
502 2161 560 2199 se
593 2145 966 2214 vestimentis,
1014 2149 1082 2203 ad
1137 2149 1374 2204 domum
1405 2151 1702 2222 cujusdam
1742 2152 1911 2206 amici
1941 2169 2032 2206 ve-

334 2231 439 2299 nit,
473 2232 670 2304 ibique
699 2234 854 2305 quod
910 2235 1198 2308 reliquum
1253 2244 1372 2294 erat
1413 2240 1618 2308 noctis,
1679 2242 1793 2295 Deo
1823 2241 2036 2313 gratias

334 2336 510 2392 agens
559 2337 663 2393 pro
740 2322 977 2378 obtenta
1031 2324 1306 2379 castitatis
1363 2328 1574 2397 palma,
1651 2328 1846 2400 quiete
1906 2343 2034 2399 per-

334 2409 529 2479 git.....

405 2499 493 2552 49.
540 2516 568 2548 ‹ι
627 2497 875 2553 Clericus
903 2499 1136 2555 tandem
1197 2501 1475 2570 initiatus,
1527 2505 1745 2575 majore
1803 2503 2037 2560 solertia

334 2586 592 2656 corporis
644 2591 701 2641 et
754 2588 962 2643 mentis
1018 2589 1376 2645 castimonia
1452 2591 1558 2647 sibi
1617 2592 2036 2664 invigilandum

335 2673 676 2729 existimavit
707 2691 722 2741 ;
755 2675 930 2748 idque
956 2669 1116 2732 tanto
1163 2679 1514 2750 diligentius,
1547 2687 1761 2752 quanto
1792 2682 2037 2752 majores

336 2768 459 2818 tum
488 2763 764 2834 temporis
813 2767 1153 2836 corruptela
1211 2767 1424 2838 passim
1477 2767 1898 2840 vigebant.......
1937 2770 2038 2823 Vix

335 2867 456 2906 avo
478 2856 672 2906 nostro
700 2851 963 2908 inventus
1020 2861 1103 2909 est
1131 2855 1333 2911 similis
1383 2857 1488 2923 illi,
1548 2857 1647 2929 qui
1674 2862 1831 2912 tanto
1862 2857 2036 2927 virgi-

337 2955 462 2994 nea
493 2939 762 3010 puritatis
802 2943 922 2996 zelo
968 2949 1329 2998 conservaret
1379 2945 1559 3014 legem
1595 2946 1826 3000 Excelsi.
1863 2947 2040 3015 Hujus

336 3027 513 3097 igitur
567 3028 920 3084 castimonia
996 3031 1378 3103 aliarumque,
1438 3032 1646 3104 quibus
1695 3034 1792 3087 illa
1841 3033 2041 3103 stipari

339 3117 505 3185 solet,
567 3116 842 3172 virtutum
905 3118 1220 3188 fragrantia
1293 3121 1602 3175 delectatus
1658 3122 1711 3176 S.
1765 3122 2039 3178 Henricus

338 3205 563 3259 videtur
607 3206 887 3260 Joannem
951 3207 1324 3263 Godefridum
1405 3209 1690 3280 selegisse,
1739 3215 1795 3265 et
1836 3227 1870 3264 a
1925 3212 2039 3265 Deo

341 3293 655 3349 obtinuisse
688 3311 792 3365 pro
831 3311 932 3350 sua
975 3295 1221 3350 Ecclesia
1262 3296 1618 3368 episcopum,
1673 3314 1774 3353 seu
1828 3298 2040 3353 instru-

343 3387 598 3435 mentum
621 3383 863 3436 maxime
887 3382 1166 3438 idoneum
1188 3384 1258 3439 ad
1290 3385 1704 3440 restituendum
1740 3387 2039 3458 pudorem,

342 3470 441 3540 qui
473 3485 588 3524 non
625 3475 849 3526 tantum
877 3471 938 3525 in
987 3473 1218 3544 populo,
1269 3473 1366 3528 sed
1397 3473 1569 3528 etiam
1623 3473 1684 3530 in
1725 3475 1900 3542 clero,
1935 3475 2042 3529 mi-

343 3559 650 3614 serandum
708 3559 769 3615 in
831 3560 1067 3615 modum
1123 3563 1407 3633 collapsus
1444 3563 1648 3617 fuerat.
1677 3564 1847 3619 Unde
1888 3580 2040 3629 cum,

344 3663 497 3701 anno
551 3663 713 3702 ιυειι
776 3664 923 3704 vau
989 3649 1290 3722 episcopus
1351 3651 1411 3705 in
1494 3653 1762 3707 extremis
1827 3657 2042 3724 ageret,

344 3735 586 3806 virginei
661 3737 934 3807 conjuges
987 3738 1041 3793 S.
1104 3739 1397 3794 Heinricus
1449 3745 1506 3794 et
1564 3740 1931 3812 Cunegundis
1986 3740 2053 3795 in

345 3823 488 3878 turri
542 3824 788 3878 ecclesia
845 3826 1189 3881 cathedralis
1245 3829 1432 3883 denuo
1498 3845 1556 3883 se
1612 3828 2045 3900 conspiciendos

346 3917 403 3967 et
446 3929 551 3984 pro
609 3913 870 3984 eligendo
923 3931 1069 3969 novo
1129 3917 1369 3987 prasule
1439 3917 1710 3972 sollicitos
1771 3917 2046 3972 exhibue-

349 4007 500 4054 runt.

418 4093 504 4144 50.
550 4109 578 4141 α
613 4090 675 4144 Id
719 4090 876 4159 quod
939 4089 999 4144 in
1057 4093 1353 4159 opusculo,
1403 4092 1495 4144 cui
1549 4091 1794 4156 titulus;
1844 4093 2044 4147 Luctus

346 4176 599 4246 publicus
691 4179 1007 4232 Franconias
1065 4179 1128 4232 ob
1185 4179 1536 4233 immaturum
1582 4194 1609 4232 e
1664 4181 1782 4232 vita
1836 4179 2046 4233 abitum

277 4338 284 4340 _
347 4267 571 4320 Joannis
618 4265 923 4333 Godefridi,
977 4265 1130 4320 edito
1178 4282 1212 4319 a
1256 4266 1497 4336 collegio
1557 4265 1854 4321 Societatis
1916 4267 2046 4321 Jesu

353 4353 643 4424 Herbipoli
700 4369 850 4407 anno
906 4371 1166 4421 nocxxui,
1220 4371 1350 4425 pag.
1410 4358 1461 4419 3,
1521 4354 1678 4410 hisce
1732 4355 1918 4410 verbis
1955 4371 2052 4409 re-

353 4440 584 4496 fertur:
646 4441 741 4497 SS.
798 4441 1093 4496 Heinricus
1150 4447 1206 4496 et
1265 4442 1634 4513 Cunegundis
1700 4445 1872 4514 paulo
1921 4449 2052 4498 ante

352 4529 473 4600 ejus
502 4529 840 4585 electionem
893 4531 996 4585 visi
1046 4532 1247 4586 urbem
1297 4547 1328 4586 e
1386 4531 1529 4586 turri
1595 4531 2051 4604 circumspicere,

353 4621 532 4686 Quam
558 4619 978 4690 apparitionem
1017 4625 1187 4691 poeta
1216 4620 1296 4674 sic
1322 4621 1590 4692 exprimit
1621 4637 1634 4674 :

495 4709 674 4773 Quem
705 4707 906 4778 patria
933 4709 1099 4763 Pater

567 4797 606 4852 E
643 4811 817 4850 censu
842 4795 1123 4867 Superum
1154 4795 1313 4866 gravi

498 4885 814 4953 Heinricus,
840 4885 1006 4939 lateri
1039 4885 1258 4957 virgine
1289 4885 1534 4957 conjuge

565 4975 787 5043 Adlixa,
817 4973 1172 5029 venerabiles

496 5065 819 5135 Acquisisse
841 5063 989 5118 viros
1019 5062 1185 5129 inter,
1221 5062 1552 5134 episcopum

571 5155 742 5208 Fama
771 5151 988 5208 diditur
1017 5151 1242 5223 integra
1269 5167 1282 5205 :

503 5241 707 5296 Urbem
732 5242 867 5296 dum
892 5241 1208 5312 propriam,
1241 5239 1526 5312 turrigera
1552 5256 1582 5295 e
1616 5241 1809 5309 domo,

573 5328 1038 5385 Circumfundere
1063 5328 1284 5384 lumina

504 5420 686 5485 Visus,
716 5420 944 5491 quando
973 5417 1190 5474 abitum
1221 5419 1336 5473 fata
1365 5416 1686 5488 superstitis

574 5507 864 5578 Urgebant
897 5507 1016 5562 fera
1045 5505 1322 5578 prasulis.

2061 1666 2099 1720 Β

2071 2941 2111 2995 C

2079 4223 2120 4276 D

3728 257 3824 310 I52

2205 385 2292 438 5t.
2328 400 2354 436 ι
2390 381 2615 437 Nemini
2669 385 2805 436 tunc
2847 378 2907 435 in
2965 384 3217 436 mentem
3266 377 3550 446 veniebat,
3598 379 3660 434 in
3711 379 3827 434 ele-

2131 469 2319 526 ctione
2350 469 2659 542 episcopali
2713 487 2780 524 ex
2821 484 2961 523 urna
3009 468 3368 541 proditurum
3409 469 3687 524 Joannem
3718 469 3829 524 Goo

2131 558 2436 626 defridum,
2465 564 2590 614 tum
2617 558 2752 630 quia
2779 558 2828 612 is
2869 563 2988 613 erat
3018 575 3086 612 ex
3128 557 3455 627 junioribus
3505 556 3833 628 capitulari-

2133 647 2257 713 bus,
2315 653 2439 701 tum
2499 647 2634 719 quia
2699 640 2970 716 suffragia
3025 645 3394 699 collimabant
3439 645 3501 699 in
3550 643 3839 700 Joannem

2133 736 2607 806 Ctiristopborum
2644 737 2962 788 .\'eustetter
2999 733 3215 788 dictum
3271 734 3546 798 Sturmer,
3580 733 3832 787 ecclesia

2132 824 2445 897 imperialis
2492 824 2791 878 decauuin.
2876 822 2986 877 Sed
3056 821 3390 893 suffragium
3459 822 3514 876 S.
3587 822 3834 877 Heinrici

2133 929 2236 985 pro
2275 913 2481 968 cliente
2511 929 2613 966 suo
2639 913 2857 967 Joanne
2887 911 3190 967 Godefrido
3212 910 3362 982 apud
3385 911 3565 965 Deum
3596 910 3834 964 demum

2134 1002 2450 1074 pravaluit.
2486 1001 2644 1069 Hinc,
2687 999 2909 1055 etiamsi
2957 1005 3307 1053 memoratus
3350 999 3597 1053 decanus
3646 999 3832 1070 primo

2132 1091 2320 1144 statim
2351 1089 2627 1144 scrutinio
2659 1089 2718 1143 in
2766 1087 3095 1159 episcopum
3153 1087 3366 1141 electus
3391 1087 3612 1152 fuisset,
3649 1087 3837 1140 noluit

2133 1185 2326 1234 tamen
2351 1179 2691 1250 dignitatem
2746 1177 3030 1231 amittere.
3068 1176 3149 1240 Et,
3185 1176 3314 1229 licet
3369 1191 3403 1228 a
3430 1181 3550 1229 toto
3582 1176 3832 1246 capitulo

2132 1269 2412 1322 instanter
2452 1271 2748 1337 rogaretur
2776 1271 2833 1320 et
2884 1269 3186 1336 urgeretur
3235 1266 3305 1317 ad
3338 1262 3832 1326 consentiendum,

2137 1372 2251 1410 non
2291 1361 2512 1410 tantum
2554 1355 2800 1409 secundo
2831 1358 2887 1408 et
2939 1353 3130 1419 tertio,
3168 1353 3269 1408 sed
3300 1354 3470 1407 etiam
3517 1359 3725 1424 quarto
3757 1368 3836 1406 re-

2133 1445 2364 1500 cusavit.
2427 1445 2683 1516 Cumque
2727 1443 2851 1498 hac
2901 1442 3050 1495 lucta
3107 1442 3202 1495 diu
3276 1445 3519 1506 teneret,
3576 1440 3833 1502 demum,

2132 1534 2382 1603 ipsomet
2437 1533 2650 1587 decano
2705 1535 3016 1602 praeunte,
3076 1545 3142 1583 ex
3189 1529 3567 1600 inspiratione
3591 1528 3838 1598 Spiritus

2137 1622 2316 1676 sancti
2339 1627 2397 1676 et
2417 1619 2678 1675 unanimi
2708 1633 2989 1672 consensu
3015 1617 3383 1672 dominorum
3434 1615 3840 1688 capitularium

2141 1711 2388 1765 Joannes
2409 1707 2745 1763 Godefridus
2775 1706 2848 1761 ad
2884 1703 3214 1760 Aschausen
3270 1706 3545 1759 salutatus
3577 1705 3687 1758 fuit
3714 1703 3841 1774 epi-

2142 1815 2348 1868 scopus
2405 1794 2837 1866 Bambergensis
2901 1811 2996 1850 xxx
3049 1794 3207 1861 Julii,
3247 1809 3396 1848 anno
3470 1809 3653 1848 IDCIX.
3719 1793 3842 1848 Ele-

2140 1887 2391 1941 ctionem
2420 1885 2587 1951 hanc,
2651 1883 2882 1954 speciali
2925 1881 3188 1938 Numinis
3218 1882 3589 1954 providentia,
3628 1881 3692 1936 in
3739 1883 3846 1934 bo-

2141 1990 2280 2029 num
2313 1973 2572 2028 Ecclesia
2604 1971 3060 2042 Bambergensis,
3087 1971 3214 2040 opis
3261 1970 3572 2024 admodum
3605 1969 3846 2039 indiga,

2143 2062 2476 2133 dispositam
2509 2077 2571 2115 ac
2596 2059 2922 2114 ordinatam
2949 2058 3143 2125 fuisse,
3195 2057 3516 2111 communis
3544 2062 3670 2110 erat
3701 2055 3850 2127 peri-

2141 2155 2330 2206 torum
2362 2149 2678 2220 persuasio.

2213 2242 2299 2292 52.
2372 2261 2392 2287 ι
2455 2235 2952 2291 Eminentissimus
3008 2232 3314 2287 cardinalis
3371 2233 3759 2287 Bellarminus
3790 2231 3854 2285 in

2144 2327 2329 2398 prima
2357 2325 2600 2396 epistola
2631 2325 2703 2379 ad
2747 2324 3024 2378 Joannem
3077 2320 3445 2377 Godefridum
3513 2320 3854 2392 episcopum

2147 2415 2624 2484 Bambergensem
2691 2428 2876 2483 nuper
2952 2411 3216 2477 electum,
3275 2411 3408 2464 data
3459 2425 3512 2462 iv
3569 2409 3851 2464 Novemb.

2149 2521 2327 2572 IDCIX,
2376 2505 2456 2558 ita
2521 2501 2760 2557 scribit:
2821 2499 3206 2555 lllustrissime
3258 2514 3324 2552 ac
3377 2497 3859 2552 reverendissime

2144 2593 2400 2656 domine,
2429 2608 2458 2645 a
2493 2589 2734 2646 Domino
2766 2590 2979 2643 factum
3008 2591 3093 2641 est
3143 2587 3297 2641 istud
3327 2603 3340 2652 ;
3373 2590 3429 2640 et
3456 2589 3540 2640 est
3584 2585 3861 2640 mirabile

2144 2681 2207 2736 in
2237 2681 2415 2736 oculis
2446 2678 2671 2735 nostris.
2722 2677 2968 2733 Nuntius
2997 2675 3068 2730 de
3123 2675 3398 2730 electione
3451 2675 3864 2729 illustrissima

2146 2774 2204 2824 et
2233 2767 2717 2823 reverendissima
2775 2767 2934 2820 Dom.
2983 2770 3188 2818 vestra
3234 2763 3482 2818 latilicat
3523 2762 3862 2817 universam

2145 2859 2429 2912 civitatem
2468 2855 2588 2911 Dei.
2645 2854 2988 2910 Dolebamus
3037 2851 3468 2922 oppressionem
3501 2850 3710 2905 nobilis
3752 2851 3864 2905 Ec-

2147 2946 2335 3002 clesia
2379 2945 2812 3015 Bambergensis
2846 2958 2859 2996 :
2894 2947 3104 2998 etcum
3159 2957 3273 2994 non
3330 2943 3687 2994 succurreret
3755 2955 3864 3010 ap-

2150 3040 2272 3089 tum
2323 3034 2666 3100 remedium,
2711 3048 2744 3085 a
2795 3031 3040 3085 Domino
3117 3029 3393 3084 auxilium
3449 3028 3864 3099 precabamur.

2149 3124 2258 3178 Sed
2289 3123 2417 3194 pius
2441 3120 2710 3176 dominus
2763 3119 2896 3174 fecit
2949 3117 3510 3188 superabundantins
3549 3132 3725 3187 quam
3760 3133 3863 3189 pe-

2149 3218 2268 3268 tere
2298 3217 2398 3266 aut
2451 3209 2776 3280 intelligere
2832 3211 3178 3279 poteramus.
3229 3208 3502 3276 Superest
3561 3221 3716 3260 nunc
3767 3213 3860 3270 ut,

2151 3299 2251 3372 qui
2315 3297 2485 3370 capit
2533 3297 2593 3352 in
2623 3296 2780 3351 vobis
2823 3312 2970 3367 opus
3028 3296 3264 3361 bonum,
3310 3295 3432 3364 ipse
3475 3293 3752 3366 perficiat,
3798 3300 3860 3348 et

2149 3404 2255 3459 per
2304 3403 2404 3442 vos
2453 3385 2693 3442 Ecclesia
2751 3384 3184 3456 Bambergensis
3254 3383 3498 3455 gloriam
3577 3399 3742 3438 suam
3802 3383 3865 3439 in

2152 3475 2422 3549 prasenti
2457 3475 2715 3546 recipiat,
2749 3477 2811 3528 ut
2840 3477 2896 3527 et
2951 3488 3049 3526 vos
3101 3471 3164 3526 in
3210 3471 3303 3526 die
3361 3470 3584 3526 Domini
3613 3471 3862 3526 immor-

2151 3566 2325 3620 talem
2377 3564 2574 3635 gloria
2633 3577 2902 3617 coronam
2963 3578 2998 3616 a
3050 3560 3311 3632 Principe
3365 3565 3657 3629 pastorum
3708 3559 3862 3612 reci-

2154 3651 2338 3725 piatis.

2223 3744 2315 3797 53.
2360 3763 2388 3789 (ι
2424 3739 2577 3794 Idem
2607 3735 2929 3802 cardinalis,
2990 3735 3191 3790 eodem
3219 3734 3310 3789 die
3341 3737 3398 3789 et
3423 3750 3574 3789 anno
3604 3734 3866 3788 scribens

2155 3828 2516 3884 serenissimo
2551 3825 2798 3881 Bavaria
2824 3825 2954 3879 duci
2986 3823 3389 3890 Maximiliauo,
3424 3823 3577 3878 inter
3595 3822 3709 3876 alia
3738 3821 3863 3877 hac

2154 3918 2360 3972 habet:
2395 3917 2471 3971 De
2492 3916 2671 3970 electo
2687 3931 2818 3968 vero
2845 3911 3252 3983 Bambergensi
3281 3912 3420 3982 quid
3450 3912 3671 3966 dicam?
3698 3912 3863 3965 Sensi

2156 4004 2408 4076 profecto
2439 4003 2833 4058 incredibilem
2889 4001 3070 4056 animi
3107 4002 3479 4072 voluptatem,
3504 4006 3556 4054 et
3589 4005 3708 4054 tam
3740 4015 3864 4054 ma-

2157 4093 2378 4147 nifesta
2404 4093 2602 4162 gratia
2656 4091 2754 4146 Dei
2807 4090 3161 4145 humillimas
3215 4089 3427 4159 gratias
3475 4088 3586 4158 egi.
3629 4089 3712 4143 Ita
3740 4088 3860 4141 ille.

2160 4180 2404 4234 Historia
2458 4180 2731 4250 inscripta
2785 4179 3011 4248 collegii
3063 4177 3184 4233 Soc.
3239 4179 3365 4232 Jesu
3402 4176 3714 4245 Herbipoli,
3763 4176 3864 4230 illo

2162 4267 2284 4338 ipso
2331 4283 2481 4322 anno
2529 4283 2708 4333 aneix,
2759 4267 2829 4320 de
2880 4265 3148 4336 episcopo
3205 4261 3608 4332 Bambergensi
3662 4277 3866 4315 recens

2161 4355 2340 4408 electo
2365 4355 2441 4408 ita
2497 4354 2788 4424 loquitur:
2825 4354 2896 4408 Ex
2955 4351 3390 4423 partheniorum
3440 4349 3722 4405 sodalium
3751 4365 3863 4404 nu-

2164 4459 2323 4497 mero
2360 4441 2616 4497 Ecclesia
2669 4439 3071 4512 Bambergensi
3125 4439 3338 4510 prasul
3393 4437 3666 4493 divinitus
3696 4439 3868 4492 datus

2163 4537 2247 4587 est
2274 4534 2519 4588 Joannes
2549 4531 2885 4588 Godefridus
2923 4531 2993 4584 ab
3052 4529 3397 4594 Aschausen,
3447 4528 3620 4581 homo
3680 4527 3870 4598 philo-

2162 4622 2426 4693 sophiam
2455 4625 2512 4675 et
2539 4621 2694 4690 leges
2725 4620 3004 4674 humanas
3047 4618 3380 4689 divinasque
3410 4616 3628 4680 doctus,
3661 4616 3723 4669 in
3752 4631 3872 4686 quo

2165 4711 2308 4764 nihil
2337 4710 2509 4763 fastus
2538 4714 2637 4763 aut
2661 4709 2776 4762 fuci
2809 4724 2823 4772 ;
2851 4723 3040 4762 mores
3087 4707 3161 4761 ad
3193 4706 3610 4760 humanitatem
3637 4719 3874 4774 compo-

2165 4799 2293 4867 siti;
2364 4803 2501 4852 atas
2556 4797 2786 4862 ﬂorens,
2841 4801 2918 4862 et,
2957 4795 3110 4867 quod
3167 4794 3412 4853 miseris.
3465 4792 3876 4848 adolescentia

2166 4887 2447 4954 vicinior;
2492 4885 2694 4958 prisca
2753 4884 3054 4956 probitatis
3097 4887 3155 4938 et
3198 4882 3516 4938 sanctitatis
3569 4881 3876 4935 severioris

2167 4976 2382 5046 imago,
2422 4979 2527 5030 etc.

2238 5065 2326 5118 54.
2361 5060 2904 5128 «Quemadmodum
2959 5064 3151 5114 autem
3203 5058 3511 5128 praclarus
3567 5056 3711 5112 adeo
3743 5057 3873 5128 epi-

2169 5166 2378 5222 scopus
2418 5148 2678 5205 Ecclesia
2722 5145 3147 5216 Bambergensi,
3189 5151 3450 5216 tempore
3507 5144 3873 5216 periculosis-

2167 5239 2336 5307 simo,
2395 5242 2685 5310 satagente
2731 5238 2786 5292 S.
2841 5236 3104 5292 Heinrico
3137 5235 3382 5290 donatus
3437 5234 3562 5301 fuit,
3606 5232 3684 5288 ita
3718 5234 3873 5287 idem

2170 5325 2494 5398 episcopus,
2558 5325 2761 5380 eodem
2809 5328 3003 5378 sancto
3060 5323 3408 5395 imperatore
3457 5319 3873 5392 patrocinante,

2170 5415 2340 5470 simul
2387 5431 2452 5469 ac
2509 5413 2848 5486 pastoralem
2900 5428 3096 5467 curam
3156 5410 3421 5482 suscepit,
3481 5425 3570 5464 res
3631 5423 3874 5479 magnas

2172 5519 2276 5575 pro
2309 5504 2423 5558 Deo
2449 5506 2506 5557 et
2563 5500 2826 5567 Ecclesia,
2875 5505 2994 5555 tam
3031 5499 3089 5553 in
3146 5497 3497 5553 restituendo
3527 5497 3683 5551 cultu
3729 5497 3874 5550 divi-
