4016 6202
240 211 335 264 153

1913 200 1996 256 ΔΟ
2005 202 2114 259 ΤΑ.

3689 221 3785 275 154

230 350 304 389 ηο
352 348 531 405 quam
579 330 650 386 in'
679 326 1049 384 emendandis
1095 322 1229 380 οιθτί
1301 328 1357 378 0t
1419 322 1628 396 ροριιιί
1675 321 1947 379 moribus
1978 328 2019 381 Α
2063 326 2444 398 patrocinium
2476 326 2759 399 confugit.
2792 329 2859 384 Et
2904 334 2968 386 ut
3010 330 3248 390 haberet
3289 334 3562 406 adjutorii
3596 338 3780 410 ipsius

230 438 534 493 aggressus
574 419 737 483 fuit;
801 422 971 487 atque
1030 414 1154 485 ipsa
1219 412 1634 483 magnitudine
1707 428 1954 483 operum

229 527 355 583 quae
418 510 655 581 peregit,
723 508 910 577 palam
972 504 1237 558 omnibus
1310 501 1476 565 fecit,
1549 519 1608 557 se
1659 518 1781 556 non
1838 506 1953 556 tam

232 599 531 655 hominum
584 612 754 668 quam
811 594 1030 648 coalitus
1084 589 1368 659 sull'ragiis
1422 589 1499 643 ad
1533 590 1951 660 episcopatum,

230 704 329 758 pro
378 688 536 741 bono
588 684 839 740 Ecclesiae
892 685 1263 750 assumptum.
1319 678 1469 742 Quae
1527 680 1763 750 egregia
1808 678 1953 733 facta

230 792 355 830 cum
407 776 656 830 Romam
694 774 875 826 latere
942 786 1053 824 non
1126 771 1372 838 p0ssent,
1451 766 1955 821 eminentissimus

235 863 618 917 Bellarminus
667 860 850 914 denuo
910 858 978 911 ad
1029 857 1295 910 Joannem
1356 855 1751 911 Godefridum
1799 872 1952 910 anno

236 952 417 1007 ΜυοΧ
459 951 545 1005 ita
586 950 779 1003 scribit
823 964 835 1000 :
884 946 1043 1011 Quod
1085 944 1173 1015 egi
1231 944 1291 997 in
1345 958 1632 998 causa....
1692 944 1955 1015 quamvis

235 1056 442 1109 magna
472 1040 763 1092 voluntate
792 1036 1029 1106 egerim,
1081 1050 1192 1087 non
1227 1031 1367 1085 tanti
1397 1034 1700 1087 momenti
1730 1032 1857 1093 fuit,
1890 1038 1956 1087 ut

232 1144 373 1198 opus
401 1132 557 1181 esset
607 1124 829 1195 fatigari
866 1124 926 1178 in
972 1122 1265 1177 scribendo
1321 1125 1565 1175 tantum
1613 1122 1953 1193 episcOpum

233 1223 286 1271 et
312 1216 371 1271 in
395 1216 572 1269 rebus
602 1212 953 1285 gravioribus
982 1214 1339 1281 occupatum.
1373 1208 1534 1272 Quia
1564 1214 1763 1263 tamen
1814 1210 1954 1263 scri-

232 1306 363 1359 bere
395 1304 594 1369 libuit,
621 1302 754 1357 mihi
785 1315 1017 1372 quoque
1076 1297 1424 1364 respondere
1455 1297 1956 1367 jucundissimum

232 1399 314 1447 est
344 1394 398 1446 ei
440 1393 590 1457 viro,
642 1406 807 1461 quem
838 1388 1003 1460 quasi
1046 1390 1113 1441 de
1168 1387 1306 1441 coelo
1362 1384 1621 1438 missum
1682 1387 1953 1456 suspicio.

236 1483 354 1534 Non
379 1480 521 1534 novi
541 1481 611 1534 de
650 1478 782 1532 facie
836 1478 1170 1547 episcopum
1202 1481 1257 1528 et
1306 1474 1646 1545 principem
1700 1475 1961 1528 Bambar-

230 1584 468 1639 gensem
506 1566 886 1632 Godefridum,
921 1565 1019 1618 sed
1068 1580 1134 1617 ex
1168 1562 1439 1633 cperibus
1473 1561 1739 1630 egregiis
1777 1562 1964 1616 notis-

230 1657 441 1710 simum
487 1655 849 1709 vehementer
893 1653 1073 1724 diligo
1105 1659 1162 1706 et
1190 1666 1436 1705 veneror
1474 1669 1489 1715 -,
1520 1654 1587 1703 et
1634 1666 1837 1720 precor
1870 1668 1960 1705 as-

231 1744 392 1798 siduo
466 1744 647 1797 Deum
717 1747 799 1807 ut,
871 1757 1047 1812 quem
1104 1745 1436 1811 opportuno
1504 1742 1796 1808 tempore,
1874 1740 1961 1792 la-

232 1832 386 1886 benti
420 1830 686 1885 Ecclesiae
736 1829 1143 1899 Bambergensi
1177 1828 1472 1894 praeﬁcere
1517 1826 1796 1895 dignatus
1852 1832 1959 1891 est,

230 1937 355 1975 eum
390 1922 573 1990 longo
598 1925 852 1988 tempore
905 1918 1259 1972 incolumem
1292 1930 1547 1979 servare,
1596 1915 1849 1987 dirigere
1905 1920 1963 1968 et

230 2014 558 2079 protegere,
595 2013 647 2061 et
677 2007 911 2061 tandem
958 2006 1129 2059 etiam
1162 2005 1400 2075 plenum
1434 2002 1666 2056 dierum
1699 2009 1757 2057 et
1782 2001 1959 2056 meri-

229 2104 419 2151 torum
454 2095 701 2166 gloriose
721 2109 997 2148 coronare
1030 2093 1320 2162 dignetur.

295 2188 382 2239 55.
423 2205 456 2233 ‹‹
488 2184 639 2237 Idem
696 2181 1003 2236 cardinalis
1059 2196 1210 2233 anno
1264 2196 1472 2243 nncxu,
1528 2194 1601 2231 xu
1640 2177 1957 2243 Februarii,

228 2274 297 2327 ad
329 2272 689 2327 Fridericum
746 2272 1061 2324 Fornerum
1092 2268 1532 2337 sulfraganeum
1569 2266 1959 2337 Bambergen-

230 2376 346 2413 sem
372 2359 653 2425 scribens,
686 2358 846 2412 addit
873 2355 1170 2426 sequentia
1209 2372 1221 2409 :
1266 2354 1378 2410 Sed
1415 2354 1506 2407 his
1537 2354 1791 2419 omissis,
1821 2370 1957 2426 gra-

232 2449 335 2502 tias
365 2449 632 2518 ingentes
684 2446 865 2501 habeo
898 2461 1000 2515 pro
1049 2444 1119 2498 iis
1157 2460 1286 2514 quae
1341 2444 1417 2497 ad
1450 2458 1542 2495 me
1574 2443 1857 2513 scripsisti
1888 2442 1961 2496 de

234 2535 454 2606 insigni
487 2550 790 2606 progressu
843 2532 1046 2603 optimi
1073 2532 1346 2603 principis
1381 2536 1440 2585 et
1470 2529 1733 2602 episcopi
1765 2530 1958 2594 vestri,

232 2641 403 2696 quem
443 2640 557 2677 non
589 2623 888 2677 hominum
949 2627 1079 2675 vota
1110 2625 1206 2674 aut
1236 2619 1448 2683 studia,
1495 2618 1591 2671 sed
1626 2620 1781 2673 Deus
1808 2619 1957 2689 ipse,

234 2729 333 2783 pro
362 2729 472 2765 sua
503 2712 725 2766 inﬁnita
784 2711 1011 2781 pietate.
1072 2708 1331 2763 Ecclesiae
1365 2723 1486 2759 sua:
1546 2706 1804 2761 donavit.
1840 2708 1959 2777 Ego

232 2807 379 2855 certe
406 2802 490 2854 ita
522 2800 604 2853 illi
637 2814 910 2869 germana
942 2796 1215 2850 charitate
1248 2794 1490 2857 afﬁcior,
1527 2800 1611 2859 ut,
1656 2796 1705 2849 si
1737 2810 1960 2867 pennas

235 2889 522 2944 columbae
552 2903 838 2941 assumere
898 2902 1142 2956 possem,
1179 2885 1321 2938 nihil
1376 2899 1470 2937 me
1500 2882 1785 2939 detineret
1811 2885 1957 2955 quin

232 2978 431 3032 statim
453 2978 518 3031 ad
573 2976 693 3046 ejus
739 2976 1099 3045 complexum
1158 2974 1432 3026 volarem.
1476 2970 1704 3026 Utinam
1741 2974 1958 3027 multos

235 3066 528 3121 eisimiles
592 3081 707 3119 non
765 3065 954 3117 solum
1010 3061 1069 3115 in
1119 3060 1443 3125 Germania,
1502 3058 1602 3112 sed
1644 3061 1821 3115 etiam
1900 3061 1958 3114 in

239 3155 400 3208 Italia
456 3158 510 3207 et
565 3153 625 3206 in
691 3152 912 3222 reliquo
998 3150 1134 3204 orbe
1174 3148 1497 3203 Christiano
1546 3146 1895 3202 haberemus
1942 3148 1953 3202 ε

240 3242 576 3296 Videremus
606 3241 758 3294 enim
785 3238 1062 3293 continuo
1095 3237 1320 3290 vineam
1355 3235 1583 3289 Domini
1635 3241 1753 3290 tam
1786 3237 1958 3292 bonis

242 3332 511 3403 agricolis
577 3330 941 3384 commissam
977 3326 1218 3382 mirifice
1281 3326 1663 3380 rellorescere.
1750 3328 1961 3382 Precor

243 3421 325 3475 illi
352 3435 429 3475 ex
459 3419 629 3473 corde
677 3418 1099 3488 longitudinem
1153 3415 1397 3480 dierum,
1451 3418 1669 3484 quanta
1701 3431 1958 3469 necessa-

248 3509 327 3562 ria
359 3513 451 3560 est
481 3507 551 3560 ad
582 3506 843 3560 Ecclesia
873 3502 1365 3569 reformationem,
1399 3508 1505 3556 etc.

316 3600 408 3651 36.
444 3618 471 3641 ι(
532 3596 699 3650 Plura
757 3592 1043 3665 ejusmodi
1094 3592 1154 3644 in
1186 3591 1440 3661 epistolis
1476 3589 1594 3643 suis
1625 3590 1797 3644 habet
1830 3592 1960 3645 lau-

248 3684 412 3739 datus
442 3683 765 3747 cardinalis,
824 3681 1121 3752 signanter
1166 3680 1440 3733 extollens
1500 3679 1962 3748 magnitudinem

250 3772 513 3827 beneﬁcii
571 3771 726 3842 quod
784 3769 981 3825 divina
1018 3768 1242 3822 bonitas
1276 3767 1539 3837 praestitit
1584 3766 1797 3820 labenti
1857 3769 1961 3821 Ec-

250 3860 434 3915 clesia:
468 3858 993 3928 Bambergensi,illi
1020 3856 1370 3927 providendo
1394 3857 1461 3909 de
1476 3856 1765 3927 episcopo,
1804 3879 1823 3903 ι
1861 3857 1962 3926 qui

254 3948 310 4001 in
343 3949 454 4002 vita
486 3964 589 4001 sua
621 3947 867 4001 suffnlsit
896 3947 1158 4011 domum,
1208 3950 1263 3999 et
1309 3944 1369 3998 in
1402 3944 1600 3997 diebus
1621 3942 1738 3995 suis
1762 3959 1962 3997 corro—

256 4036 473 4089 boravit
496 4035 775 4105 templum
809 4051 822 4087 :
855 4034 955 4105 qui
1006 4033 1225 4086 curavit
1250 4038 1477 4102 gentem
1512 4047 1677 4085 suam
1735 4038 1791 4084 et
1822 4032 1961 4086 libe-

257 4123 397 4174 ravit
426 4138 554 4174 eam
582 4137 615 4173 a
642 4120 964 4191 perditione
1020 4120 1207 4184 (Eccli.
1262 4117 1332 4185 ι).
1372 4141 1391 4165 ι
1451 4116 1611 4181 Quod
1662 4117 1880 4170 meritis
1904 4122 1961 4172 et

255 4208 649 4263 intercessioni
678 4209 771 4263 SS.
810 4206 1059 4262 Heinrici
1108 4212 1164 4260 et
1211 4204 1576 4275 Cunegundis
1607 4204 1666 4257 in
1715 4207 1959 4274 acceptis

255 4297 558 4352 ferendum
592 4313 712 4351 esse
752 4296 957 4366 probat
1014 4294 1252 4365 pervigil
1300 4309 1500 4347 eorum
1529 4291 1787 4346 studium
1814 4294 1963 4348 circa

256 4386 593 4439 electionem
622 4384 793 4454 hujus
818 4383 1069 4454 episcopi
1105 4381 1445 4446 exhibitum,
1495 4386 1558 4435 ut
1586 4397 1759 4450 supra
1808 4384 1959 4435 rela-

257 4480 375 4527 tum
415 4474 549 4539 fuit,
580 4488 682 4526 nec
714 4488 829 4525 non
856 4472 1161 4540 singularis
1183 4471 1436 4540 episcopi
1462 4470 1686 4524 devotio
1725 4475 1778 4523 et
1809 4471 1961 4525 ﬁdu-

257 4562 341 4615 cia
389 4577 527 4630 erga
584 4567 802 4613 sanctos
862 4559 1236 4625 fundatores;
1295 4558 1457 4628 cujus
1515 4556 1833 4611 devotionis
1899 4574 1962 4612 ac

258 4649 479 4704 ﬁducia
507 4650 797 4717 specimen
830 4647 1061 4717 aliquod
1085 4648 1175 4701 hic
1206 4645 1609 4716 subjungitur:

328 4743 414 4793 57.
478 4760 499 4785 ι
536 4739 602 4791 Ut
648 4738 903 4807 primum
942 4737 1185 4790 Joannes
1238 4734 1578 4789 Godefridus
1640 4750 1787 4787 onus
1840 4734 1963 4804 epi-

258 4828 479 4895 scopale
510 4826 778 4895 suscepit,
837 4824 1165 4877 colluctatio
1195 4824 1279 4877 illi
1310 4822 1419 4877 fuit
1458 4838 1571 4875 non
1604 4827 1828 4875 tantum
1860 4823 1958 4876 ad-

261 4931 452 4970 versus
484 4913 805 4983 spiritualia
878 4911 1148 4981 nequitiae
1196 4910 1257 4964 in
1314 4909 1655 4974 coelestibus,
1703 4910 1963 4965 videlicet

258 5004 522 5057 adversus
550 5001 835 5067 heresim,
892 5000 1160 5070 magiam,
1199 4999 1488 5066 veneﬁcia,
1540 4998 1959 5053 daemoniacum

261 5092 685 5158 idolomaniam,
747 5088 1087 5145 foedissimas
1171 5087 1357 5141 carnis
1433 5087 1850 5154 corruptiones,
1905 5093 1961 5142 et

260 5180 560 5234 innumera
620 5179 972 5249 ﬂagitiorum
1030 5183 1305 5239 monstra,
1381 5176 1478 5227 sed
1536 5175 1709 5228 etiam
1766 5180 1961 5229 contra

263 5268 651 5323 formidabiles
739 5266 1065 5337 principum
1162 5263 1563 5318 haereticorum
1659 5264 1957 5331 exercitus,

265 5356 590 5411 Franconiaa
638 5362 916 5427 perpetuo
946 5353 1333 5410 imminentes.
1380 5352 1587 5407 Contra
1618 5368 1763 5422 quos
1792 5353 1957 5407 coale-

266 5444 334 5498 sti
363 5445 623 5517 praesidio
652 5444 760 5498 sibi
788 5459 933 5515 opus
961 5458 1083 5498 esse
1139 5440 1487 5511 intelligens,
1518 5440 1585 5493 ad
1620 5441 1676 5496 S.
1714 5440 1959 5495 Heinrici

1998 1609 2036 1662 Β

1989 2888 2027 2941 C

1990 4161 2031 4212 ι)

2070 417 2319 481 arrham,
2354 414 2608 469 obtinuit
2646 418 2718 471 ab
2752 419 3074 475 Eberliardo
3126 425 3461 495 Augustano
3490 425 3778 498 episc0po,

2070 508 2463 559 consecratore
2513 520 2640 569 suo,
2702 508 2961 577 gladium
3016 527 3131 581 quo
3189 517 3414 566 sanctus
3470 514 3784 584 imperator

2069 594 2363 667 quondam
2394 592 2454 645 in
2507 595 2721 662 prwliis
2777 597 2850 650 ad
2909 598 3257 654 edomandos
3306 602 3563 656 Ecclesiae
3594 602 3782 657 hostes

2069 699 2205 737 usus
2244 681 2434 735 fuerat
2483 694 2496 733 :
2540 698 2715 752 quem
2764 691 3024 741 sanctum
3081 688 3338 757 gladium
3391 689 3610 760 accepit
3659 694 3781 744 tan-

2070 786 2243 843 quam
2276 784 2554 823 munusa
2597 772 2707 827 Deo
2762 774 3022 838 missum,
3081 776 3245 847 cujus
3302 777 3513 831 virtute
3564 784 3782 832 arceret

2067 857 2424 913 adversarios
2458 861 2659 928 populi
2710 862 2817 927 sui,
2852 862 2950 933 qui
2980 869 3141 917 erant
3172 865 3339 919 multi
3399 870 3457 919 et
3498 870 3779 935 potentes.

2070 946 2362 1018 Imprimis
2396 945 2714 1003 Fridericus
2776 950 2839 1014 V,
2870 967 3059 1004 comes
3126 952 3416 1020 palatinus
3456 953 3663 1021 Rheni,
3694 956 3784 1009 in-

2071 1051 2233 1089 vasor
2309 1050 2534 1089 coronae
2590 1038 2909 1092 Bohemicas
2958 1054 2973 1107 ;
3036 1039 3455 1107 Mansfeldius;
3518 1044 3775 1097 marchio

2070 1123 2452 1187 Durlacensis,
2510 1124 2620 1178 dux
2681 1127 3045 1194 Anhaltinus,
3080 1116 3439 1182 Christianus
3496 1131 3778 1185 Brunswi-

2068 1211 2252 1265 censis
2312 1226 2413 1263 seu
2484 1212 3015 1280 Halberstadiensis,
3083 1231 3404 1286 eorumque
3460 1218 3620 1283 socii,
3678 1221 3779 1290 qui

2070 1299 2359 1353 diaecesim
2396 1300 2894 1371 Bambergeusem,
2938 1302 3023 1355 uti
3082 1307 3139 1355 et
3171 1302 3664 1374 Herbipo'lensem,
3693 1308 3778 1362 fu-

2072 1388 2162 1441 liis
2192 1389 2380 1458 palam
2408 1388 2719 1459 impressis,
2753 1390 2861 1443 sibi
2908 1390 2967 1443 iu
3025 1391 3281 1459 praedam
3340 1393 3781 1462 destinaverant,

2072 1481 2130 1529 et
2158 1492 2257 1545 spe
2280 1476 2402 1545 jam
2416 1476 2843 1531 devoraveraut.

2145 1567 2233 1618 58.
2274 1585 2293 1611 «
2332 1564 2599 1627 Quamvis
2633 1571 2828 1620 autem
2873 1566 2936 1619 in
2988 1571 3297 1639 utramque
3336 1569 3624 1625 dioecesim
3664 1572 3785 1642 plu-

2075 1650 2185 1704 ries
2268 1652 2649 1722 irruptionem
2705 1654 3075 1722 tentaverint,
3143 1657 3392 1712 Joannes
3445 1659 3785 1714 Godefridus

2076 1744 2268 1794 tamen
2325 1739 2444 1811 (qui
2497 1741 2721 1797 interea
2775 1746 2948 1797 etiam
3000 1744 3432 1815 llerbipolensis
3480 1748 3783 1818 episcopus

2074 1833 2294 1881 creatus
2336 1828 2539 1899 fuerat)
2593 1831 2829 1886 hostiles
2888 1836 3129 1884 conatus
3156 1835 3365 1903 partim
3403 1834 3575 1889 elusit
3601 1835 3787 1890 consi-

2073 1916 2170 1981 lio,
2212 1916 2419 1985 partim
2470 1917 2645 1986 fregit
2697 1918 3051 1985 fortitudine,
3116 1924 3462 1993 opponendo
3521 1922 3788 1978 hostibus

2071 2006 2262 2074 c0pias
2309 2020 2458 2069 suas,
2517 2021 2663 2075 quas
2722 2006 3164 2075 conscripserat,
3244 2028 3356 2065 una
3422 2028 3553 2067 cum
3606 2012 3785 2082 copiis

2070 2091 2443 2145 auxiliaribus
2478 2094 2835 2148 serenissimi
2892 2094 3051 2148 ducis
3106 2098 3375 2154 Bavarias.
3410 2102 3478 2155 Et
3509 2101 3649 2155 dum
3681 2101 3789 2155 mi-

2070 2180 2196 2234 lites
2244 2187 2570 2250 pugnarent
2647 2182 2709 2236 in
2765 2182 2964 2253 patriae
3022 2186 3311 2253 conﬁniis,
3365 2189 3487 2258 ipse
3538 2189 3789 2243 interdiu

2070 2274 2380 2339 noctuque,
2405 2270 2661 2339 projecta
2695 2271 2755 2325 in
2797 2276 3007 2324 terram
3054 2273 3219 2341 facie,
3269 2276 3422 2331 velut
3451 2277 3594 2330 alter
3622 2277 3778 2347 Moy-

2071 2374 2178 2422 ses,
2221 2373 2323 2427 pro
2374 2358 2588 2428 populo
2643 2376 2748 2414 suo
2803 2359 3093 2414 orationes
3147 2363 3219 2417 ad
3279 2364 3457 2419 Deum
3489 2364 3785 2419 fundebat.

2072 2445 2138 2498 Et
2168 2446 2322 2515 quod
2368 2445 2437 2500 de
2497 2445 2592 2500 die
2640 2446 2933 2502 interdum
2962 2449 3035 2503 ob
3075 2451 3419 2521 legatorum,
3470 2469 3535 2508 ac
3566 2454 3789 2509 militias

2071 2534 2492 2603 praefectorum.
2534 2537 2800 2589 euntium
2834 2552 2897 2589 ac
2953 2538 3326 2595 redeuntium
3359 2542 3785 2612 interpellatio-

2071 2638 2190 2687 nes,
2259 2626 2529 2691 praestare
2589 2637 2709 2677 non
2766 2630 3011 2694 poterat,
3048 2628 3238 2681 media
3296 2645 3535 2700 surgens
3598 2636 3783 2698 nocte,

2070 2726 2268 2792 somno
2329 2710 2686 2764 antelucanis
2758 2712 3009 2767 excubiis
3088 2717 3368 2784 majorem
3427 2718 3488 2771 in
3548 2720 3783 2774 modum

2070 2802 2372 2862 coarctato,
2398 2796 2637 2865 integris
2677 2799 2836 2853 horis
2873 2817 3001 2855 cum
3049 2803 3161 2857 Deo
3209 2805 3586 2877 colloquendo
3620 2824 3779 2861 com-

2069 2887 2358 2954 pensabat.
2424 2885 2585 2940 Hisce
2664 2888 2837 2942 armis
2889 2890 3125 2945 devotus
3174 2892 3231 2947 S.
3296 2894 3544 2949 Heinrici
3604 2896 3781 2951 cliens

2071 2975 2367 3028 Ecclesiam
2400 2990 2585 3040 suam,
2620 2980 2739 3030 toto
2771 2976 3068 3047 regiminis
3097 2979 3185 3033 sui
3236 2986 3518 3052 tempore,
3577 2984 3648 3037 ab
3682 2985 3778 3037 ho-

2066 3062 2235 3115 stium
2297 3061 2737 3130 irruptionibus,
2792 3064 3318 3135 depraedationibus
3376 3075 3430 3124 et
3498 3070 3779 3126 incendiis

2066 3150 2234 3221 (quin
2265 3155 2322 3202 et
2350 3167 2381 3202 a
2405 3156 2582 3220 peste,
2611 3168 2741 3223 qua:
2769 3159 2937 3207 antea
2965 3155 3212 3227 singulis
3245 3156 3410 3211 annis
3451 3159 3779 3229 Bambergaa

2066 3238 2350 3302 saeviebat)
2381 3240 2627 3292 servavit
2644 3241 2992 3297 immunem.

2137 3330 2225 3381 59.
2253 3348 2275 3377 ι
2338 3326 2687 3397 Supremum
2715 3347 2749 3383 a
2794 3331 2848 3385 S.
2912 3331 3176 3386 Heinrico
3222 3333 3476 3387 favorem
3520 3334 3769 3387 Joannes

2067 3415 2403 3471 Godefridus
2434 3424 2705 3486 expertus
2737 3419 2845 3473 fuit
2900 3426 3033 3474 ante
3083 3427 3328 3475 mortem
3377 3437 3562 3487 suam,
3596 3437 3770 3492 quam

2067 3504 2120 3557 ei
2139 3510 2366 3557 sanctus
2395 3503 2715 3574 imperator
2766 3524 2879 3561 una
2940 3524 3071 3563 cum
3103 3508 3356 3579 virginea
3405 3510 3649 3580 conjuge
3682 3526 3780 3580 ap-

2068 3608 2273 3662 parens
2301 3594 2719 3661 pronuntiavit,
2755 3601 2817 3648 ut
2854 3596 3102 3651 refertur
3138 3597 3200 3650 in
3231 3597 3355 3650 Vita
3387 3597 3780 3668 manuscripta

2070 3682 2238 3748 hujus
2270 3680 2562 3750 principis.
2594 3684 2677 3736 Ah
2711 3700 2778 3736 eo
2810 3688 3069 3754 tempore
3101 3700 3215 3738 non
3242 3686 3436 3739 omisit
3495 3701 3554 3738 se
3604 3701 3778 3754 quam

2068 3768 2487 3821 accuratissime
2519 3770 2586 3822 ad
2645 3771 2865 3824 felicem
2892 3788 2961 3825 ex
3013 3773 3119 3824 hac
3150 3771 3260 3824 vita
3288 3771 3590 3825 transitum
3622 3788 3780 3825 com-

2069 3872 2290 3927 parare.
2322 3856 2463 3910 Tota
2512 3858 2746 3927 quidem
2800 3860 2913 3913 vita
2965 3860 3107 3928 ejus,
3162 3860 3480 3928 praesertim
3512 3875 3684 3929 quam
3718 3860 3779 3913 in

2070 3944 2399 4015 episcopatu
2434 3944 2619 4013 duxit,
2672 3946 2780 4001 fuit
2832 3954 3111 4017 perpetua
3164 3946 3232 3999 ad
3268 3945 3494 4000 beatam
3536 3951 3779 4000 mortem

2070 4032 2414 4103 praeparatio
2449 4048 2462 4086 :
2499 4033 2696 4089 habito
2729 4040 2920 4089 tamen
2950 4035 3162 4090 ccelesti
3188 4034 3258 4088 de
3317 4034 3637 4099 eaiudicio,
3675 4050 3778 4087 cu-

2072 4137 2163 4175 ras
2193 4136 2321 4174 suas
2352 4121 2419 4175 ad
2467 4138 2803 4193 supremum
2858 4123 2999 4176 illud
3041 4121 3335 4192 negotium
3376 4121 3560 4191 magis
3588 4123 3779 4176 inten-

2073 4210 2173 4263 dit.
2207 4210 2369 4274 Cum,
2404 4209 2501 4264 illo
2556 4210 2679 4281 ipso
2739 4228 2889 4265 anno
2940 4227 3055 4281 quo
3104 4210 3263 4275 obiit,
3320 4226 3383 4263 ex
3442 4210 3777 4280 praescripto

2074 4297 2452 4365 medicorum,
2525 4300 2585 4352 in
2657 4316 2783 4353 arce
2842 4298 3357 4364 Waldaschacensi,
3390 4298 3777 4352 instauranda:

2076 4385 2388 4439 valetudini
2446 4393 2688 4451 vacaret,
2751 4392 2868 4440 toto
2919 4404 2985 4441 eo
3029 4392 3307 4456 tempore,
3375 4385 3491 4439 sive
3554 4386 3777 4457 publice

2073 4474 2188 4527 sive
2245 4474 2512 4542 privatim
2575 4475 2857 4544 panderet
2921 4481 3021 4528 aut
3094 4480 3361 4539 caenaret,
3425 4473 3548 4542 ejus
3612 4477 3777 4544 jussu

2072 4577 2300 4631 semper
2391 4562 2599 4632 aliquis
2665 4580 2694 4615 e
2751 4561 3113 4616 cubiculariis
3182 4562 3437 4615 libellum
3516 4562 3780 4615 Jeremia:

2077 4649 2317 4703 Drexelii
2346 4650 2400 4703 S.
2434 4650 2481 4703 J.
2514 4650 2584 4703 de
2642 4651 2964 4703 aeternitate
3013 4649 3383 4719 praelegebat,
3426 4665 3601 4720 quem
3626 4654 3778 4703 tem-

2073 4753 2209 4805 pore
2241 4738 2339 4790 illo
2371 4742 2555 4790 totum
2620 4738 2788 4791 tertio
2835 4739 3135 4807 percurrit.
3192 4739 3419 4791 [nterea
3452 4752 3602 4805 vero,
3635 4737 3777 4790 dum

2072 4830 2171 4879 aut
2194 4825 2413 4879 balneis
2441 4830 2700 4878 uteretur
2752 4829 2851 4878 aut
2905 4826 3208 4880 sudoribus
3273 4824 3570 4878 eliciendis
3627 4839 3781 4876 vaca-

2070 4919 2178 4980 ret,
2210 4913 2336 4967 aliis
2366 4913 2472 4984 piis
2494 4913 2722 4980 libellis,
2778 4914 3140 4985 potissimum
3173 4910 3426 4967 historiis
3484 4910 3554 4963 de
3605 4910 3777 4963 rebus

2070 5002 2242 5073 gestis
2273 5007 2599 5056 sanctorum
2634 5003 2909 5072 legendis,
2940 5002 3199 5056 animum
3247 4998 3557 5052 relaxabat.

2141 5091 2228 5143 60.
2264 5108 2293 5140 ε(
2330 5089 2556 5145 Memini
2584 5090 2757 5145 fuisse
2816 5089 3006 5160 quiin
3042 5104 3169 5141 mea
3224 5085 3530 5157 praasentia
3561 5084 3615 5140 ei
3647 5102 3777 5139 sua-

2070 5176 2231 5231 deret
2260 5194 2348 5231 res
2379 5178 2565 5249 potius
2602 5178 2889 5248 jucundas
2946 5192 3119 5246 quam
3179 5176 3405 5228 tetricas
3444 5178 3502 5229 et
3557 5175 3779 5229 melan—

2071 5265 2315 5321 cholicus
2336 5266 2406 5321 de
2452 5272 2655 5333 morte,
2686 5266 2756 5321 de
2785 5265 3035 5328 inferno,
3079 5264 3149 5318 de
3190 5264 3421 5318 aeternis
3478 5263 3772 5318 damnato-

2071 5368 2198 5407 rum
2266 5354 2467 5424 poenis,
2536 5354 2620 5408 illi
2680 5352 2929 5422 tempori
2977 5352 3284 5406 convenire
3332 5367 3444 5423 quo
3514 5349 3777 5405 valetudo

2067 5447 2328 5496 curatur:
2382 5443 2713 5513 respondit:
2766 5442 2892 5496 Scio
2940 5458 3029 5496 me
3072 5442 3226 5497 brevi
3277 5442 3641 5496 moriturum.
3676 5439 3771 5493 Sto
