4012 6204
251 262 340 311 13ζὶ

1545 257 1600 311 S.
1648 257 1931 313 HENRICI
1973 256 2447 314 IMPERATOBIS
3653 261 3746 311 lilii

237 385 369 435 ante
389 380 630 450 januam
673 378 1030 445 aeternitatis,
1080 383 1186 433 etc.
1222 379 1325 434 Illo
1365 378 1490 450 ipso
1537 383 1797 450 tempore
1837 396 1942 434 sae-
1977 381 2018 434 Α
2056 386 2158 444 ret,
2192 381 2414 436 dicebat
2447 381 2756 453 Episcopus
2786 397 2800 437 :
2833 397 2951 436 non
2981 367 3138 437 soleo
3166 381 3397 454 quidem
3421 381 3572 438 dicta
3599 398 3747 436 mea.

235 469 368 540 pius
396 469 466 523 de
497 475 682 523 morte
716 484 838 532 sua,
871 483 1045 539 quam
1085 468 1328 521 vicinam
1378 467 1683 538 aliquoties
1717 468 1940 522 dictita-

236 558 352 622 bat,
402 563 458 611 et
505 557 574 611 de
638 557 1009 626 dispositione
1073 557 1292 610 ultimas
1357 556 1664 610 voluntatis
1715 573 1939 611 mecum

235 647 458 717 agebat.
491 646 712 701 Similia
741 652 798 700 et
818 662 1128 716 pronuper,
1169 644 1618 698 Lanckhemium
1667 645 1734 700 ad
1767 645 1940 699 bene-

237 735 546 789 dictionem
598 735 816 788 domini
856 735 1074 788 abbatis
1131 734 1343 800 eundo,
1390 738 1446 787 et
1495 733 1940 799 redeundo,soli

235 839 429 878 secum
484 823 546 877 iu
617 840 789 878 curru
867 823 1110 890 sedenti,
1185 823 1338 876 ultro
1393 821 1742 887 insinuabat,
1825 839 1942 876 cer-

235 917 358 966 tum
389 928 644 966 asserens
677 929 788 966 non
819 912 918 966 diu
952 927 1010 965 se
1047 910 1328 964 victurum
1359 929 1375 974 ;
1425 915 1502 976 et,
1549 911 1608 964 ni
1641 915 1940 964 maturan-

234 1001 371 1055 dum
404 1005 550 1054 esset
579 1001 686 1055 iter
733 1001 1170 1063 Ratisbonense,
1211 999 1353 1053 nihil
1395 999 1549 1053 aliud
1599 999 1804 1053 diebus
1833 999 1938 1052 ali-

233 1094 373 1160 quot
419 1089 811 1143 factitaturum
862 1104 1035 1158 quam
1087 1087 1286 1141 domui
1341 1103 1457 1141 sua:
1499 1087 1935 1157 dispositurum,

233 1183 506 1248 tanquam
541 1177 694 1230 brevi
746 1177 1113 1238 moriturum,
1151 1175 1381 1246 Vesperi
1412 1181 1541 1229 ante
1573 1176 1790 1230 abitum
1824 1175 1936 1231 Ra-

232 1266 516 1320 tisbonam
548 1281 765 1329 versus,
801 1281 914 1336 quo
972 1281 1104 1317 eum
1139 1264 1207 1317 ad
1253 1263 1484 1317 comitia
1513 1265 1750 1319 Caesaris
1799 1265 1939 1318 obe-

230 1354 465 1418 dientia,
499 1359 557 1406 et
585 1353 894 1423 singularis
940 1369 1103 1405 amor
1143 1357 1316 1422 atque
1370 1352 1727 1405 observantia
1771 1369 1933 1406 voca-

230 1442 347 1507 bat,
389 1459 614 1497 summo
644 1458 812 1494 mane
843 1441 1033 1494 itineri
1063 1457 1122 1493 se
1154 1441 1410 1504 daturus,
1443 1440 1586 1494 mihi
1616 1441 1936 1495 valedicens

232 1531 480 1584 dicebat:
517 1529 848 1583 Videbimus
891 1545 993 1582 nos
1025 1534 1223 1582 mutuo
1257 1546 1270 1594 ;
1322 1528 1368 1581 si
1400 1545 1511 1581 non
1540 1528 1653 1596 hic,
1701 1530 1816 1582 Deo
1849 1535 1936 1582 ta-

231 1633 364 1671 men
394 1618 582 1682 dante,
615 1620 675 1670 in
698 1617 872 1670 cmlis.

301 1709 436 1760 6L-
477 1706 548 1759 Ex
609 1706 697 1759 bis
749 1705 940 1774 colligi
989 1708 1177 1775 potest
1228 1706 1510 1758 Joannem
1567 1705 1935 1760 Godefridum

233 1794 302 1847 de
339 1794 680 1847 imminente
713 1810 814 1846 sua
855 1799 1040 1847 morte
1083 1793 1169 1846 bis
1201 1793 1372 1846 fuisse
1398 1793 1620 1846 coalitus
1675 1794 1933 1848 admoni-

231 1887 352 1935 tum
379 1898 392 1936 :
426 1883 601 1935 semel
628 1889 758 1935 ante
777 1887 1101 1950 susceptum
1126 1882 1233 1934 iter
1255 1882 1682 1948 Ratisbonense,
1704 1881 1936 1952 quando

233 1971 418 2025 solum
466 1970 750 2024 intellexit
797 1977 1042 2023 mortem
1091 1986 1252 2023 suam
1297 1986 1420 2023 esse
1449 1970 1695 2024 vicinam
1726 1971 1938 2040 absque

232 2065 383 2113 certa
414 2059 690 2128 temporis
736 2058 1214 2112 determinatioue
1255 2075 1268 2111 :
1303 2059 1480 2112 altera
1514 2059 1629 2112 vice
1671 2058 1938 2113 Ratisbo-

234 2163 347 2211 nas,
379 2147 478 2200 ubi
537 2147 774 2217 insuper
825 2147 1092 2216 cognovit
1149 2163 1206 2200 sc
1240 2147 1581 2200 moriturum
1613 2151 1744 2200 ante
1777 2147 1940 2200 novi-

233 2235 370 2289 anni
399 2235 668 2288 initium:
703 2234 758 2288 id
792 2235 944 2305 quod
969 2235 1166 2288 multis
1196 2240 1327 2289 ante
1358 2235 1556 2289 diebus
1581 2235 1729 2305 apud
1754 2236 1939 2289 diver-

233 2340 324 2376 sos
344 2324 554 2392 saepius
585 2323 890 2378 afﬁrmavit
922 2323 1230 2394 ;jussitque
1250 2329 1511 2391 proterea
1533 2329 1940 2378 testamentum

233 2428 404 2465 suum
431 2411 746 2480 Bamberga
783 2411 1154 2466 Ratisbonam
1185 2412 1392 2465 afferri.

305 2503 393 2554 62.
430 2519 458 2550 α
503 2500 679 2554 Porro
713 2499 857 2554 hanc
908 2500 1404 2554 denuntiationem
1462 2499 1544 2553 illi
1591 2501 1797 2554 factam
1821 2516 1941 2554 esse

236 2588 564 2643 Ratisbonze
595 2605 626 2642 a
681 2587 774 2643 SS.
814 2588 1079 2642 Heinrico
1111 2593 1168 2642 et
1215 2588 1574 2658 Cunigunde,
1609 2589 1854 2642 habetur
1884 2589 1943 2643 in

237 2678 363 2730 Vita
393 2677 571 2746 ipsius
595 2676 1001 2747 manuscripta.
1045 2677 1240 2748 Neque
1296 2677 1508 2730 mirum
1560 2677 1827 2746 cuiquam
1863 2675 1942 2729 vi-

239 2765 362 2820 deri
401 2766 569 2820 debet
618 2765 771 2835 quod
817 2765 1007 2820 Sancti
1064 2765 1123 2819 lii
1165 2765 1398 2820 Patroni
1451 2772 1568 2818 tam
1600 2765 1940 2836 exquisitam

237 2871 432 2908 curam
465 2854 747 2924 gesserint
795 2853 866 2907 de
921 2853 1145 2907 clientis
1202 2853 1292 2907 sui
1345 2853 1500 2906 felici
1564 2868 1630 2905 ex
1689 2853 1793 2906 hac
1829 2853 1943 2905 vita

2047 471 2377 540 juramento
2411 471 2642 524 firmare
2672 490 2688 538 ;
2719 473 2822 525 hac
2851 475 3041 525 tamen
3081 471 3222 538 vice,
3251 471 3585 526 sacerdotali
3624 489 3753 526 mea

2052 560 2165 614 fide
2203 564 2261 613 et
2307 559 2584 630 dignitate
2633 575 2890 619 assevero
2948 560 3218 630 possibile
3262 576 3406 626 esse,
3473 575 3578 630 per
3652 561 3748 614 Dei

2049 647 2315 718 gratiam,
2347 654 2500 701 caste
2531 647 2719 702 vivere
2771 666 2782 700 :
2816 647 3030 719 quippe
3071 649 3313 718 ipsemet
3337 664 3466 718 ego,
3497 663 3600 717 per
3622 663 3752 701 0m-

2051 749 2182 787 nem
2208 733 2383 786 vitam
2417 749 2622 797 meam,
2658 749 2956 803 nunquam
3007 733 3278 788 feminam
3312 733 3513 803 attigi;
3565 750 3754 804 neque

2047 823 2117 876 ad
2153 821 2209 876 id
2252 820 2547 874 stimulum
2581 821 2754 875 sensi.
2813 822 3082 891 Princeps
3127 821 3476 874 acatholicus
3505 837 3754 892 percon-

2048 915 2174 965 tans
2204 911 2441 964 aiebat:
2502 914 2590 964 An
2644 926 2774 963 vere
2822 911 2901 963 ita
2959 926 3017 963 se
3076 909 3249 965 habet
3293 909 3446 980 quod
3519 909 3753 963 dilectio

2045 1004 2232 1052 vestra
2262 998 2332 1051 de
2391 1014 2450 1052 se
2507 998 2757 1052 affirmat
2784 998 2810 1051 ?
2857 999 2999 1051 Vere
3056 997 3134 1052 ita
3166 1015 3225 1052 se
3275 998 3466 1062 habet,
3497 999 3756 1068 reposuit

2049 1087 2358 1156 Episcopus
2390 1104 2403 1152 ;
2439 1087 2609 1158 idque
2640 1087 2832 1141 denuo
2890 1103 3014 1140 mea
3075 1086 3387 1157 episcopali
3417 1087 3528 1140 fide
3562 1094 3754 1140 sancte

1996 1186 2010 1201 '
2044 1192 2324 1230 assevero.
2360 1176 2690 1228 Commotus
2749 1173 2952 1228 intime
3010 1176 3115 1229 hoc
3169 1191 3431 1229 sermone
3484 1175 3752 1245 princeps

1969 1662 2007 1715 Β

235 2943 518 3006 transitu;
548 2942 681 3012 quia
715 2941 809 2995 ille
840 2941 1393 3011 specialemillorum
1429 2941 1680 2995 favorem
1705 2939 1940 3009 speciali
1971 2949 2011 3002 (3.

237 3030 424 3083 studio
455 3029 752 3098 virginalis
783 3029 1157 3095 castimonia,
1207 3035 1506 3098 tantopere
1557 3029 1628 3082 ab
1677 3028 1791 3081 illis
1822 3027 1947 3082 ada-

239 3124 429 3180 matte,
469 3118 822 3188 promeritus
850 3116 980 3170 fuit.
1015 3117 1169 3170 Hanc
1199 3116 1352 3170 enim
1386 3132 1501 3169 non
1535 3119 1722 3170 solum
1752 3116 1813 3169 in
1843 3132 1944 3168 sua

239 3205 643 3271 adolescentia,
695 3209 759 3259 ut
815 3221 990 3274 supra
1046 3205 1292 3258 relatum
1340 3204 1466 3270 fuit,
1522 3205 1617 3258 sed
1669 3205 1839 3258 etiam
1884 3203 1944 3257 in

239 3295 410 3348 totius
461 3295 591 3347 vita!
639 3310 756 3347 sua:
815 3293 1056 3347 decursu
1116 3298 1313 3347 contra
1356 3291 1586 3363 quasvis
1648 3291 1834 3346 carnis
1889 3297 1947 3344 et

239 3387 455 3437 satana:
511 3383 860 3436 tentationes
918 3381 1124 3434 invicte
1173 3386 1391 3435 tutatus
1438 3386 1540 3434 est.
1583 3381 1732 3444 Quin
1783 3386 1839 3433 et
1883 3379 1945 3433 il-

239 3471 516 3525 lustribus
555 3469 889 3534 castissima:
923 3469 1052 3523 vitae
1083 3485 1200 3522 sua:
1243 3468 1541 3538 exemplis,
1601 3467 1944 3538 quibusdam

241 3574 272 3612 e
335 3559 564 3613 Lutheri
615 3563 766 3612 secta
817 3557 1098 3628 persuasit
1150 3557 1262 3612 fide
1319 3557 1556 3627 dignum
1613 3572 1734 3610 esse
1791 3556 1943 3626 quod

240 3647 329 3702 SS.
361 3647 655 3701 Heinricus
678 3651 736 3700 et
787 3646 1150 3716 Cunegundis
1205 3645 1264 3699 in
1323 3645 1588 3716 conjugio
1644 3644 1765 3716 pari
1811 3661 1944 3698 con-

241 3748 412 3789 sensu
443 3735 782 3805 virginalem
841 3733 1250 3788 continentiam
1295 3733 1660 3799 servaverint,
1704 3733 1759 3786 id
1793 3733 1944 3803 quod

239 3824 501 3878 homines
555 3825 705 3878 ultra
735 3839 965 3877 carnem
1023 3822 1104 3876 nil
1158 3822 1442 3893 sapientes
1472 3828 1748 3892 tanquam
1775 3822 1943 3876 fabu-

241 3912 422 3967 losum
464 3913 818 3981 rejiciebant,
869 3911 1254 3966 adscribentes
1306 3917 1529 3965 naturae
1579 3909 1864 3964 sterilitati
1890 3915 1947 3963 et

240 4001 601 4072 impotentiae
630 4001 784 4072 quod
817 4000 1012 4054 virtuti
1053 4005 1110 4053 et
1147 3999 1346 4069 gratiae
1398 3999 1770 4053 tribuendum
1800 4005 1941 4052 erat.

239 4090 537 4145 Jactabant
563 4089 818 4159 insuper,
849 4105 919 4142 ne
950 4087 1186 4159 quidem
1217 4087 1558 4152 sacerdotes,
1612 4087 1793 4140 multo
1834 4086 1946 4139 mi-

240 4193 349 4231 nus
368 4178 640 4247 conjuges
673 4193 837 4246 posse
867 4192 988 4229 esse
1017 4175 1397 4229 continentes.

315 4267 403 4320 63.
435 4284 462 4315 α
491 4266 552 4318 ln
583 4264 730 4318 hanc
755 4279 877 4318 rem
901 4262 1275 4317 memorabile
1314 4261 1452 4333 quid
1484 4263 1658 4316 refert
1697 4263 1944 4318 Joannes

241 4350 422 4405 Seller
449 4350 576 4405 Soc.
623 4350 754 4403 Jesu
795 4349 1163 4403 concionator
1207 4349 1546 4403 cathedralis
1598 4349 1942 4417 Ratisbonas,

241 4439 300 4492 iu
333 4437 607 4492 concione
633 4438 862 4492 funebri
903 4453 1076 4508 quam
1108 4437 1320 4492 ibidem
1382 4437 1582 4492 habuit
1631 4438 1700 4492 de
1726 4439 1943 4492 Joanne

239 4526 568 4586 tiodefrido.
619 4532 879 4595 tempore
929 4526 1318 4592 comitiorum,
1361 4543 1435 4581 xu
1493 4527 1749 4593 Januar.,
1796 4543 1944 4580 anno

230 4630 499 4669 ‘Mocxxui.
535 4615 673 4670 Cum
711 4615 978 4685 Princeps
1018 4615 1253 4686 quidam
1308 4614 1659 4669 acatholicus
1689 4620 1948 4668 cerneret

239 4704 387 4775 quod
414 4704 702 4758 Johannes
725 4704 1060 4759 Godefridus
1113 4703 1557 4759 abominabilem
1609 4703 1944 4757 clericorum

237 4791 706 4857 concubinatum,
745 4791 1182 4863 libidinoseque
1243 4793 1373 4846 vita:
1435 4792 1723 4846 licentiam
1756 4791 1816 4846 in
1845 4809 1949 4846 sua

225 4880 466 4936 dioecesi
498 4880 940 4951 implacabiliter
997 4879 1395 4947 insectaretur,
1446 4886 1503 4934 et
1532 4880 1948 4950 incorrigibiles

237 4969 522 5039 parochiis
553 4975 606 5023 et
658 4968 950 5023 beneficiis
1004 4969 1339 5039 privaret,et
1365 4985 1395 5023 e
1437 4969 1665 5024 dioscesi
1695 4968 1946 5023 dimitte-

236 5063 345 5120 ret,
381 5057 435 5111 in
465 5057 734 5111 familiari
764 5073 893 5112 cum
946 5057 1225 5128 Episcopo
1283 5072 1588 5127 congressu
1639 5058 1945 5111 contende-

239 5144 337 5198 bat
367 5145 751 5200 sacerdotibus
798 5145 1250 5217 permittendum
1309 5161 1431 5200 esse
1473 5145 1832 5216 conjugium,
1880 5161 1946 5199 eo

239 5232 389 5302 quod
452 5233 563 5286 illis
614 5233 968 5304 impossibile
1017 5238 1162 5288 esset
1227 5249 1454 5288 servare
1509 5234 1945 5298 continentiam,

227 5319 552 5390 Episcopus
581 5327 811 5375 econtra
842 5321 1025 5376 firmis
1079 5321 1399 5376 rationibus
1429 5322 1782 5386 ostendebat,
1816 5337 1946 5376 cum

240 5405 437 5461 divina
491 5408 675 5477 gratia
727 5409 782 5463 id
831 5426 952 5463 esse
981 5411 1269 5480 possibile.
1332 5410 1439 5466 Sed
1493 5426 1622 5464 cum
1681 5411 1948 5481 princeps

248 5496 618 5550 acatholicus
650 5497 808 5552 nullo
839 5498 894 5552 id
928 5499 1034 5554 sibi
1080 5506 1420 5567 argumento
1451 5499 1784 5570 persuaderi
1804 5500 1949 5553 sine-

1973 4229 2015 4282 1)

2043 1265 2410 1330 acatholicus,
2468 1264 2702 1318 Joannis
2733 1263 3024 1318 Godefridi
3081 1263 3372 1334 virgineas
3402 1279 3605 1317 manus
3661 1280 3750 1317 re-

2045 1359 2307 1407 verenter
2333 1353 2692 1413 deosculatus
2742 1351 2869 1418 fuit,
2929 1368 3043 1406 una
3073 1356 3396 1406 contestans
3433 1351 3600 1405 hasce
3628 1368 3751 1406 ma-

2043 1457 2150 1495 nus
2177 1441 2380 1510 dignas
2410 1456 2530 1494 esse
2550 1457 2679 1511 quas
2703 1439 3044 1494 sacrificium
3077 1441 3336 1494 offerant.

2115 1532 2200 1583 6i.
2240 1553 2260 1576 ι
2305 1529 2545 1582 Demum
2572 1528 2914 1599 virginalem
2931 1528 3355 1594 castimoniam,
3383 1530 3754 1598 quaniJoan-

2045 1634 2148 1672 nes
2170 1617 2506 1672 Godefridus
2537 1617 2643 1671 sub
2700 1616 2968 1671 clientela
3022 1617 3118 1672 SS.
3183 1617 3430 1672 Heinrici
3473 1623 3531 1669 et
3561 1617 3752 1671 Cune-

2048 1706 2280 1773 gundis,
2322 1705 2381 1758 in
2413 1705 2812 1758 adolescentiae
2866 1712 2923 1758 et
2980 1706 3216 1775 reliquas
3274 1706 3406 1759 vita:
3460 1703 3754 1775 periculis,

2046 1796 2204 1850 velut
2224 1794 2280 1847 in
2311 1794 2501 1847 medio
2530 1794 2781 1848 fornacis
2846 1793 3223 1862 Babyloniam,
3277 1792 3513 1846 illwsam
3541 1809 3605 1846 ac
3633 1791 3760 1845 sine

2047 1883 2197 1953 ignis
2276 1884 2449 1936 odore
2505 1882 2882 1948 conservavit,
2944 1882 3230 1945 eamdem,
3263 1881 3369 1936 sub
3420 1881 3759 1934 eorumdem

2047 1972 2381 2025 Sanctorum
2466 1970 2807 2040 patrocinio,
2885 1969 3128 2023 feliciter
3195 1968 3486 2023 aeternitas
3541 1968 3762 2022 intulit.

2048 2061 2156 2113 Vos
2189 2059 2363 2128 ipsos,
2395 2059 2586 2129 inquit
2611 2059 2896 2112 Fornerus
2928 2058 2989 2112 in
3043 2059 3322 2112 concione
3352 2056 3580 2112 funebri
3605 2057 3767 2110 Bam-

2047 2147 2240 2218 bergas
2275 2147 2488 2212 habita,
2520 2152 2803 2218 quotquot
2834 2147 2927 2202 hic
2954 2146 3184 2213 adestis,
3221 2152 3394 2200 testes
3425 2146 3646 2209 invoco,
3689 2160 3767 2198 an

2050 2252 2165 2289 non
2197 2236 2385 2289 omnis
2423 2235 2546 2304 ejus
2575 2235 2692 2288 vita
2743 2235 3018 2289 eximium
3073 2235 3349 2289 castitatis
3400 2233 3767 2288 sacerdotalis

2051 2326 2344 2394 speculum
2377 2325 2553 2394 possit
2595 2325 2872 2394 appellari
2914 2324 2941 2377 ?
2997 2324 3119 2378 Non
3178 2323 3432 2377 dubitate
3491 2323 3767 2376 eumdem

2052 2413 2203 2466 hunc
2263 2412 2646 2466 castissimum
2702 2413 3015 2466 Praesulem
3065 2411 3350 2465 illibatum
3419 2410 3768 2480 virginitatis

2051 2503 2275 2566 florem,
2307 2501 2360 2554 id
2395 2501 2546 2569 quod
2583 2500 2725 2553 mihi
2770 2500 2828 2553 in
2889 2501 3094 2553 ultimo
3123 2499 3310 2553 adhuc
3343 2497 3569 2562 itinere,
3602 2497 3762 2566 quod

2051 2605 2181 2643 cum
2213 2589 2334 2660 ipso
2365 2588 2584 2657 peregi,
2616 2593 2679 2641 ut
2709 2588 2850 2642 alias
2879 2587 3109 2658 saepius,
3160 2585 3533 2648 concredidit,
3562 2599 3767 2638 secum

2051 2694 2120 2731 ex
2150 2677 2254 2730 hac
2286 2676 2400 2730 vita
2423 2677 2480 2729 in
2515 2677 2756 2730 alteram
2789 2676 2944 2729 illam
2979 2675 3048 2729 ad
3082 2674 3288 2729 Christi
3328 2673 3526 2727 interni
3549 2671 3769 2742 judicis

2051 2765 2304 2820 tribunal
2339 2765 2492 2818 haub
2542 2765 2715 2818 dubie
2748 2772 3140 2834 asportasse...
3179 2762 3463 2833 Pugnavit
3502 2761 3768 2817 animose

2054 2855 2261 2908 nobilis
2280 2853 2488 2908 Christi
2521 2854 2737 2907 athleta
2795 2859 2853 2906 et
2899 2853 3068 2906 heros
3124 2853 3370 2906 Joannes
3400 2849 3764 2912 Godefridus,

2050 2948 2105 2996 et
2135 2942 2381 3012 gloriose
2410 2941 2807 3010 triumphavit,
2845 2946 2902 2995 et
2947 2941 3292 3011 virginitatis
3337 2938 3653 3002 aureolam,
3686 2937 3772 2990 in.

2055 3037 2212 3098 tegra
2241 3045 2410 3082 carne
2440 3034 2496 3082 et
2522 3029 2816 3095 membris,
2852 3033 2914 3082 ut
2944 3029 3205 3100 loquitur
3255 3027 3309 3082 S.
3345 3028 3759 3097 Hieronymus.

2053 3117 2379 3186 reportavit.
3368 3123 3371 3126 '

2150 3207 2237 3258 65.
2276 3226 2297 3252 ι
2353 3204 2506 3258 Obiit
2581 3204 2999 3258 laudatissimus
3083 3203 3357 3274 Princeps
3438 3200 3769 3256 Ratisbonae

2053 3308 2178 3346 xxix
2219 3293 2481 3346 Decemb.
2519 3308 2669 3346 anno
2723 3309 2966 3359 uncxxu,
3001 3292 3123 3363 qui,
3177 3292 3284 3355 uti,
3316 3309 3347 3345 a
3377 3291 3468 3346 SS.
3509 3291 3766 3360 impera-

2053 3380 2272 3434 toribus
2312 3380 2575 3435 Heinrico
2606 3386 2663 3434 et
2711 3381 3062 3451 Cunegunde
3106 3377 3575 3434 extraordinariis
3602 3379 3765 3432 favo—

2052 3468 2228 3527 ribus.
2261 3469 2322 3522 in
2351 3469 2466 3522 vita
2509 3475 2568 3522 et
2595 3475 2779 3522 morte
2836 3474 3076 3523 ornatus
3117 3468 3227 3522 fuit
3259 3469 3336 3522 ita
3370 3465 3765 3531 veneratione,

2053 3563 2312 3627 tempore
2341 3557 2492 3623 vitze,
2529 3557 2740 3611 sanctis
2788 3557 3050 3628 patronis
3097 3557 3350 3612 exhibita
3380 3571 3495 3610 non
3522 3559 3765 3609 conten-

2053 3650 2166 3711 tus,
2205 3645 2385 3698 voluit
2422 3645 2592 3699 etiam
2635 3645 2808 3699 funus
2861 3662 3029 3698 suum
3061 3651 3285 3699 exstare
3327 3660 3444 3698 sua:
3474 3658 3610 3711 erga
3633 3642 3772 3696 illos

2052 3733 2386 3788 reverentia
2420 3738 2882 3788 monumentum.
2932 3734 3074 3788 Nam
3106 3732 3468 3789 humillimus
3496 3732 3772 3802 Princeps

2052 3822 2340 3877 aestimans
2373 3839 2432 3877 se
2491 3822 2795 3892 indignum
2863 3822 3160 3876 communi
3219 3837 3350 3876 cum
3399 3820 3615 3876 Sanctis
3652 3819 3772 3874 illis

2053 3911 2366 3982 sepultura,
2407 3909 2580 3980 jussit
2623 3911 2855 3980 quidem
2889 3926 3096 3980 corpus
3126 3925 3292 3964 suum
3324 3907 3551 3964 humari
3580 3908 3639 3962 in
3664 3923 3771 3961 ca-

2053 3999 2298 4054 thedrali
2356 3999 2786 4069 Bambergensi,
2839 4016 2956 4053 non
2983 4004 3176 4053 tamen
3225 3999 3286 4052 in
3340 3998 3466 4068 ipsa
3509 3996 3767 4058 ecclesia,

2055 4087 2153 4142 ubi
2187 4087 2376 4142 Sancti
2429 4087 2821 4159 quiescebant,
2879 4088 2973 4142 sed
3006 4087 3206 4142 subtus
3259 4102 3405 4152 eam,
3439 4086 3498 4140 in
3523 4085 3772 4139 obscura

2053 4180 2250 4246 crypta
2307 4191 2436 4246 qua:
2467 4181 2554 4229 est
2601 4175 2706 4230 sub
2763 4176 2939 4230 choro
2988 4176 3042 4230 S.
3097 4175 3324 4244 Georgii
3379 4173 3658 4244 martyris.
3693 4173 3766 4228 ad

2055 4279 2226 4336 quem
2259 4263 2487 4329 deinde,
2529 4280 2680 4318 anno
2706 4280 2976 4332 MDCLVHI,
3008 4265 3350 4319 Sanctorum
3375 4262 3606 4316 illorum
3635 4278 3768 4316 ossa

2053 4352 2323 4407 translata
2347 4352 2600 4407 fuerunt.
2633 4353 2737 4408 Sed
2785 4355 2934 4409 Deus
2987 4353 3266 4408 humilem
3316 4367 3543 4405 servum
3592 4366 3764 4404 suum

2053 4439 2300 4495 vicissim
2332 4439 2394 4495 in
2433 4440 2679 4496 exanimi
2708 4442 2834 4513 ejus
2865 4458 3105 4514 corpore
3161 4441 3441 4496 honorare
3494 4439 3767 4510 dignatus

2053 4535 2155 4584 est.

2125 4621 2221 4674 66.
2259 4639 2288 4670 «
2318 4620 2456 4672 Nam
2490 4634 2617 4672 cum
2665 4618 2809 4673 illud
2844 4636 2910 4674 xv
2955 4618 3159 4672 diebus
3213 4620 3344 4688 post
3372 4619 3636 4678 mortem,
3676 4615 3768 4670 ni-

2055 4706 2268 4762 mirum
2298 4724 2371 4761 xu
2401 4707 2656 4762 Januarii
2709 4707 2846 4761 anni
2881 4723 3117 4761 nocxxm
3173 4707 3308 4777 (quo
3359 4705 3451 4759 die
3499 4705 3771 4758 solennes

2055 4794 2207 4849 illius
2240 4796 2546 4865 exsequiie,
2576 4796 2635 4849 in
2659 4796 2965 4865 prmsentia
3023 4811 3327 4865 procerum
3362 4792 3609 4862 Imperii,
3645 4793 3770 4848 Ra-

2053 4883 2296 4938 tisbonaa
2356 4883 2415 4938 in
2471 4884 2690 4955 capella
2719 4885 2975 4940 Caesarea
3029 4883 3328 4938 celebrate
3382 4882 3530 4949 sunt)
3561 4881 3768 4936 habitu

2054 4972 2360 5043 episcopali
2390 4972 2675 5036 indutum,
2736 4972 2797 5026 in
2822 4973 3020 5026 tumba
3051 4973 3291 5036 elevata,
3334 4971 3596 5024 omnium
3626 4985 3771 5024 con-

2052 5060 2273 5130 spectui
2297 5067 2701 5130 exponeretur,
2734 5059 2906 5115 facies
2958 5061 3081 5130 ejus
3109 5065 3228 5114 tota
3275 5058 3464 5113 vivida
3499 5061 3556 5111 et
3605 5058 3769 5111 rubi-

2054 5148 2240 5202 cunda
2272 5149 2562 5219 apparuit,
2592 5165 2711 5203 non
2764 5165 2923 5202 secus
2955 5166 3020 5204 ac
3058 5148 3103 5202 si
3147 5148 3331 5202 adhuc
3377 5152 3499 5201 tum
3528 5145 3768 5200 viveret.

2057 5238 2142 5290 Ita
2172 5241 2414 5290 testatur
2480 5239 2865 5308 protocollnm
2923 5237 3261 5292 historicum
3318 5234 3474 5289 urbis
3505 5233 3769 5288 Ratisbo-

2056 5327 2247 5379 neusis
2277 5326 2349 5380 de
2373 5342 2525 5380 anno
2576 5343 2795 5382 uncxxu
2851 5332 2908 5382 et
2962 5343 3223 5381 uncxx1u.
3265 5327 3327 5378 Et
3380 5339 3510 5378 cum
3553 5323 3767 5378 deinde

2056 5430 2148 5469 sex
2183 5414 2280 5468 alii
2326 5414 2448 5468 dies
2495 5415 2928 5470 iusumerentur
2974 5415 3202 5485 corpori
3232 5415 3356 5483 ejus
3387 5412 3766 5482 Bambergam

2043 5501 2409 5569 devehenda,
2446 5504 2546 5557 ubi
2584 5504 2813 5558 demum
2845 5505 2936 5559 die
2967 5519 3051 5556 κα
3095 5503 3369 5566 Januarii,
3401 5507 3565 5554 teme
3598 5517 3766 5555 man-
