4016 6202
204 252 292 300 ιόῖ
1862 248 1899 299 Α

3623 251 3720 321 iss

191 368 397 420 datum
428 367 552 433 fuit,
594 367 833 420 retinuit
862 368 1132 421 eamdem
1166 366 1431 438 gratiam,
1467 368 1549 421 uti
1580 368 1897 423 Fridericus
1929 370 1975 419 Α
2013 367 2274 422 omnium
2320 366 2534 438 linguis
2565 383 2627 420 ac
2678 365 2881 421 litteris
2936 366 3364 422 celebrandum.
3398 367 3715 422 Intuebun-

192 457 499 522 Fornerus,
531 458 789 510 oculatus
822 457 1003 521 testis,
1044 474 1179 527 pag.
1228 456 1315 512 ιιι
1346 463 1629 510 asseverat
1660 456 1851 510 dicens
1888 471 1899 509 :

195 544 318 597 Non
353 552 583 597 mortuo
608 542 829 607 similis,
853 544 951 597 sed
977 544 1654 613 dormienti,‘jucundam
1680 559 1914 613 semper

189 640 243 687 et
272 632 690 685 vivacissimam
718 634 918 686 faciem
973 639 1108 704 post
1144 638 1235 686 tot
1273 633 1495 686 dierum
1526 632 1734 686 itinera
1766 633 1917 686 reti-‘

192 738 337 774 nens
365 738 543 791 usque
572 723 642 774 ad
679 723 879 775 horam
910 723 1252 793 sepulturte.
1560 730 1563 731 ⁷

261 814 353 862 (37.
414 832 433 857 ι
486 811 677 864 Talem
736 816 1105 864 venustatem
1172 812 1411 864 contulit
1473 812 1621 865 Deus
1675 808 1909 880 corpori

192 897 445 950 exanimi
492 898 724 967 Joannis
767 897 1089 965 Godefridi,
1138 898 1289 968 quod
1337 898 1435 952 ille
1497 898 1556 952 in
1602 897 1759 964 vivis,
1825 901 1910 951 tot

192 986 622 1054 asperitatibus,
646 992 732 1040 tot
762 987 995 1057 vigiliis,
1023 992 1114 1041 tot
1135 987 1374 1057 jejuniis
1406 987 1467 1041 in
1493 1003 1640 1056 pane
1673 992 1729 1040 et
1759 1002 1910 1056 aqua

194 1076 370 1126 etiam
408 1075 557 1128 inter
589 1074 931 1145 principales
975 1075 1205 1144 epulas,
1242 1081 1325 1128 tot
1372 1075 1635 1145 flagellis,
1686 1074 1905 1136 ciliciis,

193 1162 717 1231 genuflexionibus,
764 1164 1340 1217 liumicubatiouibus
1389 1164 1764 1233 castigaverut
1807 1168 1911 1216 :et

192 1252 431 1321 insuper
462 1258 591 1320 post
630 1252 868 1316 obitum,
918 1253 990 1306 ad
1026 1254 1304 1323 majorem
1360 1253 1447 1306 sui
1489 1257 1906 1322 contemptum,

194 1346 249 1391 et
300 1340 372 1391 ad
412 1340 692 1408 majorem
742 1346 1076 1393 sanctorum
1140 1340 1385 1393 Heinrici
1435 1346 1493 1393 et
1540 1339 1909 1408 Cunegundis

193 1428 629 1495 exaltationem,
691 1429 749 1482 in
807 1430 1092 1499 profunda
1144 1433 1199 1481 et
1240 1430 1482 1482 obscura
1519 1432 1734 1497 crypta,
1792 1441 1907 1493 quo

192 1532 362 1585 pauci
396 1517 660 1570 homines
705 1517 917 1570 intrare
968 1519 1175 1580 solent,
1226 1517 1503 1569 tumul-ari
1547 1514 1753 1584 jussit!
1800 1513 1905 1567 Sed

192 1608 255 1655 ut
303 1603 402 1656 ille
470 1620 531 1657 se
618 1620 834 1674 suaque
900 1604 1317 1673 contempserit
1389 1609 1448 1655 et
1517 1602 1901 1655 occultaverit.

193 1692 468 1761 splendor
498 1697 696 1745 tamen
755 1692 1030 1745 virtutum
1080 1692 1202 1761 ejus
1249 1691 1331 1745 ita
1380 1690 1501 1760 tegi
1557 1706 1669 1742 non
1720 1688 1908 1758 potuit

190 1779 331 1849 quin
385 1780 558 1833 multi
588 1786 1001 1850 cognoscerent
1031 1786 1087 1833 et
1133 1780 1510 1833 aestimarent.
1548 1778 1771 1831 Litterae
1803 1794 1905 1831 an-

190 1885 318 1921 nuae
348 1868 581 1936 collegii
616 1869 911 1923 Societatis
940 1870 1068 1922 Jesu
1120 1869 1454 1923 Ratisbouze
1500 1884 1652 1920 anno
1686 1884 1907 1920 nncxxu

191 1957 468 2021 referunt,
506 1957 935 2011 Ferdinandum
981 1958 1025 2010 ll
1059 1958 1456 2011 Romanorum
1496 1958 1906 2026 Imperatorem

189 2053 437 2099 mortem
488 2047 667 2116 hujus
701 2045 959 2116 Episcopi
990 2048 1239 2115 graviter
1288 2046 1519 2109 tulisse,
1549 2054 1721 2116 atque
1760 2048 1909 2099 inter

188 2141 399 2188 caetera
430 2135 647 2188 dixisse
681 2149 694 2187 :
734 2135 1065 2188 Fidum-uos
1090 2136 1365 2200 amicum,
1407 2140 1654 2204 uterque
1696 2135 1909 2204 episco-

187 2230 355 2292 patus
388 2223 611 2276 bonum
648 2225 957 2289 Pastorem,
990 2225 1199 2278 subditi
1232 2226 1469 2278 Patrem
1511 2223 1565 2274 in
1604 2224 1710 2277 hoc
1747 2224 1905 2278 Prin—

188 2311 312 2381 cipe
345 2312 697 2366 amiserunt.

258 2402 349 2453 68.
388 2420 417 2451 ει
444 2399 894 2469 ,Ιιιιιειῐτίεείιῐιυε
947 2401 1217 2455 Dominus
1248 2402 1486 2456 Carolus
1543 2402 1762 2457 Caraffa
1788 2403 1911 2473 epi-

191 2503 395 2558 scopus
440 2491 788 2552 Aversanus,
838 2490 1076 2545 Nuntius
1126 2490 1518 2561 Apostolicus,
1581 2492 1907 2546 Ratisbonrc

192 2581 328 2629 tunc
355 2592 642 2648 praesens,
683 2577 743 2630 in
794 2577 933 2630 libro
964 2580 1051 2633 cui
1097 2580 1333 2632 titulum
1389 2578 1525 2631 fecit
1558 2594 1571 2632 :
1611 2583 1910 2635 Germania

191 2682 349 2719 sacra
420 2671 736 2721 restaurata
790 2667 903 2731 (ubi
948 2668 1097 2722 inter
1156 2669 1387 2738 reliqua
1445 2669 1717 2724 describit
1769 2670 1903 2741 quid

192 2756 367 2808 fuerit
411 2762 601 2808 actum
664 2755 985 2810 Batisbonze
1032 2758 1090 2810 in
1150 2760 1444 2810 conventu
1494 2757 1812 2813 Electorum
1854 2764 1909 2811 et

195 2843 532 2912 Principum
565 2844 818 2913 Imperii.
857 2862 887 2896 a
919 2845 1283 2900 Ferdinando
1320 2846 1363 2898 ll
1393 2846 1719 2901 Batisbome
1753 2849 1906 2902 cele-

2016 455 2109 502 tur
2141 452 2198 505 in
2231 457 2282 505 te
2316 456 2508 507 omnia
2525 447 2741 508 saecula
2786 475 2800 521 ;
2833 460 3050 525 repetet
3105 462 3161 510 te
3188 456 3373 510 omnis
3406 457 3709 522 memoria,

2018 541 2207 593 omnis
2239 543 2540 611 posteritas
2572 544 2958 611 venerabitur,
2987 550 3093 598 etc.

2085 633 2173 684 70.
2212 650 2238 680 ‹‹
2274 632 2407 695 Quae
2435 631 2503 685 de
2537 631 2825 700 praeclaris
2848 632 3021 703 gestis
3044 638 3098 687 et
3125 633 3426 687 virtutibus
3459 633 3712 687 duorum

2020 720 2425 791 Episcoporum
2461 723 2962 791 Bambergeusium
3024 724 3295 777 hactenus
3353 722 3521 776 allata
3555 728 3710 783 sunt,

2014 825 2131 861 non
2165 813 2386 862 tantum
2442 810 2510 863 ad
2570 808 2802 863 illorum
2852 811 3104 875 laudem,
3156 812 3253 865 sed
3312 816 3366 865 et
3424 812 3491 865 ad
3536 827 3712 881 quam

2018 897 2326 951 maximam
2357 899 2446 953 SS.
2485 898 2729 952 Heinrici
2769 906 2825 952 et
2856 900 3222 969 Cunegundis
3275 900 3517 969 gloriam
3573 915 3710 969 per-

2018 986 2216 1040 tinent.
2240 987 2375 1040 Inde
2406 986 2689 1057 siquidem
2720 987 2929 1041 clarius
2961 988 3124 1041 nobis
3176 987 3483 1041 inuotescit
3504 986 3703 1057 quanti

2016 1075 2247 1128 illorum
2279 1075 2611 1128 intercessio
2635 1075 2783 1144 apud
2805 1077 2980 1129 Deum
2996 1076 3067 1129 sit
3098 1076 3389 1143 ponderis,
3413 1082 3468 1127 et
3490 1083 3705 1145 quanta

2015 1162 2086 1215 sit
2106 1179 2303 1216 eorum
2346 1178 2480 1231 erga
2539 1162 2833 1215 ecclesiam
2888 1164 3357 1232 Bambcrgeusem
3408 1163 3707 1216 solicitndo

2014 1252 2262 1305 charitas
2312 1256 2369 1304 et
2420 1250 2814 1303 beneficentia.
2868 1251 3030 1314 Quod
3088 1250 3242 1304 enim
3282 1251 3394 1304 duo
3427 1250 3519 1303 isti
3568 1251 3703 1315 Viri,

2017 1339 2500 1409 periculosissimo
2533 1345 2808 1408 tempore,
2839 1339 3086 1392 mirabili
3120 1341 3217 1392 Dei
3249 1340 3703 1408 providentiaad

2017 1428 2404 1498 episcopatum
2441 1428 2720 1496 assumpti
2754 1426 3005 1491 fuerint;
3036 1426 3186 1497 quod
3218 1428 3618 1480 indutivirtute
3640 1444 3701 1481 ex

2018 1519 2155 1581 alto,
2230 1516 2554 1585 posthabito
2613 1515 2771 1568 omni
2836 1519 3061 1567 terreno
3109 1514 3519 1578 emolumento,
3566 1530 3702 1567 con-

2018 1605 2364 1675 temptisque
2410 1604 2680 1659 omnibus
2722 1602 3175 1667 difficultatibus,
3209 1608 3324 1656 tam
3358 1618 3567 1671 magno
3600 1618 3704 1672 pro

2021 1694 2132 1747 Deo
2162 1699 2219 1747 et
2248 1692 2488 1747 subditis
2509 1691 2729 1762 operati
2752 1692 2886 1757 sint,
2913 1692 3129 1762 etquod
3154 1690 3397 1761 patriam
3433 1692 3705 1745 Bamber-

2018 1798 2274 1852 gensem,
2307 1799 2435 1852 quae
2457 1782 2633 1835 ferme
2688 1787 2805 1834 tota
2833 1780 2890 1834 iu
2922 1780 3188 1834 haeresim
3233 1785 3288 1833 et
3318 1780 3534 1849 flagitia
3563 1780 3707 1833 foede

2017 1870 2282 1942 prolapsa
2310 1871 2516 1938 fuarat,
2542 1875 2698 1922 tanta
2727 1869 3058 1924 fortitudine
3088 1869 3258 1921 simul
3310 1884 3373 1921 ac
3406 1869 3711 1938 prudentia

2019 1960 2090 2013 ab
2170 1960 2405 2013 interitu
2478 1959 2885 2012 vindicaverint
2938 1962 2995 2010 et
3043 1958 3111 2011 ad
3172 1957 3319 2010 viam
3380 1958 3580 2010 salutis
3612 1973 3707 2010 re-

2016 2049 2305 2113 duxerint,
2356 2048 2413 2100 id
2462 2048 2797 2101 Sanctorum
2853 2046 3094 2100 istorum
3152 2046 3364 2111 favore,
3396 2045 3705 2115 patrocicio

2019 2144 2077 2191 et
2102 2137 2317 2190 auxilio
2340 2137 2601 2189 effectum
2636 2141 2739 2200 est,
2762 2135 2843 2187 uti
2863 2151 2962 2187 nos
3001 2135 3447 2188 extraordinaria
3474 2134 3706 2188 illorum

2022 2242 2156 2295 erga
2187 2226 2290 2279 hos
2318 2226 2456 2278 duos
2489 2223 2798 2292 Episcopus
2823 2223 3118 2291 vigilantia
3167 2227 3222 2275 et
3243 2223 3563 2276 sollicitudo
3591 2239 3706 2277 non

2019 2314 2155 2367 sinit
2178 2313 2492 2382 ambigere.
2529 2312 2765 2365 Multum
2797 2311 3031 2381 quidem
3051 2311 3212 2365 debet
3243 2312 3557 2378 Bamberga
3590 2310 3707 2363 suis

2019 2403 2259 2468 Sanctis,
2290 2401 2441 2472 quod
2492 2400 2721 2454 illorum
2780 2399 2991 2468 pietate
3037 2416 3099 2453 ac
3132 2399 3545 2467 muniticentia,
3577 2399 3708 2452 sede

2020 2491 2327 2562 episcopali
2357 2497 2413 2543 et
2436 2488 2671 2543 ecclesia
2703 2488 2993 2559 lmperiali
3016 2487 3229 2542 fuerint
3258 2487 3543 2553 decorata,
3580 2488 3709 2557 plus

2019 2584 2215 2633 tamen
2246 2597 2305 2633 se
2366 2580 2568 2631 iisdem
2620 2578 2826 2630 debere
2859 2576 3171 2631 certissime
3202 2576 3307 2629 sibi
3339 2576 3701 2645 persuadeat,

2021 2669 2192 2738 quod,
2230 2674 2533 2737 postquam
2548 2666 2732 2736 patria
2756 2668 2931 2719 ferme
2946 2670 3062 2719 tota
3084 2665 3317 2718 haeresis
3341 2667 3485 2734 jugo
3517 2682 3576 2717 se
3607 2665 3711 2718 im-

2022 2757 2259 2826 provide
2293 2756 2654 2819 subdidisset,
2698 2754 2758 2807 in
2811 2753 3199 2808 infelicissimo
3233 2753 3333 2806 illo
3388 2759 3535 2805 statu
3590 2769 3709 2807 non

2020 2844 2192 2897 fuerit
2222 2843 2491 2896 derelicta
2532 2842 2635 2912 (uti
2679 2841 2872 2894 multis
2903 2841 3028 2893 aliis
3078 2840 3414 2894 dimcesibus
3444 2841 3503 2893 in
3529 2840 3712 2894 vicina

190 2930 353 2985 brato
398 2948 550 2985 anno
596 2949 858 2997 MDCXXIII,
895 2935 988 2987 ubi
1036 2934 1469 3002 disceptabatur
1521 2935 1590 2988 de
1652 2935 1905 2990 Maximi-
1939 2934 1980 2990 C
2022 2932 2186 2986 nobis
2216 2932 2481 2998 Saxonia,
2506 2937 2562 2984 et
2588 2931 2710 2983 aliis
2744 2930 2908 2983 terris
2967 2929 3530 2998 septemtrionalibus
3566 2945 3713 2982 con-

195 3020 346 3072 liauo
382 3020 595 3073 Bamro
628 3021 1023 3075 substituendo
1049 3022 1252 3075 rebelli
1288 3021 1574 3076 Friderico
1598 3026 1641 3078 V
1665 3024 1904 3080 Electori

194 3109 477 3176 Palatino)
512 3109 579 3162 de
606 3116 803 3162 nostro
823 3111 1036 3165 Joanne
1064 3111 1376 3166 Godefrido
1408 3111 1528 3164 haec
1556 3114 1759 3169 habet:
1797 3115 1904 3168 Hu-

187 3196 281 3265 jus
330 3196 648 3266 aliquando
728 3199 932 3252 mentis
1006 3201 1198 3253 fuerat
1255 3200 1504 3253 Joannes
1566 3203 1905 3257 Godefridus

200 3286 473 3354 Princeps
501 3291 556 3337 et
616 3285 927 3356 Episcopus
964 3287 1409 3357 Herbipolonsis,
1445 3305 1560 3359 quo
1594 3293 1774 3361 magis
1807 3291 1905 3345 Dei

197 3376 315 3426 zelo
346 3374 631 3443 percitum
659 3374 979 3444 Principem
1016 3392 1133 3429 non
1169 3375 1312 3429 vidit
1355 3379 1677 3433 Germania.
1714 3382 1765 3433 ls
1798 3380 1901 3433 mi-

198 3461 367 3515 litum
402 3467 583 3532 pater,
638 3463 999 3518 sacerdotum
1036 3465 1390 3534 exemplum,
1444 3467 1773 3539 Principum
1805 3469 1903 3522 de-

199 3566 315 3616 cus,
355 3551 780 3605 Catholicorum
815 3558 988 3617 tutor,
1022 3553 1109 3606 sui
1151 3553 1330 3623 ipsius
1381 3561 1763 3625 contemptor,
1808 3558 1905 3612 Ec-

200 3639 391 3692 clesiae
417 3640 707 3703 Romanae,
742 3657 804 3693 ac
854 3643 1124 3695 Caesareas
1176 3643 1488 3712 majestatis
1519 3648 1706 3700 cultor
1747 3662 1902 3700 acer-

200 3728 386 3781 rimus
416 3734 473 3782 et
500 3729 1001 3799 prudentissimus,
1039 3730 1185 3785 nihil
1220 3732 1331 3785 nisi
1361 3733 1430 3787 ad
1460 3735 1770 3789 Electorem
1807 3737 1903 3791 Ca-

199 3816 478 3870 tholicum
525 3818 893 3888 suspirabat;
956 3820 1107 3873 inter
1166 3836 1295 3890 qua:
1349 3824 1612 3893 suspiria,
1675 3840 1902 3878 summo

204 3911 400 3957 nostro
429 3906 690 3960 omnium
724 3907 919 3962 dolore
951 3923 1016 3961 ex
1050 3908 1153 3961 hac
1184 3909 1299 3962 vita
1326 3910 1603 3967 discessit.

270 3997 365 4047 69.
400 4013 426 4043 α
460 3995 862 4049 Concludimus
886 3996 1031 4049 hanc
1063 3998 1448 4052 narrationem
1483 4002 1692 4070 elogio,
1747 4002 1899 4072 quod

202 4077 407 4131 Joanni
467 4079 771 4133 Godet’rido
840 4081 1037 4133 tribuit
1094 4088 1287 4135 orator
1343 4103 1371 4136 e
1426 4085 1702 4141 Sucietate
1747 4089 1899 4153 Jesu,

203 4181 479 4233 praesens,
513 4174 575 4220 ut
612 4168 859 4235 videtur,
894 4170 1208 4223 sodalitatis
1236 4172 1516 4235 Marianae,
1552 4175 1611 4228 in
1642 4176 1899 4229 oratione

204 4254 431 4306 funebri
483 4255 677 4310 habita
752 4256 811 4309 in
864 4260 1081 4326 templo
1142 4259 1373 4312 Patrum
1428 4262 1722 4317 Societatis
1770 4265 1900 4317 Jesu

208 4342 537 4408 Bamberga:
567 4360 697 4397 xviii
736 4346 861 4398 Jan.
907 4362 1058 4397 anno
1092 4361 1356 4412 nocxxui,
1391 4349 1488 4403 ubi
1536 4351 1687 4404 circa
1735 4351 1906 4406 linem

205 4431 282 4484 sic
330 4432 587 4502 loquitur
624 4448 637 4486 :
676 4433 826 4487 Nihil
871 4434 1208 4500 praeclarum
1267 4435 1460 4489 animo
1515 4439 1655 4507 tingi
1699 4445 1903 4509 potest,

204 4520 367 4589 cujus
398 4536 513 4573 non
547 4521 760 4574 eximia
791 4521 985 4591 aliqua
1015 4523 1203 4590 portio
1233 4524 1437 4577 Joauni
1465 4527 1766 4579 Godet‘rulo
1796 4544 1907 4579 no-

206 4614 321 4662 stro
351 4609 627 4663 divinitus
686 4609 973 4679 obtigerit.
1013 4610 1313 4679 Exemplar
1370 4613 1645 4668 virtutum
1686 4616 1811 4679 fuit,
1846 4616 1903 4667 in

205 4697 356 4767 quod
393 4697 654 4767 Episcopi
713 4714 933 4763 omnes,
994 4699 1291 4752 Antistites
1343 4717 1561 4770 omnes,
1619 4704 1903 4773 Principes

204 4801 405 4839 omnes
454 4784 669 4839 intueri
738 4786 975 4853 possint.
1042 4788 1347 4857 Exemplar
1389 4792 1775 4859 perfectionis,
1832 4791 1902 4844 ad

204 4874 379 4944 quod,
402 4877 677 4944 tanquam
708 4876 777 4928 ad
809 4876 1067 4929 relucens
1089 4881 1145 4930 et
1167 4877 1544 4932 tersissimum
1581 4882 1900 4947 speculum,

204 4978 395 5016 mores
425 4979 574 5023 suos.
627 4963 916 5033 vitamque
983 4980 1328 5035 componere
1377 4968 1739 5022 ecclesiastici
1794 4968 1903 5021 viri

202 5050 466 5105 debeant.
549 5052 850 5122 Exemplar
902 5055 1159 5107 numeris
1230 5055 1498 5109 omnibus
1575 5056 1901 5110 absolutum

204 5140 503 5193 ostendere
538 5141 753 5194 mundo
791 5143 941 5194 Deus
967 5142 1165 5207 voluit,
1199 5143 1338 5214 quid
1368 5150 1563 5198 exacta
1609 5145 1807 5210 virtus,
1842 5146 1901 5197 in

206 5244 316 5281 uno
335 5229 660 5299 eodemque
694 5230 969 5299 Episcopo
1000 5246 1064 5284 ac
1108 5232 1279 5297 Duce,
1326 5247 1455 5285 cum
1507 5233 1757 5286 maximo
1811 5233 1903 5286 ho-

204 5333 339 5371 nore
386 5334 451 5370 ac
499 5318 799 5387 (dignitate
843 5319 1149 5389 conjuncta
1206 5320 1506 5389 possit.....
1550 5321 1898 5377 Felicitatem

206 5411 361 5459 tuam
393 5406 497 5460 tibi
524 5409 807 5476 gratulor.
830 5406 977 5473 Scio,
1006 5414 1062 5461 te
1091 5424 1204 5462 non
1229 5409 1286 5462 in
1319 5410 1632 5465 Franconia
1674 5416 1896 5465 tantum

209 5501 322 5557 tua,
356 5494 455 5547 sed
511 5498 634 5549 toto
688 5495 1075 5551 universitatis
1128 5496 1299 5568 hujus
1356 5498 1594 5559 ambitu,
1636 5500 1896 5569 gentium

2017 3022 2192 3093 tigit),
2229 3022 2329 3076 sed
2356 3021 2445 3075 SS.
2506 3018 2752 3074 lleinrici
2782 3023 2840 3072 et
2878 3017 3245 3086 Cuneguudis
3299 3017 3708 3081 sollicitudine,

2017 3110 2335 3181 patrocinio
2358 3125 2420 3162 ac
2443 3106 2816 3179 protectione,
2866 3123 2899 3159 a
2956 3105 3438 3175 perniciosissimo
3479 3106 3709 3161 haeresis

2018 3200 2191 3265 malo,
2226 3198 2376 3251 inter
2416 3198 2747 3250 innumeras
2796 3195 2925 3248 licet
2968 3194 3354 3261 difficultates,
3388 3194 3703 3249 hostilium-

2018 3304 2128 3358 que
2157 3287 2449 3357 copiarum
2493 3284 2728 3338 insidias
2758 3289 2813 3337 et
2842 3284 3329 3352 impugnationes,
3364 3283 3538 3337 fuerit
3566 3282 3706 3337 libe-

2017 3382 2157 3443 rata,
2201 3393 2264 3430 ac
2295 3375 2561 3444 deinceps
2589 3374 2648 3427 in
2677 3373 2938 3426 Ecclesia:
2969 3372 3270 3426 Catholicae
3296 3368 3531 3442 gremio
3563 3390 3702 3426 con-

2018 3471 2259 3519 servata.
2295 3488 2313 3511 ν»

2726 3549 2947 3604 CAPUT
2974 3549 3065 3601 IlI.

2014 3665 2091 3716 De
2110 3662 2165 3716 S.
2192 3660 2414 3716 Ηθηνὶσί
2443 3660 2647 3719 Manto,
2677 3661 2737 3709 ut
2791 3660 3000 3717 vocant,
3030 3656 3342 3723 Bumbergw
3381 3659 3437 3710 in
3482 3658 3703 3711 ecclesia

2616 3727 2895 3795 lmperiali
2938 3732 3230 3780 usservalo.

2085 3824 2172 3874 7t.
2208 3822 2419 3874 Praeter
2444 3832 2598 3869 sacra
2632 3814 2856 3866 cimelia
2888 3812 2956 3865 de
2983 3812 3191 3881 quibus
3240 3831 3413 3885 supra
3437 3815 3495 3868 in
3538 3815 3706 3869 Com-

2016 3909 2298 3963 mentario
2354 3905 2444 3975 3'4
2492 3908 2683 3957 actum
2730 3905 2836 3965 est,
2896 3915 3192 3968 superesse
3227 3902 3475 3956 diximus
3508 3920 3706 3957 monu-

2016 4003 2209 4052 menta
2258 3996 2314 4050 id
2373 4009 2554 4064 genus
2612 3990 2741 4056 alia,
2783 3989 2880 4042 sed
2938 3988 3229 4058 praecipua
3281 3993 3415 4055 duo,
3467 3992 3705 4046 Crucem

2014 4103 2223 4156 nempe
2246 4081 2713 4157 pretiosissimam
2734 4079 2791 4131 in
2814 4076 3290 4132 celebricmnobio
3338 4080 3704 4133 Benedictiuo

2018 4174 2218 4229 Montis
2270 4175 2325 4228 S.
2374 4168 2677 4233 Michaelis,
2712 4166 2782 4220 de
2826 4182 2940 4237 quo
2980 4166 3047 4217 ad
3082 4170 3218 4218 Acta
3257 4169 3310 4221 S.
3361 4167 3584 4221 Ottonis
3636 4169 3711 4221 lo'

2016 4265 2133 4317 cuti
2163 4280 2380 4327 sumus,
2414 4259 2582 4314 certis
2612 4256 3054 4311 solemuioribus
3091 4255 3248 4309 festis
3289 4257 3548 4311 adhiberi
3583 4259 3711 4311 soli-

2021 4357 2161 4413 tam,
2194 4358 2248 4407 et
2280 4351 2518 4406 Mantele
2556 4364 2656 4402 seu
2687 4348 2960 4409 Mantum,
3013 4351 3073 4397 ut
3101 4352 3299 4400 vocant
3334 4348 3707 4417 Bambergen-

2020 4457 2128 4505 ses,
2177 4445 2314 4511 puta
2366 4443 2560 4507 togam
2602 4436 2686 4489 vel
2738 4434 2974 4505 pallium
3007 4433 3371 4501 latissimum,
3399 4436 3482 4489 uti
3514 4436 3600 4489 hic
3634 4435 3709 4487 vi-

2017 4529 2136 4594 des,
2172 4529 2240 4582 ad
2273 4528 2506 4581 modum
2539 4524 2863 4579 vetustioris
2903 4524 3132 4588 casulae,
3175 4524 3503 4578 lateralibus
3543 4540 3709 4594 aper-

2017 4617 2159 4670 turis
2181 4615 2444 4678 carentis,
2479 4614 2535 4667 in
2567 4613 2836 4666 thesauro
2873 4610 3192 4681 lmperialis
3231 4613 3483 4667 ecclesiae.
3515 4630 3710 4667 recon-

2016 4705 2222 4771 ditum,
2255 4704 2411 4775 quod
2442 4702 2512 4756 ab
2544 4700 2796 4763 lsmaele,
2829 4699 2917 4769 fde
2970 4715 3086 4770 quo
3121 4701 3405 4770 Anonymi
3454 4702 3713 4771 Legenda

2017 4793 2297 4852 meminit.
2322 4791 2644 4845 confectum
2674 4789 2890 4851 volunt,
2912 4792 3105 4841 sancto
3128 4789 3467 4859 Imperatori
3490 4790 3705 4853 datum,

2013 4883 2084 4936 ab
2116 4898 2300 4952 eoque
2331 4879 2578 4936 Caesarei
2612 4878 2790 4931 instar
2830 4876 3227 4947 palndameuti
3280 4877 3341 4931 in
3387 4878 3710 4932 celebriori-

2014 4968 2120 5021 bus
2149 4966 2505 5021 caeremoniis
2535 4966 2879 5031 adhibitum,
2910 4967 3178 5037 pluribus
3222 4966 3401 5037 signis
3440 4965 3708 5034 pretiosis

2012 5073 2183 5125 opere
2216 5056 2465 5125 Phrygio
2494 5054 2722 5108 intextis
2752 5062 3044 5119 ornatum,
3086 5053 3706 5125 variisqueinscriptio—

2012 5144 2182 5199 nibus
2220 5144 2355 5198 satis
2390 5142 2638 5197 mirabili
2676 5158 2969 5196 sacrorum
3020 5142 3513 5212 profanorumque
3543 5160 3701 5197 com-

2014 5233 2286 5287 mixtione
2318 5232 2674 5299 distinctnm,
2706 5231 2914 5301 quibus
2948 5230 3007 5283 in
3039 5235 3255 5283 rectum
3292 5246 3525 5285 sensum
3552 5233 3706 5287 ordi-

2011 5322 2215 5376 naudis
2272 5328 2370 5376 aut
2432 5320 2782 5392 explicandis
2836 5320 3059 5372 curiosa
3124 5319 3362 5389 ingenia
3422 5319 3709 5376 incassum

2013 5412 2286 5466 hactenus
2329 5411 2635 5466 desudasse
2689 5410 2976 5464 dicuntur.
3040 5408 3200 5473 Quod
3254 5413 3411 5462 certe
3459 5412 3708 5482 experiri

2012 5501 2155 5553 mihi
2186 5500 2345 5554 licuit
2378 5499 2437 5553 in
2462 5497 2833 5553 eruditissimi
2866 5496 2982 5550 Viri
3010 5497 3528 5560 observationibus,
3560 5498 3705 5551 infra
