4016 6202
314 400 411 449 163

1614 392 1668 443 S.
1719 388 2006 444 HENRICI
2050 387 2525 443 [MPERATOHIS

3742 388 3844 440 164

314 521 577 572 contorto
650 532 817 570 sensu
901 532 1097 576 .-\0\ILA
1172 530 1333 569 rr'rvr:
1401 528 1641 567 laenam-2
1691 527 1908 565 γοητιέ
1974 528 2027 564 ir.
2059 515 2099 567 Α
2137 509 2391 582 antiquis
2430 515 2594 564 erant
2640 510 2980 581 frequentia.
3029 509 3217 565 Monet
3254 510 3458 563 deinde
3505 510 3845 564 notandum

320 622 521 672 ASTRA;
551 621 723 677 quem
757 606 835 658 sic
866 603 1052 658 reddit
1079 620 1093 657 :
1124 602 1330 674 Aquila
1361 606 1641 672 perpetuo
1671 616 1776 671 per
1793 600 2015 653 volatus

315 712 446 748 suos
485 712 543 749 se
584 694 777 749 locans
835 693 891 747 in
942 699 1113 760 astra,
1160 692 1234 745 ob
1270 688 1753 743 cosstellationem
1804 688 2013 760 aquila:

316 781 580 853 expansis
618 781 724 835 alis
763 779 1020 834 volantis.
1067 777 1270 833 lsmael
1312 776 1491 843 enim,
1541 776 1638 842 ait,
1689 775 2012 842 astrologiae

319 870 577 925 addictus
621 869 795 923 fuisse
830 867 1070 925 videtur.
1107 865 1240 936 quia
1271 865 1394 933 ejus
1433 863 1795 918 ordinatione
1831 880 2011 934 prope

317 957 575 1012 Mantelis
618 956 937 1018 Jiumernm
1000 953 1262 1007 dextrum
1324 952 1446 1005 haec
1489 952 1761 1022 leguntur
1806 951 2012 1018 verba;

313 1043 653 1112 Astrolugus
692 1042 785 1095 hic
829 1042 900 1094 sit
926 1043 1145 1093 cautus.
1179 1040 1274 1093 Est
1311 1044 1367 1090 et.
1393 1038 1504 1091 alia
1533 1038 1591 1091 in
1640 1039 1814 1092 altera
1841 1037 2013 1092 Manti

315 1135 499 1200 parte,
534 1129 627 1183 ubi
656 1130 735 1182 sic
765 1128 976 1198 legitur
1008 1143 1020 1181 :
1057 1141 1393 1182 vmmumse
1431 1141 1636 1179 sees-re
1677 1140 1892 1179 uiaaua
1921 1141 2007 1179 RE.

320 1219 537 1273 Sonant
586 1218 709 1272 hinc
738 1217 847 1288 ipsi
881 1232 894 1271 :
931 1215 1245 1282 Virginitas
1282 1214 1585 1284 approbata
1618 1216 1881 1267 miremur
1902 1220 2009 1267 ter-

315 1322 429 1377 rm;
471 1305 690 1360 sublata
728 1310 918 1359 autem
973 1305 1175 1357 vitiosa
1238 1301 1563 1367 metathesi,
1612 1301 1840 1355 videtur
1888 1318 2010 1357 esse

309 1395 522 1449 allusio
553 1394 808 1449 lsmaelis
845 1394 913 1448 ad
948 1391 1342 1446 castimoniam
1373 1391 1428 1445 S.
1465 1389 1736 1454 Heinrici.
1770 1390 1828 1444 in
1858 1389 2012 1446 hunc

309 1483 459 1537 forte.
491 1498 723 1536 sensum
759 1498 772 1536 :
807 1483 1192 1547 Virginitatem
1216 1482 1274 1533 in.
1305 1481 1464 1533 terris
1500 1479 1859 1549 approbatum
1905 1482 2007 1534 mi-

311 1588 516 1627 remur.
558 1571 739 1641 Cupio
770 1571 937 1642 plane
972 1569 1257 1624 ernditiss.
1307 1568 1436 1621 Viro
1487 1567 1871 1635 subscribere;
1913 1584 2009 1621 ve-

311 1677 443 1714 rum
479 1660 524 1712 si
571 1677 640 1713 eo
688 1659 901 1726 Manto,
944 1662 1009 1711 ut
1047 1657 1376 1728 nuperrime
1407 1656 1650 1723 dicebat,
1688 1655 1741 1711 S.
1793 1657 2013 1711 Heinri-

308 1765 439 1802 eum
487 1748 544 1802 in
577 1746 944 1801 coronatione
990 1746 1244 1800 Romana
1288 1761 1453 1798 nsum
1504 1745 1610 1798 sibi
1642 1746 2007 1814 persuadeat,

311 1852 538 1891 necesse
571 1839 675 1903 est,
705 1835 969 1900 fateatur,
1001 1833 1285 1904 cognitam
1316 1838 1445 1887 ante
1476 1833 1533 1887 id
1564 1838 1790 1904 tempus
1832 1833 2007 1887 fuisse

310 1925 539 1980 Ismaeli
588 1924 679 1978 isti
740 1922 1230 1977 sanctissimorum
1288 1922 1611 1993 Conjugum
1664 1921 2005 1993 virginalem

310 2014 749 2080 continentiam,
782 2028 955 2084 quam
986 2022 1053 2066 ut
1090 2028 1264 2082 supra
1293 2011 1694 2066 vindicandam
1736 2026 2005 2081 suscepe-

308 2104 443 2167 rim,
471 2106 530 2156 at
556 2101 777 2156 nemini
817 2107 947 2155 ante
978 2105 1295 2155 extremum
1330 2100 1520 2154 Sancti
1552 2100 1816 2154 morbum
1842 2099 2006 2154 inno-

310 2190 486 2245 tuisse
541 2189 805 2244 existimo
859 2204 978 2243 esse
1033 2189 1440 2242 certissimum.
1501 2189 1578 2242 De
1642 2195 1871 2250 cmtero,
1934 2204 2004 2242 an

308 2292 500 2331 manus
552 2277 767 2333 Orionis
811 2276 973 2330 radat
1015 2278 1283 2341 Taurum;
1322 2292 1397 2329 an
1446 2275 1514 2343 is,
1564 2278 1809 2331 imitator
1857 2276 2008 2345 juris

303 2368 494 2434 fuerit,
534 2382 607 2419 an
645 2366 1026 2435 Serpentarius
1074 2364 1413 2433 jEculapius
1458 2364 1697 2417 medicus
1745 2363 2004 2425 dicatur;

307 2470 377 2507 an
411 2454 501 2508 bis
540 2459 828 2507 asseratur
862 2453 1096 2518 Pegasus
1126 2466 1293 2520 equus
1334 2454 1551 2506 musicae
1579 2466 1689 2505 esse
1733 2458 2003 2518 sacratus,

307 2547 477 2614 atque
529 2541 584 2597 id
643 2557 826 2613 genus
873 2540 1004 2605 alia,
1054 2540 1125 2594 ab
1173 2539 1495 2594 obscuriori
1550 2540 1659 2594 isto
1714 2538 1800 2593 vel
1859 2539 2003 2594 forte

303 2636 596 2701 poetastro
627 2630 845 2684 artifice
877 2628 1189 2698 repetenda
1218 2644 1333 2682 non
1368 2644 1573 2682 censeo
1603 2644 1616 2681 :
1646 2627 1827 2681 nodus
1854 2644 2000 2698 prae-

301 2717 504 2789 cipuus
534 2723 812 2788 superest,
844 2721 1040 2770 utrum
1073 2716 1289 2770 infima;
1322 2715 1709 2787 inscriptionis
1738 2720 2004 2770 confusos

301 2806 655 2860 characteres
684 2804 947 2859 eruditus
976 2804 1257 2875 interpres
1303 2804 1521 2859 felicius
1564 2804 1998 2861 combinaverit.

304 2894 487 2948 Verba
516 2894 641 2964 ejus
667 2894 737 2948 ad
771 2891 989 2963 apicem
1025 2893 1341 2946 describam
1376 2908 1390 2946 :

369 2984 460 3035 75.
500 3001 527 3032 α
562 2981 810 3036 Fimbria
837 2996 970 3033 vero
1000 2980 1174 3051 hujus
1205 2980 1462 3035 Mantelis
1500 2980 1876 3035 condecorata
1914 2986 2001 3035 est

2127 591 2280 662 quod
2330 591 2388 645 in
2426 590 2781 645 carminibus
2810 589 3055 644 fimbriae
3089 590 3350 644 Mantelis
3387 590 3630 647 desint:
3680 590 3846 661 apud

2124 680 2366 733 verbum
2398 695 2578 734 aecus
2618 679 2807 733 littera
2838 679 2879 734 ϐ
2920 678 3076 748 (nam
3115 679 3303 733 littera
3350 682 3394 733 Α
3453 684 3543 733 est
3591 679 3843 733 abscon-

2122 766 2240 821 dita
2271 767 2330 820 in
2356 768 2423 831 N,
2452 766 2587 838 quia
2615 767 2681 834 N,
2713 774 2778 820 ut
2805 766 2882 821 ibi
2905 766 3264 821 eﬂ‘ormatum
3289 773 3393 832 est,
3416 766 3663 821 denotat
3684 766 3845 820 litte-

2125 872 2248 910 ram
2279 855 2322 910 N
2355 861 2413 909 et
2448 859 2497 911 Α
2528 855 2698 910 simul
2731 855 2882 927 apud
2928 854 3244 927 antiquos,)
3276 859 3332 908 et
3361 854 3553 909 littera
3602 856 3643 909 Ε
3675 854 3839 925 apud

2121 945 2357 999 verbum
2393 961 2550 999 wama
2579 940 2694 998 sive
2725 960 2885 999 esse.
2918 944 2959 998 Ε
2991 949 3184 999 contra
3216 948 3345 1015 post
3373 944 3615 998 verbum
3638 944 3839 1015 lmpe—

2120 1034 2274 1087 rium
2313 1038 2401 1087 est
2428 1048 2851 1103 supervacanea
2879 1032 3068 1087 littera
3101 1033 3172 1101 ll,
3196 1032 3342 1087 forte
3370 1032 3494 1086 loco
3528 1032 3748 1087 litterae
3781 1031 3837 1086 Μ

2121 1121 2237 1176 sive
2270 1138 2314 1192 ﬂ
2345 1122 2403 1175 in
2452 1122 2650 1176 animo
2694 1120 3090 1176 substituenda
3118 1163 3134 1186 ,
3166 1126 3265 1175 aut
3306 1120 3474 1193 plane
3501 1121 3836 1176 omittenda

2119 1210 2220 1265 illo
2250 1217 2549 1281 tempore;
2583 1210 2732 1281 apud
2766 1226 2939 1282 quam
2962 1214 3077 1264 tres
3105 1211 3192 1264 IBI
3223 1214 3481 1281 spectant
3502 1217 3641 1281 post
3672 1210 3830 1264 litte-

2119 1305 2301 1354 teram
2328 1298 2392 1364 Ο.
2429 1299 2570 1354 Item
2606 1300 2666 1353 in
2697 1300 2870 1354 verbo
2897 1314 3127 1374 manu,
3158 1298 3349 1355 littera
3372 1300 3414 1353 V
3454 1307 3546 1355 est
3571 1300 3829 1367 inversa,

2119 1386 2250 1441 hinc
2281 1393 2344 1441 ut
2376 1387 2415 1441 Ν
2450 1392 2709 1458 apparet.
2747 1408 2769 1436 ι

2187 1480 2279 1530 77.
2337 1477 2619 1530 Hactenus
2672 1475 2820 1531 Clar.
2879 1475 3117 1541 amicus,
3172 1474 3273 1547 qui
3321 1475 3517 1530 subdit
3571 1481 3833 1547 quatuor

2121 1565 2233 1619 alia
2274 1564 2452 1619 serica
2480 1565 2688 1632 Manta,
2731 1564 2957 1619 caerulei
3005 1565 3140 1619 item
3191 1565 3418 1633 coloris,
3476 1566 3698 1619 ibidem
3741 1582 3831 1617 as-

2119 1654 2353 1721 servari,
2388 1655 2457 1708 de
2485 1670 2733 1724 quorum
2758 1654 2956 1708 usibus
2986 1654 3078 1708 hic
3111 1654 3394 1707 disserere
3417 1654 3561 1733 nihil
3585 1654 3827 1708 attinet:

2118 1743 2306 1797 datam
2332 1743 2451 1811 jam
2478 1742 2689 1813 prioris
2733 1741 3176 1813 explicationem
3204 1742 3484 1813 tantisper
3528 1743 3831 1812 expenda-

2121 1848 2269 1887 mus.
2308 1832 2566 1897 Quatuor
2611 1832 2803 1903 prima
2856 1830 3133 1885 voeabula
3184 1830 3448 1884 distincte
3479 1831 3539 1885 in
3588 1832 3833 1885 timbria

2116 1936 2379 1992 expressa
2424 1920 2733 1991 conspicio,
2787 1919 2831 1975 0
2916 1920 3077 1973 decus
3125 1920 3367 1987 Eeropae
3432 1918 3599 1974 Ccsar
3652 1920 3829 1973 Heia-

2112 2011 2252 2075 rice;
2284 2024 2402 2063 non
2426 2013 2542 2062 tam
2574 2008 2738 2062 facile
2767 2014 2854 2062 est
2883 2007 3139 2061 invenire
3164 2009 3233 2059 Τό
3253 2022 3443 2069 assae,
3479 2022 3609 2061 cum
3632 2023 3749 2077 pro
3784 2007 3829 2062 Β

2114 2099 2343 2167 legatur
2385 2099 2425 2151 Β
2459 2114 2472 2152 :
2507 2113 2696 2168 neque
2749 2113 2961 2151 mean
3004 2096 3168 2150 educi
3200 2102 3408 2167 potest,
3449 2097 3827 2167 quandoqui-

2114 2186 2244 2241 dem
2287 2187 2474 2241 littera
2506 2186 2711 2240 ultima
2740 2202 2855 2240 non
2886 2186 2958 2239 sit
2981 2186 3023 2240 Τ
3056 2185 3151 2240 sed
3185 2186 3374 2256 petitis
3404 2186 3465 2240 Υ.
3519 2188 3828 2255 Imperium

2113 2274 2337 2345 integre
2387 2291 2500 2329 non
2534 2274 2841 2344 reperitur,
2875 2274 3026 2345 quod
3084 2274 3289 2328 ultima
3327 2274 3511 2328 littera
3551 2275 3829 2328 videatur

2111 2362 2345 2433 duplex,
2398 2362 2585 2433 sitque
2618 2362 2656 2415 Ε
2697 2368 2754 2415 et
2801 2379 2834 2415 Α
2882 2363 3170 2427 Graecum;
3231 2360 3288 2415 in
3347 2376 3463 2431 quo
3504 2377 3621 2415 non
3680 2362 3829 2416 satis

2112 2457 2308 2521 aperte
2349 2451 2514 2521 argui
2557 2467 2723 2520 posse
2752 2450 2999 2516 videtur,
3032 2450 3186 2520 quod
3218 2454 3344 2520 post
3391 2451 3695 2522 Imperium
3730 2468 3826 2504 su—

2112 2554 2460 2610 pervacanea
2509 2539 2584 2591 sit
2625 2538 2819 2592 littera
2864 2538 2935 2602 M,
2990 2538 3087 2592 ubi
3148 2555 3254 2609 ego
3301 2538 3469 2593 fateri
3503 2554 3690 2609 cogor
3720 2555 3827 2594 nec

2111 2642 2529 2696 pervacaneum
2587 2627 2656 2693 bl,
2748 2627 2866 2682 imo
2936 2643 3040 2681 nec
3108 2627 3489 2682 necessarium
3545 2628 3824 2699 reperiri,

2112 2731 2228 2785 quo
2251 2718 2308 2767 τὸ
2334 2715 2646 2786 Imperium
2673 2715 2761 2769 vel
2790 2714 3100 2786 lmpreium
3136 2714 3423 2771 efformari
3456 2720 3649 2786 queat.
3702 2718 3827 2771 Ne-

2112 2819 2224 2874 que
2283 2807 2399 2856 tres
2440 2804 2533 2859 lBl
2576 2819 2760 2874 usque
2802 2804 2944 2857 adeo
2994 2805 3151 2857 clare
3194 2807 3505 2875 apparent;
3559 2819 3669 2856 nec
3735 2809 3826 2859 est

2112 2892 2263 2945 unde
2320 2892 2624 2963 colligatur
2660 2892 2702 2945 N
2744 2891 3031 2946 inversum
3092 2908 3236 2959 esse,
3289 2892 3440 2946 unde
3498 2907 3823 2963 exsurgere

2107 2979 2513 3033 verosimiliter
2568 2980 2751 3050 possit
2807 2995 3033 3034 ascen.
3088 2980 3235 3035 lBMl
3293 2982 3511 3040 nullum
3573 2998 3818 3037 sensum

300 3070 509 3124 litteris
549 3068 832 3139 singulari
864 3067 1096 3122 artificis
1138 3068 1442 3139 diligentia
1489 3069 1713 3133 (litteris
1756 3069 1997 3139 singulis
2031 3075 2072 3129 C
2106 3067 2297 3121 reddit
2372 3067 2601 3130 Bexoca
2641 3069 2725 3122 vel
2772 3084 2875 3123 ηεξ
2939 3084 3033 3129 ori
3100 3068 3379 3136 habetur;
3428 3069 3526 3124 sed
3582 3072 3820 3141 relijua

300 3157 725 3230 particulariter
762 3156 879 3210 sive
909 3156 1147 3210 seorsim
1201 3163 1401 3211 aurato
1440 3158 1538 3211 tilo
1592 3158 1884 3218 confectis.
1932 3173 1997 3211 ac

299 3246 432 3300 dein
464 3245 751 3300 mediante
794 3244 891 3298 ﬁlo
932 3244 1136 3311 serico,
1165 3244 1225 3298 in
1257 3245 1541 3300 destinato
1572 3261 1676 3300 suo
1726 3246 1850 3300 loco
1891 3246 1997 3301 ﬁr-

296 3333 489 3399 matis)
522 3333 735 3388 atl‘abre
766 3332 1039 3387 confectis
1084 3349 1254 3405 opere
1285 3333 1552 3404 phrygio,
1587 3350 1715 3387 cum
1748 3334 1998 3405 permul-

299 3421 374 3475 tis
411 3421 638 3476 intortis
702 3421 892 3475 aureis
950 3420 1211 3487 cimeliis,
1266 3422 1673 3475 obscuritatem
1732 3420 1996 3476 lectionis

298 3509 743 3575 inducentibus;
775 3513 1021 3580 suntque
1061 3525 1142 3562 ea:
1173 3509 1378 3564 litterae
1413 3525 1637 3581 magnae
1688 3509 1995 3580 longitudi-

296 3598 426 3666 nis;
456 3598 536 3653 ita
569 3597 812 3652 invicem
851 3597 1152 3669 appositae,
1194 3603 1255 3651 ut
1288 3599 1466 3652 lector
1495 3598 1744 3653 maxime
1785 3598 1992 3652 dubius

296 3686 533 3753 bmreat,
565 3686 662 3741 ubi
704 3686 871 3741 lectio
917 3686 976 3740 in
1007 3685 1269 3740 circulari
1316 3686 1485 3740 chaos
1538 3687 1609 3740 sit
1646 3685 1988 3741 inchoanda.

293 3775 553 3845 Insuper,
586 3774 747 3828 omni
776 3780 975 3828 carent
1004 3774 1487 3845 interpunctione,
1518 3774 1765 3845 hincque
1793 3775 1852 3828 in
1880 3775 1991 3828 lio-

294 3862 561 3918 diernum
593 3880 776 3934 usque
806 3862 981 3930 diem,
1016 3864 1213 3918 multis
1254 3862 1557 3919 lectionem
1590 3864 1797 3918 frustra
1855 3868 1991 3918 ten-

291 3951 569 4017 tantibus,
604 3952 686 4006 uti
713 3952 968 4019 inaudio,
1001 3953 1346 4023 (praesertim
1380 3960 1616 4023 propter
1639 3953 1830 4023 plures
1850 3952 1989 4006 alias

290 4056 495 4112 parvas
533 4040 968 4111 obfuscatasque
1016 4040 1443 4111 inscriptiones)
1477 4041 1784 4110 incognitae
1831 4056 1989 4095 man-

290 4133 508 4184 serunt.
542 4150 563 4177 ι
591 4128 786 4198 Pergit
802 4128 1008 4182 deinde
1038 4128 1109 4182 ad
1138 4128 1597 4198 explicationem,
1626 4144 1798 4198 quam
1818 4144 1987 4182 nemo

290 4216 567 4271 hactenus
617 4215 858 4287 propius
887 4221 1175 4269 assecutus
1214 4220 1319 4269 est.
1359 4238 1379 4264 σ
1412 4214 1595 4270 Verba
1640 4214 1883 4270 fimbriae
1912 4214 1983 4269 ad

292 4304 542 4358 litteram
567 4303 690 4357 huic
719 4308 854 4356 sunt
885 4318 1015 4357 cum
1049 4302 1348 4357 metatbesi
1375 4303 1595 4357 vitiosa.

364 4392 409 4448 Ο
443 4393 623 4445 Decus
661 4391 916 4461 Eeropae
948 4392 1116 4445 Cesar
1145 4390 1406 4445 Heinrice
1436 4391 1622 4446 beare.

358 4483 585 4550 Augeat
613 4479 921 4551 impreium
946 4478 1084 4534 ibmi
1109 4478 1337 4550 Rexque
1366 4495 1504 4534 rena
1535 4480 1698 4535 bene.

360 4568 692 4639 Peripberia
718 4567 840 4621 baac
859 4566 1032 4622 Menti
1053 4567 1254 4621 intima
1278 4568 1545 4640 aquuat
1565 4568 1982 4635 longitudinem

290 4657 540 4713 sedecim
571 4657 781 4728 pedum
814 4662 872 4710 et
900 4656 1144 4711 duorum
1170 4658 1467 4727 pollicum.

359 4748 447 4802 76.
482 4765 510 4796 α
547 4745 652 4801 Ubi
683 4743 1004 4800 notandum
1028 4744 1181 4816 quod
1222 4745 1422 4800 lsmael
1453 4761 1557 4816 per
1578 4746 1827 4800 litteram
1856 4746 1895 4801 Χ
1922 4746 1982 4800 in

286 4835 461 4891 verbo
506 4834 624 4889 Rex
680 4834 974 4906 singulare
1003 4833 1143 4906 quid
1191 4834 1514 4905 significare
1546 4834 1813 4899 voluerit,
1846 4836 1979 4904 quia

284 4925 406 4980 hec
433 4940 545 4979 una
575 4929 631 4978 et
656 4924 777 4979 sola
815 4924 965 4977 inter
1013 4938 1212 4977 omnes
1263 4923 1662 4993 magnitudine
1697 4923 1981 4978 artificiali

284 5014 523 5081 eminet,
578 5017 635 5067 et
673 5011 939 5069 nonnihil
994 5028 1028 5065 a
1092 5010 1299 5065 litteris
1357 5012 1397 5065 E
1466 5018 1598 5066 ante
1647 5016 1705 5066 et
1752 5011 1797 5076 Ο
1853 5017 1983 5083 post

286 5108 372 5157 est
421 5106 711 5173 separata;
756 5101 895 5157 hinc
943 5116 1059 5155 non
1090 5099 1380 5154 immerito
1412 5100 1689 5155 concludo
1731 5116 1862 5154 eum
1897 5105 1976 5168 ut,

284 5196 522 5262 propter
544 5189 849 5245 verborum
882 5193 1275 5244 excurrentem
1308 5186 1555 5255 copiam,
1587 5188 1818 5257 ligatam
1850 5204 1979 5242 ora-

285 5279 504 5334 tionem
536 5279 802 5346 salvaret,
836 5276 1281 5349 gratulationem
1315 5273 1462 5328 hanc
1492 5289 1599 5344 pro
1631 5275 1685 5330 S.
1717 5276 1979 5330 Heinrico

283 5367 552 5424 ordinare
610 5367 670 5422 in
721 5368 875 5422 hunc
922 5379 1155 5419 sensum
1203 5360 1369 5433 quasi
1420 5361 1662 5417 voluisse
1699 5378 1714 5417 :
1748 5363 1978 5435 Rexque

283 5456 491 5511 millies
521 5454 601 5509 ibi
639 5472 815 5525 regna
860 5453 1043 5517 bene;
1085 5451 1219 5521 quia
1247 5450 1288 5505 Χ
1337 5450 1567 5519 Graecis,
1619 5457 1674 5504 ut
1735 5458 1974 5518 constat,

281 5549 369 5598 est
410 5558 687 5598 numerus
719 5538 1077 5595 millenarius
1109 5554 1122 5593 :
1154 5540 1309 5594 salvo
1332 5544 1548 5609 tamen,
1579 5544 1643 5594 ut
1687 5539 1826 5608 dixi,
1877 5557 1981 5612 per

282 5632 475 5687 omnia
508 5630 753 5685 aliorum
792 5628 1013 5699 judicio
1044 5627 1290 5695 meliori,
1340 5628 1605 5683 acumina
1654 5628 1809 5685 enim
1856 5630 1979 5684 haec

2107 3156 2413 3227 plusquam
2446 3156 2668 3227 G‘Zdipo
2718 3158 3002 3227 indigent,
3038 3174 3226 3228 neque
3269 3175 3331 3212 ex
3372 3158 3439 3211 iis
3490 3159 3815 3229 perfectam

2107 3244 2589 3319 constructionem
2627 3245 2756 3316 quis
2788 3245 2950 3298 facile
2985 3244 3286 3299 extuderit.
3326 3245 3452 3299 litae
3499 3262 3567 3298 eo
3616 3244 3817 3300 solum

2106 3330 2257 3385 dicta
2294 3331 2429 3392 sint,
2476 3336 2541 3385 ut
2599 3331 2883 3403 intelligat
2926 3332 3105 3386 lector
3133 3332 3277 3387 nihil
3328 3350 3361 3387 a
3389 3331 3549 3386 nobis
3597 3335 3816 3402 negle-

2105 3425 2283 3489 ctum,
2316 3426 2371 3474 et
2410 3420 2792 3476 amicissimus
2823 3422 3053 3493 adjutor
3101 3421 3388 3489 observet,
3438 3422 3688 3492 enigma
3740 3422 3816 3476 iis

2103 3506 2310 3563 litteris
2360 3508 2705 3577 involutum,
2758 3512 3004 3565 necdum
3046 3526 3110 3565 ex
3144 3509 3306 3564 omni
3357 3514 3517 3581 parte
3546 3509 3812 3564 solutum

2104 3613 2242 3651 esse.
2296 3597 2517 3665 Melius,
2567 3599 2821 3669 inquies,
2886 3598 3107 3669 aliquid
3160 3598 3472 3653 substituas
3523 3615 3537 3653 :
3601 3600 3810 3654 malim

2101 3701 2235 3740 vero
2290 3688 2530 3741 candide
2583 3687 2748 3741 fateri
2796 3688 3209 3759 ignorantiam,
3252 3703 3425 3759 quam
3479 3687 3549 3742 iis
3582 3688 3809 3759 disqui-

2101 3775 2294 3829 rendis
2323 3776 2513 3830 oleum
2540 3781 2598 3830 et
2635 3792 2871 3847 operam
2908 3777 3151 3847 perdere
3186 3792 3199 3830 :
3234 3792 3350 3831 non
3406 3770 3688 3847 gravabor
3716 3783 3809 3832 ta-

2103 3880 2256 3931 men,
2298 3864 2457 3919 nullo
2499 3880 2628 3919 meo
2678 3865 2959 3935 periculo,
3009 3865 3119 3919 viri
3152 3865 3388 3919 alterius
3424 3866 3807 3921 eruditissimi

2098 3952 2477 4023 cogitationes
2506 3953 2565 4007 in
2591 3953 2842 4008 medium
2877 3952 3155 4023 proferre,
3189 3960 3362 4026 prout
3388 3969 3609 4008 mecum
3638 3970 3797 4009 com-

2098 4040 2404 4095 municata:
2435 4047 2587 4096 sunt.

2164 4131 2256 4183 78.
2291 4128 2466 4182 Abest
2494 4128 2562 4195 is,
2598 4132 2662 4182 ut
2692 4128 2945 4200 primum
2977 4128 3187 4189 dicam.
3218 4145 3249 4183 a
3282 4129 3797 4200 Bambergensium

2097 4216 2393 4288 opinione,
2446 4216 2600 4287 quod
2659 4218 2965 4287 praefatum
3017 4217 3272 4272 Mantum
3310 4217 3381 4272 ad
3429 4218 3485 4273 S.
3540 4218 3797 4273 Heinrici

2095 4309 2360 4376 tempora
2418 4295 2673 4359 revocari
2741 4305 2945 4377 possit,
3019 4312 3306 4378 negatque
3376 4306 3567 4361 Sancti
3624 4306 3797 4361 istius

2095 4399 2260 4448 aetate
2315 4393 2376 4447 in
2433 4410 2542 4447 usu
2585 4393 2758 4448 fuisse
2812 4394 3050 4449 Caesaris
3106 4396 3575 4467 appellationem.
3620 4396 3796 4450 Putat

2095 4481 2289 4553 itaque
2321 4498 2466 4552 opus
2499 4497 2620 4536 esse
2656 4482 2847 4536 smeuli
2880 4499 2992 4551 xiv,
3034 4482 3410 4555 implexisqne
3459 4484 3571 4541 illis
3614 4499 3792 4539 voca-

2093 4568 2245 4623 bulis
2295 4568 2539 4623 indicari
2580 4569 2915 4636 Henricum,
2965 4569 3130 4624 istius
3173 4570 3424 4625 nominis
3474 4572 3793 4641 Imperato-

2093 4673 2217 4711 rem
2259 4658 2350 4711 νη
2398 4657 2941 4730 Luxemburgicum,
2983 4660 3083 4731 qui
3133 4666 3262 4731 post
3314 4675 3514 4714 necem
3568 4660 3791 4714 Alberti

2092 4746 2373 4800 Austriaci
2408 4747 2799 4801 Romanorum
2847 4748 3015 4819 regis,
3071 4763 3224 4802 anno
3284 4750 3419 4802 t308
3480 4753 3787 4819 patratam,

2092 4849 2146 4888 vi
2183 4834 2442 4889 Januarii
2471 4836 2605 4889 1309
2636 4835 2982 4906 Aquisgrani
3012 4840 3316 4891 coronatus
3338 4843 3459 4900 est;
3490 4843 3663 4906 atque
3713 4838 3786 4891 ad

2091 4922 2241 4977 hunc
2280 4922 2453 4993 dirigi
2511 4923 2811 4977 contendit
2857 4923 3102 4978 ﬁmbriae
3148 4924 3578 4991 allocutionem,
3621 4925 3789 4995 cujus

2092 5010 2358 5065 ordinem
2417 5011 2713 5066 exorditur
2754 5028 2787 5065 a
2820 5012 2993 5066 Cassa
3035 5014 3296 5080 Haumca,
3337 5014 3388 5067 ei
3445 5019 3788 5068 connectens

2092 5117 2201 5156 ΒΕΑ
2242 5117 2255 5155 :
2293 5101 2331 5154 Β
2364 5116 2498 5155 vero
2528 5117 2773 5172 sequens
2808 5107 2866 5155 et
2908 5102 2948 5156 E
2979 5102 3155 5157 sumit
3191 5119 3297 5173 pro
3350 5104 3786 5175 Bambergensis

2093 5188 2374 5256 Ecclesiae,
2418 5204 2484 5243 ex
2532 5189 2740 5244 litteris
2780 5191 3058 5262 proximis
3097 5191 3309 5245 faciens
3355 5208 3590 5257 suasu,
3633 5208 3666 5247 ις
3714 5192 3785 5245 si-

2090 5283 2266 5348 gnato
2292 5292 2304 5331 :
2335 5282 2457 5331 tum
2477 5277 2556 5332 sic
2582 5278 2791 5351 pergit,
2817 5295 2883 5334 ex
2901 5279 3107 5334 litteris
3128 5281 3296 5335 verba
3317 5281 3497 5335 ferme
3516 5282 3782 5347 reddens,

2091 5364 2403 5419 lMPerium
2438 5365 2656 5437 Regere
2685 5368 2898 5438 lnjuste
2938 5368 3165 5436 Valens,
3203 5367 3283 5422 ΕΑ
3317 5369 3570 5440 (lambda
3597 5385 3784 5442 graeco

2089 5470 2194 5526 pro
2220 5469 2251 5508 ι.
2272 5454 2465 5524 latino)
2499 5456 2645 5511 unde
2681 5457 2938 5524 Eaectus,
2971 5457 3187 5521 Invitis,
3222 5460 3306 5512 vel
3339 5456 3589 5513 Inimicis
3622 5459 3784 5512 Bam-

2089 5543 2490 5615 bergensibus.
2523 5545 2917 5600 tliserabiliter
2944 5537 3167 5601 interiit
3203 5546 3326 5601 [tax
3372 5546 3516 5615 Qui;
3544 5547 3780 5601 demum

2090 5646 2158 5685 ex
2190 5648 2258 5686 na
2296 5636 2351 5688 et
2386 5633 2687 5687 contractis
2727 5633 2852 5688 aliis
2894 5634 3121 5689 coniicit
3166 5649 3447 5703 l’ll-LGNAVIT,
3498 5640 3667 5707 atque
3709 5652 3774 5689 ex
