  <div class='ocr_page' id='page_1' title='image "/cluster/home/n/w/nwhite01/storage/ocr_20150623/140/hvd.32044054760004/091.png"; bbox 0 0 4012 6204; ppageno 0'>
   <div class='ocr_carea' id='block_1_1' title="bbox 467 306 557 358">
    <p class='ocr_par' dir='ltr' id='par_1_1' title="bbox 467 306 557 358">
     <span class='ocr_line' id='line_1_1' title="bbox 467 306 557 358; baseline -0.022 0"><span class='ocrx_word' id='word_1_1' title='bbox 467 306 557 358; x_wconf 70' lang='lat' dir='ltr'><strong>fil</strong></span> 
     </span>
    </p>
   </div>
   <div class='ocr_carea' id='block_1_2' title="bbox 461 424 2232 498">
    <p class='ocr_par' dir='ltr' id='par_1_2' title="bbox 461 424 2232 498">
     <span class='ocr_line' id='line_1_2' title="bbox 461 424 2232 498; baseline -0.003 -15"><span class='ocrx_word' id='word_1_2' title='bbox 461 428 718 493; x_wconf 87' lang='lat' dir='ltr'><strong>Leonini,</strong></span> <span class='ocrx_word' id='word_1_3' title='bbox 751 443 896 498; x_wconf 93' lang='lat' dir='ltr'><strong>quos</strong></span> <span class='ocrx_word' id='word_1_4' title='bbox 940 427 1146 480; x_wconf 89' lang='lat' dir='ltr'><strong>seculo</strong></span> <span class='ocrx_word' id='word_1_5' title='bbox 1203 444 1235 480; x_wconf 83' lang='lat' dir='ltr'><strong>x</strong></span> <span class='ocrx_word' id='word_1_6' title='bbox 1277 427 1336 481; x_wconf 93' lang='lat' dir='ltr'><strong>in</strong></span> <span class='ocrx_word' id='word_1_7' title='bbox 1383 443 1486 480; x_wconf 91' lang='lat' dir='ltr'><strong>usu</strong></span> <span class='ocrx_word' id='word_1_8' title='bbox 1525 426 1720 486; x_wconf 88' lang='lat' dir='ltr'><strong>fuisse,</strong></span> <span class='ocrx_word' id='word_1_9' title='bbox 1771 424 2000 478; x_wconf 84' lang='lat' dir='ltr'><strong>aliunde</strong></span> <span class='ocrx_word' id='word_1_10' title='bbox 2053 424 2158 478; x_wconf 89' lang='lat' dir='ltr'><strong>de-</strong></span> <span class='ocrx_word' id='word_1_11' title='bbox 2187 426 2232 478; x_wconf 80' lang='grc' dir='ltr'><strong>Α</strong></span> 
     </span>
    </p>
   </div>
   <div class='ocr_carea' id='block_1_3' title="bbox 451 505 1101 586">
    <p class='ocr_par' dir='ltr' id='par_1_3' title="bbox 451 505 1101 586">
     <span class='ocr_line' id='line_1_3' title="bbox 451 505 1101 586; baseline -0.003 -14"><span class='ocrx_word' id='word_1_12' title='bbox 451 505 769 572; x_wconf 85' lang='lat' dir='ltr'><strong>monstrari</strong></span> <span class='ocrx_word' id='word_1_13' title='bbox 790 517 1101 586; x_wconf 90' lang='lat' dir='ltr'><strong>postulant.</strong></span> 
     </span>
    </p>
   </div>
   <div class='ocr_carea' id='block_1_4' title="bbox 531 602 2163 673">
    <p class='ocr_par' dir='ltr' id='par_1_4' title="bbox 531 602 2163 673">
     <span class='ocr_line' id='line_1_4' title="bbox 531 602 2163 673; baseline -0.002 -13"><span class='ocrx_word' id='word_1_14' title='bbox 531 608 618 660; x_wconf 88' lang='lat'><strong>83.</strong></span> <span class='ocrx_word' id='word_1_15' title='bbox 657 605 844 659; x_wconf 83' lang='lat' dir='ltr'><strong>Liceat</strong></span> <span class='ocrx_word' id='word_1_16' title='bbox 873 603 1011 658; x_wconf 91' lang='lat' dir='ltr'><strong>mihi</strong></span> <span class='ocrx_word' id='word_1_17' title='bbox 1044 604 1136 658; x_wconf 90' lang='lat' dir='ltr'><strong>hic</strong></span> <span class='ocrx_word' id='word_1_18' title='bbox 1165 602 1500 672; x_wconf 83' lang='lat' dir='ltr'><strong>opinionem</strong></span> <span class='ocrx_word' id='word_1_19' title='bbox 1530 617 1714 656; x_wconf 86' lang='lat' dir='ltr'><strong>meam</strong></span> <span class='ocrx_word' id='word_1_20' title='bbox 1747 618 1844 656; x_wconf 90' lang='lat' dir='ltr'><strong>seu</strong></span> <span class='ocrx_word' id='word_1_21' title='bbox 1876 602 2163 673; x_wconf 86' lang='lat' dir='ltr'><strong>conjectu-</strong></span> 
     </span>
    </p>
   </div>
   <div class='ocr_carea' id='block_1_5' title="bbox 458 691 2162 762">
    <p class='ocr_par' dir='ltr' id='par_1_5' title="bbox 458 691 2162 762">
     <span class='ocr_line' id='line_1_5' title="bbox 458 691 2162 762; baseline -0.001 -15"><span class='ocrx_word' id='word_1_22' title='bbox 458 709 583 747; x_wconf 86' lang='lat' dir='ltr'><strong>ram</strong></span> <span class='ocrx_word' id='word_1_23' title='bbox 635 692 875 747; x_wconf 84' lang='lat' dir='ltr'><strong>candide</strong></span> <span class='ocrx_word' id='word_1_24' title='bbox 933 691 1211 762; x_wconf 86' lang='lat' dir='ltr'><strong>proferre.</strong></span> <span class='ocrx_word' id='word_1_25' title='bbox 1264 691 1415 745; x_wconf 83' lang='lat' dir='ltr'>Nihil</span> <span class='ocrx_word' id='word_1_26' title='bbox 1463 696 1757 761; x_wconf 78' lang='lat' dir='ltr'><strong>tantopere</strong></span> <span class='ocrx_word' id='word_1_27' title='bbox 1813 691 1979 745; x_wconf 90' lang='lat' dir='ltr'><strong>video</strong></span> <span class='ocrx_word' id='word_1_28' title='bbox 2010 691 2162 762; x_wconf 89' lang='lat' dir='ltr'><strong>quod</strong></span> 
     </span>
    </p>
   </div>
   <div class='ocr_carea' id='block_1_6' title="bbox 457 778 2163 849">
    <p class='ocr_par' dir='ltr' id='par_1_6' title="bbox 457 778 2163 849">
     <span class='ocr_line' id='line_1_6' title="bbox 457 778 2163 849; baseline -0.001 -16"><span class='ocrx_word' id='word_1_29' title='bbox 457 781 687 835; x_wconf 82' lang='lat' dir='ltr'><strong>credere</strong></span> <span class='ocrx_word' id='word_1_30' title='bbox 747 795 852 834; x_wconf 90' lang='lat' dir='ltr'><strong>nos</strong></span> <span class='ocrx_word' id='word_1_31' title='bbox 909 783 1059 832; x_wconf 89' lang='lat' dir='ltr'><strong>vetet</strong></span> <span class='ocrx_word' id='word_1_32' title='bbox 1116 779 1354 832; x_wconf 81' lang='lat' dir='ltr'><strong>Crucem</strong></span> <span class='ocrx_word' id='word_1_33' title='bbox 1429 778 1634 847; x_wconf 86' lang='lat' dir='ltr'><strong>ipsam,</strong></span> <span class='ocrx_word' id='word_1_34' title='bbox 1687 794 1986 849; x_wconf 86' lang='lat' dir='ltr'><strong>quousque</strong></span> <span class='ocrx_word' id='word_1_35' title='bbox 2042 785 2163 832; x_wconf 91' lang='lat' dir='ltr'><strong>tota</strong></span> 
     </span>
    </p>
   </div>
   <div class='ocr_carea' id='block_1_7' title="bbox 458 865 2160 937">
    <p class='ocr_par' dir='ltr' id='par_1_7' title="bbox 458 865 2160 937">
     <span class='ocr_line' id='line_1_7' title="bbox 458 865 2160 937; baseline -0.002 -14"><span class='ocrx_word' id='word_1_36' title='bbox 458 885 645 937; x_wconf 72' lang='lat' dir='ltr'><strong>graeca</strong></span> <span class='ocrx_word' id='word_1_37' title='bbox 673 873 775 934; x_wconf 88' lang='lat' dir='ltr'><strong>est,</strong></span> <span class='ocrx_word' id='word_1_38' title='bbox 835 867 902 920; x_wconf 93' lang='lat' dir='ltr'><strong>ad</strong></span> <span class='ocrx_word' id='word_1_39' title='bbox 934 867 1206 920; x_wconf 89' lang='lat' dir='ltr'><strong>seculum</strong></span> <span class='ocrx_word' id='word_1_40' title='bbox 1240 882 1271 919; x_wconf 87' lang='lat' dir='ltr'><strong>x</strong></span> <span class='ocrx_word' id='word_1_41' title='bbox 1323 866 1553 932; x_wconf 88' lang='lat' dir='ltr'><strong>referre,</strong></span> <span class='ocrx_word' id='word_1_42' title='bbox 1611 865 1726 919; x_wconf 83' lang='lat' dir='ltr'><strong>sive</strong></span> <span class='ocrx_word' id='word_1_43' title='bbox 1775 882 1841 920; x_wconf 91' lang='lat' dir='ltr'><strong>ea</strong></span> <span class='ocrx_word' id='word_1_44' title='bbox 1899 867 1958 920; x_wconf 92' lang='lat' dir='ltr'><strong>in</strong></span> <span class='ocrx_word' id='word_1_45' title='bbox 1986 868 2160 921; x_wconf 85' lang='lat' dir='ltr'><strong>veteri</strong></span> 
     </span>
    </p>
   </div>
   <div class='ocr_carea' id='block_1_8' title="bbox 459 954 2161 1025">
    <p class='ocr_par' dir='ltr' id='par_1_8' title="bbox 459 954 2161 1025">
     <span class='ocr_line' id='line_1_8' title="bbox 459 954 2161 1025; baseline 0 -15"><span class='ocrx_word' id='word_1_46' title='bbox 459 957 692 1023; x_wconf 85' lang='lat' dir='ltr'><strong>Grecia,</strong></span> <span class='ocrx_word' id='word_1_47' title='bbox 747 956 863 1008; x_wconf 83' lang='lat' dir='ltr'><strong>sive</strong></span> <span class='ocrx_word' id='word_1_48' title='bbox 913 956 970 1008; x_wconf 91' lang='lat' dir='ltr'><strong>in</strong></span> <span class='ocrx_word' id='word_1_49' title='bbox 1028 956 1225 1023; x_wconf 84' lang='lat' dir='ltr'><strong>Magna</strong></span> <span class='ocrx_word' id='word_1_50' title='bbox 1283 954 1456 1006; x_wconf 84' lang='lat' dir='ltr'><strong>ltalie</strong></span> <span class='ocrx_word' id='word_1_51' title='bbox 1518 970 1618 1006; x_wconf 89' lang='lat' dir='ltr'><strong>seu</strong></span> <span class='ocrx_word' id='word_1_52' title='bbox 1672 956 1896 1025; x_wconf 81' lang='lat' dir='ltr'><strong>Apulia,</strong></span> <span class='ocrx_word' id='word_1_53' title='bbox 1955 957 2070 1008; x_wconf 91' lang='lat' dir='ltr'><strong>sive</strong></span> <span class='ocrx_word' id='word_1_54' title='bbox 2129 974 2161 1010; x_wconf 90' lang='lat' dir='ltr'><strong>a</strong></span> 
     </span>
    </p>
   </div>
   <div class='ocr_carea' id='block_1_9' title="bbox 460 1041 2206 1111">
    <p class='ocr_par' dir='ltr' id='par_1_9' title="bbox 460 1041 2206 1111">
     <span class='ocr_line' id='line_1_9' title="bbox 460 1041 2206 1111; baseline -0.002 -13"><span class='ocrx_word' id='word_1_55' title='bbox 460 1045 667 1098; x_wconf 85' lang='lat' dir='ltr'><strong>Grecis</strong></span> <span class='ocrx_word' id='word_1_56' title='bbox 697 1042 1004 1096; x_wconf 84' lang='lat' dir='ltr'><strong>artificibus</strong></span> <span class='ocrx_word' id='word_1_57' title='bbox 1034 1042 1089 1094; x_wconf 92' lang='lat' dir='ltr'><strong>in</strong></span> <span class='ocrx_word' id='word_1_58' title='bbox 1129 1043 1248 1111; x_wconf 77' lang='lat' dir='ltr'><strong>ipsa</strong></span> <span class='ocrx_word' id='word_1_59' title='bbox 1288 1041 1590 1094; x_wconf 84' lang='lat' dir='ltr'><strong>Germania</strong></span> <span class='ocrx_word' id='word_1_60' title='bbox 1642 1041 1912 1094; x_wconf 78' lang='lat' dir='ltr'><strong>fabricata</strong></span> <span class='ocrx_word' id='word_1_61' title='bbox 1966 1042 2156 1106; x_wconf 86' lang='lat' dir='ltr'><strong>fuerit,</strong></span> <span class='ocrx_word' id='word_1_62' title='bbox 2203 1091 2206 1094; x_wconf 83' lang='lat'><strong>.</strong></span> 
     </span>
    </p>
   </div>
   <div class='ocr_carea' id='block_1_10' title="bbox 459 1129 2161 1203">
    <p class='ocr_par' dir='ltr' id='par_1_10' title="bbox 459 1129 2161 1203">
     <span class='ocr_line' id='line_1_10' title="bbox 459 1129 2161 1203; baseline -0.002 -17"><span class='ocrx_word' id='word_1_63' title='bbox 459 1149 590 1203; x_wconf 83' lang='lat' dir='ltr'><strong>que</strong></span> <span class='ocrx_word' id='word_1_64' title='bbox 622 1133 682 1185; x_wconf 92' lang='lat' dir='ltr'><strong>in</strong></span> <span class='ocrx_word' id='word_1_65' title='bbox 703 1130 758 1184; x_wconf 88' lang='lat' dir='ltr'><strong>S.</strong></span> <span class='ocrx_word' id='word_1_66' title='bbox 811 1130 1035 1184; x_wconf 87' lang='lat' dir='ltr'><strong>Henrici</strong></span> <span class='ocrx_word' id='word_1_67' title='bbox 1082 1145 1285 1182; x_wconf 90' lang='lat' dir='ltr'><strong>manus</strong></span> <span class='ocrx_word' id='word_1_68' title='bbox 1343 1129 1686 1199; x_wconf 80' lang='lat' dir='ltr'><strong>pervenerit,</strong></span> <span class='ocrx_word' id='word_1_69' title='bbox 1739 1135 2033 1199; x_wconf 86' lang='lat' dir='ltr'><strong>tamquam</strong></span> <span class='ocrx_word' id='word_1_70' title='bbox 2069 1146 2161 1183; x_wconf 88' lang='lat' dir='ltr'><strong>sa-</strong></span> 
     </span>
    </p>
   </div>
   <div class='ocr_carea' id='block_1_11' title="bbox 457 1217 2156 1290">
    <p class='ocr_par' dir='ltr' id='par_1_11' title="bbox 457 1217 2156 1290">
     <span class='ocr_line' id='line_1_11' title="bbox 457 1217 2156 1290; baseline -0.002 -17"><span class='ocrx_word' id='word_1_71' title='bbox 457 1235 616 1273; x_wconf 91' lang='lat' dir='ltr'><strong>crum</strong></span> <span class='ocrx_word' id='word_1_72' title='bbox 665 1218 1098 1290; x_wconf 88' lang='lat' dir='ltr'><strong>pretiosumque</strong></span> <span class='ocrx_word' id='word_1_73' title='bbox 1153 1217 1468 1283; x_wconf 91' lang='lat' dir='ltr'><strong>cimelium,</strong></span> <span class='ocrx_word' id='word_1_74' title='bbox 1527 1223 1836 1288; x_wconf 78' lang='lat' dir='ltr'><strong>antequam</strong></span> <span class='ocrx_word' id='word_1_75' title='bbox 1873 1217 1941 1271; x_wconf 90' lang='lat' dir='ltr'><strong>ad</strong></span> <span class='ocrx_word' id='word_1_76' title='bbox 1997 1219 2156 1271; x_wconf 60' lang='lat' dir='ltr'><strong>thro-</strong></span> 
     </span>
    </p>
   </div>
   <div class='ocr_carea' id='block_1_12' title="bbox 458 1306 2156 1376">
    <p class='ocr_par' dir='ltr' id='par_1_12' title="bbox 458 1306 2156 1376">
     <span class='ocr_line' id='line_1_12' title="bbox 458 1306 2156 1376; baseline 0 -16"><span class='ocrx_word' id='word_1_77' title='bbox 458 1323 593 1360; x_wconf 90' lang='lat' dir='ltr'><strong>num</strong></span> <span class='ocrx_word' id='word_1_78' title='bbox 626 1307 962 1360; x_wconf 80' lang='lat' dir='ltr'><strong>eveheretur</strong></span> <span class='ocrx_word' id='word_1_79' title='bbox 994 1323 1006 1359; x_wconf 93' lang='lat'><strong>:</strong></span> <span class='ocrx_word' id='word_1_80' title='bbox 1039 1306 1258 1359; x_wconf 88' lang='lat' dir='ltr'><strong>dederit</strong></span> <span class='ocrx_word' id='word_1_81' title='bbox 1277 1307 1424 1360; x_wconf 90' lang='lat' dir='ltr'><strong>istud</strong></span> <span class='ocrx_word' id='word_1_82' title='bbox 1452 1307 1573 1376; x_wconf 90' lang='lat' dir='ltr'><strong>ipse</strong></span> <span class='ocrx_word' id='word_1_83' title='bbox 1616 1306 1982 1360; x_wconf 83' lang='lat' dir='ltr'><strong>sanctissime</strong></span> <span class='ocrx_word' id='word_1_84' title='bbox 2012 1307 2156 1361; x_wconf 85' lang='lat' dir='ltr'><strong>Con-</strong></span> 
     </span>
    </p>
   </div>
   <div class='ocr_carea' id='block_1_13' title="bbox 451 1395 2154 1466">
    <p class='ocr_par' dir='ltr' id='par_1_13' title="bbox 451 1395 2154 1466">
     <span class='ocr_line' id='line_1_13' title="bbox 451 1395 2154 1466; baseline 0 -18"><span class='ocrx_word' id='word_1_85' title='bbox 451 1396 612 1466; x_wconf 88' lang='lat' dir='ltr'><strong>jugi;</strong></span> <span class='ocrx_word' id='word_1_86' title='bbox 646 1396 768 1448; x_wconf 86' lang='lat' dir='ltr'><strong>hec</strong></span> <span class='ocrx_word' id='word_1_87' title='bbox 813 1410 969 1458; x_wconf 91' lang='lat' dir='ltr'><strong>vero,</strong></span> <span class='ocrx_word' id='word_1_88' title='bbox 1026 1395 1109 1448; x_wconf 90' lang='lat' dir='ltr'><strong>vel</strong></span> <span class='ocrx_word' id='word_1_89' title='bbox 1146 1400 1488 1448; x_wconf 89' lang='lat' dir='ltr'><strong>testamento</strong></span> <span class='ocrx_word' id='word_1_90' title='bbox 1533 1396 1620 1449; x_wconf 91' lang='lat' dir='ltr'><strong>vel</strong></span> <span class='ocrx_word' id='word_1_91' title='bbox 1673 1395 1783 1448; x_wconf 89' lang='lat' dir='ltr'><strong>alia</strong></span> <span class='ocrx_word' id='word_1_92' title='bbox 1828 1395 2154 1464; x_wconf 84' lang='lat' dir='ltr'><strong>donatione,</strong></span> 
     </span>
    </p>
   </div>
   <div class='ocr_carea' id='block_1_14' title="bbox 455 1483 2153 1554">
    <p class='ocr_par' dir='ltr' id='par_1_14' title="bbox 455 1483 2153 1554">
     <span class='ocr_line' id='line_1_14' title="bbox 455 1483 2153 1554; baseline 0.001 -18"><span class='ocrx_word' id='word_1_93' title='bbox 455 1485 603 1554; x_wconf 85' lang='lat' dir='ltr'><strong>apud</strong></span> <span class='ocrx_word' id='word_1_94' title='bbox 665 1485 972 1537; x_wconf 79' lang='lat' dir='ltr'><strong>monachos</strong></span> <span class='ocrx_word' id='word_1_95' title='bbox 1025 1500 1156 1536; x_wconf 88' lang='lat' dir='ltr'><strong>suos</strong></span> <span class='ocrx_word' id='word_1_96' title='bbox 1208 1484 1548 1538; x_wconf 79' lang='lat' dir='ltr'><strong>Michaelitas</strong></span> <span class='ocrx_word' id='word_1_97' title='bbox 1602 1483 1810 1536; x_wconf 87' lang='lat' dir='ltr'><strong>servari</strong></span> <span class='ocrx_word' id='word_1_98' title='bbox 1865 1485 2153 1548; x_wconf 89' lang='lat' dir='ltr'><strong>voluerit;</strong></span> 
     </span>
    </p>
   </div>
   <div class='ocr_carea' id='block_1_15' title="bbox 457 1571 2156 1635">
    <p class='ocr_par' dir='ltr' id='par_1_15' title="bbox 457 1571 2156 1635">
     <span class='ocr_line' id='line_1_15' title="bbox 457 1571 2156 1635; baseline 0.002 -10"><span class='ocrx_word' id='word_1_99' title='bbox 457 1574 678 1626; x_wconf 79' lang='lat' dir='ltr'><strong>Grecas</strong></span> <span class='ocrx_word' id='word_1_100' title='bbox 712 1579 966 1635; x_wconf 88' lang='lat' dir='ltr'><strong>eatenus,</strong></span> <span class='ocrx_word' id='word_1_101' title='bbox 1027 1588 1129 1624; x_wconf 87' lang='lat' dir='ltr'><strong>nec</strong></span> <span class='ocrx_word' id='word_1_102' title='bbox 1171 1571 1315 1625; x_wconf 88' lang='lat' dir='ltr'><strong>forte</strong></span> <span class='ocrx_word' id='word_1_103' title='bbox 1369 1572 1541 1625; x_wconf 91' lang='lat' dir='ltr'><strong>sacris</strong></span> <span class='ocrx_word' id='word_1_104' title='bbox 1589 1572 1771 1625; x_wconf 89' lang='lat' dir='ltr'><strong>adhuc</strong></span> <span class='ocrx_word' id='word_1_105' title='bbox 1817 1573 2012 1627; x_wconf 88' lang='lat' dir='ltr'><strong>usibus</strong></span> <span class='ocrx_word' id='word_1_106' title='bbox 2052 1576 2156 1628; x_wconf 89' lang='lat' dir='ltr'><strong>de-</strong></span> 
     </span>
    </p>
   </div>
   <div class='ocr_carea' id='block_1_16' title="bbox 455 1659 2159 1733">
    <p class='ocr_par' dir='ltr' id='par_1_16' title="bbox 455 1659 2159 1733">
     <span class='ocr_line' id='line_1_16' title="bbox 455 1659 2159 1733; baseline 0 -18"><span class='ocrx_word' id='word_1_107' title='bbox 455 1666 732 1733; x_wconf 82' lang='lat' dir='ltr'><strong>putatam.</strong></span> <span class='ocrx_word' id='word_1_108' title='bbox 770 1660 961 1714; x_wconf 83' lang='lat' dir='ltr'><strong>Fuerit</strong></span> <span class='ocrx_word' id='word_1_109' title='bbox 998 1660 1237 1713; x_wconf 89' lang='lat' dir='ltr'><strong>subinde</strong></span> <span class='ocrx_word' id='word_1_110' title='bbox 1268 1659 1440 1713; x_wconf 89' lang='lat' dir='ltr'><strong>abbas</strong></span> <span class='ocrx_word' id='word_1_111' title='bbox 1487 1661 1694 1731; x_wconf 87' lang='lat' dir='ltr'><strong>aliquis</strong></span> <span class='ocrx_word' id='word_1_112' title='bbox 1740 1662 1837 1731; x_wconf 90' lang='lat' dir='ltr'><strong>qui</strong></span> <span class='ocrx_word' id='word_1_113' title='bbox 1877 1663 2159 1732; x_wconf 81' lang='lat' dir='ltr'><strong>pretiosis-</strong></span> 
     </span>
    </p>
   </div>
   <div class='ocr_carea' id='block_1_17' title="bbox 461 1748 2158 1820">
    <p class='ocr_par' dir='ltr' id='par_1_17' title="bbox 461 1748 2158 1820">
     <span class='ocr_line' id='line_1_17' title="bbox 461 1748 2158 1820; baseline 0.002 -19"><span class='ocrx_word' id='word_1_114' title='bbox 461 1750 670 1802; x_wconf 92' lang='lat' dir='ltr'><strong>simum</strong></span> <span class='ocrx_word' id='word_1_115' title='bbox 705 1753 1141 1802; x_wconf 86' lang='lat' dir='ltr'><strong>monumentum</strong></span> <span class='ocrx_word' id='word_1_116' title='bbox 1194 1748 1307 1802; x_wconf 88' lang='lat' dir='ltr'><strong>ritu</strong></span> <span class='ocrx_word' id='word_1_117' title='bbox 1352 1749 1637 1802; x_wconf 78' lang='lat' dir='ltr'><strong>Catholico</strong></span> <span class='ocrx_word' id='word_1_118' title='bbox 1697 1750 1754 1802; x_wconf 92' lang='lat' dir='ltr'><strong>in</strong></span> <span class='ocrx_word' id='word_1_119' title='bbox 1789 1753 2158 1820; x_wconf 86' lang='lat' dir='ltr'><strong>processioni-</strong></span> 
     </span>
    </p>
   </div>
   <div class='ocr_carea' id='block_1_18' title="bbox 454 1837 2158 1910">
    <p class='ocr_par' dir='ltr' id='par_1_18' title="bbox 454 1837 2158 1910">
     <span class='ocr_line' id='line_1_18' title="bbox 454 1837 2158 1910; baseline 0.003 -20"><span class='ocrx_word' id='word_1_120' title='bbox 454 1838 560 1891; x_wconf 91' lang='lat' dir='ltr'><strong>bus</strong></span> <span class='ocrx_word' id='word_1_121' title='bbox 591 1837 942 1890; x_wconf 84' lang='lat' dir='ltr'><strong>circumferri</strong></span> <span class='ocrx_word' id='word_1_122' title='bbox 963 1853 1131 1906; x_wconf 83' lang='lat' dir='ltr'><strong>posse</strong></span> <span class='ocrx_word' id='word_1_123' title='bbox 1162 1837 1467 1902; x_wconf 88' lang='lat' dir='ltr'><strong>censuerit,</strong></span> <span class='ocrx_word' id='word_1_124' title='bbox 1489 1839 1883 1910; x_wconf 90' lang='lat' dir='ltr'><strong>aptaveritque</strong></span> <span class='ocrx_word' id='word_1_125' title='bbox 1913 1842 2158 1910; x_wconf 87' lang='lat' dir='ltr'><strong>proinde</strong></span> 
     </span>
    </p>
   </div>
   <div class='ocr_carea' id='block_1_19' title="bbox 455 1925 2158 2000">
    <p class='ocr_par' dir='ltr' id='par_1_19' title="bbox 455 1925 2158 2000">
     <span class='ocr_line' id='line_1_19' title="bbox 455 1925 2158 2000; baseline 0.003 -21"><span class='ocrx_word' id='word_1_126' title='bbox 455 1925 821 1980; x_wconf 84' lang='lat' dir='ltr'><strong>manubrium</strong></span> <span class='ocrx_word' id='word_1_127' title='bbox 844 1941 940 1978; x_wconf 90' lang='lat' dir='ltr'><strong>seu</strong></span> <span class='ocrx_word' id='word_1_128' title='bbox 974 1925 1245 1994; x_wconf 88' lang='lat' dir='ltr'><strong>perticam</strong></span> <span class='ocrx_word' id='word_1_129' title='bbox 1293 1931 1621 1994; x_wconf 83' lang='lat' dir='ltr'><strong>argenteam</strong></span> <span class='ocrx_word' id='word_1_130' title='bbox 1672 1926 1763 1980; x_wconf 92' lang='lat' dir='ltr'><strong>cui</strong></span> <span class='ocrx_word' id='word_1_131' title='bbox 1813 1928 1868 1982; x_wconf 92' lang='lat' dir='ltr'><strong>id</strong></span> <span class='ocrx_word' id='word_1_132' title='bbox 1898 1928 2158 2000; x_wconf 82' lang='lat' dir='ltr'><strong>impone-</strong></span> 
     </span>
    </p>
   </div>
   <div class='ocr_carea' id='block_1_20' title="bbox 454 2013 2160 2084">
    <p class='ocr_par' dir='ltr' id='par_1_20' title="bbox 454 2013 2160 2084">
     <span class='ocr_line' id='line_1_20' title="bbox 454 2013 2160 2084; baseline 0.002 -16"><span class='ocrx_word' id='word_1_133' title='bbox 454 2019 631 2080; x_wconf 85' lang='lat' dir='ltr'><strong>retur,</strong></span> <span class='ocrx_word' id='word_1_134' title='bbox 663 2019 831 2084; x_wconf 90' lang='lat' dir='ltr'><strong>atque</strong></span> <span class='ocrx_word' id='word_1_135' title='bbox 859 2014 930 2068; x_wconf 91' lang='lat' dir='ltr'><strong>ad</strong></span> <span class='ocrx_word' id='word_1_136' title='bbox 962 2013 1347 2067; x_wconf 84' lang='lat' dir='ltr'><strong>renovandam</strong></span> <span class='ocrx_word' id='word_1_137' title='bbox 1413 2014 1728 2068; x_wconf 88' lang='lat' dir='ltr'><strong>identidem</strong></span> <span class='ocrx_word' id='word_1_138' title='bbox 1777 2016 2160 2073; x_wconf 90' lang='lat' dir='ltr'><strong>sanctissimo-</strong></span> 
     </span>
    </p>
   </div>
   <div class='ocr_carea' id='block_1_21' title="bbox 453 2103 2156 2169">
    <p class='ocr_par' dir='ltr' id='par_1_21' title="bbox 453 2103 2156 2169">
     <span class='ocr_line' id='line_1_21' title="bbox 453 2103 2156 2169; baseline 0.002 -15"><span class='ocrx_word' id='word_1_139' title='bbox 453 2119 584 2156; x_wconf 92' lang='lat' dir='ltr'><strong>rum</strong></span> <span class='ocrx_word' id='word_1_140' title='bbox 639 2103 1002 2156; x_wconf 81' lang='lat' dir='ltr'><strong>f&#39;undatorum</strong></span> <span class='ocrx_word' id='word_1_141' title='bbox 1061 2103 1419 2169; x_wconf 89' lang='lat' dir='ltr'><strong>memoriam,</strong></span> <span class='ocrx_word' id='word_1_142' title='bbox 1489 2103 1700 2156; x_wconf 90' lang='lat' dir='ltr'><strong>latinos</strong></span> <span class='ocrx_word' id='word_1_143' title='bbox 1754 2103 1889 2158; x_wconf 91' lang='lat' dir='ltr'><strong>istos</strong></span> <span class='ocrx_word' id='word_1_144' title='bbox 1963 2123 2156 2160; x_wconf 82' lang='lat' dir='ltr'><strong>versus</strong></span> 
     </span>
    </p>
   </div>
   <div class='ocr_carea' id='block_1_22' title="bbox 451 2190 2157 2248">
    <p class='ocr_par' dir='ltr' id='par_1_22' title="bbox 451 2190 2157 2248">
     <span class='ocr_line' id='line_1_22' title="bbox 451 2190 2157 2248; baseline 0.002 -5"><span class='ocrx_word' id='word_1_145' title='bbox 451 2190 898 2244; x_wconf 85' lang='lat' dir='ltr'><strong>circumduxerit</strong></span> <span class='ocrx_word' id='word_1_146' title='bbox 930 2206 942 2244; x_wconf 91' lang='lat'>:</span> <span class='ocrx_word' id='word_1_147' title='bbox 977 2213 996 2237; x_wconf 80' lang='grc' dir='ltr'>ι</span> <span class='ocrx_word' id='word_1_148' title='bbox 1023 2191 1150 2245; x_wconf 76' lang='lat' dir='ltr'><strong>Iesu</strong></span> <span class='ocrx_word' id='word_1_149' title='bbox 1186 2191 1405 2244; x_wconf 83' lang='lat' dir='ltr'><strong>Christe</strong></span> <span class='ocrx_word' id='word_1_150' title='bbox 1432 2190 1646 2244; x_wconf 90' lang='lat' dir='ltr'><strong>bonum</strong></span> <span class='ocrx_word' id='word_1_151' title='bbox 1679 2193 1930 2246; x_wconf 89' lang='lat' dir='ltr'><strong>clemens</strong></span> <span class='ocrx_word' id='word_1_152' title='bbox 1961 2195 2157 2248; x_wconf 87' lang='lat' dir='ltr'><strong>Crucis</strong></span> 
     </span>
    </p>
   </div>
   <div class='ocr_carea' id='block_1_23' title="bbox 449 2277 2156 2348">
    <p class='ocr_par' dir='ltr' id='par_1_23' title="bbox 449 2277 2156 2348">
     <span class='ocr_line' id='line_1_23' title="bbox 449 2277 2156 2348; baseline 0.004 -18"><span class='ocrx_word' id='word_1_153' title='bbox 449 2278 641 2347; x_wconf 86' lang='lat' dir='ltr'><strong>accipe</strong></span> <span class='ocrx_word' id='word_1_154' title='bbox 671 2278 911 2346; x_wconf 88' lang='lat' dir='ltr'><strong>donum,</strong></span> <span class='ocrx_word' id='word_1_155' title='bbox 953 2277 1102 2347; x_wconf 91' lang='lat' dir='ltr'><strong>quod</strong></span> <span class='ocrx_word' id='word_1_156' title='bbox 1136 2277 1294 2331; x_wconf 87' lang='lat' dir='ltr'><strong>dabit</strong></span> <span class='ocrx_word' id='word_1_157' title='bbox 1317 2278 1612 2331; x_wconf 86' lang='lat' dir='ltr'><strong>Heinricus</strong></span> <span class='ocrx_word' id='word_1_158' title='bbox 1667 2280 1796 2348; x_wconf 89' lang='lat' dir='ltr'><strong>pius</strong></span> <span class='ocrx_word' id='word_1_159' title='bbox 1857 2281 2040 2334; x_wconf 89' lang='lat' dir='ltr'><strong>Cesar</strong></span> <span class='ocrx_word' id='word_1_160' title='bbox 2077 2288 2156 2336; x_wconf 87' lang='lat' dir='ltr'><strong>at-</strong></span> 
     </span>
    </p>
   </div>
   <div class='ocr_carea' id='block_1_24' title="bbox 447 2364 2153 2439">
    <p class='ocr_par' dir='ltr' id='par_1_24' title="bbox 447 2364 2153 2439">
     <span class='ocr_line' id='line_1_24' title="bbox 447 2364 2153 2439; baseline 0.004 -22"><span class='ocrx_word' id='word_1_161' title='bbox 447 2381 558 2434; x_wconf 90' lang='lat' dir='ltr'><strong>que</strong></span> <span class='ocrx_word' id='word_1_162' title='bbox 581 2365 882 2428; x_wconf 90' lang='lat' dir='ltr'><strong>secundus,</strong></span> <span class='ocrx_word' id='word_1_163' title='bbox 919 2364 1020 2418; x_wconf 77' lang='lat' dir='ltr'><strong>nin</strong></span> <span class='ocrx_word' id='word_1_164' title='bbox 1044 2365 1320 2435; x_wconf 90' lang='lat' dir='ltr'><strong>quibusid</strong></span> <span class='ocrx_word' id='word_1_165' title='bbox 1339 2366 1524 2417; x_wconf 90' lang='lat' dir='ltr'><strong>solum</strong></span> <span class='ocrx_word' id='word_1_166' title='bbox 1554 2365 1834 2436; x_wconf 84' lang='lat' dir='ltr'><strong>displicet,</strong></span> <span class='ocrx_word' id='word_1_167' title='bbox 1864 2370 2018 2438; x_wconf 94' lang='lat' dir='ltr'><strong>quod</strong></span> <span class='ocrx_word' id='word_1_168' title='bbox 2050 2387 2153 2439; x_wconf 91' lang='lat' dir='ltr'><strong>pro</strong></span> 
     </span>
    </p>
   </div>
   <div class='ocr_carea' id='block_1_25' title="bbox 446 2449 2153 2521">
    <p class='ocr_par' dir='ltr' id='par_1_25' title="bbox 446 2449 2153 2521">
     <span class='ocr_line' id='line_1_25' title="bbox 446 2449 2153 2521; baseline 0.004 -17"><span class='ocrx_word' id='word_1_169' title='bbox 446 2452 622 2516; x_wconf 78' lang='lat' dir='ltr'><strong>dabit,</strong></span> <span class='ocrx_word' id='word_1_170' title='bbox 649 2451 835 2521; x_wconf 89' lang='lat' dir='ltr'><strong>potius</strong></span> <span class='ocrx_word' id='word_1_171' title='bbox 897 2467 1015 2504; x_wconf 94' lang='lat' dir='ltr'><strong>non</strong></span> <span class='ocrx_word' id='word_1_172' title='bbox 1074 2449 1367 2520; x_wconf 87' lang='lat' dir='ltr'><strong>scripserit</strong></span> <span class='ocrx_word' id='word_1_173' title='bbox 1410 2450 1582 2515; x_wconf 82' lang='lat' dir='ltr'><strong>dedit,</strong></span> <span class='ocrx_word' id='word_1_174' title='bbox 1638 2451 1723 2504; x_wconf 87' lang='lat' dir='ltr'><strong>uti</strong></span> <span class='ocrx_word' id='word_1_175' title='bbox 1761 2460 1912 2506; x_wconf 88' lang='lat' dir='ltr'><strong>certe</strong></span> <span class='ocrx_word' id='word_1_176' title='bbox 1965 2455 2153 2510; x_wconf 88' lang='lat' dir='ltr'><strong>dicere</strong></span> 
     </span>
    </p>
   </div>
   <div class='ocr_carea' id='block_1_26' title="bbox 448 2537 2150 2612">
    <p class='ocr_par' dir='ltr' id='par_1_26' title="bbox 448 2537 2150 2612">
     <span class='ocr_line' id='line_1_26' title="bbox 448 2537 2150 2612; baseline 0.004 -21"><span class='ocrx_word' id='word_1_177' title='bbox 448 2539 658 2603; x_wconf 89' lang='lat' dir='ltr'><strong>debuit,</strong></span> <span class='ocrx_word' id='word_1_178' title='bbox 703 2539 749 2592; x_wconf 87' lang='lat' dir='ltr'><strong>si</strong></span> <span class='ocrx_word' id='word_1_179' title='bbox 780 2539 833 2592; x_wconf 93' lang='lat' dir='ltr'><strong>id</strong></span> <span class='ocrx_word' id='word_1_180' title='bbox 869 2544 991 2592; x_wconf 89' lang='lat' dir='ltr'><strong>tum</strong></span> <span class='ocrx_word' id='word_1_181' title='bbox 1018 2538 1186 2591; x_wconf 87' lang='lat' dir='ltr'><strong>scribi</strong></span> <span class='ocrx_word' id='word_1_182' title='bbox 1213 2537 1384 2606; x_wconf 85' lang='lat' dir='ltr'><strong>jussit</strong></span> <span class='ocrx_word' id='word_1_183' title='bbox 1410 2537 1546 2591; x_wconf 89' lang='lat' dir='ltr'><strong>dum</strong></span> <span class='ocrx_word' id='word_1_184' title='bbox 1571 2539 1805 2593; x_wconf 88' lang='lat' dir='ltr'><strong>Crucem</strong></span> <span class='ocrx_word' id='word_1_185' title='bbox 1837 2548 2150 2612; x_wconf 89' lang='lat' dir='ltr'><strong>acceperat,</strong></span> 
     </span>
    </p>
   </div>
   <div class='ocr_carea' id='block_1_27' title="bbox 451 2625 2191 2698">
    <p class='ocr_par' dir='ltr' id='par_1_27' title="bbox 451 2625 2191 2698">
     <span class='ocr_line' id='line_1_27' title="bbox 451 2625 2191 2698; baseline 0.003 -18"><span class='ocrx_word' id='word_1_186' title='bbox 451 2627 564 2681; x_wconf 80' lang='lat' dir='ltr'><strong>Hoc</strong></span> <span class='ocrx_word' id='word_1_187' title='bbox 591 2633 757 2697; x_wconf 84' lang='lat' dir='ltr'><strong>pacto</strong></span> <span class='ocrx_word' id='word_1_188' title='bbox 788 2627 1076 2680; x_wconf 85' lang='lat' dir='ltr'><strong>evitantur</strong></span> <span class='ocrx_word' id='word_1_189' title='bbox 1133 2625 1518 2690; x_wconf 87' lang='lat' dir='ltr'><strong>difficultates,</strong></span> <span class='ocrx_word' id='word_1_190' title='bbox 1575 2643 1716 2698; x_wconf 90' lang='lat' dir='ltr'><strong>quas</strong></span> <span class='ocrx_word' id='word_1_191' title='bbox 1764 2633 1956 2683; x_wconf 90' lang='lat' dir='ltr'><strong>tamen</strong></span> <span class='ocrx_word' id='word_1_192' title='bbox 1988 2631 2152 2685; x_wconf 86' lang='lat' dir='ltr'><strong>aliter</strong></span> <span class='ocrx_word' id='word_1_193' title='bbox 2184 2689 2191 2696; x_wconf 63' lang='grc'><em>,</em></span> 
     </span>
    </p>
   </div>
   <div class='ocr_carea' id='block_1_28' title="bbox 447 2714 2004 2783">
    <p class='ocr_par' dir='ltr' id='par_1_28' title="bbox 447 2714 2004 2783">
     <span class='ocr_line' id='line_1_28' title="bbox 447 2714 2004 2783; baseline 0.003 -16"><span class='ocrx_word' id='word_1_194' title='bbox 447 2715 622 2768; x_wconf 91' lang='lat' dir='ltr'><strong>etiam</strong></span> <span class='ocrx_word' id='word_1_195' title='bbox 669 2716 884 2767; x_wconf 90' lang='lat' dir='ltr'><strong>solvere</strong></span> <span class='ocrx_word' id='word_1_196' title='bbox 915 2729 973 2767; x_wconf 90' lang='lat' dir='ltr'><strong>se</strong></span> <span class='ocrx_word' id='word_1_197' title='bbox 1004 2729 1168 2783; x_wconf 89' lang='lat' dir='ltr'><strong>posse</strong></span> <span class='ocrx_word' id='word_1_198' title='bbox 1201 2714 1642 2782; x_wconf 85' lang='lat' dir='ltr'><strong>Bambergenses</strong></span> <span class='ocrx_word' id='word_1_199' title='bbox 1664 2715 2004 2773; x_wconf 85' lang='lat' dir='ltr'><strong>existimant.</strong></span> 
     </span>
    </p>
   </div>
   <div class='ocr_carea' id='block_1_29' title="bbox 517 2801 2148 2872">
    <p class='ocr_par' dir='ltr' id='par_1_29' title="bbox 517 2801 2148 2872">
     <span class='ocr_line' id='line_1_29' title="bbox 517 2801 2148 2872; baseline 0.003 -17"><span class='ocrx_word' id='word_1_200' title='bbox 517 2803 605 2855; x_wconf 70' lang='grc'><strong>84.</strong></span> <span class='ocrx_word' id='word_1_201' title='bbox 651 2802 845 2872; x_wconf 82' lang='lat' dir='ltr'><strong>Neque</strong></span> <span class='ocrx_word' id='word_1_202' title='bbox 891 2817 1022 2855; x_wconf 91' lang='lat' dir='ltr'><strong>vero</strong></span> <span class='ocrx_word' id='word_1_203' title='bbox 1081 2817 1261 2871; x_wconf 90' lang='lat' dir='ltr'><strong>usque</strong></span> <span class='ocrx_word' id='word_1_204' title='bbox 1314 2801 1453 2855; x_wconf 90' lang='lat' dir='ltr'><strong>adeo</strong></span> <span class='ocrx_word' id='word_1_205' title='bbox 1510 2803 1932 2859; x_wconf 90' lang='lat' dir='ltr'><strong>abhorrendum</strong></span> <span class='ocrx_word' id='word_1_206' title='bbox 1965 2810 2050 2859; x_wconf 90' lang='lat' dir='ltr'><strong>est</strong></span> <span class='ocrx_word' id='word_1_207' title='bbox 2079 2807 2148 2860; x_wconf 91' lang='lat' dir='ltr'><strong>ab</strong></span> 
     </span>
    </p>
   </div>
   <div class='ocr_carea' id='block_1_30' title="bbox 447 2889 2142 2959">
    <p class='ocr_par' dir='ltr' id='par_1_30' title="bbox 447 2889 2142 2959">
     <span class='ocr_line' id='line_1_30' title="bbox 447 2889 2142 2959; baseline 0.004 -18"><span class='ocrx_word' id='word_1_208' title='bbox 447 2904 510 2942; x_wconf 90' lang='lat' dir='ltr'><strong>ea</strong></span> <span class='ocrx_word' id='word_1_209' title='bbox 540 2905 856 2958; x_wconf 83' lang='lat' dir='ltr'><strong>grecarum</strong></span> <span class='ocrx_word' id='word_1_210' title='bbox 890 2889 1316 2959; x_wconf 90' lang='lat' dir='ltr'><strong>latinarumque</strong></span> <span class='ocrx_word' id='word_1_211' title='bbox 1355 2889 1676 2944; x_wconf 89' lang='lat' dir='ltr'><strong>litterarum</strong></span> <span class='ocrx_word' id='word_1_212' title='bbox 1721 2893 2142 2958; x_wconf 80' lang='lat' dir='ltr'><strong>commixtione,</strong></span> 
     </span>
    </p>
   </div>
   <div class='ocr_carea' id='block_1_31' title="bbox 1762 298 2671 356">
    <p class='ocr_par' dir='ltr' id='par_1_31' title="bbox 1762 298 2671 356">
     <span class='ocr_line' id='line_1_31' title="bbox 1762 298 2671 356; baseline -0.002 0"><span class='ocrx_word' id='word_1_213' title='bbox 1762 303 1815 356; x_wconf 91' lang='lat' dir='ltr'><strong>S.</strong></span> <span class='ocrx_word' id='word_1_214' title='bbox 1865 300 2150 356; x_wconf 81' lang='lat' dir='ltr'><strong>llENRICI</strong></span> <span class='ocrx_word' id='word_1_215' title='bbox 2195 300 2268 355; x_wconf 76' lang='lat' dir='ltr'><strong>HI</strong></span> <span class='ocrx_word' id='word_1_216' title='bbox 2281 298 2671 355; x_wconf 79' lang='lat' dir='ltr'><strong>PERATORIS</strong></span> 
     </span>
    </p>
   </div>
   <div class='ocr_carea' id='block_1_32' title="bbox 3815 318 3891 366">
    <p class='ocr_par' dir='ltr' id='par_1_32' title="bbox 3815 318 3891 366">
     <span class='ocr_line' id='line_1_32' title="bbox 3815 318 3891 366; baseline 0 0"><span class='ocrx_word' id='word_1_217' title='bbox 3815 318 3891 366; x_wconf 63' lang='lat' dir='ltr'><strong>lii</strong></span> 
     </span>
    </p>
   </div>
   <div class='ocr_carea' id='block_1_33' title="bbox 2344 421 3681 496">
    <p class='ocr_par' dir='ltr' id='par_1_33' title="bbox 2344 421 3681 496">
     <span class='ocr_line' id='line_1_33' title="bbox 2344 421 3681 496; baseline 0.004 -20"><span class='ocrx_word' id='word_1_218' title='bbox 2344 424 2497 477; x_wconf 88' lang='lat' dir='ltr'><strong>Inter</strong></span> <span class='ocrx_word' id='word_1_219' title='bbox 2524 437 2698 493; x_wconf 91' lang='lat' dir='ltr'><strong>opum</strong></span> <span class='ocrx_word' id='word_1_220' title='bbox 2744 421 2923 476; x_wconf 83' lang='lat' dir='ltr'><strong>varias</strong></span> <span class='ocrx_word' id='word_1_221' title='bbox 2963 438 3143 494; x_wconf 90' lang='lat' dir='ltr'><strong>prono</strong></span> <span class='ocrx_word' id='word_1_222' title='bbox 3162 422 3231 476; x_wconf 91' lang='lat' dir='ltr'><strong>de</strong></span> <span class='ocrx_word' id='word_1_223' title='bbox 3262 428 3480 493; x_wconf 89' lang='lat' dir='ltr'><strong>pectore</strong></span> <span class='ocrx_word' id='word_1_224' title='bbox 3507 442 3681 496; x_wconf 80' lang='lat' dir='ltr'><strong>gazas,</strong></span> 
     </span>
    </p>
   </div>
   <div class='ocr_carea' id='block_1_34' title="bbox 2343 511 3667 581">
    <p class='ocr_par' dir='ltr' id='par_1_34' title="bbox 2343 511 3667 581">
     <span class='ocr_line' id='line_1_34' title="bbox 2343 511 3667 581; baseline 0.002 -15"><span class='ocrx_word' id='word_1_225' title='bbox 2343 511 2562 566; x_wconf 87' lang='lat' dir='ltr'><strong>Obtulit</strong></span> <span class='ocrx_word' id='word_1_226' title='bbox 2589 513 2740 564; x_wconf 91' lang='lat' dir='ltr'><strong>hunc</strong></span> <span class='ocrx_word' id='word_1_227' title='bbox 2770 512 2978 565; x_wconf 90' lang='lat' dir='ltr'><strong>librum</strong></span> <span class='ocrx_word' id='word_1_228' title='bbox 3009 511 3197 564; x_wconf 89' lang='lat' dir='ltr'><strong>divina</strong></span> <span class='ocrx_word' id='word_1_229' title='bbox 3221 512 3341 581; x_wconf 85' lang='lat' dir='ltr'><strong>lege</strong></span> <span class='ocrx_word' id='word_1_230' title='bbox 3373 512 3628 568; x_wconf 85' lang='lat' dir='ltr'><strong>refertum</strong></span> <span class='ocrx_word' id='word_1_231' title='bbox 3655 533 3667 570; x_wconf 92' lang='lat'><strong>:</strong></span> 
     </span>
    </p>
   </div>
   <div class='ocr_carea' id='block_1_35' title="bbox 2346 598 3680 671">
    <p class='ocr_par' dir='ltr' id='par_1_35' title="bbox 2346 598 3680 671">
     <span class='ocr_line' id='line_1_35' title="bbox 2346 598 3680 671; baseline 0.004 -20"><span class='ocrx_word' id='word_1_232' title='bbox 2346 599 2552 653; x_wconf 88' lang='lat' dir='ltr'><strong>Plenus</strong></span> <span class='ocrx_word' id='word_1_233' title='bbox 2581 615 2774 652; x_wconf 90' lang='lat' dir='ltr'><strong>amore</strong></span> <span class='ocrx_word' id='word_1_234' title='bbox 2811 600 2927 664; x_wconf 89' lang='lat' dir='ltr'><strong>Dei,</strong></span> <span class='ocrx_word' id='word_1_235' title='bbox 2957 599 3088 668; x_wconf 90' lang='lat' dir='ltr'><strong>pius</strong></span> <span class='ocrx_word' id='word_1_236' title='bbox 3119 599 3177 652; x_wconf 86' lang='lat' dir='ltr'><strong>in</strong></span> <span class='ocrx_word' id='word_1_237' title='bbox 3215 598 3446 653; x_wconf 87' lang='lat' dir='ltr'><strong>donaria</strong></span> <span class='ocrx_word' id='word_1_238' title='bbox 3475 603 3680 671; x_wconf 85' lang='lat' dir='ltr'><strong>templi,</strong></span> 
     </span>
    </p>
   </div>
   <div class='ocr_carea' id='block_1_36' title="bbox 2346 686 3738 758">
    <p class='ocr_par' dir='ltr' id='par_1_36' title="bbox 2346 686 3738 758">
     <span class='ocr_line' id='line_1_36' title="bbox 2346 686 3738 758; baseline 0.002 -17"><span class='ocrx_word' id='word_1_239' title='bbox 2346 688 2412 741; x_wconf 88' lang='lat' dir='ltr'><strong>Ut</strong></span> <span class='ocrx_word' id='word_1_240' title='bbox 2440 687 2514 740; x_wconf 88' lang='lat' dir='ltr'><strong>sit</strong></span> <span class='ocrx_word' id='word_1_241' title='bbox 2544 693 2888 758; x_wconf 88' lang='lat' dir='ltr'><strong>perpetuum</strong></span> <span class='ocrx_word' id='word_1_242' title='bbox 2925 688 3095 740; x_wconf 85' lang='lat' dir='ltr'><strong>decus</strong></span> <span class='ocrx_word' id='word_1_243' title='bbox 3121 686 3235 740; x_wconf 92' lang='lat' dir='ltr'><strong>illic</strong></span> <span class='ocrx_word' id='word_1_244' title='bbox 3262 702 3428 740; x_wconf 89' lang='lat' dir='ltr'><strong>omne</strong></span> <span class='ocrx_word' id='word_1_245' title='bbox 3448 703 3544 757; x_wconf 89' lang='lat' dir='ltr'><strong>per</strong></span> <span class='ocrx_word' id='word_1_246' title='bbox 3572 705 3738 744; x_wconf 87' lang='lat' dir='ltr'><strong>evum</strong></span> 
     </span>
    </p>
   </div>
   <div class='ocr_carea' id='block_1_37' title="bbox 2344 774 3647 844">
    <p class='ocr_par' dir='ltr' id='par_1_37' title="bbox 2344 774 3647 844">
     <span class='ocr_line' id='line_1_37' title="bbox 2344 774 3647 844; baseline 0.001 -15"><span class='ocrx_word' id='word_1_247' title='bbox 2344 774 2612 844; x_wconf 86' lang='lat' dir='ltr'><strong>Princeps</strong></span> <span class='ocrx_word' id='word_1_248' title='bbox 2641 775 2926 840; x_wconf 86' lang='lat' dir='ltr'><strong>Ecclesie,</strong></span> <span class='ocrx_word' id='word_1_249' title='bbox 2949 774 3191 828; x_wconf 80' lang='lat' dir='ltr'><strong>celestis</strong></span> <span class='ocrx_word' id='word_1_250' title='bbox 3221 774 3463 844; x_wconf 81' lang='lat' dir='ltr'><strong>claviger</strong></span> <span class='ocrx_word' id='word_1_251' title='bbox 3491 777 3647 844; x_wconf 89' lang='lat' dir='ltr'><strong>aule,</strong></span> 
     </span>
    </p>
   </div>
   <div class='ocr_carea' id='block_1_38' title="bbox 2341 862 3709 936">
    <p class='ocr_par' dir='ltr' id='par_1_38' title="bbox 2341 862 3709 936">
     <span class='ocr_line' id='line_1_38' title="bbox 2341 862 3709 936; baseline 0.001 -18"><span class='ocrx_word' id='word_1_252' title='bbox 2341 864 2384 918; x_wconf 92' lang='grc' dir='ltr'><strong>Ο</strong></span> <span class='ocrx_word' id='word_1_253' title='bbox 2415 865 2744 930; x_wconf 86' lang='lat' dir='ltr'><strong>Petre,cum</strong></span> <span class='ocrx_word' id='word_1_254' title='bbox 2775 864 2946 916; x_wconf 88' lang='lat' dir='ltr'><strong>Paulo</strong></span> <span class='ocrx_word' id='word_1_255' title='bbox 2979 863 3166 931; x_wconf 87' lang='lat' dir='ltr'><strong>gentis</strong></span> <span class='ocrx_word' id='word_1_256' title='bbox 3203 862 3427 916; x_wconf 91' lang='lat' dir='ltr'><strong>doctore</strong></span> <span class='ocrx_word' id='word_1_257' title='bbox 3459 864 3709 936; x_wconf 86' lang='lat' dir='ltr'><strong>benigno,</strong></span> 
     </span>
    </p>
   </div>
   <div class='ocr_carea' id='block_1_39' title="bbox 2342 952 3899 1025">
    <p class='ocr_par' dir='ltr' id='par_1_39' title="bbox 2342 952 3899 1025">
     <span class='ocr_line' id='line_1_39' title="bbox 2342 952 3899 1025; baseline 0.003 -17"><span class='ocrx_word' id='word_1_258' title='bbox 2342 955 2503 1008; x_wconf 83' lang='lat' dir='ltr'><strong>Hunc</strong></span> <span class='ocrx_word' id='word_1_259' title='bbox 2533 952 2636 1006; x_wconf 91' lang='lat' dir='ltr'><strong>tibi</strong></span> <span class='ocrx_word' id='word_1_260' title='bbox 2668 952 2932 1007; x_wconf 90' lang='lat' dir='ltr'><strong>devotum</strong></span> <span class='ocrx_word' id='word_1_261' title='bbox 2984 968 3149 1022; x_wconf 81' lang='lat' dir='ltr'><strong>prece</strong></span> <span class='ocrx_word' id='word_1_262' title='bbox 3202 952 3286 1005; x_wconf 84' lang='lat' dir='ltr'><strong>fac</strong></span> <span class='ocrx_word' id='word_1_263' title='bbox 3326 968 3494 1022; x_wconf 85' lang='lat' dir='ltr'><strong>super</strong></span> <span class='ocrx_word' id='word_1_264' title='bbox 3522 961 3662 1008; x_wconf 89' lang='lat' dir='ltr'><strong>astra</strong></span> <span class='ocrx_word' id='word_1_265' title='bbox 3691 956 3899 1025; x_wconf 86' lang='lat' dir='ltr'><strong>beatum,</strong></span> 
     </span>
    </p>
   </div>
   <div class='ocr_carea' id='block_1_40' title="bbox 2341 1040 3634 1110">
    <p class='ocr_par' dir='ltr' id='par_1_40' title="bbox 2341 1040 3634 1110">
     <span class='ocr_line' id='line_1_40' title="bbox 2341 1040 3634 1110; baseline -0.001 -15"><span class='ocrx_word' id='word_1_266' title='bbox 2341 1043 2480 1096; x_wconf 86' lang='lat' dir='ltr'><strong>Cum</strong></span> <span class='ocrx_word' id='word_1_267' title='bbox 2512 1041 2849 1110; x_wconf 90' lang='lat' dir='ltr'><strong>Cunigunda</strong></span> <span class='ocrx_word' id='word_1_268' title='bbox 2879 1040 2986 1094; x_wconf 92' lang='lat' dir='ltr'><strong>sibi</strong></span> <span class='ocrx_word' id='word_1_269' title='bbox 3015 1046 3396 1110; x_wconf 89' lang='lat' dir='ltr'><strong>conregnante</strong></span> <span class='ocrx_word' id='word_1_270' title='bbox 3427 1057 3634 1095; x_wconf 86' lang='lat' dir='ltr'><strong>serena.</strong></span> 
     </span>
    </p>
   </div>
   <div class='ocr_carea' id='block_1_41' title="bbox 2341 1129 3901 1199">
    <p class='ocr_par' dir='ltr' id='par_1_41' title="bbox 2341 1129 3901 1199">
     <span class='ocr_line' id='line_1_41' title="bbox 2341 1129 3901 1199; baseline 0.002 -16"><span class='ocrx_word' id='word_1_271' title='bbox 2341 1131 2456 1183; x_wconf 87' lang='lat' dir='ltr'><strong>Hoc</strong></span> <span class='ocrx_word' id='word_1_272' title='bbox 2513 1131 2697 1197; x_wconf 86' lang='lat' dir='ltr'><strong>Pater,</strong></span> <span class='ocrx_word' id='word_1_273' title='bbox 2747 1129 2853 1182; x_wconf 89' lang='lat' dir='ltr'><strong>hoc</strong></span> <span class='ocrx_word' id='word_1_274' title='bbox 2881 1129 3078 1196; x_wconf 87' lang='lat' dir='ltr'><strong>Natus,</strong></span> <span class='ocrx_word' id='word_1_275' title='bbox 3138 1145 3356 1182; x_wconf 89' lang='lat' dir='ltr'><strong>necnon</strong></span> <span class='ocrx_word' id='word_1_276' title='bbox 3403 1135 3457 1182; x_wconf 88' lang='lat' dir='ltr'><strong>et</strong></span> <span class='ocrx_word' id='word_1_277' title='bbox 3507 1129 3730 1199; x_wconf 81' lang='lat' dir='ltr'><strong>Spiritus</strong></span> <span class='ocrx_word' id='word_1_278' title='bbox 3754 1134 3901 1186; x_wconf 88' lang='lat' dir='ltr'><strong>almus</strong></span> 
     </span>
    </p>
   </div>
   <div class='ocr_carea' id='block_1_42' title="bbox 2339 1217 3728 1287">
    <p class='ocr_par' dir='ltr' id='par_1_42' title="bbox 2339 1217 3728 1287">
     <span class='ocr_line' id='line_1_42' title="bbox 2339 1217 3728 1287; baseline 0 -15"><span class='ocrx_word' id='word_1_279' title='bbox 2339 1222 2568 1272; x_wconf 81' lang='lat' dir='ltr'><strong>Annuat</strong></span> <span class='ocrx_word' id='word_1_280' title='bbox 2591 1218 2818 1272; x_wconf 88' lang='lat' dir='ltr'><strong>eternis</strong></span> <span class='ocrx_word' id='word_1_281' title='bbox 2850 1233 3077 1287; x_wconf 90' lang='lat' dir='ltr'><strong>semper</strong></span> <span class='ocrx_word' id='word_1_282' title='bbox 3109 1218 3251 1270; x_wconf 89' lang='lat' dir='ltr'><strong>Deus</strong></span> <span class='ocrx_word' id='word_1_283' title='bbox 3275 1218 3537 1271; x_wconf 85' lang='lat' dir='ltr'><strong>omnibus</strong></span> <span class='ocrx_word' id='word_1_284' title='bbox 3578 1217 3728 1272; x_wconf 89' lang='lat' dir='ltr'><strong>imus.</strong></span> 
     </span>
    </p>
   </div>
   <div class='ocr_carea' id='block_1_43' title="bbox 2340 1306 3896 1376">
    <p class='ocr_par' dir='ltr' id='par_1_43' title="bbox 2340 1306 3896 1376">
     <span class='ocr_line' id='line_1_43' title="bbox 2340 1306 3896 1376; baseline 0.001 -16"><span class='ocrx_word' id='word_1_285' title='bbox 2340 1309 2426 1360; x_wconf 78' lang='lat'><strong>85.</strong></span> <span class='ocrx_word' id='word_1_286' title='bbox 2464 1306 2730 1375; x_wconf 82' lang='lat' dir='ltr'><strong>Expende</strong></span> <span class='ocrx_word' id='word_1_287' title='bbox 2781 1306 2884 1360; x_wconf 89' lang='lat' dir='ltr'><strong>hos</strong></span> <span class='ocrx_word' id='word_1_288' title='bbox 2933 1321 3126 1358; x_wconf 90' lang='lat' dir='ltr'><strong>versus</strong></span> <span class='ocrx_word' id='word_1_289' title='bbox 3183 1313 3462 1376; x_wconf 91' lang='lat' dir='ltr'><strong>quantum</strong></span> <span class='ocrx_word' id='word_1_290' title='bbox 3511 1306 3743 1373; x_wconf 85' lang='lat' dir='ltr'><strong>libuerit,</strong></span> <span class='ocrx_word' id='word_1_291' title='bbox 3788 1308 3896 1363; x_wconf 87' lang='lat' dir='ltr'><strong>nihil</strong></span> 
     </span>
    </p>
   </div>
   <div class='ocr_carea' id='block_1_44' title="bbox 2269 1393 3898 1464">
    <p class='ocr_par' dir='ltr' id='par_1_44' title="bbox 2269 1393 3898 1464">
     <span class='ocr_line' id='line_1_44' title="bbox 2269 1393 3898 1464; baseline 0.001 -17"><span class='ocrx_word' id='word_1_292' title='bbox 2269 1393 2496 1464; x_wconf 87' lang='lat' dir='ltr'><strong>exipsis</strong></span> <span class='ocrx_word' id='word_1_293' title='bbox 2520 1393 2754 1448; x_wconf 86' lang='lat' dir='ltr'><strong>extundi</strong></span> <span class='ocrx_word' id='word_1_294' title='bbox 2800 1410 2968 1464; x_wconf 88' lang='lat' dir='ltr'><strong>posse</strong></span> <span class='ocrx_word' id='word_1_295' title='bbox 3029 1393 3254 1447; x_wconf 87' lang='lat' dir='ltr'><strong>videtur</strong></span> <span class='ocrx_word' id='word_1_296' title='bbox 3307 1394 3458 1464; x_wconf 91' lang='lat' dir='ltr'><strong>quod</strong></span> <span class='ocrx_word' id='word_1_297' title='bbox 3513 1410 3622 1448; x_wconf 93' lang='lat' dir='ltr'><strong>non</strong></span> <span class='ocrx_word' id='word_1_298' title='bbox 3648 1394 3703 1450; x_wconf 91' lang='lat' dir='ltr'><strong>S.</strong></span> <span class='ocrx_word' id='word_1_299' title='bbox 3737 1396 3898 1449; x_wconf 81' lang='lat' dir='ltr'><strong>Henri-</strong></span> 
     </span>
    </p>
   </div>
   <div class='ocr_carea' id='block_1_45' title="bbox 2268 1481 3898 1551">
    <p class='ocr_par' dir='ltr' id='par_1_45' title="bbox 2268 1481 3898 1551">
     <span class='ocr_line' id='line_1_45' title="bbox 2268 1481 3898 1551; baseline 0 -17"><span class='ocrx_word' id='word_1_300' title='bbox 2268 1498 2395 1536; x_wconf 89' lang='lat' dir='ltr'><strong>cum</strong></span> <span class='ocrx_word' id='word_1_301' title='bbox 2429 1482 2710 1536; x_wconf 86' lang='lat' dir='ltr'><strong>viventem</strong></span> <span class='ocrx_word' id='word_1_302' title='bbox 2739 1481 2925 1536; x_wconf 92' lang='lat' dir='ltr'><strong>adhuc</strong></span> <span class='ocrx_word' id='word_1_303' title='bbox 2947 1486 3002 1534; x_wconf 89' lang='lat' dir='ltr'><strong>et</strong></span> <span class='ocrx_word' id='word_1_304' title='bbox 3022 1481 3384 1551; x_wconf 88' lang='lat' dir='ltr'><strong>superstitem</strong></span> <span class='ocrx_word' id='word_1_305' title='bbox 3417 1481 3659 1535; x_wconf 74' lang='lat' dir='ltr'><strong>redoleat</strong></span> <span class='ocrx_word' id='word_1_306' title='bbox 3687 1498 3699 1548; x_wconf 89' lang='lat'><strong>;</strong></span> <span class='ocrx_word' id='word_1_307' title='bbox 3731 1483 3898 1536; x_wconf 84' lang='lat' dir='ltr'><strong>utinde</strong></span> 
     </span>
    </p>
   </div>
   <div class='ocr_carea' id='block_1_46' title="bbox 2267 1569 3897 1640">
    <p class='ocr_par' dir='ltr' id='par_1_46' title="bbox 2267 1569 3897 1640">
     <span class='ocr_line' id='line_1_46' title="bbox 2267 1569 3897 1640; baseline 0 -16"><span class='ocrx_word' id='word_1_308' title='bbox 2267 1570 2403 1624; x_wconf 88' lang='lat' dir='ltr'><strong>satis</strong></span> <span class='ocrx_word' id='word_1_309' title='bbox 2469 1576 2621 1624; x_wconf 90' lang='lat' dir='ltr'><strong>recte</strong></span> <span class='ocrx_word' id='word_1_310' title='bbox 2684 1575 2930 1640; x_wconf 88' lang='lat' dir='ltr'><strong>arguant</strong></span> <span class='ocrx_word' id='word_1_311' title='bbox 2997 1569 3439 1639; x_wconf 88' lang='lat' dir='ltr'><strong>Bambergenses</strong></span> <span class='ocrx_word' id='word_1_312' title='bbox 3510 1570 3642 1623; x_wconf 88' lang='lat' dir='ltr'><strong>nihil</strong></span> <span class='ocrx_word' id='word_1_313' title='bbox 3711 1586 3812 1622; x_wconf 81' lang='lat' dir='ltr'><strong>esse</strong></span> <span class='ocrx_word' id='word_1_314' title='bbox 3857 1572 3897 1624; x_wconf 92' lang='lat' dir='ltr'><strong>in</strong></span> 
     </span>
    </p>
   </div>
   <div class='ocr_carea' id='block_1_47' title="bbox 2268 1657 3899 1729">
    <p class='ocr_par' dir='ltr' id='par_1_47' title="bbox 2268 1657 3899 1729">
     <span class='ocr_line' id='line_1_47' title="bbox 2268 1657 3899 1729; baseline -0.001 -16"><span class='ocrx_word' id='word_1_315' title='bbox 2268 1659 2443 1713; x_wconf 86' lang='lat' dir='ltr'><strong>Cruce</strong></span> <span class='ocrx_word' id='word_1_316' title='bbox 2475 1673 2678 1729; x_wconf 83' lang='lat' dir='ltr'><strong>greca,</strong></span> <span class='ocrx_word' id='word_1_317' title='bbox 2713 1675 2828 1728; x_wconf 91' lang='lat' dir='ltr'><strong>quo</strong></span> <span class='ocrx_word' id='word_1_318' title='bbox 2857 1657 2927 1711; x_wconf 90' lang='lat' dir='ltr'><strong>ad</strong></span> <span class='ocrx_word' id='word_1_319' title='bbox 2959 1657 3240 1728; x_wconf 88' lang='lat' dir='ltr'><strong>posterius</strong></span> <span class='ocrx_word' id='word_1_320' title='bbox 3266 1661 3534 1711; x_wconf 89' lang='lat' dir='ltr'><strong>seculum</strong></span> <span class='ocrx_word' id='word_1_321' title='bbox 3565 1658 3754 1712; x_wconf 82' lang='lat' dir='ltr'><strong>retrahi</strong></span> <span class='ocrx_word' id='word_1_322' title='bbox 3780 1675 3899 1712; x_wconf 85' lang='lat' dir='ltr'><strong>com-</strong></span> 
     </span>
    </p>
   </div>
   <div class='ocr_carea' id='block_1_48' title="bbox 2271 1745 3898 1817">
    <p class='ocr_par' dir='ltr' id='par_1_48' title="bbox 2271 1745 3898 1817">
     <span class='ocr_line' id='line_1_48' title="bbox 2271 1745 3898 1817; baseline 0 -18"><span class='ocrx_word' id='word_1_323' title='bbox 2271 1749 2532 1817; x_wconf 87' lang='lat' dir='ltr'><strong>pellatur,</strong></span> <span class='ocrx_word' id='word_1_324' title='bbox 2565 1745 2795 1816; x_wconf 88' lang='lat' dir='ltr'><strong>quando</strong></span> <span class='ocrx_word' id='word_1_325' title='bbox 2823 1746 2984 1814; x_wconf 85' lang='lat' dir='ltr'><strong>paria</strong></span> <span class='ocrx_word' id='word_1_326' title='bbox 3008 1745 3200 1798; x_wconf 88' lang='lat' dir='ltr'><strong>omnia</strong></span> <span class='ocrx_word' id='word_1_327' title='bbox 3229 1745 3287 1798; x_wconf 94' lang='lat' dir='ltr'><strong>in</strong></span> <span class='ocrx_word' id='word_1_328' title='bbox 3338 1746 3496 1798; x_wconf 86' lang='lat' dir='ltr'><strong>theca</strong></span> <span class='ocrx_word' id='word_1_329' title='bbox 3529 1745 3898 1816; x_wconf 80' lang='lat' dir='ltr'><strong>Evangeliorum</strong></span> 
     </span>
    </p>
   </div>
   <div class='ocr_carea' id='block_1_49' title="bbox 2270 1833 3898 1905">
    <p class='ocr_par' dir='ltr' id='par_1_49' title="bbox 2270 1833 3898 1905">
     <span class='ocr_line' id='line_1_49' title="bbox 2270 1833 3898 1905; baseline -0.001 -18"><span class='ocrx_word' id='word_1_330' title='bbox 2270 1834 2653 1905; x_wconf 87' lang='lat' dir='ltr'><strong>reperiuntur.</strong></span> <span class='ocrx_word' id='word_1_331' title='bbox 2703 1833 2784 1887; x_wconf 86' lang='lat' dir='ltr'><strong>Ad</strong></span> <span class='ocrx_word' id='word_1_332' title='bbox 2851 1833 2911 1886; x_wconf 91' lang='lat' dir='ltr'><strong>id</strong></span> <span class='ocrx_word' id='word_1_333' title='bbox 2969 1839 3160 1886; x_wconf 88' lang='lat' dir='ltr'><strong>autem</strong></span> <span class='ocrx_word' id='word_1_334' title='bbox 3207 1833 3363 1903; x_wconf 91' lang='lat' dir='ltr'><strong>quod</strong></span> <span class='ocrx_word' id='word_1_335' title='bbox 3419 1833 3592 1886; x_wconf 86' lang='lat' dir='ltr'><strong>critici</strong></span> <span class='ocrx_word' id='word_1_336' title='bbox 3641 1834 3898 1893; x_wconf 81' lang='lat' dir='ltr'><strong>clamitant,</strong></span> 
     </span>
    </p>
   </div>
   <div class='ocr_carea' id='block_1_50' title="bbox 2270 1921 3900 1990">
    <p class='ocr_par' dir='ltr' id='par_1_50' title="bbox 2270 1921 3900 1990">
     <span class='ocr_line' id='line_1_50' title="bbox 2270 1921 3900 1990; baseline -0.002 -14"><span class='ocrx_word' id='word_1_337' title='bbox 2270 1939 2478 1976; x_wconf 86' lang='lat' dir='ltr'><strong>nomen</strong></span> <span class='ocrx_word' id='word_1_338' title='bbox 2543 1923 2769 1978; x_wconf 74' lang='lat' dir='ltr'><strong>Cesaris</strong></span> <span class='ocrx_word' id='word_1_339' title='bbox 2825 1937 2889 1974; x_wconf 92' lang='lat' dir='ltr'><strong>ac</strong></span> <span class='ocrx_word' id='word_1_340' title='bbox 2941 1921 3398 1974; x_wconf 88' lang='lat' dir='ltr'><strong>additamentum</strong></span> <span class='ocrx_word' id='word_1_341' title='bbox 3465 1921 3675 1974; x_wconf 86' lang='lat' dir='ltr'><strong>secundi</strong></span> <span class='ocrx_word' id='word_1_342' title='bbox 3724 1928 3806 1974; x_wconf 89' lang='lat' dir='ltr'><strong>aut</strong></span> <span class='ocrx_word' id='word_1_343' title='bbox 3837 1925 3900 1990; x_wconf 81' lang='lat' dir='ltr'><strong>pii</strong></span> 
     </span>
    </p>
   </div>
   <div class='ocr_carea' id='block_1_51' title="bbox 2266 2009 3901 2073">
    <p class='ocr_par' dir='ltr' id='par_1_51' title="bbox 2266 2009 3901 2073">
     <span class='ocr_line' id='line_1_51' title="bbox 2266 2009 3901 2073; baseline -0.002 -8"><span class='ocrx_word' id='word_1_344' title='bbox 2266 2011 2606 2066; x_wconf 82' lang='lat' dir='ltr'><strong>Henriciano</strong></span> <span class='ocrx_word' id='word_1_345' title='bbox 2636 2010 2840 2063; x_wconf 87' lang='lat' dir='ltr'><strong>seculo</strong></span> <span class='ocrx_word' id='word_1_346' title='bbox 2886 2025 3002 2063; x_wconf 91' lang='lat' dir='ltr'><strong>non</strong></span> <span class='ocrx_word' id='word_1_347' title='bbox 3056 2009 3372 2062; x_wconf 87' lang='lat' dir='ltr'><strong>obtinuisse</strong></span> <span class='ocrx_word' id='word_1_348' title='bbox 3428 2010 3486 2062; x_wconf 93' lang='lat' dir='ltr'><strong>in</strong></span> <span class='ocrx_word' id='word_1_349' title='bbox 3529 2009 3774 2073; x_wconf 72' lang='lat' dir='ltr'><strong>nummis,</strong></span> <span class='ocrx_word' id='word_1_350' title='bbox 3830 2015 3901 2062; x_wconf 84' lang='lat' dir='ltr'><strong>aut</strong></span> 
     </span>
    </p>
   </div>
   <div class='ocr_carea' id='block_1_52' title="bbox 2266 2097 3902 2167">
    <p class='ocr_par' dir='ltr' id='par_1_52' title="bbox 2266 2097 3902 2167">
     <span class='ocr_line' id='line_1_52' title="bbox 2266 2097 3902 2167; baseline -0.002 -15"><span class='ocrx_word' id='word_1_351' title='bbox 2266 2102 2466 2154; x_wconf 86' lang='lat' dir='ltr'><strong>saltem</strong></span> <span class='ocrx_word' id='word_1_352' title='bbox 2503 2114 2766 2152; x_wconf 89' lang='lat' dir='ltr'><strong>nummos</strong></span> <span class='ocrx_word' id='word_1_353' title='bbox 2794 2097 2933 2150; x_wconf 89' lang='lat' dir='ltr'><strong>tales</strong></span> <span class='ocrx_word' id='word_1_354' title='bbox 2963 2113 3077 2151; x_wconf 95' lang='lat' dir='ltr'><strong>non</strong></span> <span class='ocrx_word' id='word_1_355' title='bbox 3112 2097 3355 2150; x_wconf 89' lang='lat' dir='ltr'><strong>inveniri</strong></span> <span class='ocrx_word' id='word_1_356' title='bbox 3390 2113 3404 2151; x_wconf 89' lang='lat'><strong>:</strong></span> <span class='ocrx_word' id='word_1_357' title='bbox 3455 2097 3773 2167; x_wconf 89' lang='lat' dir='ltr'><strong>respondent</strong></span> <span class='ocrx_word' id='word_1_358' title='bbox 3789 2097 3902 2151; x_wconf 87' lang='lat' dir='ltr'><strong>Cru-</strong></span> 
     </span>
    </p>
   </div>
   <div class='ocr_carea' id='block_1_53' title="bbox 2263 2184 3899 2255">
    <p class='ocr_par' dir='ltr' id='par_1_53' title="bbox 2263 2184 3899 2255">
     <span class='ocr_line' id='line_1_53' title="bbox 2263 2184 3899 2255; baseline -0.004 -14"><span class='ocrx_word' id='word_1_359' title='bbox 2263 2189 2342 2241; x_wconf 79' lang='lat' dir='ltr'><strong>cis</strong></span> <span class='ocrx_word' id='word_1_360' title='bbox 2373 2187 2645 2254; x_wconf 85' lang='lat' dir='ltr'><strong>vindices,</strong></span> <span class='ocrx_word' id='word_1_361' title='bbox 2676 2191 2731 2238; x_wconf 91' lang='lat' dir='ltr'><strong>et</strong></span> <span class='ocrx_word' id='word_1_362' title='bbox 2775 2189 2925 2238; x_wconf 89' lang='lat' dir='ltr'><strong>recte</strong></span> <span class='ocrx_word' id='word_1_363' title='bbox 2981 2185 3238 2238; x_wconf 84' lang='lat' dir='ltr'><strong>sufficere</strong></span> <span class='ocrx_word' id='word_1_364' title='bbox 3294 2185 3447 2254; x_wconf 88' lang='lat' dir='ltr'><strong>quod</strong></span> <span class='ocrx_word' id='word_1_365' title='bbox 3500 2200 3578 2237; x_wconf 87' lang='lat' dir='ltr'><strong>ce</strong></span> <span class='ocrx_word' id='word_1_366' title='bbox 3625 2184 3899 2255; x_wconf 88' lang='lat' dir='ltr'><strong>appellatio-</strong></span> 
     </span>
    </p>
   </div>
   <div class='ocr_carea' id='block_1_54' title="bbox 2263 2272 3897 2344">
    <p class='ocr_par' dir='ltr' id='par_1_54' title="bbox 2263 2272 3897 2344">
     <span class='ocr_line' id='line_1_54' title="bbox 2263 2272 3897 2344; baseline -0.003 -16"><span class='ocrx_word' id='word_1_367' title='bbox 2263 2291 2363 2328; x_wconf 91' lang='lat' dir='ltr'><strong>nes</strong></span> <span class='ocrx_word' id='word_1_368' title='bbox 2383 2275 2442 2328; x_wconf 91' lang='lat' dir='ltr'><strong>in</strong></span> <span class='ocrx_word' id='word_1_369' title='bbox 2493 2273 2901 2344; x_wconf 84' lang='lat' dir='ltr'><strong>diplomatibus</strong></span> <span class='ocrx_word' id='word_1_370' title='bbox 2931 2272 3140 2327; x_wconf 88' lang='lat' dir='ltr'><strong>diserte</strong></span> <span class='ocrx_word' id='word_1_371' title='bbox 3193 2275 3590 2341; x_wconf 72' lang='lat' dir='ltr'><strong>eXprimantur</strong></span> <span class='ocrx_word' id='word_1_372' title='bbox 3635 2276 3693 2326; x_wconf 88' lang='lat' dir='ltr'><strong>ut</strong></span> <span class='ocrx_word' id='word_1_373' title='bbox 3735 2273 3897 2326; x_wconf 80' lang='lat' dir='ltr'><strong>artifici</strong></span> 
     </span>
    </p>
   </div>
   <div class='ocr_carea' id='block_1_55' title="bbox 2259 2359 3900 2430">
    <p class='ocr_par' dir='ltr' id='par_1_55' title="bbox 2259 2359 3900 2430">
     <span class='ocr_line' id='line_1_55' title="bbox 2259 2359 3900 2430; baseline 0 -18"><span class='ocrx_word' id='word_1_374' title='bbox 2259 2362 2348 2415; x_wconf 85' lang='lat' dir='ltr'><strong>vel</strong></span> <span class='ocrx_word' id='word_1_375' title='bbox 2379 2361 2621 2415; x_wconf 81' lang='lat' dir='ltr'><strong>additori</strong></span> <span class='ocrx_word' id='word_1_376' title='bbox 2645 2361 2778 2414; x_wconf 90' lang='lat' dir='ltr'><strong>vitio</strong></span> <span class='ocrx_word' id='word_1_377' title='bbox 2805 2360 3142 2414; x_wconf 88' lang='lat' dir='ltr'><strong>vertendum</strong></span> <span class='ocrx_word' id='word_1_378' title='bbox 3199 2377 3318 2414; x_wconf 89' lang='lat' dir='ltr'><strong>non</strong></span> <span class='ocrx_word' id='word_1_379' title='bbox 3353 2360 3440 2425; x_wconf 89' lang='lat' dir='ltr'><strong>sit,</strong></span> <span class='ocrx_word' id='word_1_380' title='bbox 3477 2360 3621 2430; x_wconf 85' lang='lat' dir='ltr'><strong>quod</strong></span> <span class='ocrx_word' id='word_1_381' title='bbox 3672 2360 3734 2413; x_wconf 91' lang='lat' dir='ltr'><strong>iis</strong></span> <span class='ocrx_word' id='word_1_382' title='bbox 3761 2359 3900 2412; x_wconf 77' lang='lat' dir='ltr'><strong>titulis</strong></span> 
     </span>
    </p>
   </div>
   <div class='ocr_carea' id='block_1_56' title="bbox 2259 2447 3896 2518">
    <p class='ocr_par' dir='ltr' id='par_1_56' title="bbox 2259 2447 3896 2518">
     <span class='ocr_line' id='line_1_56' title="bbox 2259 2447 3896 2518; baseline -0.004 -14"><span class='ocrx_word' id='word_1_383' title='bbox 2259 2452 2312 2504; x_wconf 80' lang='lat' dir='ltr'><strong>S.</strong></span> <span class='ocrx_word' id='word_1_384' title='bbox 2351 2450 2650 2504; x_wconf 86' lang='lat' dir='ltr'><strong>Henricum</strong></span> <span class='ocrx_word' id='word_1_385' title='bbox 2677 2447 2987 2509; x_wconf 90' lang='lat' dir='ltr'><strong>ornaverit,</strong></span> <span class='ocrx_word' id='word_1_386' title='bbox 3048 2449 3272 2502; x_wconf 78' lang='lat' dir='ltr'><strong>tametsi</strong></span> <span class='ocrx_word' id='word_1_387' title='bbox 3323 2465 3438 2502; x_wconf 91' lang='lat' dir='ltr'><strong>non</strong></span> <span class='ocrx_word' id='word_1_388' title='bbox 3479 2447 3692 2518; x_wconf 87' lang='lat' dir='ltr'><strong>proprie</strong></span> <span class='ocrx_word' id='word_1_389' title='bbox 3737 2462 3896 2500; x_wconf 81' lang='lat' dir='ltr'><strong>secun-</strong></span> 
     </span>
    </p>
   </div>
   <div class='ocr_carea' id='block_1_57' title="bbox 2257 2534 3899 2606">
    <p class='ocr_par' dir='ltr' id='par_1_57' title="bbox 2257 2534 3899 2606">
     <span class='ocr_line' id='line_1_57' title="bbox 2257 2534 3899 2606; baseline -0.003 -14"><span class='ocrx_word' id='word_1_390' title='bbox 2257 2539 2363 2593; x_wconf 85' lang='lat' dir='ltr'><strong>dus</strong></span> <span class='ocrx_word' id='word_1_391' title='bbox 2391 2538 2555 2591; x_wconf 88' lang='lat' dir='ltr'><strong>istius</strong></span> <span class='ocrx_word' id='word_1_392' title='bbox 2613 2537 2859 2590; x_wconf 83' lang='lat' dir='ltr'><strong>nominis</strong></span> <span class='ocrx_word' id='word_1_393' title='bbox 2919 2538 3237 2606; x_wconf 83' lang='lat' dir='ltr'><strong>Imperator</strong></span> <span class='ocrx_word' id='word_1_394' title='bbox 3282 2538 3383 2591; x_wconf 89' lang='lat' dir='ltr'><strong>sed</strong></span> <span class='ocrx_word' id='word_1_395' title='bbox 3439 2539 3649 2606; x_wconf 88' lang='lat' dir='ltr'><strong>primus</strong></span> <span class='ocrx_word' id='word_1_396' title='bbox 3688 2534 3781 2588; x_wconf 92' lang='lat' dir='ltr'><strong>dici</strong></span> <span class='ocrx_word' id='word_1_397' title='bbox 3827 2534 3899 2587; x_wconf 81' lang='lat' dir='ltr'><strong>de-</strong></span> 
     </span>
    </p>
   </div>
   <div class='ocr_carea' id='block_1_58' title="bbox 2258 2624 3900 2696">
    <p class='ocr_par' dir='ltr' id='par_1_58' title="bbox 2258 2624 3900 2696">
     <span class='ocr_line' id='line_1_58' title="bbox 2258 2624 3900 2696; baseline -0.005 -14"><span class='ocrx_word' id='word_1_398' title='bbox 2258 2625 2465 2682; x_wconf 88' lang='lat' dir='ltr'><strong>buerit.</strong></span> <span class='ocrx_word' id='word_1_399' title='bbox 2495 2625 2585 2680; x_wconf 89' lang='lat' dir='ltr'><strong>Sic</strong></span> <span class='ocrx_word' id='word_1_400' title='bbox 2614 2630 2670 2679; x_wconf 88' lang='lat' dir='ltr'><strong>et</strong></span> <span class='ocrx_word' id='word_1_401' title='bbox 2727 2624 2812 2678; x_wconf 87' lang='lat' dir='ltr'><strong>Pii</strong></span> <span class='ocrx_word' id='word_1_402' title='bbox 2873 2640 3156 2695; x_wconf 88' lang='lat' dir='ltr'><strong>agnomen</strong></span> <span class='ocrx_word' id='word_1_403' title='bbox 3214 2626 3267 2680; x_wconf 93' lang='lat' dir='ltr'><strong>S.</strong></span> <span class='ocrx_word' id='word_1_404' title='bbox 3327 2626 3679 2696; x_wconf 89' lang='lat' dir='ltr'><strong>Imperatoris</strong></span> <span class='ocrx_word' id='word_1_405' title='bbox 3705 2625 3900 2677; x_wconf 83' lang='lat' dir='ltr'><strong>vivoin-</strong></span> 
     </span>
    </p>
   </div>
   <div class='ocr_carea' id='block_1_59' title="bbox 2259 2712 3901 2784">
    <p class='ocr_par' dir='ltr' id='par_1_59' title="bbox 2259 2712 3901 2784">
     <span class='ocr_line' id='line_1_59' title="bbox 2259 2712 3901 2784; baseline -0.005 -15"><span class='ocrx_word' id='word_1_406' title='bbox 2259 2715 2440 2769; x_wconf 89' lang='lat' dir='ltr'><strong>ditum</strong></span> <span class='ocrx_word' id='word_1_407' title='bbox 2473 2713 2677 2783; x_wconf 85' lang='lat' dir='ltr'><strong>probat</strong></span> <span class='ocrx_word' id='word_1_408' title='bbox 2697 2712 2844 2766; x_wconf 89' lang='lat' dir='ltr'><strong>Clar.</strong></span> <span class='ocrx_word' id='word_1_409' title='bbox 2907 2713 3237 2784; x_wconf 83' lang='lat' dir='ltr'><strong>Eppenaver</strong></span> <span class='ocrx_word' id='word_1_410' title='bbox 3291 2729 3359 2766; x_wconf 83' lang='lat' dir='ltr'><strong>ex</strong></span> <span class='ocrx_word' id='word_1_411' title='bbox 3416 2713 3790 2783; x_wconf 87' lang='lat' dir='ltr'><strong>diplomatibus</strong></span> <span class='ocrx_word' id='word_1_412' title='bbox 3825 2725 3901 2762; x_wconf 87' lang='lat' dir='ltr'><strong>seu</strong></span> 
     </span>
    </p>
   </div>
   <div class='ocr_carea' id='block_1_60' title="bbox 2257 2801 3900 2872">
    <p class='ocr_par' dir='ltr' id='par_1_60' title="bbox 2257 2801 3900 2872">
     <span class='ocr_line' id='line_1_60' title="bbox 2257 2801 3900 2872; baseline -0.004 -17"><span class='ocrx_word' id='word_1_413' title='bbox 2257 2801 2570 2872; x_wconf 89' lang='lat' dir='ltr'><strong>privilegiis</strong></span> <span class='ocrx_word' id='word_1_414' title='bbox 2622 2817 2689 2854; x_wconf 89' lang='lat' dir='ltr'><strong>eo</strong></span> <span class='ocrx_word' id='word_1_415' title='bbox 2739 2806 2997 2870; x_wconf 90' lang='lat' dir='ltr'><strong>tempore</strong></span> <span class='ocrx_word' id='word_1_416' title='bbox 3052 2801 3358 2867; x_wconf 83' lang='lat' dir='ltr'><strong>concessis,</strong></span> <span class='ocrx_word' id='word_1_417' title='bbox 3423 2802 3478 2854; x_wconf 93' lang='lat' dir='ltr'><strong>in</strong></span> <span class='ocrx_word' id='word_1_418' title='bbox 3549 2816 3772 2872; x_wconf 88' lang='lat' dir='ltr'><strong>quorum</strong></span> <span class='ocrx_word' id='word_1_419' title='bbox 3813 2814 3900 2850; x_wconf 90' lang='lat' dir='ltr'><strong>uno</strong></span> 
     </span>
    </p>
   </div>
   <div class='ocr_carea' id='block_1_61' title="bbox 2255 2889 3896 2958">
    <p class='ocr_par' dir='ltr' id='par_1_61' title="bbox 2255 2889 3896 2958">
     <span class='ocr_line' id='line_1_61' title="bbox 2255 2889 3896 2958; baseline -0.003 -14"><span class='ocrx_word' id='word_1_420' title='bbox 2255 2889 2391 2944; x_wconf 89' lang='lat' dir='ltr'><strong>anni</strong></span> <span class='ocrx_word' id='word_1_421' title='bbox 2425 2893 2557 2944; x_wconf 74' lang='grc'><strong>1017</strong></span> <span class='ocrx_word' id='word_1_422' title='bbox 2587 2903 2882 2958; x_wconf 89' lang='lat' dir='ltr'><strong>expressos</strong></span> <span class='ocrx_word' id='word_1_423' title='bbox 2914 2904 3012 2941; x_wconf 94' lang='lat' dir='ltr'><strong>eos</strong></span> <span class='ocrx_word' id='word_1_424' title='bbox 3041 2889 3323 2942; x_wconf 89' lang='lat' dir='ltr'><strong>terminos</strong></span> <span class='ocrx_word' id='word_1_425' title='bbox 3375 2889 3586 2950; x_wconf 83' lang='lat' dir='ltr'><strong>recitat.</strong></span> <span class='ocrx_word' id='word_1_426' title='bbox 3630 2890 3718 2942; x_wconf 85' lang='lat' dir='ltr'><strong>sub</strong></span> <span class='ocrx_word' id='word_1_427' title='bbox 3749 2889 3896 2957; x_wconf 73' lang='lat' dir='ltr'><strong>patri-</strong></span> 
     </span>
    </p>
   </div>
   <div class='ocr_carea' id='block_1_62' title="bbox 443 2974 3898 3046">
    <p class='ocr_par' dir='ltr' id='par_1_62' title="bbox 443 2974 3898 3046">
     <span class='ocr_line' id='line_1_62' title="bbox 443 2974 3898 3046; baseline 0.001 -18"><span class='ocrx_word' id='word_1_428' title='bbox 443 2992 571 3029; x_wconf 92' lang='lat' dir='ltr'><strong>cum</strong></span> <span class='ocrx_word' id='word_1_429' title='bbox 603 2979 688 3030; x_wconf 90' lang='lat' dir='ltr'><strong>vel</strong></span> <span class='ocrx_word' id='word_1_430' title='bbox 722 2993 788 3029; x_wconf 91' lang='lat' dir='ltr'><strong>eo</strong></span> <span class='ocrx_word' id='word_1_431' title='bbox 819 2992 998 3046; x_wconf 91' lang='lat' dir='ltr'><strong>usque</strong></span> <span class='ocrx_word' id='word_1_432' title='bbox 1045 2977 1303 3046; x_wconf 90' lang='lat' dir='ltr'><strong>pruritus</strong></span> <span class='ocrx_word' id='word_1_433' title='bbox 1361 2975 1455 3030; x_wconf 89' lang='lat' dir='ltr'><strong>ille</strong></span> <span class='ocrx_word' id='word_1_434' title='bbox 1504 2977 1841 3045; x_wconf 83' lang='lat' dir='ltr'><strong>grecizandi</strong></span> <span class='ocrx_word' id='word_1_435' title='bbox 1889 2981 2143 3036; x_wconf 89' lang='lat' dir='ltr'><strong>obscuris</strong></span> <span class='ocrx_word' id='word_1_436' title='bbox 2175 2976 2215 3030; x_wconf 89' lang='lat' dir='ltr'><strong>C</strong></span> <span class='ocrx_word' id='word_1_437' title='bbox 2252 2980 2427 3032; x_wconf 86' lang='lat' dir='ltr'><strong>monio</strong></span> <span class='ocrx_word' id='word_1_438' title='bbox 2456 2979 2696 3046; x_wconf 81' lang='lat' dir='ltr'><strong>piissimi</strong></span> <span class='ocrx_word' id='word_1_439' title='bbox 2746 2979 3093 3045; x_wconf 67' lang='lat' dir='ltr'><strong>Imperatoris</strong></span> <span class='ocrx_word' id='word_1_440' title='bbox 3148 2979 3387 3045; x_wconf 76' lang='lat' dir='ltr'><strong>Henrici,</strong></span> <span class='ocrx_word' id='word_1_441' title='bbox 3422 2983 3524 3031; x_wconf 87' lang='lat' dir='ltr'><strong>etc.</strong></span> <span class='ocrx_word' id='word_1_442' title='bbox 3559 2979 3618 3032; x_wconf 85' lang='lat' dir='ltr'><strong>Et</strong></span> <span class='ocrx_word' id='word_1_443' title='bbox 3662 2977 3767 3030; x_wconf 81' lang='lat' dir='ltr'><strong>hec</strong></span> <span class='ocrx_word' id='word_1_444' title='bbox 3793 2974 3898 3045; x_wconf 82' lang='lat' dir='ltr'><strong>qui-</strong></span> 
     </span>
    </p>
   </div>
   <div class='ocr_carea' id='block_1_63' title="bbox 442 3063 2142 3135">
    <p class='ocr_par' dir='ltr' id='par_1_63' title="bbox 442 3063 2142 3135">
     <span class='ocr_line' id='line_1_63' title="bbox 442 3063 2142 3135; baseline 0.006 -21"><span class='ocrx_word' id='word_1_445' title='bbox 442 3064 665 3117; x_wconf 82' lang='lat' dir='ltr'><strong>seculis</strong></span> <span class='ocrx_word' id='word_1_446' title='bbox 721 3063 1045 3130; x_wconf 90' lang='lat' dir='ltr'><strong>invaluerit,</strong></span> <span class='ocrx_word' id='word_1_447' title='bbox 1078 3069 1146 3119; x_wconf 88' lang='lat' dir='ltr'><strong>ut</strong></span> <span class='ocrx_word' id='word_1_448' title='bbox 1200 3069 1476 3135; x_wconf 79' lang='lat' dir='ltr'><strong>receptae</strong></span> <span class='ocrx_word' id='word_1_449' title='bbox 1518 3065 1727 3120; x_wconf 88' lang='lat' dir='ltr'><strong>Latinis</strong></span> <span class='ocrx_word' id='word_1_450' title='bbox 1784 3069 2019 3124; x_wconf 91' lang='lat' dir='ltr'><strong>nomina</strong></span> <span class='ocrx_word' id='word_1_451' title='bbox 2045 3072 2142 3126; x_wconf 91' lang='lat' dir='ltr'><strong>lit-</strong></span> 
     </span>
    </p>
   </div>
   <div class='ocr_carea' id='block_1_64' title="bbox 441 3151 2141 3227">
    <p class='ocr_par' dir='ltr' id='par_1_64' title="bbox 441 3151 2141 3227">
     <span class='ocr_line' id='line_1_64' title="bbox 441 3151 2141 3227; baseline 0.006 -24"><span class='ocrx_word' id='word_1_452' title='bbox 441 3151 578 3204; x_wconf 89' lang='lat' dir='ltr'><strong>teris</strong></span> <span class='ocrx_word' id='word_1_453' title='bbox 597 3152 719 3205; x_wconf 89' lang='lat' dir='ltr'><strong>istis</strong></span> <span class='ocrx_word' id='word_1_454' title='bbox 745 3152 1085 3222; x_wconf 74' lang='lat' dir='ltr'><strong>eXprimere,</strong></span> <span class='ocrx_word' id='word_1_455' title='bbox 1134 3153 1337 3207; x_wconf 80' lang='lat' dir='ltr'><strong>&#39;nescio</strong></span> <span class='ocrx_word' id='word_1_456' title='bbox 1390 3153 1530 3224; x_wconf 93' lang='lat' dir='ltr'><strong>quid</strong></span> <span class='ocrx_word' id='word_1_457' title='bbox 1559 3155 1901 3210; x_wconf 89' lang='lat' dir='ltr'><strong>eruditionis</strong></span> <span class='ocrx_word' id='word_1_458' title='bbox 1930 3174 2048 3227; x_wconf 84' lang='lat' dir='ltr'><strong>pre</strong></span> <span class='ocrx_word' id='word_1_459' title='bbox 2082 3177 2141 3214; x_wconf 93' lang='lat' dir='ltr'><strong>se</strong></span> 
     </span>
    </p>
   </div>
   <div class='ocr_carea' id='block_1_65' title="bbox 438 3238 2135 3314">
    <p class='ocr_par' dir='ltr' id='par_1_65' title="bbox 438 3238 2135 3314">
     <span class='ocr_line' id='line_1_65' title="bbox 438 3238 2135 3314; baseline 0.006 -23"><span class='ocrx_word' id='word_1_460' title='bbox 438 3238 581 3292; x_wconf 82' lang='lat' dir='ltr'><strong>ferre</strong></span> <span class='ocrx_word' id='word_1_461' title='bbox 609 3239 916 3305; x_wconf 83' lang='lat' dir='ltr'><strong>videretur,</strong></span> <span class='ocrx_word' id='word_1_462' title='bbox 951 3245 1011 3294; x_wconf 92' lang='lat' dir='ltr'><strong>ut</strong></span> <span class='ocrx_word' id='word_1_463' title='bbox 1045 3241 1220 3294; x_wconf 91' lang='lat' dir='ltr'><strong>habes</strong></span> <span class='ocrx_word' id='word_1_464' title='bbox 1248 3240 1307 3293; x_wconf 94' lang='lat' dir='ltr'><strong>in</strong></span> <span class='ocrx_word' id='word_1_465' title='bbox 1346 3247 1643 3311; x_wconf 87' lang='lat' dir='ltr'><strong>segmento</strong></span> <span class='ocrx_word' id='word_1_466' title='bbox 1697 3242 1800 3296; x_wconf 89' lang='lat' dir='ltr'><strong>sub</strong></span> <span class='ocrx_word' id='word_1_467' title='bbox 1854 3245 2042 3300; x_wconf 90' lang='lat' dir='ltr'><strong>littera</strong></span> <span class='ocrx_word' id='word_1_468' title='bbox 2072 3249 2135 3314; x_wconf 91' lang='lat' dir='ltr'><strong>D,</strong></span> 
     </span>
    </p>
   </div>
   <div class='ocr_carea' id='block_1_66' title="bbox 435 3329 2138 3399">
    <p class='ocr_par' dir='ltr' id='par_1_66' title="bbox 435 3329 2138 3399">
     <span class='ocr_line' id='line_1_66' title="bbox 435 3329 2138 3399; baseline 0.006 -19"><span class='ocrx_word' id='word_1_469' title='bbox 435 3342 550 3397; x_wconf 90' lang='lat' dir='ltr'><strong>quo</strong></span> <span class='ocrx_word' id='word_1_470' title='bbox 577 3333 1024 3397; x_wconf 88' lang='lat' dir='ltr'><strong>representatur</strong></span> <span class='ocrx_word' id='word_1_471' title='bbox 1046 3329 1403 3398; x_wconf 82' lang='lat' dir='ltr'><strong>operculum,</strong></span> <span class='ocrx_word' id='word_1_472' title='bbox 1441 3335 1806 3399; x_wconf 89' lang='lat' dir='ltr'><strong>compactura</strong></span> <span class='ocrx_word' id='word_1_473' title='bbox 1836 3347 1935 3386; x_wconf 90' lang='lat' dir='ltr'><strong>seu</strong></span> <span class='ocrx_word' id='word_1_474' title='bbox 1975 3335 2138 3390; x_wconf 89' lang='lat' dir='ltr'><strong>theca</strong></span> 
     </span>
    </p>
   </div>
   <div class='ocr_carea' id='block_1_67' title="bbox 433 3415 2132 3486">
    <p class='ocr_par' dir='ltr' id='par_1_67' title="bbox 433 3415 2132 3486">
     <span class='ocr_line' id='line_1_67' title="bbox 433 3415 2132 3486; baseline 0.005 -19"><span class='ocrx_word' id='word_1_475' title='bbox 433 3415 642 3468; x_wconf 86' lang='lat' dir='ltr'><strong>extima</strong></span> <span class='ocrx_word' id='word_1_476' title='bbox 705 3415 1060 3486; x_wconf 87' lang='lat' dir='ltr'><strong>pregrandis</strong></span> <span class='ocrx_word' id='word_1_477' title='bbox 1109 3416 1418 3470; x_wconf 86' lang='lat' dir='ltr'><strong>voluminis</strong></span> <span class='ocrx_word' id='word_1_478' title='bbox 1481 3418 1902 3474; x_wconf 90' lang='lat' dir='ltr'><strong>membranacei</strong></span> <span class='ocrx_word' id='word_1_479' title='bbox 1952 3423 2132 3476; x_wconf 89' lang='lat' dir='ltr'><strong>conti-</strong></span> 
     </span>
    </p>
   </div>
   <div class='ocr_carea' id='block_1_68' title="bbox 433 3503 2132 3576">
    <p class='ocr_par' dir='ltr' id='par_1_68' title="bbox 433 3503 2132 3576">
     <span class='ocr_line' id='line_1_68' title="bbox 433 3503 2132 3576; baseline 0.005 -21"><span class='ocrx_word' id='word_1_480' title='bbox 433 3503 622 3557; x_wconf 90' lang='lat' dir='ltr'><strong>nentis</strong></span> <span class='ocrx_word' id='word_1_481' title='bbox 658 3505 864 3575; x_wconf 89' lang='lat' dir='ltr'><strong>scripta</strong></span> <span class='ocrx_word' id='word_1_482' title='bbox 893 3505 1218 3576; x_wconf 85' lang='lat' dir='ltr'><strong>Evangelia,</strong></span> <span class='ocrx_word' id='word_1_483' title='bbox 1275 3521 1376 3576; x_wconf 88' lang='lat' dir='ltr'><strong>per</strong></span> <span class='ocrx_word' id='word_1_484' title='bbox 1427 3509 1611 3560; x_wconf 79' lang='lat' dir='ltr'><strong>totum</strong></span> <span class='ocrx_word' id='word_1_485' title='bbox 1655 3523 1893 3576; x_wconf 88' lang='lat' dir='ltr'><strong>annum,</strong></span> <span class='ocrx_word' id='word_1_486' title='bbox 1929 3511 2010 3564; x_wconf 89' lang='lat' dir='ltr'><strong>uti</strong></span> <span class='ocrx_word' id='word_1_487' title='bbox 2042 3512 2132 3564; x_wconf 92' lang='lat' dir='ltr'><strong>lo-</strong></span> 
     </span>
    </p>
   </div>
   <div class='ocr_carea' id='block_1_69' title="bbox 425 3591 2130 3662">
    <p class='ocr_par' dir='ltr' id='par_1_69' title="bbox 425 3591 2130 3662">
     <span class='ocr_line' id='line_1_69' title="bbox 425 3591 2130 3662; baseline 0.005 -18"><span class='ocrx_word' id='word_1_488' title='bbox 425 3591 680 3660; x_wconf 87' lang='lat' dir='ltr'><strong>quimur,</strong></span> <span class='ocrx_word' id='word_1_489' title='bbox 711 3592 1039 3658; x_wconf 88' lang='lat' dir='ltr'><strong>currentia;</strong></span> <span class='ocrx_word' id='word_1_490' title='bbox 1069 3594 1231 3662; x_wconf 90' lang='lat' dir='ltr'><strong>cujus</strong></span> <span class='ocrx_word' id='word_1_491' title='bbox 1286 3593 1464 3647; x_wconf 86' lang='lat' dir='ltr'><strong>thece</strong></span> <span class='ocrx_word' id='word_1_492' title='bbox 1519 3602 1754 3650; x_wconf 90' lang='lat' dir='ltr'><strong>ornatus</strong></span> <span class='ocrx_word' id='word_1_493' title='bbox 1793 3613 1907 3651; x_wconf 92' lang='lat' dir='ltr'><strong>non</strong></span> <span class='ocrx_word' id='word_1_494' title='bbox 1939 3600 2130 3654; x_wconf 89' lang='lat' dir='ltr'><strong>minus</strong></span> 
     </span>
    </p>
   </div>
   <div class='ocr_carea' id='block_1_70' title="bbox 427 3676 2126 3756">
    <p class='ocr_par' dir='ltr' id='par_1_70' title="bbox 427 3676 2126 3756">
     <span class='ocr_line' id='line_1_70' title="bbox 427 3676 2126 3756; baseline 0.006 -27"><span class='ocrx_word' id='word_1_495' title='bbox 427 3676 797 3733; x_wconf 90' lang='lat' dir='ltr'><strong>admirandus</strong></span> <span class='ocrx_word' id='word_1_496' title='bbox 828 3684 915 3732; x_wconf 91' lang='lat' dir='ltr'><strong>est</strong></span> <span class='ocrx_word' id='word_1_497' title='bbox 942 3695 1115 3750; x_wconf 90' lang='lat' dir='ltr'><strong>quam</strong></span> <span class='ocrx_word' id='word_1_498' title='bbox 1140 3679 1444 3750; x_wconf 89' lang='lat' dir='ltr'><strong>pretiosus,</strong></span> <span class='ocrx_word' id='word_1_499' title='bbox 1469 3685 1526 3734; x_wconf 91' lang='lat' dir='ltr'><strong>et</strong></span> <span class='ocrx_word' id='word_1_500' title='bbox 1545 3681 1703 3752; x_wconf 94' lang='lat' dir='ltr'><strong>quod</strong></span> <span class='ocrx_word' id='word_1_501' title='bbox 1717 3682 1797 3736; x_wconf 88' lang='lat' dir='ltr'><strong>rei</strong></span> <span class='ocrx_word' id='word_1_502' title='bbox 1821 3691 1994 3755; x_wconf 89' lang='lat' dir='ltr'><strong>caput</strong></span> <span class='ocrx_word' id='word_1_503' title='bbox 2023 3691 2126 3756; x_wconf 88' lang='lat' dir='ltr'><strong>est,</strong></span> 
     </span>
    </p>
   </div>
   <div class='ocr_carea' id='block_1_71' title="bbox 420 3762 2122 3843">
    <p class='ocr_par' dir='ltr' id='par_1_71' title="bbox 420 3762 2122 3843">
     <span class='ocr_line' id='line_1_71' title="bbox 420 3762 2122 3843; baseline 0.006 -26"><span class='ocrx_word' id='word_1_504' title='bbox 420 3762 629 3836; x_wconf 90' lang='lat' dir='ltr'><strong>hicque</strong></span> <span class='ocrx_word' id='word_1_505' title='bbox 659 3766 907 3821; x_wconf 84' lang='lat' dir='ltr'><strong>maxime</strong></span> <span class='ocrx_word' id='word_1_506' title='bbox 955 3768 1253 3838; x_wconf 89' lang='lat' dir='ltr'><strong>queritur,</strong></span> <span class='ocrx_word' id='word_1_507' title='bbox 1285 3768 1511 3821; x_wconf 91' lang='lat' dir='ltr'><strong>ornatui</strong></span> <span class='ocrx_word' id='word_1_508' title='bbox 1543 3769 1718 3823; x_wconf 90' lang='lat' dir='ltr'><strong>totius</strong></span> <span class='ocrx_word' id='word_1_509' title='bbox 1765 3771 1958 3826; x_wconf 87' lang='lat' dir='ltr'><strong>Crucis</strong></span> <span class='ocrx_word' id='word_1_510' title='bbox 1993 3789 2122 3843; x_wconf 85' lang='lat' dir='ltr'><strong>per-</strong></span> 
     </span>
    </p>
   </div>
   <div class='ocr_carea' id='block_1_72' title="bbox 421 3851 2121 3932">
    <p class='ocr_par' dir='ltr' id='par_1_72' title="bbox 421 3851 2121 3932">
     <span class='ocr_line' id='line_1_72' title="bbox 421 3851 2121 3932; baseline 0.009 -31"><span class='ocrx_word' id='word_1_511' title='bbox 421 3851 644 3923; x_wconf 68' lang='lat' dir='ltr'><strong>similis,</strong></span> <span class='ocrx_word' id='word_1_512' title='bbox 671 3853 767 3909; x_wconf 90' lang='lat' dir='ltr'><strong>ubi</strong></span> <span class='ocrx_word' id='word_1_513' title='bbox 797 3870 982 3926; x_wconf 83' lang='lat' dir='ltr'><strong>greca</strong></span> <span class='ocrx_word' id='word_1_514' title='bbox 1011 3859 1067 3909; x_wconf 88' lang='lat' dir='ltr'><strong>et</strong></span> <span class='ocrx_word' id='word_1_515' title='bbox 1098 3855 1275 3909; x_wconf 90' lang='lat' dir='ltr'><strong>latina</strong></span> <span class='ocrx_word' id='word_1_516' title='bbox 1306 3857 1619 3911; x_wconf 89' lang='lat' dir='ltr'><strong>commixta</strong></span> <span class='ocrx_word' id='word_1_517' title='bbox 1661 3857 1924 3926; x_wconf 89' lang='lat' dir='ltr'><strong>intueris,</strong></span> <span class='ocrx_word' id='word_1_518' title='bbox 1959 3863 2121 3932; x_wconf 80' lang='lat' dir='ltr'><strong>quasi</strong></span> 
     </span>
    </p>
   </div>
   <div class='ocr_carea' id='block_1_73' title="bbox 418 3940 2121 4014">
    <p class='ocr_par' dir='ltr' id='par_1_73' title="bbox 418 3940 2121 4014">
     <span class='ocr_line' id='line_1_73' title="bbox 418 3940 2121 4014; baseline 0.007 -22"><span class='ocrx_word' id='word_1_519' title='bbox 418 3940 465 3992; x_wconf 91' lang='lat' dir='ltr'><strong>si</strong></span> <span class='ocrx_word' id='word_1_520' title='bbox 515 3947 842 3997; x_wconf 89' lang='lat' dir='ltr'><strong>sanctorum</strong></span> <span class='ocrx_word' id='word_1_521' title='bbox 891 3944 1298 4014; x_wconf 80' lang='lat' dir='ltr'><strong>Apostolorum</strong></span> <span class='ocrx_word' id='word_1_522' title='bbox 1371 3947 1605 3999; x_wconf 85' lang='lat' dir='ltr'><strong>nomina</strong></span> <span class='ocrx_word' id='word_1_523' title='bbox 1652 3947 1847 4001; x_wconf 87' lang='lat' dir='ltr'><strong>latinis</strong></span> <span class='ocrx_word' id='word_1_524' title='bbox 1919 3949 2121 4004; x_wconf 88' lang='lat' dir='ltr'><strong>litteris</strong></span> 
     </span>
    </p>
   </div>
   <div class='ocr_carea' id='block_1_74' title="bbox 415 4030 2119 4102">
    <p class='ocr_par' dir='ltr' id='par_1_74' title="bbox 415 4030 2119 4102">
     <span class='ocr_line' id='line_1_74' title="bbox 415 4030 2119 4102; baseline 0.005 -18"><span class='ocrx_word' id='word_1_525' title='bbox 415 4030 636 4097; x_wconf 77' lang='lat' dir='ltr'><strong>efferre,</strong></span> <span class='ocrx_word' id='word_1_526' title='bbox 695 4031 986 4100; x_wconf 90' lang='lat' dir='ltr'><strong>piaculum</strong></span> <span class='ocrx_word' id='word_1_527' title='bbox 1047 4031 1268 4085; x_wconf 88' lang='lat' dir='ltr'><strong>censeri</strong></span> <span class='ocrx_word' id='word_1_528' title='bbox 1316 4039 1524 4102; x_wconf 90' lang='lat' dir='ltr'><strong>posset.</strong></span> <span class='ocrx_word' id='word_1_529' title='bbox 1587 4034 1879 4096; x_wconf 85' lang='lat' dir='ltr'><strong>Quadrum</strong></span> <span class='ocrx_word' id='word_1_530' title='bbox 1909 4037 1968 4091; x_wconf 93' lang='lat' dir='ltr'><strong>in</strong></span> <span class='ocrx_word' id='word_1_531' title='bbox 2005 4056 2119 4093; x_wconf 88' lang='lat' dir='ltr'><strong>me-</strong></span> 
     </span>
    </p>
   </div>
   <div class='ocr_carea' id='block_1_75' title="bbox 411 4117 2114 4195">
    <p class='ocr_par' dir='ltr' id='par_1_75' title="bbox 411 4117 2114 4195">
     <span class='ocr_line' id='line_1_75' title="bbox 411 4117 2114 4195; baseline 0.005 -23"><span class='ocrx_word' id='word_1_532' title='bbox 411 4117 507 4172; x_wconf 89' lang='lat' dir='ltr'><strong>dio</strong></span> <span class='ocrx_word' id='word_1_533' title='bbox 537 4117 854 4171; x_wconf 89' lang='lat' dir='ltr'><strong>eburneum</strong></span> <span class='ocrx_word' id='word_1_534' title='bbox 887 4123 990 4183; x_wconf 87' lang='lat' dir='ltr'><strong>est,</strong></span> <span class='ocrx_word' id='word_1_535' title='bbox 1050 4117 1107 4171; x_wconf 91' lang='lat' dir='ltr'><strong>in</strong></span> <span class='ocrx_word' id='word_1_536' title='bbox 1167 4135 1280 4189; x_wconf 90' lang='lat' dir='ltr'><strong>quo</strong></span> <span class='ocrx_word' id='word_1_537' title='bbox 1341 4120 1608 4189; x_wconf 83' lang='lat' dir='ltr'><strong>mysteria</strong></span> <span class='ocrx_word' id='word_1_538' title='bbox 1655 4121 1860 4176; x_wconf 88' lang='lat' dir='ltr'><strong>Christi</strong></span> <span class='ocrx_word' id='word_1_539' title='bbox 1909 4128 2114 4195; x_wconf 90' lang='lat' dir='ltr'><strong>sepulti</strong></span> 
     </span>
    </p>
   </div>
   <div class='ocr_carea' id='block_1_76' title="bbox 409 4205 2111 4275">
    <p class='ocr_par' dir='ltr' id='par_1_76' title="bbox 409 4205 2111 4275">
     <span class='ocr_line' id='line_1_76' title="bbox 409 4205 2111 4275; baseline 0.007 -18"><span class='ocrx_word' id='word_1_540' title='bbox 409 4209 467 4257; x_wconf 90' lang='lat' dir='ltr'><strong>et</strong></span> <span class='ocrx_word' id='word_1_541' title='bbox 496 4205 850 4274; x_wconf 88' lang='lat' dir='ltr'><strong>resurgentis</strong></span> <span class='ocrx_word' id='word_1_542' title='bbox 881 4206 1173 4275; x_wconf 86' lang='lat' dir='ltr'><strong>eleganter</strong></span> <span class='ocrx_word' id='word_1_543' title='bbox 1201 4206 1385 4259; x_wconf 86' lang='lat' dir='ltr'><strong>excisa</strong></span> <span class='ocrx_word' id='word_1_544' title='bbox 1417 4207 1702 4262; x_wconf 90' lang='lat' dir='ltr'><strong>visuntur.</strong></span> <span class='ocrx_word' id='word_1_545' title='bbox 1745 4210 1919 4265; x_wconf 88' lang='lat' dir='ltr'><strong>Porro</strong></span> <span class='ocrx_word' id='word_1_546' title='bbox 1945 4229 2111 4268; x_wconf 84' lang='lat' dir='ltr'><strong>orna-</strong></span> 
     </span>
    </p>
   </div>
   <div class='ocr_carea' id='block_1_77' title="bbox 407 4292 2111 4366">
    <p class='ocr_par' dir='ltr' id='par_1_77' title="bbox 407 4292 2111 4366">
     <span class='ocr_line' id='line_1_77' title="bbox 407 4292 2111 4366; baseline 0.007 -22"><span class='ocrx_word' id='word_1_547' title='bbox 407 4297 500 4345; x_wconf 90' lang='lat' dir='ltr'><strong>tus</strong></span> <span class='ocrx_word' id='word_1_548' title='bbox 532 4292 783 4362; x_wconf 89' lang='lat' dir='ltr'><strong>reliquus</strong></span> <span class='ocrx_word' id='word_1_549' title='bbox 827 4292 887 4346; x_wconf 92' lang='lat' dir='ltr'><strong>in</strong></span> <span class='ocrx_word' id='word_1_550' title='bbox 917 4293 1108 4347; x_wconf 89' lang='lat' dir='ltr'><strong>limbis</strong></span> <span class='ocrx_word' id='word_1_551' title='bbox 1161 4294 1481 4363; x_wconf 84' lang='lat' dir='ltr'><strong>latioribus,</strong></span> <span class='ocrx_word' id='word_1_552' title='bbox 1539 4296 1760 4366; x_wconf 89' lang='lat' dir='ltr'><strong>quadro</strong></span> <span class='ocrx_word' id='word_1_553' title='bbox 1799 4300 2111 4356; x_wconf 85' lang='lat' dir='ltr'><strong>circumda-</strong></span> 
     </span>
    </p>
   </div>
   <div class='ocr_carea' id='block_1_78' title="bbox 406 4379 2105 4454">
    <p class='ocr_par' dir='ltr' id='par_1_78' title="bbox 406 4379 2105 4454">
     <span class='ocr_line' id='line_1_78' title="bbox 406 4379 2105 4454; baseline 0.006 -21"><span class='ocrx_word' id='word_1_554' title='bbox 406 4379 498 4445; x_wconf 88' lang='lat' dir='ltr'><strong>tis,</strong></span> <span class='ocrx_word' id='word_1_555' title='bbox 530 4384 587 4433; x_wconf 91' lang='lat' dir='ltr'><strong>et</strong></span> <span class='ocrx_word' id='word_1_556' title='bbox 617 4380 856 4433; x_wconf 90' lang='lat' dir='ltr'><strong>materia</strong></span> <span class='ocrx_word' id='word_1_557' title='bbox 913 4387 970 4436; x_wconf 91' lang='lat' dir='ltr'><strong>et</strong></span> <span class='ocrx_word' id='word_1_558' title='bbox 1008 4380 1248 4435; x_wconf 80' lang='lat' dir='ltr'><strong>artificio</strong></span> <span class='ocrx_word' id='word_1_559' title='bbox 1292 4381 1399 4452; x_wconf 89' lang='lat' dir='ltr'><strong>ipsi</strong></span> <span class='ocrx_word' id='word_1_560' title='bbox 1452 4383 1670 4454; x_wconf 90' lang='lat' dir='ltr'><strong>quadro</strong></span> <span class='ocrx_word' id='word_1_561' title='bbox 1732 4386 1800 4440; x_wconf 91' lang='lat' dir='ltr'><strong>ad</strong></span> <span class='ocrx_word' id='word_1_562' title='bbox 1832 4391 2105 4444; x_wconf 88' lang='lat' dir='ltr'><strong>amussim</strong></span> 
     </span>
    </p>
   </div>
   <div class='ocr_carea' id='block_1_79' title="bbox 402 4467 2106 4542">
    <p class='ocr_par' dir='ltr' id='par_1_79' title="bbox 402 4467 2106 4542">
     <span class='ocr_line' id='line_1_79' title="bbox 402 4467 2106 4542; baseline 0.008 -23"><span class='ocrx_word' id='word_1_563' title='bbox 402 4469 722 4538; x_wconf 85' lang='lat' dir='ltr'><strong>respondet.</strong></span> <span class='ocrx_word' id='word_1_564' title='bbox 760 4467 940 4523; x_wconf 89' lang='lat' dir='ltr'><strong>Limbi</strong></span> <span class='ocrx_word' id='word_1_565' title='bbox 995 4468 1105 4539; x_wconf 88' lang='lat' dir='ltr'><strong>ipsi</strong></span> <span class='ocrx_word' id='word_1_566' title='bbox 1157 4485 1299 4523; x_wconf 89' lang='lat' dir='ltr'><strong>auro</strong></span> <span class='ocrx_word' id='word_1_567' title='bbox 1354 4487 1454 4524; x_wconf 92' lang='lat' dir='ltr'><strong>seu</strong></span> <span class='ocrx_word' id='word_1_568' title='bbox 1488 4472 1726 4526; x_wconf 86' lang='lat' dir='ltr'><strong>lamellis</strong></span> <span class='ocrx_word' id='word_1_569' title='bbox 1770 4477 1977 4542; x_wconf 88' lang='lat' dir='ltr'><strong>aureis,</strong></span> <span class='ocrx_word' id='word_1_570' title='bbox 2009 4494 2106 4532; x_wconf 92' lang='lat' dir='ltr'><strong>en-</strong></span> 
     </span>
    </p>
   </div>
   <div class='ocr_carea' id='block_1_80' title="bbox 399 4556 2102 4630">
    <p class='ocr_par' dir='ltr' id='par_1_80' title="bbox 399 4556 2102 4630">
     <span class='ocr_line' id='line_1_80' title="bbox 399 4556 2102 4630; baseline 0.007 -22"><span class='ocrx_word' id='word_1_571' title='bbox 399 4556 650 4609; x_wconf 89' lang='lat' dir='ltr'><strong>caustico</strong></span> <span class='ocrx_word' id='word_1_572' title='bbox 681 4561 738 4610; x_wconf 90' lang='lat' dir='ltr'><strong>et</strong></span> <span class='ocrx_word' id='word_1_573' title='bbox 765 4557 986 4610; x_wconf 90' lang='lat' dir='ltr'><strong>musivo</strong></span> <span class='ocrx_word' id='word_1_574' title='bbox 1017 4574 1190 4628; x_wconf 91' lang='lat' dir='ltr'><strong>opere</strong></span> <span class='ocrx_word' id='word_1_575' title='bbox 1246 4559 1550 4614; x_wconf 78' lang='lat' dir='ltr'><strong>elaboratis</strong></span> <span class='ocrx_word' id='word_1_576' title='bbox 1599 4568 1876 4630; x_wconf 87' lang='lat' dir='ltr'><strong>constant,</strong></span> <span class='ocrx_word' id='word_1_577' title='bbox 1927 4565 2102 4620; x_wconf 92' lang='lat' dir='ltr'><strong>inser-</strong></span> 
     </span>
    </p>
   </div>
   <div class='ocr_carea' id='block_1_81' title="bbox 398 4643 2098 4720">
    <p class='ocr_par' dir='ltr' id='par_1_81' title="bbox 398 4643 2098 4720">
     <span class='ocr_line' id='line_1_81' title="bbox 398 4643 2098 4720; baseline 0.005 -23"><span class='ocrx_word' id='word_1_578' title='bbox 398 4643 469 4697; x_wconf 87' lang='lat' dir='ltr'><strong>tis</strong></span> <span class='ocrx_word' id='word_1_579' title='bbox 500 4644 627 4698; x_wconf 91' lang='lat' dir='ltr'><strong>istic</strong></span> <span class='ocrx_word' id='word_1_580' title='bbox 654 4645 827 4699; x_wconf 89' lang='lat' dir='ltr'><strong>etiam</strong></span> <span class='ocrx_word' id='word_1_581' title='bbox 888 4645 1151 4716; x_wconf 86' lang='lat' dir='ltr'><strong>pretiosis</strong></span> <span class='ocrx_word' id='word_1_582' title='bbox 1181 4646 1486 4717; x_wconf 88' lang='lat' dir='ltr'><strong>lapidibus.</strong></span> <span class='ocrx_word' id='word_1_583' title='bbox 1549 4649 1775 4720; x_wconf 86' lang='lat' dir='ltr'><strong>Effigies</strong></span> <span class='ocrx_word' id='word_1_584' title='bbox 1823 4667 2042 4720; x_wconf 89' lang='lat' dir='ltr'><strong>omnes,</strong></span> <span class='ocrx_word' id='word_1_585' title='bbox 2069 4671 2098 4706; x_wconf 91' lang='lat' dir='ltr'><strong>e</strong></span> 
     </span>
    </p>
   </div>
   <div class='ocr_carea' id='block_1_82' title="bbox 395 4730 2096 4807">
    <p class='ocr_par' dir='ltr' id='par_1_82' title="bbox 395 4730 2096 4807">
     <span class='ocr_line' id='line_1_82' title="bbox 395 4730 2096 4807; baseline 0.006 -23"><span class='ocrx_word' id='word_1_586' title='bbox 395 4730 608 4802; x_wconf 90' lang='lat' dir='ltr'><strong>quibus</strong></span> <span class='ocrx_word' id='word_1_587' title='bbox 637 4748 808 4786; x_wconf 90' lang='lat' dir='ltr'><strong>unam</strong></span> <span class='ocrx_word' id='word_1_588' title='bbox 840 4733 1019 4786; x_wconf 91' lang='lat' dir='ltr'><strong>solam</strong></span> <span class='ocrx_word' id='word_1_589' title='bbox 1074 4734 1388 4800; x_wconf 89' lang='lat' dir='ltr'><strong>reddimus,</strong></span> <span class='ocrx_word' id='word_1_590' title='bbox 1433 4735 1551 4789; x_wconf 89' lang='lat' dir='ltr'><strong>sive</strong></span> <span class='ocrx_word' id='word_1_591' title='bbox 1605 4739 1922 4807; x_wconf 90' lang='lat' dir='ltr'><strong>materiam,</strong></span> <span class='ocrx_word' id='word_1_592' title='bbox 1983 4742 2096 4795; x_wconf 90' lang='lat' dir='ltr'><strong>sive</strong></span> 
     </span>
    </p>
   </div>
   <div class='ocr_carea' id='block_1_83' title="bbox 389 4819 2095 4894">
    <p class='ocr_par' dir='ltr' id='par_1_83' title="bbox 389 4819 2095 4894">
     <span class='ocr_line' id='line_1_83' title="bbox 389 4819 2095 4894; baseline 0.006 -20"><span class='ocrx_word' id='word_1_593' title='bbox 389 4819 658 4886; x_wconf 84' lang='lat' dir='ltr'><strong>formam,</strong></span> <span class='ocrx_word' id='word_1_594' title='bbox 689 4821 805 4875; x_wconf 85' lang='lat' dir='ltr'><strong>sive</strong></span> <span class='ocrx_word' id='word_1_595' title='bbox 835 4821 1189 4876; x_wconf 86' lang='lat' dir='ltr'><strong>characteres</strong></span> <span class='ocrx_word' id='word_1_596' title='bbox 1219 4829 1457 4894; x_wconf 88' lang='lat' dir='ltr'><strong>spectes,</strong></span> <span class='ocrx_word' id='word_1_597' title='bbox 1493 4824 1565 4878; x_wconf 90' lang='lat' dir='ltr'><strong>iis</strong></span> <span class='ocrx_word' id='word_1_598' title='bbox 1625 4827 1933 4882; x_wconf 87' lang='lat' dir='ltr'><strong>simillime</strong></span> <span class='ocrx_word' id='word_1_599' title='bbox 1964 4836 2095 4884; x_wconf 92' lang='lat' dir='ltr'><strong>sunt</strong></span> 
     </span>
    </p>
   </div>
   <div class='ocr_carea' id='block_1_84' title="bbox 388 4909 2093 4988">
    <p class='ocr_par' dir='ltr' id='par_1_84' title="bbox 388 4909 2093 4988">
     <span class='ocr_line' id='line_1_84' title="bbox 388 4909 2093 4988; baseline 0.005 -26"><span class='ocrx_word' id='word_1_600' title='bbox 388 4923 517 4979; x_wconf 87' lang='lat' dir='ltr'><strong>que</strong></span> <span class='ocrx_word' id='word_1_601' title='bbox 540 4909 600 4962; x_wconf 92' lang='lat' dir='ltr'><strong>in</strong></span> <span class='ocrx_word' id='word_1_602' title='bbox 631 4911 808 4966; x_wconf 88' lang='lat' dir='ltr'><strong>Cruce</strong></span> <span class='ocrx_word' id='word_1_603' title='bbox 837 4910 1185 4979; x_wconf 77' lang='lat' dir='ltr'><strong>referuntur,</strong></span> <span class='ocrx_word' id='word_1_604' title='bbox 1219 4917 1280 4965; x_wconf 90' lang='lat' dir='ltr'><strong>ut</strong></span> <span class='ocrx_word' id='word_1_605' title='bbox 1310 4913 1575 4966; x_wconf 91' lang='lat' dir='ltr'><strong>eumdem</strong></span> <span class='ocrx_word' id='word_1_606' title='bbox 1627 4930 1729 4968; x_wconf 90' lang='lat' dir='ltr'><strong>seu</strong></span> <span class='ocrx_word' id='word_1_607' title='bbox 1772 4923 1938 4970; x_wconf 86' lang='lat' dir='ltr'><strong>etate</strong></span> <span class='ocrx_word' id='word_1_608' title='bbox 1967 4934 2093 4988; x_wconf 82' lang='lat' dir='ltr'><strong>pro-</strong></span> 
     </span>
    </p>
   </div>
   <div class='ocr_carea' id='block_1_85' title="bbox 383 4996 2090 5070">
    <p class='ocr_par' dir='ltr' id='par_1_85' title="bbox 383 4996 2090 5070">
     <span class='ocr_line' id='line_1_85' title="bbox 383 4996 2090 5070; baseline 0.006 -21"><span class='ocrx_word' id='word_1_609' title='bbox 383 4996 600 5050; x_wconf 86' lang='lat' dir='ltr'><strong>ximum</strong></span> <span class='ocrx_word' id='word_1_610' title='bbox 653 4998 933 5052; x_wconf 89' lang='lat' dir='ltr'><strong>artificem</strong></span> <span class='ocrx_word' id='word_1_611' title='bbox 986 4999 1224 5053; x_wconf 92' lang='lat' dir='ltr'><strong>omnino</strong></span> <span class='ocrx_word' id='word_1_612' title='bbox 1282 5016 1478 5070; x_wconf 90' lang='lat' dir='ltr'><strong>sapere</strong></span> <span class='ocrx_word' id='word_1_613' title='bbox 1534 5002 1853 5057; x_wconf 87' lang='lat' dir='ltr'><strong>videantur.</strong></span> <span class='ocrx_word' id='word_1_614' title='bbox 1914 5006 2090 5059; x_wconf 87' lang='lat' dir='ltr'><strong>Porro</strong></span> 
     </span>
    </p>
   </div>
   <div class='ocr_carea' id='block_1_86' title="bbox 379 5079 2086 5160">
    <p class='ocr_par' dir='ltr' id='par_1_86' title="bbox 379 5079 2086 5160">
     <span class='ocr_line' id='line_1_86' title="bbox 379 5079 2086 5160; baseline 0.008 -27"><span class='ocrx_word' id='word_1_615' title='bbox 379 5079 593 5136; x_wconf 90' lang='lat' dir='ltr'><strong>librum</strong></span> <span class='ocrx_word' id='word_1_616' title='bbox 625 5083 798 5138; x_wconf 86' lang='lat' dir='ltr'><strong>istum</strong></span> <span class='ocrx_word' id='word_1_617' title='bbox 863 5085 1299 5155; x_wconf 86' lang='lat' dir='ltr'><strong>Evangeliorum</strong></span> <span class='ocrx_word' id='word_1_618' title='bbox 1329 5086 1382 5140; x_wconf 90' lang='lat' dir='ltr'><strong>S.</strong></span> <span class='ocrx_word' id='word_1_619' title='bbox 1437 5087 1664 5141; x_wconf 83' lang='lat' dir='ltr'><strong>Henrici</strong></span> <span class='ocrx_word' id='word_1_620' title='bbox 1705 5094 1963 5160; x_wconf 80' lang='lat' dir='ltr'><strong>tempore</strong></span> <span class='ocrx_word' id='word_1_621' title='bbox 1993 5109 2086 5147; x_wconf 89' lang='lat' dir='ltr'><strong>ex-</strong></span> 
     </span>
    </p>
   </div>
   <div class='ocr_carea' id='block_1_87' title="bbox 377 5167 2087 5246">
    <p class='ocr_par' dir='ltr' id='par_1_87' title="bbox 377 5167 2087 5246">
     <span class='ocr_line' id='line_1_87' title="bbox 377 5167 2087 5246; baseline 0.008 -27"><span class='ocrx_word' id='word_1_622' title='bbox 377 5167 605 5234; x_wconf 89' lang='lat' dir='ltr'><strong>stitisse,</strong></span> <span class='ocrx_word' id='word_1_623' title='bbox 637 5169 788 5225; x_wconf 86' lang='lat' dir='ltr'><strong>haud</strong></span> <span class='ocrx_word' id='word_1_624' title='bbox 820 5170 1058 5226; x_wconf 90' lang='lat' dir='ltr'><strong>obscure</strong></span> <span class='ocrx_word' id='word_1_625' title='bbox 1113 5172 1381 5226; x_wconf 90' lang='lat' dir='ltr'><strong>evincunt</strong></span> <span class='ocrx_word' id='word_1_626' title='bbox 1409 5189 1605 5228; x_wconf 88' lang='lat' dir='ltr'><strong>versus</strong></span> <span class='ocrx_word' id='word_1_627' title='bbox 1662 5175 1721 5228; x_wconf 93' lang='lat' dir='ltr'><strong>in</strong></span> <span class='ocrx_word' id='word_1_628' title='bbox 1765 5177 1952 5246; x_wconf 89' lang='lat' dir='ltr'><strong>prima</strong></span> <span class='ocrx_word' id='word_1_629' title='bbox 2009 5179 2087 5233; x_wconf 81' lang='lat' dir='ltr'><strong>fa-</strong></span> 
     </span>
    </p>
   </div>
   <div class='ocr_carea' id='block_1_88' title="bbox 372 5253 2083 5332">
    <p class='ocr_par' dir='ltr' id='par_1_88' title="bbox 372 5253 2083 5332">
     <span class='ocr_line' id='line_1_88' title="bbox 372 5253 2083 5332; baseline 0.008 -26"><span class='ocrx_word' id='word_1_630' title='bbox 372 5253 457 5308; x_wconf 91' lang='lat' dir='ltr'><strong>cie</strong></span> <span class='ocrx_word' id='word_1_631' title='bbox 488 5271 662 5309; x_wconf 87' lang='lat' dir='ltr'><strong>aureo</strong></span> <span class='ocrx_word' id='word_1_632' title='bbox 689 5258 1014 5313; x_wconf 87' lang='lat' dir='ltr'><strong>charactere</strong></span> <span class='ocrx_word' id='word_1_633' title='bbox 1038 5260 1244 5330; x_wconf 90' lang='lat' dir='ltr'><strong>majori</strong></span> <span class='ocrx_word' id='word_1_634' title='bbox 1284 5261 1495 5332; x_wconf 87' lang='lat' dir='ltr'><strong>(qualis</strong></span> <span class='ocrx_word' id='word_1_635' title='bbox 1525 5266 1609 5316; x_wconf 87' lang='lat' dir='ltr'><strong>est</strong></span> <span class='ocrx_word' id='word_1_636' title='bbox 1655 5278 1953 5319; x_wconf 60' lang='lat' dir='ltr'><strong>casuum</strong></span> <span class='ocrx_word' id='word_1_637' title='bbox 1987 5281 2083 5326; x_wconf 79' lang='lat' dir='ltr'><strong>om</strong></span> 
     </span>
    </p>
   </div>
   <div class='ocr_carea' id='block_1_89' title="bbox 368 5342 1464 5419">
    <p class='ocr_par' dir='ltr' id='par_1_89' title="bbox 368 5342 1464 5419">
     <span class='ocr_line' id='line_1_89' title="bbox 368 5342 1464 5419; baseline 0.008 -26"><span class='ocrx_word' id='word_1_638' title='bbox 368 5342 598 5410; x_wconf 65' lang='lat' dir='ltr'><strong>sapam)</strong></span> <span class='ocrx_word' id='word_1_639' title='bbox 629 5342 685 5396; x_wconf 95' lang='lat' dir='ltr'><strong>in</strong></span> <span class='ocrx_word' id='word_1_640' title='bbox 717 5345 872 5399; x_wconf 89' lang='lat' dir='ltr'><strong>hunc</strong></span> <span class='ocrx_word' id='word_1_641' title='bbox 901 5347 1132 5401; x_wconf 92' lang='lat' dir='ltr'><strong>modum</strong></span> <span class='ocrx_word' id='word_1_642' title='bbox 1153 5347 1426 5419; x_wconf 85' lang='lat' dir='ltr'><strong>descripti</strong></span> <span class='ocrx_word' id='word_1_643' title='bbox 1450 5365 1464 5402; x_wconf 88' lang='lat'><strong>:</strong></span> 
     </span>
    </p>
   </div>
   <div class='ocr_carea' id='block_1_90' title="bbox 435 5429 1964 5509">
    <p class='ocr_par' dir='ltr' id='par_1_90' title="bbox 435 5429 1964 5509">
     <span class='ocr_line' id='line_1_90' title="bbox 435 5429 1964 5509; baseline 0.008 -26"><span class='ocrx_word' id='word_1_644' title='bbox 435 5429 551 5484; x_wconf 82' lang='lat' dir='ltr'><strong>Rex</strong></span> <span class='ocrx_word' id='word_1_645' title='bbox 588 5430 881 5486; x_wconf 80' lang='lat' dir='ltr'><strong>Heinricus</strong></span> <span class='ocrx_word' id='word_1_646' title='bbox 911 5450 1104 5500; x_wconf 86' lang='lat' dir='ltr'><strong>ovans,</strong></span> <span class='ocrx_word' id='word_1_647' title='bbox 1141 5435 1276 5492; x_wconf 81' lang='lat' dir='ltr'><strong>fidei</strong></span> <span class='ocrx_word' id='word_1_648' title='bbox 1303 5437 1602 5507; x_wconf 88' lang='lat' dir='ltr'><strong>splendore</strong></span> <span class='ocrx_word' id='word_1_649' title='bbox 1635 5440 1964 5509; x_wconf 73' lang='lat' dir='ltr'><strong>coruscans,</strong></span> 
     </span>
    </p>
   </div>
   <div class='ocr_carea' id='block_1_91' title="bbox 433 5518 1891 5598">
    <p class='ocr_par' dir='ltr' id='par_1_91' title="bbox 433 5518 1891 5598">
     <span class='ocr_line' id='line_1_91' title="bbox 433 5518 1891 5598; baseline 0.007 -26"><span class='ocrx_word' id='word_1_650' title='bbox 433 5518 706 5574; x_wconf 71' lang='lat' dir='ltr'><strong>Iaximus</strong></span> <span class='ocrx_word' id='word_1_651' title='bbox 740 5519 987 5591; x_wconf 87' lang='lat' dir='ltr'><strong>imperio</strong></span> <span class='ocrx_word' id='word_1_652' title='bbox 1033 5522 1244 5578; x_wconf 78' lang='lat' dir='ltr'><strong>fruitur</strong></span> <span class='ocrx_word' id='word_1_653' title='bbox 1272 5541 1386 5596; x_wconf 93' lang='lat' dir='ltr'><strong>quo</strong></span> <span class='ocrx_word' id='word_1_654' title='bbox 1424 5542 1667 5598; x_wconf 89' lang='lat' dir='ltr'><strong>prosper</strong></span> <span class='ocrx_word' id='word_1_655' title='bbox 1695 5528 1845 5582; x_wconf 87' lang='lat' dir='ltr'><strong>avito</strong></span> <span class='ocrx_word' id='word_1_656' title='bbox 1877 5549 1891 5597; x_wconf 88' lang='lat'><strong>;</strong></span> 
     </span>
    </p>
   </div>
   <div class='ocr_carea' id='block_1_92' title="bbox 2252 3061 3897 3135">
    <p class='ocr_par' dir='ltr' id='par_1_92' title="bbox 2252 3061 3897 3135">
     <span class='ocr_line' id='line_1_92' title="bbox 2252 3061 3897 3135; baseline -0.006 -14"><span class='ocrx_word' id='word_1_657' title='bbox 2252 3067 2380 3121; x_wconf 91' lang='lat' dir='ltr'><strong>dem</strong></span> <span class='ocrx_word' id='word_1_658' title='bbox 2414 3065 2482 3119; x_wconf 90' lang='lat' dir='ltr'><strong>ad</strong></span> <span class='ocrx_word' id='word_1_659' title='bbox 2541 3063 3158 3134; x_wconf 87' lang='lat' dir='ltr'><strong>superabundantiam:</strong></span> <span class='ocrx_word' id='word_1_660' title='bbox 3211 3082 3346 3119; x_wconf 91' lang='lat' dir='ltr'><strong>cum</strong></span> <span class='ocrx_word' id='word_1_661' title='bbox 3379 3073 3496 3119; x_wconf 89' lang='lat' dir='ltr'><strong>tota</strong></span> <span class='ocrx_word' id='word_1_662' title='bbox 3533 3081 3718 3135; x_wconf 83' lang='lat' dir='ltr'><strong>grece</strong></span> <span class='ocrx_word' id='word_1_663' title='bbox 3744 3061 3897 3118; x_wconf 86' lang='lat' dir='ltr'><strong>Crucis</strong></span> 
     </span>
    </p>
   </div>
   <div class='ocr_carea' id='block_1_93' title="bbox 2251 3150 3898 3225">
    <p class='ocr_par' dir='ltr' id='par_1_93' title="bbox 2251 3150 3898 3225">
     <span class='ocr_line' id='line_1_93' title="bbox 2251 3150 3898 3225; baseline -0.002 -20"><span class='ocrx_word' id='word_1_664' title='bbox 2251 3159 2499 3207; x_wconf 82' lang='lat' dir='ltr'><strong>vetustas</strong></span> <span class='ocrx_word' id='word_1_665' title='bbox 2530 3152 2797 3216; x_wconf 89' lang='lat' dir='ltr'><strong>salvetur,</strong></span> <span class='ocrx_word' id='word_1_666' title='bbox 2838 3152 3064 3206; x_wconf 87' lang='lat' dir='ltr'><strong>tametsi</strong></span> <span class='ocrx_word' id='word_1_667' title='bbox 3095 3152 3271 3206; x_wconf 88' lang='lat' dir='ltr'><strong>latina</strong></span> <span class='ocrx_word' id='word_1_668' title='bbox 3317 3154 3606 3225; x_wconf 89' lang='lat' dir='ltr'><strong>inscriptio</strong></span> <span class='ocrx_word' id='word_1_669' title='bbox 3663 3150 3898 3222; x_wconf 84' lang='lat' dir='ltr'><strong>adjeclitia</strong></span> 
     </span>
    </p>
   </div>
   <div class='ocr_carea' id='block_1_94' title="bbox 2246 3240 3894 3312">
    <p class='ocr_par' dir='ltr' id='par_1_94' title="bbox 2246 3240 3894 3312">
     <span class='ocr_line' id='line_1_94' title="bbox 2246 3240 3894 3312; baseline -0.004 -17"><span class='ocrx_word' id='word_1_670' title='bbox 2246 3259 2367 3296; x_wconf 91' lang='lat' dir='ltr'><strong>esse</strong></span> <span class='ocrx_word' id='word_1_671' title='bbox 2399 3247 2773 3312; x_wconf 90' lang='lat' dir='ltr'><strong>supponatur.</strong></span> <span class='ocrx_word' id='word_1_672' title='bbox 2808 3241 2882 3293; x_wconf 90' lang='lat' dir='ltr'><strong>De</strong></span> <span class='ocrx_word' id='word_1_673' title='bbox 2923 3240 3160 3294; x_wconf 90' lang='lat' dir='ltr'><strong>adversa</strong></span> <span class='ocrx_word' id='word_1_674' title='bbox 3185 3242 3386 3296; x_wconf 91' lang='lat' dir='ltr'><strong>Crucis</strong></span> <span class='ocrx_word' id='word_1_675' title='bbox 3439 3249 3598 3312; x_wconf 84' lang='lat' dir='ltr'><strong>parte</strong></span> <span class='ocrx_word' id='word_1_676' title='bbox 3625 3241 3676 3294; x_wconf 91' lang='lat' dir='ltr'><strong>id</strong></span> <span class='ocrx_word' id='word_1_677' title='bbox 3707 3253 3894 3293; x_wconf 82' lang='lat' dir='ltr'><strong>monere</strong></span> 
     </span>
    </p>
   </div>
   <div class='ocr_carea' id='block_1_95' title="bbox 2246 3326 3894 3402">
    <p class='ocr_par' dir='ltr' id='par_1_95' title="bbox 2246 3326 3894 3402">
     <span class='ocr_line' id='line_1_95' title="bbox 2246 3326 3894 3402; baseline -0.002 -19"><span class='ocrx_word' id='word_1_678' title='bbox 2246 3330 2508 3394; x_wconf 85' lang='lat' dir='ltr'><strong>sufficiat,</strong></span> <span class='ocrx_word' id='word_1_679' title='bbox 2560 3328 2958 3398; x_wconf 88' lang='lat' dir='ltr'><strong>representari</strong></span> <span class='ocrx_word' id='word_1_680' title='bbox 3007 3327 3135 3382; x_wconf 89' lang='lat' dir='ltr'><strong>istic</strong></span> <span class='ocrx_word' id='word_1_681' title='bbox 3180 3329 3283 3382; x_wconf 88' lang='lat' dir='ltr'><strong>sub</strong></span> <span class='ocrx_word' id='word_1_682' title='bbox 3339 3334 3500 3402; x_wconf 78' lang='lat' dir='ltr'><strong>Agno</strong></span> <span class='ocrx_word' id='word_1_683' title='bbox 3535 3329 3650 3395; x_wconf 87' lang='lat' dir='ltr'><strong>Dei,</strong></span> <span class='ocrx_word' id='word_1_684' title='bbox 3681 3329 3758 3382; x_wconf 92' lang='lat' dir='ltr'><strong>cui</strong></span> <span class='ocrx_word' id='word_1_685' title='bbox 3786 3326 3894 3381; x_wconf 87' lang='lat' dir='ltr'><strong>insi-</strong></span> 
     </span>
    </p>
   </div>
   <div class='ocr_carea' id='block_1_96' title="bbox 2241 3416 3892 3482">
    <p class='ocr_par' dir='ltr' id='par_1_96' title="bbox 2241 3416 3892 3482">
     <span class='ocr_line' id='line_1_96' title="bbox 2241 3416 3892 3482; baseline -0.003 -11"><span class='ocrx_word' id='word_1_686' title='bbox 2241 3420 2340 3473; x_wconf 90' lang='lat' dir='ltr'><strong>stit</strong></span> <span class='ocrx_word' id='word_1_687' title='bbox 2367 3424 2552 3472; x_wconf 89' lang='lat' dir='ltr'><strong>statua</strong></span> <span class='ocrx_word' id='word_1_688' title='bbox 2589 3417 2694 3470; x_wconf 89' lang='lat' dir='ltr'><strong>sub</strong></span> <span class='ocrx_word' id='word_1_689' title='bbox 2727 3416 2908 3469; x_wconf 88' lang='lat' dir='ltr'><strong>littera</strong></span> <span class='ocrx_word' id='word_1_690' title='bbox 2958 3416 3018 3482; x_wconf 86' lang='lat' dir='ltr'><strong>F,</strong></span> <span class='ocrx_word' id='word_1_691' title='bbox 3049 3416 3103 3471; x_wconf 93' lang='lat' dir='ltr'><strong>S.</strong></span> <span class='ocrx_word' id='word_1_692' title='bbox 3166 3418 3474 3473; x_wconf 82' lang='lat' dir='ltr'><strong>Henricum</strong></span> <span class='ocrx_word' id='word_1_693' title='bbox 3522 3423 3744 3472; x_wconf 86' lang='lat' dir='ltr'><strong>stantem</strong></span> <span class='ocrx_word' id='word_1_694' title='bbox 3773 3430 3892 3478; x_wconf 69' lang='lat' dir='ltr'><strong>cum</strong></span> 
     </span>
    </p>
   </div>
   <div class='ocr_carea' id='block_1_97' title="bbox 2239 3505 3894 3578">
    <p class='ocr_par' dir='ltr' id='par_1_97' title="bbox 2239 3505 3894 3578">
     <span class='ocr_line' id='line_1_97' title="bbox 2239 3505 3894 3578; baseline -0.004 -17"><span class='ocrx_word' id='word_1_695' title='bbox 2239 3509 2408 3562; x_wconf 87' lang='lat' dir='ltr'><strong>titulo</strong></span> <span class='ocrx_word' id='word_1_696' title='bbox 2467 3507 2824 3576; x_wconf 75' lang='lat' dir='ltr'><strong>Imperatoris</strong></span> <span class='ocrx_word' id='word_1_697' title='bbox 2874 3507 3128 3570; x_wconf 70' lang='lat' dir='ltr'><strong>Augusti</strong></span> <span class='ocrx_word' id='word_1_698' title='bbox 3181 3505 3338 3560; x_wconf 90' lang='lat' dir='ltr'><strong>inter</strong></span> <span class='ocrx_word' id='word_1_699' title='bbox 3385 3507 3646 3578; x_wconf 81' lang='lat' dir='ltr'><strong>.symbola</strong></span> <span class='ocrx_word' id='word_1_700' title='bbox 3691 3510 3894 3575; x_wconf 87' lang='lat' dir='ltr'><strong>quatuor</strong></span> 
     </span>
    </p>
   </div>
   <div class='ocr_carea' id='block_1_98' title="bbox 2242 3592 3890 3666">
    <p class='ocr_par' dir='ltr' id='par_1_98' title="bbox 2242 3592 3890 3666">
     <span class='ocr_line' id='line_1_98' title="bbox 2242 3592 3890 3666; baseline -0.005 -16"><span class='ocrx_word' id='word_1_701' title='bbox 2242 3593 2781 3665; x_wconf 87' lang='lat' dir='ltr'><strong>Evangelistarum:</strong></span> <span class='ocrx_word' id='word_1_702' title='bbox 2837 3607 2966 3662; x_wconf 78' lang='lat' dir='ltr'><strong>que</strong></span> <span class='ocrx_word' id='word_1_703' title='bbox 3025 3592 3311 3662; x_wconf 88' lang='lat' dir='ltr'><strong>posterius</strong></span> <span class='ocrx_word' id='word_1_704' title='bbox 3378 3595 3728 3666; x_wconf 89' lang='lat' dir='ltr'><strong>superaddita</strong></span> <span class='ocrx_word' id='word_1_705' title='bbox 3776 3606 3890 3654; x_wconf 81' lang='lat' dir='ltr'><strong>esse,</strong></span> 
     </span>
    </p>
   </div>
   <div class='ocr_carea' id='block_1_99' title="bbox 2240 3679 3892 3752">
    <p class='ocr_par' dir='ltr' id='par_1_99' title="bbox 2240 3679 3892 3752">
     <span class='ocr_line' id='line_1_99' title="bbox 2240 3679 3892 3752; baseline -0.004 -15"><span class='ocrx_word' id='word_1_706' title='bbox 2240 3683 2684 3752; x_wconf 88' lang='lat' dir='ltr'><strong>Bambergenses</strong></span> <span class='ocrx_word' id='word_1_707' title='bbox 2739 3679 2869 3751; x_wconf 90' lang='lat' dir='ltr'><strong>ipsi,</strong></span> <span class='ocrx_word' id='word_1_708' title='bbox 2928 3679 3039 3734; x_wconf 88' lang='lat' dir='ltr'><strong>nisi</strong></span> <span class='ocrx_word' id='word_1_709' title='bbox 3097 3683 3473 3738; x_wconf 88' lang='lat' dir='ltr'><strong>vehementer</strong></span> <span class='ocrx_word' id='word_1_710' title='bbox 3546 3683 3718 3749; x_wconf 88' lang='lat' dir='ltr'><strong>fallor,</strong></span> <span class='ocrx_word' id='word_1_711' title='bbox 3764 3679 3892 3734; x_wconf 81' lang='lat' dir='ltr'><strong>facile</strong></span> 
     </span>
    </p>
   </div>
   <div class='ocr_carea' id='block_1_100' title="bbox 2234 3770 2592 3826">
    <p class='ocr_par' dir='ltr' id='par_1_100' title="bbox 2234 3770 2592 3826">
     <span class='ocr_line' id='line_1_100' title="bbox 2234 3770 2592 3826; baseline -0.008 -1"><span class='ocrx_word' id='word_1_712' title='bbox 2234 3770 2592 3826; x_wconf 90' lang='lat' dir='ltr'><strong>concesserit.</strong></span> 
     </span>
    </p>
   </div>
   <div class='ocr_carea' id='block_1_101' title="bbox 2303 3855 3888 3928">
    <p class='ocr_par' dir='ltr' id='par_1_101' title="bbox 2303 3855 3888 3928">
     <span class='ocr_line' id='line_1_101' title="bbox 2303 3855 3888 3928; baseline -0.006 -13"><span class='ocrx_word' id='word_1_713' title='bbox 2303 3863 2390 3914; x_wconf 89' lang='lat'><strong>86.</strong></span> <span class='ocrx_word' id='word_1_714' title='bbox 2423 3859 2754 3928; x_wconf 84' lang='lat' dir='ltr'><strong>Suspicatur</strong></span> <span class='ocrx_word' id='word_1_715' title='bbox 2793 3872 2909 3910; x_wconf 90' lang='lat' dir='ltr'><strong>non</strong></span> <span class='ocrx_word' id='word_1_716' title='bbox 2968 3873 3136 3912; x_wconf 89' lang='lat' dir='ltr'><strong>nemo</strong></span> <span class='ocrx_word' id='word_1_717' title='bbox 3193 3859 3389 3914; x_wconf 88' lang='lat' dir='ltr'><strong>Crucis</strong></span> <span class='ocrx_word' id='word_1_718' title='bbox 3442 3860 3605 3914; x_wconf 88' lang='lat' dir='ltr'><strong>istius</strong></span> <span class='ocrx_word' id='word_1_719' title='bbox 3657 3855 3888 3912; x_wconf 82' lang='lat' dir='ltr'><strong>artiﬁcem</strong></span> 
     </span>
    </p>
   </div>
   <div class='ocr_carea' id='block_1_102' title="bbox 2231 3942 3886 4018">
    <p class='ocr_par' dir='ltr' id='par_1_102' title="bbox 2231 3942 3886 4018">
     <span class='ocr_line' id='line_1_102' title="bbox 2231 3942 3886 4018; baseline -0.005 -16"><span class='ocrx_word' id='word_1_720' title='bbox 2231 3954 2287 4002; x_wconf 91' lang='lat' dir='ltr'><strong>et</strong></span> <span class='ocrx_word' id='word_1_721' title='bbox 2348 3947 2677 4018; x_wconf 88' lang='lat' dir='ltr'><strong>imperitum</strong></span> <span class='ocrx_word' id='word_1_722' title='bbox 2725 3945 2897 3999; x_wconf 86' lang='lat' dir='ltr'><strong>fuisse</strong></span> <span class='ocrx_word' id='word_1_723' title='bbox 2941 3945 3000 3999; x_wconf 91' lang='lat' dir='ltr'><strong>in</strong></span> <span class='ocrx_word' id='word_1_724' title='bbox 3053 3947 3254 4017; x_wconf 83' lang='lat' dir='ltr'><strong>grecis</strong></span> <span class='ocrx_word' id='word_1_725' title='bbox 3313 3955 3464 4002; x_wconf 88' lang='lat' dir='ltr'><strong>recte</strong></span> <span class='ocrx_word' id='word_1_726' title='bbox 3529 3942 3886 4018; x_wconf 79' lang='lat' dir='ltr'><strong>exprimendis,</strong></span> 
     </span>
    </p>
   </div>
   <div class='ocr_carea' id='block_1_103' title="bbox 2228 4030 3887 4108">
    <p class='ocr_par' dir='ltr' id='par_1_103' title="bbox 2228 4030 3887 4108">
     <span class='ocr_line' id='line_1_103' title="bbox 2228 4030 3887 4108; baseline -0.007 -17"><span class='ocrx_word' id='word_1_727' title='bbox 2228 4037 2364 4091; x_wconf 90' lang='lat' dir='ltr'><strong>dum</strong></span> <span class='ocrx_word' id='word_1_728' title='bbox 2394 4053 2496 4107; x_wconf 90' lang='lat' dir='ltr'><strong>pro</strong></span> <span class='ocrx_word' id='word_1_729' title='bbox 2530 4039 2698 4098; x_wconf 73' lang='lat' dir='ltr'><strong>YIOC,</strong></span> <span class='ocrx_word' id='word_1_730' title='bbox 2735 4039 2931 4092; x_wconf 89' lang='lat' dir='ltr'><strong>scribit</strong></span> <span class='ocrx_word' id='word_1_731' title='bbox 2986 4038 3133 4092; x_wconf 69' lang='lat' dir='ltr'><strong>YOC,</strong></span> <span class='ocrx_word' id='word_1_732' title='bbox 3195 4055 3302 4108; x_wconf 90' lang='lat' dir='ltr'><strong>pro</strong></span> <span class='ocrx_word' id='word_1_733' title='bbox 3362 4041 3727 4092; x_wconf 65' lang='lat' dir='ltr'><strong>NIKOAAOC.</strong></span> <span class='ocrx_word' id='word_1_734' title='bbox 3758 4030 3887 4104; x_wconf 90' lang='lat' dir='ltr'><strong>ponit</strong></span> 
     </span>
    </p>
   </div>
   <div class='ocr_carea' id='block_1_104' title="bbox 2226 4119 3884 4194">
    <p class='ocr_par' dir='ltr' id='par_1_104' title="bbox 2226 4119 3884 4194">
     <span class='ocr_line' id='line_1_104' title="bbox 2226 4119 3884 4194; baseline 0.001 -20"><span class='ocrx_word' id='word_1_735' title='bbox 2226 4127 2592 4182; x_wconf 78' lang='lat' dir='ltr'><strong>NIKOAAOC.</strong></span> <span class='ocrx_word' id='word_1_736' title='bbox 2623 4133 2680 4180; x_wconf 90' lang='lat' dir='ltr'><strong>et</strong></span> <span class='ocrx_word' id='word_1_737' title='bbox 2709 4127 2853 4182; x_wconf 87' lang='lat' dir='ltr'><strong>forte</strong></span> <span class='ocrx_word' id='word_1_738' title='bbox 2871 4143 2984 4181; x_wconf 93' lang='lat' dir='ltr'><strong>non</strong></span> <span class='ocrx_word' id='word_1_739' title='bbox 3013 4127 3148 4180; x_wconf 89' lang='lat' dir='ltr'><strong>satis</strong></span> <span class='ocrx_word' id='word_1_740' title='bbox 3207 4126 3622 4192; x_wconf 88' lang='lat' dir='ltr'><strong>Christianum,</strong></span> <span class='ocrx_word' id='word_1_741' title='bbox 3672 4124 3760 4194; x_wconf 90' lang='lat' dir='ltr'><strong>qui</strong></span> <span class='ocrx_word' id='word_1_742' title='bbox 3803 4119 3884 4172; x_wconf 86' lang='lat' dir='ltr'><strong>sub</strong></span> 
     </span>
    </p>
   </div>
   <div class='ocr_carea' id='block_1_105' title="bbox 2226 4212 3882 4286">
    <p class='ocr_par' dir='ltr' id='par_1_105' title="bbox 2226 4212 3882 4286">
     <span class='ocr_line' id='line_1_105' title="bbox 2226 4212 3882 4286; baseline -0.004 -19"><span class='ocrx_word' id='word_1_743' title='bbox 2226 4215 2475 4284; x_wconf 90' lang='lat' dir='ltr'><strong>speciosa</strong></span> <span class='ocrx_word' id='word_1_744' title='bbox 2505 4215 2804 4285; x_wconf 83' lang='lat' dir='ltr'><strong>religionis</strong></span> <span class='ocrx_word' id='word_1_745' title='bbox 2836 4217 3010 4279; x_wconf 86' lang='lat' dir='ltr'><strong>larva,</strong></span> <span class='ocrx_word' id='word_1_746' title='bbox 3069 4231 3184 4270; x_wconf 91' lang='lat' dir='ltr'><strong>non</strong></span> <span class='ocrx_word' id='word_1_747' title='bbox 3229 4217 3377 4271; x_wconf 88' lang='lat' dir='ltr'><strong>nihil</strong></span> <span class='ocrx_word' id='word_1_748' title='bbox 3421 4216 3584 4286; x_wconf 87' lang='lat' dir='ltr'><strong>impii</strong></span> <span class='ocrx_word' id='word_1_749' title='bbox 3638 4212 3882 4268; x_wconf 70' lang='lat' dir='ltr'><strong>involvere</strong></span> 
     </span>
    </p>
   </div>
   <div class='ocr_carea' id='block_1_106' title="bbox 2221 4298 3883 4375">
    <p class='ocr_par' dir='ltr' id='par_1_106' title="bbox 2221 4298 3883 4375">
     <span class='ocr_line' id='line_1_106' title="bbox 2221 4298 3883 4375; baseline -0.002 -20"><span class='ocrx_word' id='word_1_750' title='bbox 2221 4302 2484 4369; x_wconf 89' lang='lat' dir='ltr'><strong>voluerit,</strong></span> <span class='ocrx_word' id='word_1_751' title='bbox 2517 4303 2856 4358; x_wconf 87' lang='lat' dir='ltr'><strong>Sanctorum</strong></span> <span class='ocrx_word' id='word_1_752' title='bbox 2891 4306 3111 4375; x_wconf 77' lang='lat' dir='ltr'><strong>effigies</strong></span> <span class='ocrx_word' id='word_1_753' title='bbox 3159 4305 3416 4360; x_wconf 85' lang='lat' dir='ltr'><strong>referens</strong></span> <span class='ocrx_word' id='word_1_754' title='bbox 3471 4309 3679 4375; x_wconf 90' lang='lat' dir='ltr'><strong>absque</strong></span> <span class='ocrx_word' id='word_1_755' title='bbox 3709 4298 3883 4373; x_wconf 76' lang='lat' dir='ltr'><strong>previa</strong></span> 
     </span>
    </p>
   </div>
   <div class='ocr_carea' id='block_1_107' title="bbox 2217 4385 3881 4464">
    <p class='ocr_par' dir='ltr' id='par_1_107' title="bbox 2217 4385 3881 4464">
     <span class='ocr_line' id='line_1_107' title="bbox 2217 4385 3881 4464; baseline -0.005 -20"><span class='ocrx_word' id='word_1_756' title='bbox 2217 4390 2508 4444; x_wconf 88' lang='lat' dir='ltr'><strong>tritissima</strong></span> <span class='ocrx_word' id='word_1_757' title='bbox 2535 4390 2780 4446; x_wconf 90' lang='lat' dir='ltr'><strong>formula</strong></span> <span class='ocrx_word' id='word_1_758' title='bbox 2809 4394 2834 4444; x_wconf 86' lang='grc' dir='ltr'><strong><em>ὁ</em></strong></span> <span class='ocrx_word' id='word_1_759' title='bbox 2864 4396 2974 4460; x_wconf 82' lang='grc' dir='ltr'>ΑΓ,</span> <span class='ocrx_word' id='word_1_760' title='bbox 3029 4394 3180 4464; x_wconf 90' lang='lat' dir='ltr'><strong>quod</strong></span> <span class='ocrx_word' id='word_1_761' title='bbox 3208 4395 3418 4449; x_wconf 88' lang='lat' dir='ltr'><strong>Grecis</strong></span> <span class='ocrx_word' id='word_1_762' title='bbox 3473 4391 3787 4450; x_wconf 76' lang='lat' dir='ltr'><strong>Christianis</strong></span> <span class='ocrx_word' id='word_1_763' title='bbox 3812 4385 3881 4438; x_wconf 86' lang='lat' dir='ltr'><strong>in-</strong></span> 
     </span>
    </p>
   </div>
   <div class='ocr_carea' id='block_1_108' title="bbox 2213 4475 3883 4554">
    <p class='ocr_par' dir='ltr' id='par_1_108' title="bbox 2213 4475 3883 4554">
     <span class='ocr_line' id='line_1_108' title="bbox 2213 4475 3883 4554; baseline -0.001 -24"><span class='ocrx_word' id='word_1_764' title='bbox 2213 4479 2443 4532; x_wconf 91' lang='lat' dir='ltr'><strong>solitum</strong></span> <span class='ocrx_word' id='word_1_765' title='bbox 2476 4495 2598 4531; x_wconf 81' lang='lat' dir='ltr'><strong>esse</strong></span> <span class='ocrx_word' id='word_1_766' title='bbox 2655 4482 2962 4535; x_wconf 89' lang='lat' dir='ltr'><strong>contendit.</strong></span> <span class='ocrx_word' id='word_1_767' title='bbox 3014 4482 3185 4552; x_wconf 85' lang='lat' dir='ltr'><strong>Magis</strong></span> <span class='ocrx_word' id='word_1_768' title='bbox 3238 4483 3291 4536; x_wconf 91' lang='lat' dir='ltr'><strong>ei</strong></span> <span class='ocrx_word' id='word_1_769' title='bbox 3343 4485 3608 4554; x_wconf 84' lang='lat' dir='ltr'><strong>displicet</strong></span> <span class='ocrx_word' id='word_1_770' title='bbox 3659 4475 3883 4533; x_wconf 78' lang='lat' dir='ltr'><strong>icuncula</strong></span> 
     </span>
    </p>
   </div>
   <div class='ocr_carea' id='block_1_109' title="bbox 2213 4563 3881 4642">
    <p class='ocr_par' dir='ltr' id='par_1_109' title="bbox 2213 4563 3881 4642">
     <span class='ocr_line' id='line_1_109' title="bbox 2213 4563 3881 4642; baseline -0.001 -24"><span class='ocrx_word' id='word_1_771' title='bbox 2213 4565 2269 4619; x_wconf 95' lang='lat' dir='ltr'><strong>in</strong></span> <span class='ocrx_word' id='word_1_772' title='bbox 2301 4567 2498 4620; x_wconf 88' lang='lat' dir='ltr'><strong>dextro</strong></span> <span class='ocrx_word' id='word_1_773' title='bbox 2532 4568 2724 4621; x_wconf 81' lang='lat' dir='ltr'><strong>Crucis</strong></span> <span class='ocrx_word' id='word_1_774' title='bbox 2750 4569 2944 4636; x_wconf 88' lang='lat' dir='ltr'><strong>latere,</strong></span> <span class='ocrx_word' id='word_1_775' title='bbox 2975 4574 3138 4640; x_wconf 85' lang='lat' dir='ltr'><strong>cujus</strong></span> <span class='ocrx_word' id='word_1_776' title='bbox 3169 4573 3470 4642; x_wconf 90' lang='lat' dir='ltr'><strong>inscriptio</strong></span> <span class='ocrx_word' id='word_1_777' title='bbox 3502 4574 3748 4626; x_wconf 88' lang='lat' dir='ltr'><strong>accurate</strong></span> <span class='ocrx_word' id='word_1_778' title='bbox 3775 4563 3881 4620; x_wconf 87' lang='lat' dir='ltr'><strong>red-</strong></span> 
     </span>
    </p>
   </div>
   <div class='ocr_carea' id='block_1_110' title="bbox 2207 4654 3880 4726">
    <p class='ocr_par' dir='ltr' id='par_1_110' title="bbox 2207 4654 3880 4726">
     <span class='ocr_line' id='line_1_110' title="bbox 2207 4654 3880 4726; baseline 0.004 -18"><span class='ocrx_word' id='word_1_779' title='bbox 2207 4654 2362 4708; x_wconf 87' lang='lat' dir='ltr'><strong>ditur</strong></span> <span class='ocrx_word' id='word_1_780' title='bbox 2389 4654 2448 4709; x_wconf 93' lang='lat' dir='ltr'><strong>in</strong></span> <span class='ocrx_word' id='word_1_781' title='bbox 2481 4656 2904 4726; x_wconf 90' lang='lat' dir='ltr'><strong>Schugentiana</strong></span> <span class='ocrx_word' id='word_1_782' title='bbox 2953 4659 3336 4714; x_wconf 88' lang='lat' dir='ltr'><strong>delineatione</strong></span> <span class='ocrx_word' id='word_1_783' title='bbox 3365 4667 3408 4712; x_wconf 92' lang='grc' dir='ltr'>Ο</span> <span class='ocrx_word' id='word_1_784' title='bbox 3440 4663 3512 4714; x_wconf 80' lang='grc' dir='ltr'><em>θῶ</em></span> <span class='ocrx_word' id='word_1_785' title='bbox 3544 4665 3751 4722; x_wconf 82' lang='lat' dir='ltr'><strong>All&quot;OC,</strong></span> <span class='ocrx_word' id='word_1_786' title='bbox 3782 4657 3880 4724; x_wconf 60' lang='lat' dir='ltr'><strong>(ei-</strong></span> 
     </span>
    </p>
   </div>
   <div class='ocr_carea' id='block_1_111' title="bbox 2207 4742 3878 4818">
    <p class='ocr_par' dir='ltr' id='par_1_111' title="bbox 2207 4742 3878 4818">
     <span class='ocr_line' id='line_1_111' title="bbox 2207 4742 3878 4818; baseline -0.001 -24"><span class='ocrx_word' id='word_1_787' title='bbox 2207 4757 2402 4810; x_wconf 88' lang='lat' dir='ltr'><strong>presso</strong></span> <span class='ocrx_word' id='word_1_788' title='bbox 2427 4760 2456 4795; x_wconf 82' lang='lat' dir='ltr'><strong>i.</strong></span> <span class='ocrx_word' id='word_1_789' title='bbox 2484 4748 2638 4813; x_wconf 81' lang='lat' dir='ltr'><strong>proI‘</strong></span> <span class='ocrx_word' id='word_1_790' title='bbox 2663 4749 2718 4797; x_wconf 90' lang='lat' dir='ltr'><strong>et</strong></span> <span class='ocrx_word' id='word_1_791' title='bbox 2744 4744 2922 4798; x_wconf 85' lang='lat' dir='ltr'><strong>ferme</strong></span> <span class='ocrx_word' id='word_1_792' title='bbox 2953 4761 2984 4799; x_wconf 87' lang='lat' dir='ltr'><strong>u</strong></span> <span class='ocrx_word' id='word_1_793' title='bbox 3015 4763 3116 4816; x_wconf 92' lang='lat' dir='ltr'><strong>pro</strong></span> <span class='ocrx_word' id='word_1_794' title='bbox 3149 4747 3213 4814; x_wconf 91' lang='lat' dir='ltr'><strong>C)</strong></span> <span class='ocrx_word' id='word_1_795' title='bbox 3244 4747 3400 4817; x_wconf 90' lang='lat' dir='ltr'><strong>quod</strong></span> <span class='ocrx_word' id='word_1_796' title='bbox 3452 4748 3726 4818; x_wconf 86' lang='lat' dir='ltr'><strong>explicata</strong></span> <span class='ocrx_word' id='word_1_797' title='bbox 3754 4742 3878 4796; x_wconf 84' lang='lat' dir='ltr'><strong>diffi-</strong></span> 
     </span>
    </p>
   </div>
   <div class='ocr_carea' id='block_1_112' title="bbox 2203 4829 3880 4905">
    <p class='ocr_par' dir='ltr' id='par_1_112' title="bbox 2203 4829 3880 4905">
     <span class='ocr_line' id='line_1_112' title="bbox 2203 4829 3880 4905; baseline 0.001 -22"><span class='ocrx_word' id='word_1_798' title='bbox 2203 4829 2483 4885; x_wconf 93' lang='lat' dir='ltr'><strong>cillimum</strong></span> <span class='ocrx_word' id='word_1_799' title='bbox 2501 4837 2608 4894; x_wconf 88' lang='lat' dir='ltr'><strong>est,</strong></span> <span class='ocrx_word' id='word_1_800' title='bbox 2625 4831 2741 4885; x_wconf 89' lang='lat' dir='ltr'><strong>sive</strong></span> <span class='ocrx_word' id='word_1_801' title='bbox 2765 4833 2836 4883; x_wconf 85' lang='grc' dir='ltr'><em>θῶ</em></span> <span class='ocrx_word' id='word_1_802' title='bbox 2848 4834 3163 4905; x_wconf 87' lang='lat' dir='ltr'><strong>conjungas</strong></span> <span class='ocrx_word' id='word_1_803' title='bbox 3192 4851 3322 4888; x_wconf 91' lang='lat' dir='ltr'><strong>cum</strong></span> <span class='ocrx_word' id='word_1_804' title='bbox 3346 4839 3569 4903; x_wconf 84' lang='lat' dir='ltr'><strong>AII‘OC,</strong></span> <span class='ocrx_word' id='word_1_805' title='bbox 3604 4835 3713 4886; x_wconf 87' lang='lat' dir='ltr'><strong>sive</strong></span> <span class='ocrx_word' id='word_1_806' title='bbox 3730 4830 3880 4885; x_wconf 79' lang='lat' dir='ltr'><strong>diver-</strong></span> 
     </span>
    </p>
   </div>
   <div class='ocr_carea' id='block_1_113' title="bbox 2201 4915 3874 4993">
    <p class='ocr_par' dir='ltr' id='par_1_113' title="bbox 2201 4915 3874 4993">
     <span class='ocr_line' id='line_1_113' title="bbox 2201 4915 3874 4993; baseline 0.001 -25"><span class='ocrx_word' id='word_1_807' title='bbox 2201 4933 2290 4971; x_wconf 91' lang='lat' dir='ltr'><strong>sas</strong></span> <span class='ocrx_word' id='word_1_808' title='bbox 2343 4933 2508 4972; x_wconf 90' lang='lat' dir='ltr'><strong>voces</strong></span> <span class='ocrx_word' id='word_1_809' title='bbox 2554 4918 2936 4974; x_wconf 80' lang='lat' dir='ltr'><strong>efformandas</strong></span> <span class='ocrx_word' id='word_1_810' title='bbox 2995 4937 3244 4976; x_wconf 89' lang='lat' dir='ltr'><strong>censeas.</strong></span> <span class='ocrx_word' id='word_1_811' title='bbox 3289 4924 3346 4978; x_wconf 90' lang='lat' dir='ltr'><strong>Si</strong></span> <span class='ocrx_word' id='word_1_812' title='bbox 3379 4920 3752 4993; x_wconf 88' lang='lat' dir='ltr'><strong>conjunxeris,</strong></span> <span class='ocrx_word' id='word_1_813' title='bbox 3805 4915 3874 4969; x_wconf 87' lang='lat' dir='ltr'><strong>ni-</strong></span> 
     </span>
    </p>
   </div>
   <div class='ocr_carea' id='block_1_114' title="bbox 2199 5003 3878 5078">
    <p class='ocr_par' dir='ltr' id='par_1_114' title="bbox 2199 5003 3878 5078">
     <span class='ocr_line' id='line_1_114' title="bbox 2199 5003 3878 5078; baseline 0.002 -21"><span class='ocrx_word' id='word_1_814' title='bbox 2199 5003 2278 5058; x_wconf 89' lang='lat' dir='ltr'><strong>hil</strong></span> <span class='ocrx_word' id='word_1_815' title='bbox 2310 5004 2658 5075; x_wconf 88' lang='lat' dir='ltr'><strong>significabit</strong></span> <span class='ocrx_word' id='word_1_816' title='bbox 2692 5007 3073 5074; x_wconf 88' lang='lat' dir='ltr'><strong>;sidiviseris,</strong></span> <span class='ocrx_word' id='word_1_817' title='bbox 3105 5009 3316 5078; x_wconf 90' lang='lat' dir='ltr'><strong>poterit</strong></span> <span class='ocrx_word' id='word_1_818' title='bbox 3346 5014 3571 5078; x_wconf 80' lang='lat' dir='ltr'><strong>AII‘OC,</strong></span> <span class='ocrx_word' id='word_1_819' title='bbox 3610 5006 3774 5077; x_wconf 90' lang='lat' dir='ltr'><strong>accipi</strong></span> <span class='ocrx_word' id='word_1_820' title='bbox 3794 5018 3878 5074; x_wconf 85' lang='lat' dir='ltr'><strong>pro</strong></span> 
     </span>
    </p>
   </div>
   <div class='ocr_carea' id='block_1_115' title="bbox 2199 5091 3876 5167">
    <p class='ocr_par' dir='ltr' id='par_1_115' title="bbox 2199 5091 3876 5167">
     <span class='ocr_line' id='line_1_115' title="bbox 2199 5091 3876 5167; baseline 0.001 -25"><span class='ocrx_word' id='word_1_821' title='bbox 2199 5096 2464 5160; x_wconf 79' lang='lat' dir='ltr'><strong>AOII‘OC,</strong></span> <span class='ocrx_word' id='word_1_822' title='bbox 2499 5110 2628 5164; x_wconf 85' lang='lat' dir='ltr'><strong>que</strong></span> <span class='ocrx_word' id='word_1_823' title='bbox 2658 5096 3127 5165; x_wconf 89' lang='lat' dir='ltr'><strong>pronuntiatione</strong></span> <span class='ocrx_word' id='word_1_824' title='bbox 3158 5099 3534 5165; x_wconf 87' lang='lat' dir='ltr'><strong>conveniunt,</strong></span> <span class='ocrx_word' id='word_1_825' title='bbox 3557 5105 3782 5167; x_wconf 88' lang='lat' dir='ltr'><strong>tumque</strong></span> <span class='ocrx_word' id='word_1_826' title='bbox 3809 5091 3876 5144; x_wconf 87' lang='lat' dir='ltr'><strong>iu-</strong></span> 
     </span>
    </p>
   </div>
   <div class='ocr_carea' id='block_1_116' title="bbox 2195 5179 3875 5257">
    <p class='ocr_par' dir='ltr' id='par_1_116' title="bbox 2195 5179 3875 5257">
     <span class='ocr_line' id='line_1_116' title="bbox 2195 5179 3875 5257; baseline 0.002 -25"><span class='ocrx_word' id='word_1_827' title='bbox 2195 5179 2418 5250; x_wconf 89' lang='lat' dir='ltr'><strong>signem</strong></span> <span class='ocrx_word' id='word_1_828' title='bbox 2457 5183 2874 5253; x_wconf 77' lang='lat' dir='ltr'><strong>blasphemiam</strong></span> <span class='ocrx_word' id='word_1_829' title='bbox 2924 5185 3193 5252; x_wconf 90' lang='lat' dir='ltr'><strong>involvet,</strong></span> <span class='ocrx_word' id='word_1_830' title='bbox 3253 5203 3431 5257; x_wconf 90' lang='lat' dir='ltr'><strong>quam</strong></span> <span class='ocrx_word' id='word_1_831' title='bbox 3489 5187 3579 5240; x_wconf 89' lang='lat' dir='ltr'><strong>hic</strong></span> <span class='ocrx_word' id='word_1_832' title='bbox 3622 5193 3875 5255; x_wconf 79' lang='lat' dir='ltr'><strong>exponere</strong></span> 
     </span>
    </p>
   </div>
   <div class='ocr_carea' id='block_1_117' title="bbox 2193 5269 3873 5346">
    <p class='ocr_par' dir='ltr' id='par_1_117' title="bbox 2193 5269 3873 5346">
     <span class='ocr_line' id='line_1_117' title="bbox 2193 5269 3873 5346; baseline 0.002 -25"><span class='ocrx_word' id='word_1_833' title='bbox 2193 5270 2558 5338; x_wconf 90' lang='lat' dir='ltr'><strong>supersedeo,</strong></span> <span class='ocrx_word' id='word_1_834' title='bbox 2584 5287 2713 5324; x_wconf 91' lang='lat' dir='ltr'><strong>cum</strong></span> <span class='ocrx_word' id='word_1_835' title='bbox 2748 5273 2809 5325; x_wconf 90' lang='lat' dir='ltr'><strong>in</strong></span> <span class='ocrx_word' id='word_1_836' title='bbox 2848 5272 3082 5327; x_wconf 83' lang='lat' dir='ltr'><strong>artificis</strong></span> <span class='ocrx_word' id='word_1_837' title='bbox 3133 5281 3386 5328; x_wconf 87' lang='lat' dir='ltr'><strong>mentem</strong></span> <span class='ocrx_word' id='word_1_838' title='bbox 3440 5287 3750 5346; x_wconf 88' lang='lat' dir='ltr'><strong>numquam</strong></span> <span class='ocrx_word' id='word_1_839' title='bbox 3798 5269 3873 5320; x_wconf 84' lang='lat' dir='ltr'><strong>in-</strong></span> 
     </span>
    </p>
   </div>
   <div class='ocr_carea' id='block_1_118' title="bbox 2191 5357 3870 5436">
    <p class='ocr_par' dir='ltr' id='par_1_118' title="bbox 2191 5357 3870 5436">
     <span class='ocr_line' id='line_1_118' title="bbox 2191 5357 3870 5436; baseline 0.005 -26"><span class='ocrx_word' id='word_1_840' title='bbox 2191 5357 2392 5412; x_wconf 84' lang='lat' dir='ltr'><strong>cidisse</strong></span> <span class='ocrx_word' id='word_1_841' title='bbox 2448 5359 2817 5414; x_wconf 86' lang='lat' dir='ltr'><strong>existimem:</strong></span> <span class='ocrx_word' id='word_1_842' title='bbox 2864 5361 3061 5416; x_wconf 84' lang='lat' dir='ltr'><strong>malim</strong></span> <span class='ocrx_word' id='word_1_843' title='bbox 3120 5362 3308 5434; x_wconf 89' lang='lat' dir='ltr'><strong>ipsum</strong></span> <span class='ocrx_word' id='word_1_844' title='bbox 3363 5363 3671 5436; x_wconf 85' lang='lat' dir='ltr'><strong>imperitie</strong></span> <span class='ocrx_word' id='word_1_845' title='bbox 3722 5371 3870 5431; x_wconf 75' lang='lat' dir='ltr'><strong>quam</strong></span> 
     </span>
    </p>
   </div>
   <div class='ocr_carea' id='block_1_119' title="bbox 2189 5447 3864 5523">
    <p class='ocr_par' dir='ltr' id='par_1_119' title="bbox 2189 5447 3864 5523">
     <span class='ocr_line' id='line_1_119' title="bbox 2189 5447 3864 5523; baseline 0.007 -25"><span class='ocrx_word' id='word_1_846' title='bbox 2189 5447 2443 5500; x_wconf 91' lang='lat' dir='ltr'><strong>enormis</strong></span> <span class='ocrx_word' id='word_1_847' title='bbox 2500 5449 2733 5502; x_wconf 90' lang='lat' dir='ltr'><strong>malitie</strong></span> <span class='ocrx_word' id='word_1_848' title='bbox 2791 5465 3056 5520; x_wconf 87' lang='lat' dir='ltr'><strong>arguere.</strong></span> <span class='ocrx_word' id='word_1_849' title='bbox 3101 5451 3323 5518; x_wconf 78' lang='lat' dir='ltr'><strong>Quidni</strong></span> <span class='ocrx_word' id='word_1_850' title='bbox 3369 5452 3500 5507; x_wconf 90' lang='lat' dir='ltr'><strong>istic</strong></span> <span class='ocrx_word' id='word_1_851' title='bbox 3530 5457 3864 5523; x_wconf 73' lang='lat' dir='ltr'><strong>agnoscatur.</strong></span> 
     </span>
    </p>
   </div>
   <div class='ocr_carea' id='block_1_120' title="bbox 2185 5533 3865 5611">
    <p class='ocr_par' dir='ltr' id='par_1_120' title="bbox 2185 5533 3865 5611">
     <span class='ocr_line' id='line_1_120' title="bbox 2185 5533 3865 5611; baseline -0.001 -22"><span class='ocrx_word' id='word_1_852' title='bbox 2185 5533 2237 5589; x_wconf 89' lang='lat' dir='ltr'><strong>S.</strong></span> <span class='ocrx_word' id='word_1_853' title='bbox 2271 5535 2514 5590; x_wconf 79' lang='lat' dir='ltr'><strong>Joannes</strong></span> <span class='ocrx_word' id='word_1_854' title='bbox 2568 5537 2920 5608; x_wconf 82' lang='lat' dir='ltr'><strong>Evangelista</strong></span> <span class='ocrx_word' id='word_1_855' title='bbox 2977 5539 3048 5590; x_wconf 83' lang='grc' dir='ltr'><strong>θῶ</strong></span> <span class='ocrx_word' id='word_1_856' title='bbox 3107 5545 3346 5609; x_wconf 75' lang='grc' dir='ltr'><strong>ΛΟΓΟΟ,</strong></span> <span class='ocrx_word' id='word_1_857' title='bbox 3397 5541 3520 5611; x_wconf 88' lang='lat' dir='ltr'><strong>jam</strong></span> <span class='ocrx_word' id='word_1_858' title='bbox 3575 5553 3756 5595; x_wconf 82' lang='lat' dir='ltr'><strong>senex.</strong></span> <span class='ocrx_word' id='word_1_859' title='bbox 3791 5541 3865 5589; x_wconf 85' lang='lat' dir='ltr'><strong>ta-</strong></span> 
     </span>
    </p>
   </div>
  </div>
