4016 6202
222 253 325 304 173

1931 253 2103 307 ACTA
2114 290 2126 303 .

3678 267 3776 318 174

205 372 371 428 metsi
404 376 473 425 ut
510 368 733 440 junior
764 367 824 421 in
870 365 1058 420 medio
1098 376 1557 436 repraesentetur
1595 376 1625 428 ?
1672 377 1830 430 Certe
1877 392 1970 428 ve-
2000 378 2045 429 Α
2083 392 2418 446 comparare
2451 380 2721 448 potuerit,
2749 381 2846 434 ubi
2888 386 2969 435 tot
2998 383 3110 436 alia
3157 385 3569 454 pretiosissima
3602 389 3773 456 dona,

200 461 460 515 rosimile
488 459 547 512 id
602 455 803 510 reddit
842 454 1105 508 icuncula
1136 455 1348 511 similis
1375 460 1631 526 ejusdem
1666 464 1853 517 Sancti
1889 479 1955 516 ex

199 551 366 605 theca
397 544 879 616 Evangeliorum,
933 543 1031 597 ubi
1074 544 1276 598 eadem
1328 547 1513 602 ferme
1546 551 1790 605 habetur
1836 552 1958 621 epi-

198 638 443 710 graphe,
494 632 1007 707 quemadmodum
1058 632 1152 685 hic
1202 640 1345 688 satis
1395 638 1547 692 clare
1592 640 1865 710 perspicis
1898 641 1958 692 in

198 725 534 798 grandioris
570 720 852 793 imaginis
882 725 1221 773 assumento
1256 723 1364 776 sub
1413 725 1604 780 littera
1654 729 1711 781 E.
1750 729 1959 781 Demus

198 815 447 885 aliquid,
483 814 751 875 obsecro,
804 808 998 862 saeculi
1049 809 1221 862 istius
1255 812 1521 877 ruditati,
1555 814 1957 884 fateamurque

198 901 693 973 orthographiam
718 912 964 969 grtecam
999 913 1118 949 non
1166 897 1314 951 adeo
1347 900 1623 955 calluisse
1649 902 1953 961 artiﬁcem.

204 1000 267 1047 ut
300 1007 420 1046 non
446 990 584 1044 hinc
612 987 745 1042 inde
788 991 885 1039 aut
924 1001 1162 1039 excessu
1209 991 1308 1038 aut
1355 987 1590 1041 defectu
1646 990 1954 1058 cespitave-

206 1084 279 1133 rit
316 1084 426 1141 :ut
469 1078 648 1132 habes
699 1075 758 1127 in
816 1074 939 1144 ipsa
986 1074 1109 1141 jam
1164 1072 1337 1126 citata
1396 1075 1699 1143 icuncula,
1744 1076 1803 1129 in
1843 1092 1958 1146 qua

205 1169 448 1222 difficile
480 1172 568 1218 est
597 1162 840 1235 syllabas
872 1166 1019 1215 recte
1050 1167 1411 1215 connectere.
1464 1162 1768 1217 Caeterum
1799 1170 1957 1218 utro-

206 1259 391 1327 hique
424 1253 693 1308 eumdem
723 1251 1008 1313 Sanctum,
1041 1265 1297 1320 eumque
1362 1248 1607 1304 radiato
1639 1252 1823 1323 capite
1854 1268 1951 1304 ex-

208 1344 403 1400 hiberi
440 1359 454 1408 ;
486 1342 533 1394 si
563 1356 678 1394 non
731 1338 965 1392 omnino
1017 1344 1267 1403 certum,
1327 1336 1546 1391 saltem
1581 1338 1955 1393 verosimilli-

208 1448 374 1486 mum
409 1433 517 1482 est.

281 1515 662 1574 87.1cunrula
717 1515 769 1568 in
800 1513 909 1567 alia
964 1512 1173 1566 Cruris
1229 1528 1327 1565 seu
1392 1509 1640 1565 sinistra
1690 1512 1955 1566 extremi-

205 1612 323 1662 tate
374 1604 665 1667 collocata,
714 1617 895 1671 neque
950 1598 1012 1652 in
1047 1598 1436 1653 delineatione
1506 1598 1707 1663 Rissii,
1762 1614 1952 1668 neque

207 1697 367 1767 apud
416 1691 672 1762 Ludewig
726 1706 851 1743 vere
902 1689 1200 1749 redditur,
1244 1703 1347 1740 nec
1404 1686 1692 1755 appositae
1748 1687 1957 1741 litterae

210 1803 316 1840 seu
352 1784 547 1856 potius
600 1778 1051 1835 abbreviationes
1116 1781 1267 1829 recte
1324 1773 1603 1843 eftigiatm
1658 1779 1801 1827 sunt
1862 1790 1964 1844 per

212 1876 355 1930 ΟΑΡ
390 1879 447 1928 et
477 1871 566 1939 Hi,
596 1872 682 1923 sed
716 1886 777 1923 ea
808 1867 1040 1921 felicius
1090 1863 1337 1917 restituit
1394 1863 1828 1931 Schugentius,
1861 1879 1962 1917 an-

214 1967 417 2035 gelum
469 1959 744 2023 exhibens,
801 1971 1094 2027 expansas
1148 1953 1261 2006 alas
1309 1967 1537 2004 sursum
1589 1951 1964 2019 protenden-

215 2062 361 2119 tem,
405 2050 569 2122 quasi
619 2048 675 2101 in
732 2047 956 2116 signum
1023 2040 1443 2103 admirationis,
1501 2037 1573 2091 ob
1604 2038 1835 2093 Filium
1870 2040 1965 2095 Dei

218 2158 329 2211 pro
365 2155 575 2210 genere
597 2138 842 2191 humano
903 2135 964 2187 in
1027 2132 1212 2184 Cruce
1245 2127 1571 2197 patientem,
1600 2127 1703 2180 cui
1743 2128 1967 2184 adscri-

219 2239 338 2302 ptae
374 2230 579 2283 littera
622 2225 875 2279 indicent
928 2236 1046 2292 per
1099 2217 1234 2272 ΟΑΡ
1274 2214 1711 2283 archangelum,
1748 2232 1859 2285 per
1890 2218 1965 2271 Ml

218 2317 583 2379 Micharlem,
633 2314 852 2368 militiae
914 2306 1168 2363 caelestis
1219 2303 1718 2369 archistrategum,
1760 2305 1967 2360 Eccle-

221 2410 449 2477 siaeque
482 2404 856 2458 defensorem.
894 2400 1102 2453 Graeca
1136 2393 1377 2462 reliqua,
1408 2391 1541 2444 licet
1588 2395 1643 2442 et.
1700 2391 1829 2462 ipsa
1864 2411 1962 2464 pa-

221 2512 357 2549 rum
392 2498 609 2559 exacta,
653 2491 786 2546 satis
826 2486 1147 2542 manifesta
1194 2481 1480 2544 existimo,
1528 2493 1654 2530 cum
1709 2482 1964 2549 appositi

221 2584 297 2636 ad
333 2588 643 2650 utrumque
674 2575 957 2646 imaginis
980 2570 1189 2627 Christi
1222 2570 1367 2622 latus
1399 2566 1710 2619 statunculi
1746 2567 1962 2621 beatis-

223 2673 392 2725 simae
426 2669 673 2739 Virginis
704 2672 761 2720 et
789 2666 847 2720 S.
907 2659 1145 2717 Joannis
1178 2655 1568 2725 Evangelistaa,
1612 2653 1837 2708 abunde
1865 2656 1962 2710 in-

224 2762 467 2813 sinuent
492 2757 656 2811 verba
710 2754 777 2807 ad
809 2758 1129 2819 utrumque
1166 2746 1363 2800 referri
1399 2761 1411 2798 :
1455 2745 1587 2797 Ecce
1604 2744 1759 2809 ﬁlius
1791 2749 1955 2813 tuus;

226 2862 345 2899 ecce
374 2848 683 2897 matertua.
715 2842 831 2895 Cur
862 2844 1059 2891 autem
1103 2834 1341 2887 inferius
1389 2831 1564 2885 cranii
1622 2831 1776 2883 locus
1836 2836 1957 2885 tam

2070 480 2315 533 quorum
2350 482 2463 520 non
2497 484 2678 537 pauca
2710 470 2890 523 oculis
2920 473 3293 541 subjecimus,
3321 474 3377 528 in
3412 477 3647 529 ecclesia
3676 495 3777 531 sua

2071 551 2500 623 Bambergensi,
2562 560 2625 609 ut
2673 556 2811 611 alias
2858 559 3138 629 plurimas
3177 574 3608 632 praetereamus,
3660 568 3775 619 Deo

2068 648 2394 696 consecrata
2419 645 2758 699 recondidit.

2138 731 2233 785 89.
2272 731 2409 794 Qum
2440 732 2532 785 hic
2562 738 2836 802 praeterea
2876 737 3217 792 exhibentur
3268 756 3558 794 sacrorum
3592 742 3773 797 cime-

2066 815 2274 877 liorum
2306 819 2584 889 imagines
2608 822 2711 875 sub
2743 823 2942 877 litteris
2994 828 3059 893 A,
3096 828 3135 880 Β
3167 833 3223 881 et
3269 830 3326 887 C.
3357 830 3612 883 adductas
3644 836 3779 884 sunt

2067 903 2125 956 in
2157 903 2433 960 similium
2461 908 2707 963 aliorum
2747 912 3083 981 specimina,
3114 931 3243 984 quas
3266 916 3323 968 in
3365 918 3774 988 Bambergensi

2066 992 2335 1062 sacrario,
2369 995 2437 1048 ad
2472 997 2817 1050 sanctissimi
2875 1000 3107 1053 Patroni
3137 1016 3201 1053 ac
3260 1002 3597 1057 Fundaloris
3653 1021 3774 1058 me-

2067 1078 2335 1144 moriam,
2366 1080 2460 1148 pie
2491 1097 2604 1135 non
2646 1083 2835 1136 minus
2888 1101 3059 1154 quam
3111 1086 3328 1138 solicite
3386 1094 3773 1153 asservantur,

2066 1165 2183 1219 sive
2208 1166 2333 1236 ipsa
2365 1168 2490 1220 vivo
2546 1169 2732 1221 adhuc
2788 1170 3007 1233 Sancto,
3052 1172 3165 1224 sive
3218 1173 3387 1242 paulo
3415 1181 3561 1242 post.
3596 1192 3660 1228 ex
3694 1192 3777 1229 re-

2065 1254 2215 1308 lictis
2246 1256 2307 1308 in
2362 1271 2491 1309 eum
2541 1257 2713 1310 tinem
2769 1260 3101 1312 necessariis
3158 1255 3426 1315 subsidiis
3473 1262 3777 1317 efformata

2066 1342 2333 1407 volueris,
2363 1350 2424 1397 ut
2454 1350 2586 1398 sunt
2616 1346 2809 1414 plures
2840 1346 2935 1399 alii
2972 1347 3098 1400 libri
3130 1348 3294 1414 sacri,
3325 1354 3464 1415 arte,
3490 1356 3775 1403 vetustate

2066 1437 2123 1485 et
2161 1432 2345 1500 pretio
2401 1433 2851 1488 mstimatissimi.
2910 1435 3213 1505 Segmenta
3271 1437 3384 1489 duo
3453 1438 3775 1507 superiora,

2066 1520 2172 1574 sub
2205 1520 2405 1573 litteris
2433 1527 2477 1574 A
2506 1525 2562 1575 et
2591 1521 2654 1585 Β,
2685 1538 2800 1576 uno
2823 1523 3136 1593 eodemque
3184 1521 3318 1576 folio
3343 1540 3591 1594 expansa
3616 1531 3774 1589 sunt,

2067 1616 2240 1678 atque
2270 1607 2328 1661 in
2361 1608 2509 1662 dicto
2555 1610 2699 1664 libro
2739 1611 3175 1681 Evangeliorum
3228 1612 3413 1664 citatis
3452 1628 3624 1682 supra
3654 1629 3778 1666 ver-

2070 1697 2226 1751 sibus
2282 1698 2732 1767 subiunguntur.
2792 1699 3062 1770 Superior
3126 1715 3257 1769 pars
3294 1702 3341 1754 A
3389 1700 3523 1753 satis
3581 1707 3777 1770 aperte

2071 1783 2383 1856 mquissimi
2405 1786 2772 1856 Imperatoris
2802 1786 3074 1858 justitiam
3111 1787 3365 1854 denotat,
3430 1787 3489 1841 in
3522 1804 3636 1858 qua
3666 1789 3773 1842 ad-

2073 1873 2449 1926 ministranda
2505 1881 2781 1945 quantum
2831 1875 3173 1938 excelluerit,
3233 1875 3428 1929 notius
3477 1882 3560 1928 est
3599 1893 3774 1946 quam

2072 1966 2136 2014 ut
2165 1961 2256 2014 hic
2287 1961 2473 2015 denuo
2501 1963 2782 2032 explicare
2837 1968 3122 2032 oporteat.
3188 1965 3325 2017 Pars
3382 1964 3639 2029 inferior,
3673 1981 3772 2017 seu

2078 2050 2137 2115 Β,
2168 2064 2272 2119 per
2303 2066 2361 2103 se
2392 2050 2660 2120 loquitur,
2717 2052 2853 2105 dum
2910 2052 3174 2105 universa
3233 2052 3666 2125 Bambergensis
3696 2053 3777 2105 di-

2074 2139 2153 2190 tio
2183 2139 2398 2209 optimo
2431 2139 2679 2210 Principi
2743 2140 3027 2194 subditam
3078 2158 3135 2193 se
3187 2142 3487 2210 proﬁtetur
3520 2156 3533 2194 :
3566 2140 3777 2210 quibus

2076 2229 2219 2282 nihil
2250 2228 2412 2281 video
2468 2243 2817 2299 magnopere
2884 2228 3051 2299 objici
3110 2244 3295 2299 posse,
3351 2245 3479 2282 cum
3534 2226 3775 2298 picturm

2075 2316 2418 2382 istiusmodi,
2481 2317 2565 2370 vel
2609 2317 2848 2386 justitiaa
2896 2323 2952 2371 et
3008 2317 3296 2388 aequitatis
3341 2317 3596 2387 symbola
3653 2333 3778 2370 non

2072 2404 2374 2456 videantur
2400 2419 2718 2473 repugnare
2748 2405 2802 2459 S.
2846 2404 3095 2458 Heinrici
3139 2403 3325 2457 adhuc
3383 2404 3620 2455 viventis
3649 2418 3774 2455 mo-

2072 2491 2289 2546 destiae.
2320 2492 2383 2544 In
2417 2491 2525 2545 alia
2555 2508 2687 2546 vero
2718 2493 2823 2546 sub
2855 2498 3151 2563 segmento
3207 2494 3267 2558 Ο,
3301 2490 3399 2545 ubi
3427 2491 3519 2546 SS.
3548 2490 3777 2544 L'dalri-

2072 2597 2169 2634 cus
2197 2587 2253 2633 et
2286 2581 2718 2634 Emmeramnus
2769 2581 2991 2635 hastam
3046 2588 3100 2634 et
3138 2579 3392 2649 gladium
3441 2579 3496 2633 S.
3534 2581 3775 2633 Henrico

2072 2668 2496 2739 quodammodo
2544 2668 2869 2738 porrigunt,
2925 2669 3003 2722 sic
3051 2668 3239 2739 aliqua
3296 2673 3661 2729 exornantur,
3712 2676 3777 2722 ut

2024 2797 2034 2804 .
2070 2756 2143 2809 ad
2172 2754 2489 2807 sanctitatis
2517 2754 2726 2808 indicia
2754 2756 3010 2825 proxime
3041 2754 3325 2809 accedant.
3383 2754 3510 2807 Haec
3557 2758 3774 2819 autem,

2068 2844 2272 2897 Sancto
2302 2842 2487 2896 adhuc
2533 2843 2858 2913 superstite,
2918 2843 3168 2914 efﬁgiata
3215 2842 3412 2907 fuisse,
3460 2847 3628 2895 erunt
3656 2842 3773 2895 for-

229 2947 503 3004 expresse
544 2931 670 2984 istic
715 2927 1029 2989 indicetur,
1094 2917 1524 2991 explicabunt
1711 2917 1956 2987 plura
1997 2938 2038 2992 C
2068 2937 2215 2984 {asse
2400 2948 2517 2986 non
2557 2936 2675 2985 tam
2734 2932 2898 2986 facile
2929 2932 3043 2985 sint
3098 2930 3401 2985 admissuri
3437 2947 3448 2985 ξ
3479 2931 3558 2983 sic
3586 2938 3784 2984 tamen

232 3038 420 3093 genus
450 3012 997 3074 monumentaalibi
1026 3009 1380 3081 repererint;
1404 3006 1612 3060 similia
1648 3005 1760 3058 alia
1787 3006 1957 3078 longe

231 3124 548 3168 accersere,
581 3104 723 3159 mihi
761 3118 869 3156 nec
905 3101 1061 3153 lubet
1091 3115 1195 3152 nec
1232 3100 1416 3149 vacat.
1476 3095 1668 3164 Neque
1702 3093 1793 3146 hic
1822 3110 1959 3149 ven-

234 3197 459 3251 tilanda
490 3193 734 3265 qumstio
771 3190 842 3244 de
874 3186 1192 3242 Servatoris
1219 3199 1459 3253 corpore
1490 3181 1672 3234 tribus
1699 3183 1780 3234 vel
1814 3198 1956 3252 qua.

234 3292 374 3340 tuor
400 3283 573 3337 clavis
599 3282 795 3345 afﬁxo,
827 3278 899 3333 de
954 3277 1163 3347 quibus
1223 3272 1361 3327 alibi
1415 3286 1564 3341 saepe
1603 3269 1955 3338 disputatum

235 3380 363 3428 est:
396 3370 777 3426 consolantur
816 3366 1068 3435 Angelus
1116 3365 1318 3426 Rocca,
1378 3357 1673 3413 Cornelius
1726 3358 1958 3413 Curtius

234 3466 293 3517 et
328 3459 748 3530 Responsiones
781 3452 1160 3526 Papebrochii
1218 3450 1289 3503 ad
1340 3446 1762 3501 Exhibitionem
1808 3463 1954 3517 prai-

233 3557 538 3605 tensorum
569 3561 855 3610 errorum,
879 3543 947 3597 ad
978 3541 1281 3597 articulum
1316 3553 1401 3602 xx,
1437 3552 1468 3588 a
1503 3550 1661 3588 num.
1686 3537 1737 3589 2.

314 3649 402 3700 88.
437 3644 495 3697 Si
529 3642 656 3713 quis
689 3638 922 3693 interim
955 3652 1020 3690 ex
1055 3650 1145 3688 me
1180 3634 1402 3704 quaerat
1425 3628 1558 3698 quid
1592 3626 1823 3681 demum
1856 3630 1957 3681 tali

235 3749 437 3789 rerum
469 3730 809 3785 collectione
866 3730 921 3779 et
972 3723 1331 3777 connexione
1377 3717 1610 3788 proprie
1643 3715 1956 3771 intenderit

238 3822 471 3889 artifex,
516 3819 738 3873 fatebor
776 3814 981 3869 lubens
1023 3811 1081 3866 id
1130 3826 1219 3863 me
1290 3807 1580 3877 ignorare,
1638 3819 1752 3858 non
1801 3822 1951 3875 (egre

236 3912 488 3965 laturus,
519 3908 563 3959 si
592 3903 821 3959 aliunde
855 3899 1076 3956 edoceri
1125 3896 1361 3969 possim,
1395 3910 1495 3949 cur
1534 3892 1594 3945 in
1624 3894 1951 3948 summitate

238 4000 299 4054 S.
329 3997 591 4051 Nicolaus
646 3992 834 4064 potius
865 4006 1038 4061 quam
1099 3986 1342 4058 quilibet
1398 3982 1540 4037 alius
1570 3979 1806 4034 Sanctus
1832 3982 1951 4037 efﬁ-

242 4092 371 4139 ctus
411 4084 483 4136 sit
512 4099 525 4148 ;
557 4098 657 4135 cur
686 4081 746 4134 in
768 4077 1035 4133 extremis
1063 4074 1299 4128 orbibus
1324 4071 1379 4127 S.
1407 4067 1761 4137 Evangelista
1787 4070 1951 4125 Joan-

245 4190 372 4237 nes,
402 4176 503 4225 aut
529 4171 672 4225 forte
704 4169 870 4236 alius,
901 4172 957 4220 et
990 4166 1044 4219 S.
1085 4161 1319 4218 Michael
1351 4156 1721 4226 archangelus
1755 4177 1770 4225 ;
1809 4161 1947 4231 quid

245 4261 434 4331 magis
461 4260 531 4313 ad
571 4275 687 4312 rem
733 4255 1068 4327 spectaverit
1096 4253 1317 4307 loculus
1372 4248 1626 4310 infimus,
1674 4247 1840 4302 hodie
1867 4266 1950 4303 va-

246 4366 413 4414 cuus,
473 4348 567 4418 qui
610 4348 670 4400 in
734 4344 902 4399 Rissii
954 4340 1336 4396 delineatione
1403 4338 1651 4406 repletus
1710 4344 1949 4408 apparet

247 4442 382 4494 Haec
408 4437 576 4492 dubia
603 4434 796 4489 omnia
824 4433 1024 4499 fateor,
1055 4434 1112 4483 at
1141 4428 1219 4483 nil
1254 4443 1344 4481 me
1370 4429 1544 4479 terret
1566 4442 1797 4481 enorme
1818 4443 1947 4497 pre-

246 4529 398 4583 tium
426 4525 603 4596 ipsius
657 4522 849 4578 Crucis
878 4537 943 4575 ex
995 4535 1158 4582 auro,
1214 4518 1297 4569 uti
1328 4515 1547 4579 volunt,
1582 4531 1747 4584 puro,
1790 4516 1951 4585 quid-

246 4614 389 4687 quid
420 4618 664 4684 arguant
693 4610 896 4679 critici,
937 4622 1144 4662 aurum
1198 4602 1425 4658 Henrici
1481 4604 1685 4656 saeculo
1725 4604 1949 4657 rarissi-

243 4719 410 4759 mum
432 4701 624 4756 fuisse.
660 4698 1107 4769 Respondebunt
1136 4696 1290 4748 enim
1342 4691 1785 4762 Bambergenses
1833 4709 1949 4746 non

244 4793 392 4846 adeo
426 4806 553 4843 rara
619 4789 790 4843 fuisse
832 4786 995 4840 istius
1046 4789 1101 4837 et
1132 4796 1575 4853 prmgressorum
1609 4780 1947 4836 sasculorum

242 4880 497 4953 pretiosa
526 4876 762 4932 donaria
806 4874 901 4929 Dei
951 4872 1204 4929 ecclesiis
1243 4871 1410 4934 facta,
1454 4885 1635 4939 eoque
1667 4869 1950 4925 adducent

244 4965 612 5037 Imperatoris
667 4961 1021 5018 Constantini
1092 4974 1318 5013 crucem
1371 4971 1604 5009 auream
1671 4956 1947 5010 librarum

245 5063 478 5110 centum
501 5054 823 5125 quinginta,
849 5051 1266 5116 innumeraque
1319 5044 1649 5115 hujusmodi
1680 5044 1791 5098 alia
1818 5045 1947 5115 qui-

244 5147 352 5200 bus
384 5145 552 5215 plena
608 5148 692 5196 est
742 5136 1021 5194 Anastasii
1079 5132 1499 5189 Bibliothecarii
1556 5132 1624 5187 de
1673 5134 1947 5188 Romanis

249 5231 619 5288 Pontiﬁcibus
640 5228 901 5293 historia,
954 5225 1013 5278 in
1067 5240 1181 5293 qua
1237 5221 1341 5276 soli
1385 5220 1607 5275 articuli
1638 5221 1706 5276 ad
1750 5222 1945 5276 lauda-

247 5327 373 5375 tum
406 5316 842 5371 Constantinum
888 5316 944 5365 et
988 5310 1253 5364 Carolum
1301 5323 1579 5378 magnum
1627 5312 1946 5378 spectantes

247 5407 489 5462 curiosis
518 5405 724 5460 facient
762 5402 915 5455 satis.
968 5397 1179 5463 Quidni
1227 5396 1405 5466 igitur
1459 5395 1623 5450 istius
1676 5398 1947 5466 temporis

248 5500 479 5551 sanctus
502 5494 660 5565 juxta
699 5505 761 5544 ac
801 5487 1099 5543 muniﬁcus
1158 5487 1475 5554 Imperator
1510 5483 1747 5538 Crucem
1779 5482 1944 5537 istam

2072 3024 2137 3073 ut
2166 3019 2302 3073 talia
2331 3016 2521 3075 fraudi
2551 3037 2669 3074 esse
2719 3037 2833 3074 non
2866 3021 3087 3091 possint
3121 3020 3207 3079 iis,
3267 3036 3394 3089 quae
3424 3020 3493 3073 de
3526 3020 3775 3091 antiqui-

2070 3113 2183 3162 tate
2219 3108 2410 3163 Crucis
2441 3114 2499 3164 et
2525 3109 2703 3164 thecae
2724 3109 2967 3181 librique
3023 3108 3459 3178 Evangeliorum
3489 3107 3778 3177 disputata

2070 3200 2224 3251 sunt.

2142 3286 2227 3339 90.
2287 3284 2660 3356 Segmentum
2719 3287 3058 3357 prmdictum
3117 3288 3176 3354 C,
3237 3301 3301 3339 ex
3343 3284 3573 3351 Missali,
3600 3286 3772 3340 etiam

2069 3372 2501 3441 pretiosissima,
2561 3380 2877 3445 acceptum,
2925 3376 3097 3444 longa
3153 3375 3503 3445 expositione
3544 3389 3662 3427 non
3692 3374 3775 3427 in-

2068 3460 2250 3530 diget,
2272 3476 2401 3515 cum
2436 3478 2628 3515 versus
2688 3479 2908 3529 omnes,
2971 3464 3340 3534 quantumvis
3392 3462 3583 3529 rudes,
3615 3479 3771 3516 com—

2067 3547 2234 3601 mode
2257 3564 2360 3619 per
2403 3566 2462 3601 se
2510 3549 2910 3620 intelligantur
2956 3568 2968 3605 :
3016 3568 3165 3605 unus
3216 3558 3318 3619 est,
3376 3552 3473 3623 qui
3536 3552 3774 3605 lectores

2069 3636 2282 3689 morari
2313 3637 2513 3705 possit,
2563 3653 2770 3707 nempe
2831 3656 3130 3710 supremus
3183 3641 3253 3694 ad
3311 3640 3618 3705 sinistram,
3655 3657 3770 3711 quo

2065 3723 2134 3776 ad
2166 3723 2357 3778 Sancti
2414 3741 2606 3778 ensem
2665 3727 2952 3792 alluditur,
3022 3728 3257 3798 quique,
3316 3728 3363 3781 si
3419 3734 3568 3781 recte
3599 3729 3772 3781 verba

2063 3811 2418 3876 discrimiizo,
2450 3813 2527 3866 ita
2558 3812 2836 3881 legendus
2873 3815 3099 3868 videtur
3130 3832 3144 3869 :
3173 3835 3199 3865 ‹‹
3256 3820 3427 3887 Aptat
3456 3822 3513 3868 et
3544 3815 3634 3869 hic
3667 3833 3769 3889 en.-

2064 3916 2206 3965 sem,
2240 3900 2340 3971 qui
2378 3900 2502 3971 (pro
2551 3901 2731 3954 cuivis
2784 3919 2881 3955 seu
2939 3903 3303 3974 cuicumque)
3363 3904 3767 3975 praesignando

2063 3988 2352 4043 timorem.
2388 4012 2412 4037 »
2438 3990 2769 4043 Biniversus
2790 3991 2894 4044 sub
2914 3991 3105 4045 Sancti
3147 3991 3413 4059 brachiis,
3472 3992 3538 4045 ad
3566 4008 3765 4046 crucu-

2062 4077 2173 4130 lam
2207 4078 2715 4147 inferioremjuxta
2747 4079 2948 4148 pedem
2974 4080 3238 4134 dextrum
3264 4080 3571 4135 inchoandi
3594 4091 3761 4153 sunt:

2064 4188 2089 4215 ‹‹
2123 4167 2255 4221 Ecce
2310 4172 2617 4221 coronatur
2662 4166 2934 4221 divinitus
2997 4173 3166 4238 atque
3212 4169 3432 4232 beatur,
3485 4169 3599 4223 Rex
3636 4170 3766 4241 pius

2060 4255 2333 4309 Henricus
2364 4271 2705 4324 proavorum
2738 4255 2913 4325 stirpe
2934 4257 3183 4327 polosus.
3214 4279 3233 4305 ι
3261 4258 3501 4327 Alludit,
3539 4257 3763 4326 opinor,

2059 4343 2128 4396 ad
2186 4344 2477 4413 proaviam
2522 4343 2847 4398 Mathildem
2905 4345 3163 4416 reginam
3222 4347 3482 4417 aliosque
3532 4346 3764 4400 familiae

2061 4431 2206 4501 ejus,
2261 4436 2383 4485 tum
2436 4431 2583 4485 viros
2633 4436 2757 4486 tum
2807 4432 3067 4498 feminas,
3138 4434 3435 4488 sanctitate
3493 4433 3762 4497 illustres,

2059 4536 2220 4589 quos,
2253 4519 2528 4573 nimirum
2560 4520 2790 4589 polosos
2814 4537 2909 4573 seu
2959 4521 3157 4575 beatos
3210 4521 3461 4593 appellat
3490 4538 3505 4591 ;
3540 4522 3609 4575 de
3637 4523 3761 4593 qui-

2058 4607 2165 4661 bus
2193 4607 2401 4662 videsis
2434 4611 2573 4662 Acta
2604 4613 2795 4662 nostra
2827 4610 2895 4662 ad
2959 4626 3048 4663 xiv
3080 4610 3284 4677 Martii,
3339 4615 3498 4665 tomo
3532 4611 3598 4675 ll,
3628 4626 3759 4681 pag.

2060 4698 2181 4752 356.
2232 4697 2475 4768 Reliqua
2539 4696 2805 4750 curiosis
2858 4696 3212 4767 dispicienda
3277 4698 3762 4769 expendendaque

2059 4784 2464 4855 relinquimus,
2492 4783 2668 4837 tinem
2720 4784 2814 4839 hic
2863 4785 3106 4856 posituri
3149 4785 3433 4854 ambiguae
3489 4785 3761 4854 disquisi-

2057 4872 2222 4940 tioni,
2285 4890 2397 4943 qua
2456 4872 2964 4941 Bambergensium
3015 4872 3297 4926 desiderio
3358 4871 3569 4924 factum
3602 4872 3758 4933 satis,

2060 4977 2286 5031 sperare
2313 4961 2590 5014 audemus
2622 4976 2635 5013 :
2696 4977 2723 5012 a
2769 4960 2932 5014 nobis
2974 4960 3028 5013 id
3062 4976 3289 5028 semper
3318 4958 3759 5025 desiderabitur,

2061 5052 2123 5099 ut
2154 5046 2235 5100 rei
2267 5046 2439 5100 totius
2472 5047 2685 5112 anima,
2726 5049 2864 5100 Acta
2887 5061 3094 5114 nempe
3135 5046 3206 5097 ab
3252 5043 3566 5097 Adelboldo
3617 5045 3762 5098 scri-

2058 5138 2175 5204 pta,
2200 5134 2461 5189 alicunde
2487 5134 2720 5189 tandem
2750 5133 2809 5187 in
2862 5134 3046 5187 lucem
3081 5133 3492 5204 producantur,
3536 5148 3664 5203 quas
3704 5133 3758 5186 in

2058 5221 2233 5274 totius
2290 5220 2503 5274 mensis
2552 5221 2869 5291 appendice
2924 5235 3023 5272 seu
3083 5219 3496 5289 Supplemento
3542 5218 3761 5288 vulgari

2056 5308 2276 5380 possint
2305 5313 2359 5362 et
2391 5308 2458 5361 de
2492 5307 2712 5377 integro
2746 5305 3037 5360 illustrari.
