4016 6202
309 366 408 420 1Ἲὸ

972 483 1200 541 CAPUT
1231 483 1293 538 V.

298 614 370 666 De
441 610 504 664 S.
578 607 816 662 Henrict'
883 607 1146 661 hodierna
1210 608 1385 671 gloria
1459 607 1517 658 in
1581 619 1784 658 annum
1845 606 2000 658 Bam-

369 680 611 747 bergenst
668 680 1004 745 solennitate,
1057 693 1154 746 per
1208 683 1376 731 totum
1440 675 1735 747 octidaum,
1802 674 1997 731 Catho-

369 746 472 804 lico
489 764 652 815 more,
682 752 875 814 festive
920 749 1150 817 produci
1178 749 1375 810 solito;
1409 748 1468 799 in
1517 746 1715 816 Ofﬁcio
1751 748 1997 814 pietatis,

369 823 687 890 templisque
713 826 763 874 et
782 821 993 873 sacellis
1012 819 1212 871 Sancto
1243 819 1452 870 erectis.

365 929 452 981 91.
487 926 669 990 Quam
715 925 995 978 indefesso
1040 924 1181 988 zelo,
1217 938 1332 993 qua
1374 938 1511 975 cura
1559 926 1615 976 et
1643 921 2000 977 solicitudine

295 1015 632 1071 laboraverit
664 1013 828 1066 toties
864 1013 1130 1066 laudatus
1160 1012 1226 1064 R.
1258 1012 1318 1064 Ρ.
1379 1010 1583 1064 Hector
1626 1010 2002 1080 Bambergen-

295 1103 370 1156 sis
402 1103 663 1156 Nicolans
711 1102 898 1166 Pottu,
935 1116 1008 1152 ne
1057 1099 1192 1169 quid
1228 1099 1621 1168 prieteriretur
1667 1099 1821 1168 quod
1842 1100 1910 1151 ad
1941 1099 1996 1152 S.

297 1190 520 1244 Henrici
558 1189 801 1259 gloriam
828 1189 1148 1242 conducere
1183 1187 1556 1250 existimaret,
1610 1193 1746 1256 puto
1775 1202 1840 1238 ex
1868 1192 2000 1239 ante

291 1277 453 1330 dictis
513 1292 633 1330 esse
691 1292 862 1346 quam
935 1275 1387 1328 testatissimum.
1449 1275 1787 1328 Coronidem
1854 1275 2003 1328 hanc

289 1365 441 1418 idem
473 1364 594 1435 ipse
620 1365 916 1434 imposuit,
949 1380 1018 1417 eo
1053 1363 1475 1416 accuratissime
1509 1362 1835 1432 colligendo
1875 1378 2001 1432 quas

290 1456 359 1508 ad
385 1455 724 1508 modernam
784 1452 1124 1506 sanctissimi
1158 1452 1389 1504 Patroni
1420 1451 1782 1504 festivitatem
1825 1451 2001 1520 potis-

292 1544 502 1596 simum
535 1543 845 1613 pertinent,
874 1541 1196 1610 quibusque
1249 1540 1338 1593 hic
1388 1540 1561 1593 etiam
1621 1541 1809 1592 locum
1867 1539 2002 1594 dare

292 1631 476 1683 visum
505 1638 607 1694 est,
641 1637 763 1684 tum
796 1631 863 1681 ad
890 1629 1154 1681 meritam
1207 1627 1714 1693 Bumbergensium
1773 1627 1999 1680 laudem

291 1724 411 1771 tum
437 1717 506 1771 ad
529 1717 833 1770 Catholica;
889 1715 1185 1785 religionis
1239 1715 1681 1774 incrementum,
1715 1719 1834 1766 tum
1867 1730 1997 1767 vero

290 1807 358 1858 ad
399 1805 728 1874 exemplum
756 1803 908 1872 quod
940 1810 1146 1854 cetera:
1198 1801 1449 1854 ecclesiae
1483 1801 1782 1852 imitentur
1811 1801 1870 1852 in
1901 1817 1995 1853 ce-

289 1893 577 1946 lebrandis
641 1891 980 1944 Sanctorum
1049 1905 1284 1942 suorum
1346 1888 1803 1942 solennitatibus.
1868 1889 2000 1942 Eam

293 1981 756 2044 vetustissimam,
792 1979 999 2048 opinor
1045 1984 1406 2048 perpetuam,
1468 1977 1801 2046 Bambergte
1830 1976 1999 2029 fuisse

289 2070 644 2123 demonstrat
700 2068 994 2136 antiquior
1041 2066 1180 2119 anni
1237 2068 1370 2118 1379
1415 2065 1760 2118 celebritatis
1783 2070 1840 2118 et
1871 2081 2001 2135 pro-

289 2157 561 2210 cessionis
588 2171 795 2209 annua:
835 2154 1164 2224 descriptio,
1221 2169 1395 2224 quam
1427 2153 1600 2206 etiam
1649 2169 1834 2223 nuper
1892 2154 1999 2208 ad—

282 2245 477 2315 junxit
524 2243 956 2297 strenuissimus
1029 2243 1424 2296 collaborator.
1511 2243 1721 2295 Verum
1779 2258 1848 2294 ne
1909 2242 2001 2295 hic

289 2335 488 2387 eadem
517 2339 616 2385 aut
643 2334 840 2385 saltem
870 2331 1213 2396 consimilia,
1266 2347 1382 2383 non
1437 2330 1560 2383 sine
1610 2332 1887 2383 lectorum
1912 2331 1997 2383 fa-

288 2423 478 2488 stidio,
512 2421 827 2491 repetenda
874 2419 1006 2483 sint,
1067 2420 1204 2472 satis
1261 2419 1370 2471 erit
1404 2418 1769 2482 hodiernam,
1822 2434 1998 2487 quam

286 2511 558 2570 diximus,
592 2511 664 2562 ob
718 2509 913 2561 oculos
963 2523 1202 2577 ponere,
1257 2507 1346 2560 cui
1395 2507 1625 2560 accedet
1654 2503 1998 2560 novissimus

288 2600 571 2660 cumulus,
608 2597 863 2650 studiosa
889 2594 1144 2664 ejusdem
1173 2595 1416 2648 Pottuvii
1446 2596 1654 2664 pietate
1695 2593 1815 2660 ,hoc
1843 2609 1995 2646 anno

289 2686 710 2757 superadditus,
757 2701 820 2737 ac
869 2684 1100 2736 demum
1163 2683 1427 2736 Ot‘ticium
1486 2685 1556 2736 de
1601 2683 1806 2735 Sancto
1867 2697 1996 2752 pro-

287 2775 481 2843 prium
529 2774 728 2827 eadcm
782 2772 1076 2825 occasione
1133 2787 1450 2835 recursum,
1501 2771 1716 2841 templa
1746 2770 1994 2840 denique

286 2863 348 2914 in
386 2864 509 2931 ejus
547 2863 827 2914 honorem
860 2861 1110 2913 condita.
1146 2859 1226 2912 En
1260 2860 1434 2929 igitur
1489 2858 1991 2926 Bambergensium

287 2950 346 3001 in
385 2950 706 3002 Tutelarem
730 2963 896 3000 suum
925 2947 1162 3000 illustris
1202 2946 1582 3000 venerationis
1633 2952 1989 3015 argumenta,

290 3037 426 3107 ipsis
461 3037 705 3091 Pottuvii
733 3035 1000 3088 verbisin
1038 3035 1190 3088 hunc
1223 3037 1457 3088 modum
1475 3035 1777 3088 delineata.

537 3123 564 3193 ἓ
597 3125 636 3178 Ι,
672 3126 910 3177 Praevius
945 3123 1019 3175 ad
1047 3124 1402 3188 festivitatem
1437 3129 1772 3190 apparatus.

355 3215 442 3268 9?.
481 3235 506 3261 ‹‹
557 3210 853 3281 Propridie
913 3227 1031 3276 ara,
1083 3210 1342 3279 sepulcro
1401 3216 1728 3262 sanctorum
1761 3209 1990 3263 Henrici

283 3309 342 3356 et
379 3299 750 3369 Cunegundis
790 3299 1247 3369 superimposita,
1282 3299 1438 3351 cultu
1487 3303 1540 3350 et
1570 3303 1775 3351 ornatu
1805 3299 1989 3351 solen-

282 3389 520 3444 nissimo
551 3386 876 3451 instruitur,
909 3403 970 3438 ac
1002 3385 1320 3456 praesertim
1353 3384 1616 3454 reliquiis
1664 3384 1985 3454 insignibus

282 3494 439 3544 sane,
499 3481 557 3530 et
613 3475 878 3546 copiosis,
922 3489 1069 3544 quae,
1120 3489 1249 3526 cum
1281 3472 1706 3542 pretiosissimae
1765 3474 1897 3537 sint,
1930 3479 1986 3528 et

281 3565 435 3636 quod
466 3581 554 3618 res
613 3569 721 3631 est,
780 3561 1080 3631 potissima
1111 3577 1175 3614 ex
1213 3566 1374 3630 parte
1423 3560 1492 3614 ab
1545 3560 1668 3630 ipso
1717 3562 1981 3628 Henrico,

276 3670 414 3707 cura
466 3651 701 3713 solicita,
739 3653 794 3702 et
815 3647 1190 3718 Imperatoria
1233 3647 1572 3700 auctoritate
1606 3653 1975 3716 comparatae,

277 3760 341 3796 ac
367 3741 635 3802 ecclesiae,
667 3755 697 3791 a
724 3755 782 3791 se
811 3754 1006 3790 recens
1058 3735 1332 3800 fundatas,
1369 3735 1680 3788 liberaliter
1718 3735 1976 3804 donatae;

277 3846 392 3884 non
426 3830 738 3897 incongrue
770 3827 876 3879 hoc
909 3827 1034 3880 loco
1069 3825 1410 3890 distinctius,
1467 3839 1580 3876 una
1608 3839 1737 3876 cum
1771 3829 1977 3878 ornatu

274 3918 469 3972 altaris
520 3916 766 3985 reliquo,
825 3914 1066 3967 describi
1137 3917 1471 3977 merentur;
1521 3911 1807 3981 praecipue
1847 3928 1976 3965 cum

271 4006 419 4059 facta
448 4005 516 4058 de
546 4005 617 4057 iis
669 4001 958 4056 mentione
984 4003 1044 4054 in
1102 4003 1226 4053 Vita
1284 4001 1339 4054 S.
1374 4000 1744 4068 Cunegundis
1769 4000 1838 4052 ad
1860 4006 1972 4052 ter-

270 4095 416 4147 tium
458 4093 641 4146 Martii
696 4087 754 4143 in
799 4088 1223 4144 Commentario
1284 4087 1520 4156 praevio,
1579 4086 1884 4156 descriptio
1911 4104 1974 4139 ac

269 4182 519 4235 curatior
550 4182 700 4234 hunc
731 4180 790 4230 in
836 4179 1018 4229 locum
1074 4175 1390 4244 rejiciatur,
1446 4179 1509 4226 ut
1535 4172 1615 4226 ibi
1654 4173 1834 4226 videri
1864 4188 1971 4241 po-

271 4273 400 4322 test.

340 4360 426 4409 93.
458 4378 477 4402 ι
514 4359 625 4409 Ara
648 4353 838 4423 itaque
868 4354 1206 4414 memorata,
1233 4365 1362 4419 quae
1415 4364 1518 4418 per
1546 4348 1781 4402 modum
1814 4363 1970 4401 mau-

267 4442 406 4496 solei
436 4441 735 4512 cujusdam
766 4439 1022 4493 velutiin
1053 4438 1408 4509 pyramidem
1437 4436 1968 4506 desinentia,supra

258 4532 591 4601 sepulcrum
622 4529 812 4600 ipsum
869 4527 1142 4597 erigitur;
1172 4527 1251 4578 ita
1280 4530 1343 4579 ut
1394 4542 1498 4595 per
1527 4525 1681 4578 illius
1708 4523 1964 4578 medium

264 4626 530 4673 excavato
563 4617 778 4671 fornice
809 4616 1154 4686 conspicuus
1183 4620 1372 4685 pateat
1419 4631 1449 4668 e
1482 4613 1604 4667 loco
1638 4611 1962 4666 sublimiori

261 4723 622 4762 marmoreus
667 4706 1006 4759 Sanctorum
1053 4703 1312 4756 tumulus
1348 4719 1362 4768 ;
1401 4718 1498 4755 ara
1527 4701 1667 4767 haac,
1699 4700 1958 4770 inquam,

257 4802 381 4850 tum
412 4796 552 4866 ipsa,
589 4801 712 4848 tum
746 4791 1768 4862 ejuslatera,pretiosa,trecentarum
1791 4790 1957 4842 ulna-

257 4901 384 4940 rum
409 4887 519 4938 tela
551 4885 905 4937 Damascena
961 4880 1134 4934 rubra
1186 4879 1587 4933 investiuntur.
1643 4879 1703 4932 In
1733 4893 1844 4930 arar.
1873 4895 1960 4931 su-

254 4991 455 5044 premo
486 4972 694 5027 vertice
717 4971 903 5042 posita
962 4967 1327 5038 conspicitur,
1355 4983 1446 5020 sex
1490 4967 1712 5020 circiter
1749 4965 1958 5036 pedum

256 5063 569 5133 adwquans
600 5059 988 5123 altitudinem,
1013 5071 1147 5108 crux
1170 5055 1596 5124 pretiosissima,
1631 5071 1699 5107 ex
1721 5061 1957 5122 argento

255 5167 400 5220 puro
433 5151 643 5205 att-abre
673 5150 982 5212 elaborata,
1014 5152 1329 5215 ornataque
1359 5145 1602 5213 gemmis
1633 5151 1690 5197 et
1726 5144 1954 5197 uniuni-

252 5239 358 5291 bus
383 5239 620 5291 minime
651 5237 836 5306 parcis
864 5257 880 5302 ;
935 5235 996 5288 in
1027 5250 1142 5304 qua
1169 5233 1411 5300 inclusa,
1460 5237 1516 5285 et
1562 5247 1665 5302 per
1721 5232 1953 5301 crystal-

253 5327 371 5380 lum
405 5326 652 5379 lucidam
720 5325 974 5378 anterius
1022 5321 1350 5391 conspicua,
1405 5326 1662 5373 servatur
1713 5320 1954 5390 insignis

249 5421 305 5469 et
336 5415 625 5484 praeclara,
684 5413 1027 5482 spithamam
1077 5411 1255 5464 ferme
1305 5408 1603 5474 excedens,
1655 5424 1826 5462 sacrae
1857 5409 1956 5462 sal-

251 5504 544 5571 viﬁcwque
594 5499 787 5554 Crucis
830 5498 1146 5570 particula;
1179 5499 1249 5554 de
1306 5497 1468 5567 cujus
1520 5495 1754 5550 veritate
1802 5502 1954 5550 extat

248 5595 304 5646 in
339 5589 592 5644 archivio
651 5587 959 5641 catliedrali
1021 5587 1179 5642 Bulla
1231 5585 1558 5642 authentica
1599 5584 1950 5640 Benedictill

1620 358 1676 413 S.
1720 356 2006 415 HENRICI
2046 355 2120 414 1M
2131 356 2522 415 PERATORIS

2035 483 2082 536 Α
2123 481 2282 538 Pent.
2325 481 2400 536 M.
2461 480 2523 536 in
2580 497 2695 553 qua
2749 481 3101 552 perhibetur,
3153 486 3210 536 et
3245 481 3390 538 dicta
3436 483 3491 538 S.
3539 484 3834 554 particula

3727 361 3830 413 I76

2113 587 2230 624 una
2259 587 2390 625 cum
2441 571 2693 639 genuino
2747 572 2904 624 clavo
2942 570 3128 625 ferreo
3175 573 3351 625 sancti
3407 571 3676 625 Crucitixi
3725 572 3832 637 (de

2111 675 2226 730 qua
2264 658 2434 728 infra)
2465 659 2518 714 S.
2556 659 2798 712 Henrico
2829 677 2859 712 a
2888 659 3029 714 duce
3079 660 3424 729 Burgundiae
3457 665 3514 713 et
3542 677 3677 730 rege
3708 661 3833 714 Ru-

2113 747 2326 816 dolpho
2354 747 2505 801 dono
2536 747 2667 801 data
2723 747 2935 814 fuisse;
2987 754 3156 818 atque
3205 748 3504 802 Pontiﬁcio
3546 748 3832 818 suffragio

2111 851 2216 906 pro
2241 851 2371 888 vera
2402 835 2732 906 agnoscitur
2759 835 3163 890 etdeclaratur.

2183 923 2270 976 94.
2308 946 2329 971 ‹
2385 923 2536 976 Infra
2573 924 2720 976 hanc
2779 923 2989 977 directe
3033 925 3301 976 collocata
3348 927 3590 993 apparet
3640 927 3836 976 statua

2110 1009 2164 1062 8.
2203 1010 2453 1079 Georgii,
2510 1009 2741 1063 Patroni
2799 1009 3119 1064 secundarii
3174 1009 3446 1074 ecclesias,
3498 1025 3651 1080 equo
3693 1010 3837 1061 insi-

2111 1097 2316 1162 dentis,
2343 1103 2559 1151 statura
2599 1098 2852 1151 hominis
2900 1097 3190 1151 ordinaria
3232 1098 3526 1168 aliquanto
3572 1097 3831 1163 minore,

2111 1201 2175 1238 ex
2209 1191 2447 1255 argento
2494 1185 2692 1238 itidem
2753 1185 3057 1239 artiﬁciose
3087 1186 3411 1240 fabrefacta.
3473 1188 3652 1240 Paulo
3688 1187 3836 1239 infe-

2111 1272 2232 1326 rius
2264 1274 2523 1326 visuntur
2567 1274 2698 1327 hinc
2728 1281 2898 1344 atque
2949 1274 3104 1342 hinc,
3130 1291 3194 1327 ex
3245 1280 3490 1346 utroque
3517 1277 3702 1329 latere
3736 1290 3835 1344 po-

2112 1362 2237 1414 sitae
2269 1367 2467 1415 statuae
2497 1362 2622 1416 dure
2658 1361 2930 1432 insignes,
2976 1378 3041 1415 ex
3075 1367 3309 1430 argento
3355 1365 3493 1416 item
3534 1364 3832 1427 inaurato,

2115 1449 2354 1503 humani
2378 1449 2631 1518 corporis
2670 1455 2892 1519 partem
2947 1449 3245 1503 dimidiam
3303 1457 3831 1519 repraesentantes;

2116 1537 2294 1590 altera
2323 1538 2556 1608 quidem
2597 1537 2652 1591 S.
2705 1537 3096 1607 Cunegundis,
3156 1537 3402 1606 ignitum
3431 1554 3606 1591 manu
3630 1553 3834 1590 vome-

2114 1641 2237 1678 rem
2268 1626 2689 1695 praaseferentis
2723 1627 2933 1690 ;a|tera
2964 1641 3097 1678 vero
3137 1625 3192 1678 S.
3243 1626 3488 1693 Henrici,
3523 1625 3834 1696 magnitu-

2113 1713 2246 1767 dine
2280 1719 2335 1766 et
2387 1716 2624 1768 materia
2683 1715 2848 1784 pari:
2904 1714 3185 1784 apposita,
3238 1730 3304 1767 ex
3363 1721 3606 1785 utraque
3637 1722 3833 1784 parte,

2113 1818 2214 1854 sua
2243 1803 2450 1872 cuique
2481 1808 2679 1855 statuae
2711 1819 2924 1854 corona
2976 1803 3372 1872 lnipcratoria,
3406 1802 3502 1854 illa
3533 1802 3673 1872 ipsa,
3717 1819 3835 1872 qua

2111 1889 2300 1943 Sancti
2324 1893 2460 1943 olim
2483 1890 2754 1960 conjuges
2795 1891 2854 1943 in
2885 1891 3052 1943 terris
3086 1891 3312 1943 fuerant
3342 1890 3618 1944 coronati.
3671 1891 3834 1943 Hanc

2111 1977 2261 2030 inter
2293 1984 2594 2048 utramque
2655 1985 3030 2032 memoratam
3083 1984 3323 2030 statuam
3372 1978 3590 2031 eminet
3621 1979 3681 2031 in
3721 1995 3834 2031 me-

2107 2065 2202 2118 dio
2233 2066 2646 2136 magnitudinis
2677 2067 2952 2134 ejusdem,
3007 2065 3308 2120 dimidiato
3332 2066 3530 2120 itidem
3555 2083 3829 2137 corpore,

2109 2159 2164 2207 et
2190 2171 2256 2207 ex
2307 2160 2545 2225 argento
2601 2155 2884 2208 inaurato.
2932 2155 3226 2224 eleganter
3287 2155 3577 2208 elaborata
3631 2162 3833 2209 statua

2110 2243 2169 2294 Β.
2198 2241 2464 2311 Virginis,
2489 2242 2750 2296 divinum
2783 2243 2932 2296 ulnis
2985 2244 3268 2296 Infantem
3315 2244 3650 2312 complexae.
3691 2244 3831 2297 Illu-

2106 2335 2361 2384 strantur
2389 2331 2475 2382 hac
2507 2336 2705 2383 statum
2746 2331 3139 2400 compluribus
3171 2332 3520 2402 interpositis
3557 2332 3834 2386 candela-

2106 2418 2222 2470 bris
2252 2419 2556 2486 argenteis,
2591 2419 2884 2490 cereisqne
2929 2420 3279 2474 ardentibus.

2327 2528 2354 2554 ‹‹
2404 2506 2734 2576 Sequuntur
2791 2508 2922 2561 dein
2984 2507 3178 2578 posita:
3228 2508 3377 2561 circa
3418 2513 3642 2578 partem
3708 2525 3829 2561 arae

2106 2594 2352 2647 mediam
2401 2595 2637 2648 diversae
2695 2595 3030 2649 Sanctorum
3085 2596 3440 2650 diversorum
3500 2596 3826 2666 reliquie:

2103 2681 2317 2735 scilicet
2358 2683 2471 2736 duo
2531 2684 2664 2736 hinc
2702 2691 2876 2754 atque
2926 2685 3058 2738 hinc
3105 2684 3312 2749 cusini,
3367 2701 3611 2756 quorum
3663 2702 3829 2738 unus

2103 2777 2325 2840 partem
2356 2771 2535 2824 cranii
2705 2772 2956 2842 Dionysii
3013 2772 3392 2842 Areopagitae,
3449 2775 3594 2826 alter
3641 2780 3829 2844 caput

2105 2859 2166 2912 D.
2198 2859 2513 2929 Margaritze
2545 2859 2834 2928 integrum
2853 2865 3148 2914 sustentat.
3177 2861 3383 2914 Locum
3415 2861 3622 2915 deinde
3651 2871 3826 2932 parte

2100 2963 2164 2999 ex
2197 2954 2440 3018 utraque
2487 2948 2748 3001 obtinent
2804 2949 3025 3002 sarcula
3073 2949 3188 3002 sive
3249 2950 3586 3020 sarcophagi
3628 2951 3824 3004 mino~

2027 3033 2067 3086 C
2104 3050 2194 3087 res
2239 3041 2336 3088 aut
2392 3051 2578 3105 capsae
2618 3035 2893 3089 inauratae
2942 3053 3183 3090 numero
3241 3044 3388 3102 octo,
3447 3038 3822 3092 continentes

2099 3139 2337 3192 corpora
2363 3123 2700 3177 Sanctorum
2747 3131 2847 3178 aut
2901 3129 3125 3194 partem
3165 3141 3366 3180 eorum
3420 3127 3816 3197 praecipuam)

2100 3209 2313 3263 scilicet
2344 3211 2530 3279 primo
2552 3227 2756 3282 corpus
2790 3213 2844 3265 8.
2873 3213 3106 3266 Joannis
3165 3215 3230 3267 Μ.
3262 3217 3316 3278 2,
3349 3214 3401 3268 S.
3439 3215 3614 3267 lsaaci
3649 3216 3813 3269 Mon:

2098 3299 2148 3351 3.
2186 3297 2280 3352 SS.
2311 3298 2635 3352 Dulcissimi
2691 3304 2747 3353 et
2794 3301 3127 3354 Charissimi
3167 3301 3578 3372 discipulorum
3610 3302 3665 3356 S.
3704 3304 3812 3356 Pe-

2095 3385 2185 3438 tri.
2219 3386 2271 3450 4,
2320 3386 2411 3440 SS.
2472 3387 2594 3440 Caii
2641 3395 2699 3440 et
2742 3388 2826 3441 Pii
2887 3389 3053 3443 Rom.
3103 3391 3267 3443 Pont.
3322 3392 3373 3454 5,
3428 3391 3481 3444 8.
3518 3392 3813 3446 Hermetis

2092 3471 2252 3527 Mart.
2286 3477 2338 3541 6,
2363 3475 2455 3529 SS.
2487 3477 2826 3529 Herculeani
2887 3477 3145 3548 Episcop.
3197 3485 3254 3532 et
3303 3479 3459 3533 Mart.
3509 3486 3567 3532 et
3598 3479 3811 3534 Rema-

2091 3560 2161 3613 cli
2193 3561 2372 3631 Episc.
2409 3567 2462 3626 7,
2507 3563 2562 3617 8.
2617 3565 2902 3618 Theodori
2962 3567 3114 3620 Mart.
3183 3571 3234 3630 8,
3285 3568 3341 3621 S.
3395 3567 3594 3620 Briccii
3636 3569 3805 3623 Conf.

2160 3651 2248 3703 96.
2289 3673 2309 3697 ι
2338 3655 2661 3720 Assurgunt
2707 3652 2858 3705 inter
2911 3654 3371 3725 liachyramides
3411 3662 3664 3725 quatuor
3719 3658 3809 3710 in-

2089 3737 2281 3808 signes
2328 3744 2637 3807 argenteee,
2686 3740 2946 3811 reliquiis
2999 3759 3134 3796 sane
3183 3743 3446 3813 pretiosis
3479 3749 3535 3796 et
3591 3747 3807 3814 praeci-

2089 3843 2334 3897 puorum
2376 3828 2712 3882 Sanctorum
2789 3830 3002 3895 ditatee,
3062 3831 3332 3885 nimirum
3382 3832 3642 3904 reliquiis
3704 3842 3809 3888 aut

2087 3916 2308 3969 ossibus
2339 3916 2393 3970 S.
2451 3917 2684 3970 Joannis
2718 3919 3002 3988 Baptistae,
3042 3919 3135 3973 SS.
3177 3920 3338 3973 Pauli
3382 3925 3439 3974 et
3497 3922 3804 3976 Bartholo—

2088 4005 2218 4057 meei
2248 4005 2674 4074 Apostolorum,
2706 4006 2798 4060 SS.
2847 4007 3121 4076 Stephani
3179 4009 3517 4062 Protomart.
3550 4009 3604 4063 8.
3652 4011 3805 4064 Lau-

2084 4091 2257 4144 rentii
2306 4093 2464 4146 Mart.
2523 4093 2577 4146 S.
2647 4095 3011 4148 Pantaleonis
3052 4097 3208 4150 Mart.
3259 4098 3313 4149 S.
3363 4097 3584 4150 Achatii
3628 4099 3794 4154 Mart.

2083 4185 2187 4233 etc.
2221 4180 2274 4234 8.
2307 4181 2490 4234 Maria!
2527 4181 2892 4252 Magdalenen
2951 4184 3005 4238 S.
3043 4186 3284 4239 Caecilia!
3327 4186 3476 4256 Virg.
3535 4192 3593 4240 et
3626 4187 3795 4243 Mart.

2081 4272 2187 4321 etc.
2219 4269 2534 4337 Exponitur
2574 4269 2786 4324 ibidem
2851 4272 3002 4325 inter
3041 4279 3229 4326 cetera
3271 4274 3448 4328 altare
3479 4275 3561 4345 (ut
3589 4282 3798 4330 vocant

2080 4353 2369 4420 portatile,
2406 4369 2520 4422 quo
2559 4370 2693 4407 usus
2721 4355 2928 4409 dicitur
2991 4357 3210 4410 militiae
3269 4358 3322 4412 8.
3387 4359 3681 4424 Henricus,
3719 4363 3792 4414 ad

2077 4439 2472 4494 instruendam
2540 4457 2698 4496 aram
2756 4460 2861 4514 pro
2903 4445 3180 4499 sacrificio
3233 4447 3456 4500 Missm‘:
3497 4447 3792 4503 inclusum

2077 4531 2161 4580 est
2188 4527 2297 4580 hoc
2321 4529 2586 4597 portatile
2634 4529 2810 4583 thecae
2857 4531 3144 4600 pretiosae,
3201 4533 3444 4602 gemmis
3465 4540 3515 4588 et
3551 4535 3793 4590 unioni-

2075 4614 2182 4668 bus
2208 4615 2518 4686 insignitae,
2553 4633 2679 4687 qua:
2713 4625 2920 4688 praeter
2956 4620 3296 4690 particulam
3345 4623 3400 4676 8.
3431 4623 3627 4678 Crucis
3651 4640 3792 4678 con-

2073 4703 2217 4757 tinet
2263 4705 2534 4775 reliquias
2565 4705 2660 4760 SS.
2723 4707 2948 4778 Georgii
2999 4715 3055 4760 et
3106 4710 3382 4779 Stephani
3432 4711 3788 4769 Protomart.

2073 4792 2486 4862 Christophori,
2541 4793 2846 4860 Pancratii,
2925 4795 3265 4862 Sebastiani,
3347 4798 3659 4868 Laurentii,
3729 4807 3788 4855 et

2073 4879 2142 4932 de
2173 4881 2442 4933 craticula
2469 4881 2610 4951 ejus.

2141 4972 2230 5021 97.
2276 4988 2305 5018 ot
2350 4970 2616 5025 Prostant
2678 4977 2956 5042 praeterea
3021 4973 3336 5042 conspicui,
3419 4989 3483 5026 ex
3532 4978 3784 5047 utraque

2069 5063 2253 5125 parte,
2303 5057 2432 5110 libri
2491 5059 2944 5129 Evangeliorum'
2972 5065 3237 5130 quatuor,
3271 5061 3492 5116 codices
3511 5063 3777 5130 pretiosi,

2069 5143 2127 5196 in
2157 5144 2334 5198 thecis
2363 5145 2557 5198 sericis
2601 5163 2742 5200 auro
2800 5148 3159 5218 gemmisque
3211 5150 3524 5203 liberaliter
3567 5150 3783 5205 distin-

2066 5233 2170 5284 ctis
2190 5233 2492 5304 compacti,
2526 5239 2581 5287 et
2628 5251 2731 5289 sua
2791 5253 2848 5289 se
2889 5236 3228 5307 antiquitate
3279 5238 3774 5306 commendantes,

2065 5324 2263 5391 utpote
2294 5322 2365 5375 ab
2391 5321 2514 5392 ipso
2572 5322 2633 5378 S.
2672 5323 2909 5378 Henrico
2941 5325 3190 5380 ecclesiae
3225 5327 3536 5380 cathedrali
3583 5327 3644 5380 in
3667 5329 3774 5382 do-

2065 5425 2225 5475 num,
2257 5413 2416 5464 tanto
2455 5415 2686 5482 tamque
2719 5413 2814 5484 pio
2846 5413 3195 5484 condignum
3230 5416 3579 5485 Imperatore
3609 5416 3772 5470 obla-

2060 5501 2206 5551 tum.
2238 5497 2374 5551 Tam
2399 5499 2705 5570 magnifico
2741 5500 2988 5571 desuper
3043 5506 3249 5555 ornatu
3308 5502 3482 5556 veluti
3519 5518 3770 5557 corona-

2064 5589 2174 5652 tus,
2206 5585 2264 5640 in
2326 5586 2448 5658 ipso
2507 5603 2621 5641 arae
2682 5588 2871 5644 medio
2937 5605 3040 5660 per
3077 5589 3425 5653 excavatum,
3456 5595 3518 5644 ut
3547 5590 3770 5646 dictum
