4016 6202
200 284 311 345 m_
1826 283 1879 334 At

3584 279 3679 332 ΠΒ

188 406 277 466 est,
306 398 578 455 fornicem
609 401 851 468 apparet
907 411 1272 451 marmoreus
1318 403 1643 453 sanctorum
1674 401 1873 471 Conju-
1904 402 1950 453 A
1989 401 2240 455 ecclesiae
2271 402 2607 456 cathedralis
2663 401 2721 455 in
2779 400 2975 454 habitu
3044 398 3348 461 diaconali.
3406 398 3681 470 Episcopo

186 506 306 561 gum
336 488 611 550 tumulus,
657 488 847 556 tapete
898 484 1069 553 nigro
1103 484 1298 552 serico,
1335 486 1645 541 unionibus
1677 489 1874 559 copio-

184 577 417 642 sissimis,
470 590 749 645 auroque,
821 588 998 643 opere
1058 573 1325 643 Phrygio,
1390 574 1709 629 intertextis
1760 593 1880 647 pre-

184 664 466 720 tiosissima
514 664 829 717 instratus:
882 660 986 731 qui
1042 661 1378 716 ardentibus
1420 679 1523 733 per
1576 664 1876 719 circuitum

182 771 238 808 ex
272 770 392 807 cera
440 752 666 821 virgine
715 750 971 804 candelis
1012 750 1253 803 omnino
1303 751 1700 822 quadraginta,
1755 769 1876 806 ma-

183 842 366 913 gniﬁce
416 842 741 895 illustratur
782 838 921 904 ;cui
964 838 1154 891 lucem
1203 839 1477 908 adjiciunt
1517 856 1581 894 ex
1633 848 1877 911 utroque

182 930 390 986 fornicis
421 931 597 983 latere
630 926 930 998 lampades
988 943 1055 981 ex
1107 934 1345 997 argento
1393 929 1663 983 deaurato
1713 930 1877 983 sede-

182 1021 300 1088 cim,
331 1035 441 1072 una
464 1034 597 1071 cum
630 1015 996 1071 candelabris
1045 1015 1362 1085 pensilibus
1409 1018 1692 1087 argenteis
1734 1034 1875 1088 qua-

184 1115 315 1171 tuor,
345 1122 470 1178 quae
530 1104 685 1158 binis
732 1104 964 1173 singula
1010 1103 1297 1157 collucent
1350 1105 1546 1171 cereis,
1587 1111 1644 1159 et
1704 1105 1874 1159 simul

184 1194 355 1249 omnia
385 1193 451 1247 ad
482 1192 888 1245 illustrandam
943 1191 1283 1245 Sanctorum
1340 1193 1580 1262 gloriam
1648 1193 1875 1264 egregie

184 1283 478 1337 conferunt.

243 1373 326 1424 98.
365 1389 391 1419 α
435 1368 725 1422 Accedunt
753 1366 843 1420 his
898 1366 957 1419 in
987 1370 1148 1436 parte
1203 1383 1316 1419 arae
1348 1368 1571 1436 inﬁma,
1614 1368 1874 1438 reliquie

182 1460 291 1512 aliae
316 1474 483 1524 supra
515 1453 812 1509 recensitis
844 1454 995 1507 haud
1042 1454 1342 1508 inferiores
1385 1472 1397 1508 :
1443 1456 1656 1510 scilicet
1685 1457 1875 1510 clavus

182 1546 395 1609 ferreus,
431 1560 547 1615 quo
581 1542 835 1597 Christus
886 1542 1149 1596 Salvator
1178 1544 1447 1596 manibus
1506 1544 1661 1598 cruci
1710 1543 1877 1598 haesit

182 1635 377 1698 afﬁxus,
410 1633 477 1686 de
532 1632 691 1700 cujus
730 1629 969 1683 veritate
1019 1630 1176 1683 bulla
1224 1632 1556 1685 authentica
1602 1648 1777 1702 supra
1808 1631 1881 1685 al-

183 1721 580 1790 legata:item,
635 1719 802 1790 spina
852 1719 922 1772 de
980 1734 1191 1773 corona
1251 1719 1516 1789 ejusdem
1566 1719 1878 1775 Salvatoris

186 1812 257 1873 Νη
297 1826 426 1863 crux
457 1810 689 1879 insuper
729 1812 1001 1877 argentea
1052 1808 1340 1874 inaurata,
1392 1808 1703 1862 continens
1743 1824 1879 1877 par-

182 1900 391 1952 ticulam
418 1899 472 1952 S.
506 1897 683 1951 crucis
704 1901 758 1950 et
798 1896 1045 1965 digitum
1075 1898 1127 1951 S.
1185 1897 1485 1951 Gertrudis
1518 1912 1532 1949 :
1565 1914 1684 1967 qua
1714 1913 1879 1950 cruce

184 1988 340 2042 fertur
367 1987 421 2041 S.
461 1986 726 2040 lteuricus
758 1984 1074 2055 virgineam
1117 1985 1224 2039 sibi
1255 2002 1530 2054 sponsam
1564 1986 1885 2055 Cunegun-

185 2079 297 2130 dam
326 2075 702 2129 subarrhasse.
733 2074 954 2129 Ornant
994 2080 1269 2143 praeterea
1298 2081 1355 2128 et
1402 2075 1705 2130 illustrant
1740 2076 1886 2129 hanc

186 2182 283 2218 arae
315 2170 528 2235 partem
571 2161 921 2218 Caudelabra
979 2179 1072 2215 sex
1106 2166 1397 2232 argentea,
1431 2178 1563 2215 cum
1598 2162 1883 2217 interme-

188 2254 269 2306 dio
299 2252 562 2306 cruciﬁxo
613 2255 887 2321 argenteo
925 2266 936 2302 :
979 2250 1269 2303 collocatis
1302 2252 1369 2303 ad
1414 2249 1632 2318 pedem
1686 2252 1885 2306 altaris

191 2340 520 2395 caudelabris
566 2340 691 2393 aliis
753 2338 1042 2409 argenteis
1100 2338 1345 2403 duobus,
1415 2337 1745 2394 altitudinis
1794 2357 1887 2410 pe-

190 2428 309 2482 dum
343 2432 391 2481 7.
425 2431 607 2496 Atque
645 2425 767 2479 haec
814 2426 882 2478 de
931 2424 1178 2494 sepulcri
1226 2427 1283 2477 et
1329 2438 1444 2476 ara:
1494 2429 1707 2479 ornatu
1760 2442 1885 2478 ma-

190 2515 396 2585 gniﬁco.
420 2514 559 2578 Quae
589 2516 931 2583 sequuntur,
967 2512 1115 2567 Festi
1144 2512 1345 2582 ipsius,
1401 2518 1456 2564 et
1485 2510 1713 2567 Octava;
1750 2514 1883 2567 sub-

190 2604 458 2673 sequentis
486 2602 888 2656 solennitatem
919 2602 1290 2654 concernunt.
1326 2618 1353 2649 ››

415 2691 443 2761 §
474 2692 546 2745 ll.
584 2690 847 2761 Ejusdem
878 2690 1150 2743 institutio
1188 2692 1239 2741 et
1271 2686 1631 2741 continuatio.

250 2785 327 2836 99.
366 2804 386 2831 ι
422 2781 614 2836 Pridie
664 2782 723 2835 in
754 2781 878 2851 ipso
930 2778 1231 2851 pervigilio
1287 2777 1454 2843 chti,
1502 2776 1645 2831 hora
1700 2779 1888 2850 prima

189 2873 412 2924 terretur
448 2870 524 2924 ad
574 2869 788 2939 primas
819 2870 1116 2938 Vesperas,
1168 2880 1511 2936 magnarum
1552 2865 1644 2934 (de
1676 2868 1886 2936 quibus

1988 488 2361 555 assistentes;
2408 494 2535 559 post
2583 506 2726 559 quos
2774 488 3026 559 procedit
3073 487 3450 541 subdiaconus
3483 492 3681 540 canta-

1990 582 2151 629 turus
2184 578 2489 648 Epistulam
2526 595 2539 644 ;
2576 583 2696 631 tum
2747 578 3040 638 diaconus.
3076 581 3316 646 uterque
3338 593 3402 629 ex
3435 574 3682 630 dominis

1986 665 2273 719 canonicis
2304 668 2522 721 cathed.
2583 682 2824 737 quorum
2886 665 3117 719 ultimus
3167 664 3380 717 incedit
3433 663 3504 716 ad
3536 661 3680 715 siui-

1986 758 2160 808 stram
2191 755 2507 825 presbyteri
2566 754 2881 808 assistentis
2940 759 2997 807 et
3051 753 3285 823 pluviali
3336 751 3543 805 induti.
3577 751 3682 804 Se-

1986 842 2181 912 quitur
2209 844 2519 914 Episcopus
2564 844 2621 896 in
2650 842 3071 913 pontiﬁcalibus
3126 858 3255 894 cum
3288 841 3461 894 Pallio
3495 845 3551 893 et
3577 839 3681 893 ba-

1982 931 2107 984 culo
2137 932 2427 1001 pastorali,
2485 931 2854 1002 subsequitur
2900 947 3029 984 cum
3087 930 3213 983 aliis
3265 927 3560 982 sacellanis
3590 943 3683 981 au-

1983 1018 2105 1072 licis
2155 1020 2615 1073 caeremoniarius
2646 1036 2659 1084 ;
2690 1035 2863 1089 quem
2919 1018 3211 1087 excipiunt
3261 1016 3521 1070 canonici
3567 1016 3681 1069 duo

1983 1122 2050 1160 ex
2076 1108 2406 1177 collegiutis,
2464 1108 2649 1161 induti
2709 1106 3052 1177 pluvialibus
3110 1106 3180 1159 ad
3238 1105 3465 1158 mitram
3498 1108 3554 1157 et
3582 1104 3681 1157 ba-

1982 1195 2174 1249 culum
2202 1197 2547 1266 pastoralem
2580 1195 2969 1248 inservientes.

2058 1286 2174 1338 102.
2216 1307 2236 1331 ε
2266 1284 2448 1339 Finito
2486 1285 2588 1336 hac
2635 1282 2857 1335 ratione
2917 1281 3114 1336 Ofﬁcio
3159 1280 3352 1334 divino
3386 1278 3685 1332 antemeri-

1984 1372 2173 1435 diano,
2205 1373 2347 1426 hora
2378 1378 2507 1443 post
2536 1370 2833 1424 meridiem
2865 1370 3051 1438 prima
3090 1369 3358 1421 sodalitas
3383 1367 3683 1433 juniorum

1983 1458 2274 1529 opiﬁcum,
2302 1462 2405 1513 sub
2436 1459 2601 1512 titulo
2651 1459 2707 1510 Β.
2772 1457 3019 1525 Virginis
3067 1456 3187 1508 sine
3245 1456 3462 1508 macula
3488 1471 3684 1508 conce-

1984 1555 2120 1619 ptae,
2162 1549 2379 1603 solenni
2441 1547 2799 1617 processione
2840 1561 2905 1599 ex
2956 1544 3205 1597 oratorio
3254 1562 3355 1597 suo
3401 1544 3468 1597 ad
3503 1544 3687 1596 eccle-

1986 1636 2125 1690 siam
2183 1637 2567 1691 catliedralem
2629 1635 2963 1696 deducitur;
3018 1633 3116 1686 ubi
3172 1632 3357 1685 habita
3392 1634 3577 1685 denuo
3618 1632 3686 1684 de

1986 1725 2174 1780 Sancti
2196 1726 2414 1779 meritis
2470 1724 2743 1776 concione
2802 1721 3163 1789 panegyrica,
3214 1720 3501 1788 incipiunt
3548 1720 3690 1773 hora

1988 1815 2153 1868 tertia
2218 1815 2495 1883 Vesperm.
2562 1811 2655 1864 llis
2695 1826 2809 1863 una
2865 1824 2996 1861 cum
3051 1809 3431 1878 Completorio
3487 1808 3685 1874 ﬁnitis,

1987 1902 2282 1956 decantato
2313 1902 2382 1954 ad
2413 1903 2730 1953 extremum
2757 1900 2972 1968 hymno
3006 1898 3198 1949 Ambr.
3222 1898 3296 1950 Te
3330 1898 3529 1961 Deum,
3556 1902 3685 1960 etc.,

1989 1996 2043 2044 et
2096 1993 2227 2044 data
2291 2005 2421 2042 cum
2467 1988 2780 2041 venerabili
2864 1986 3227 2040 Sacramento
3294 1985 3688 2039 benedictione

1990 2079 2230 2144 solenni,
2266 2079 2387 2147 ejus
2419 2075 2533 2129 diei
2577 2076 2848 2128 festivitas
2906 2075 3281 2129 concluditur.
3319 2075 3418 2128 Die
3464 2080 3692 2144 postera

1991 2168 2229 2237 aliisque
2286 2180 2388 2234 per
2432 2168 2610 2216 totam
2672 2165 2936 2218 Octavam
2989 2163 3486 2233 subsequentibus,
3543 2178 3692 2214 sum-

1993 2271 2151 2309 mum
2174 2254 2406 2308 Sacrum
2438 2257 2558 2304 tum
2590 2268 2623 2304 a
2664 2251 3182 2305 Reverendisssimo
3218 2253 3279 2305 D.
3329 2252 3690 2321 sutl‘raganeo

1992 2350 2115 2397 tum
2148 2360 2181 2396 a
2228 2340 2511 2394 canonicis
2566 2339 3006 2405 cathedralibus,
3062 2355 3191 2392 cum
3231 2339 3459 2393 decanis
3513 2340 3691 2392 eccle-

1995 2434 2209 2486 siarum
2241 2429 2521 2497 collegiat.
2556 2429 2866 2484 solenniter
2905 2430 3238 2483 celebratur.

2071 2522 2188 2574 103.
2227 2541 2253 2567 ‹‹
2286 2518 2469 2571 Pridie
2516 2518 2629 2572 diei
2660 2524 2886 2587 octavae,
2933 2518 3089 2583 dato,
3145 2522 3207 2571 ut
3244 2532 3435 2588 supra,
3494 2515 3563 2570 ad
3590 2516 3693 2570 ho-

1994 2624 2119 2662 ram
2150 2606 2398 2676 primam
2445 2607 2739 2676 campanis
2797 2606 3107 2677 majoribus
3138 2606 3324 2675 signo,
3357 2606 3500 2659 hora
3528 2604 3697 2658 tertia

1998 2698 2257 2765 Vespera:
2290 2712 2323 2748 a
2377 2696 2864 2749 Reverendissimo
2916 2697 2977 2749 Ι).
3039 2695 3250 2749 decano
3298 2693 3549 2748 ecclesias
3605 2710 3696 2747 ca-

1996 2784 2294 2847 thedralis,
2341 2789 2622 2853 praesente
2657 2785 2928 2854 Episcopo
2979 2788 3033 2837 et
3080 2783 3574 2837 Reverendissimo
3598 2799 3697 2835 ca—

1996 2873 2180 2943 pitulo
2234 2872 2543 2926 cathedrali
2597 2873 2885 2943 universo,
2936 2873 3099 2943 juxta
3137 2871 3312 2925 ritum
3373 2872 3696 2925 Romanum

190 2958 362 3027 supra)
401 2957 861 3028 compulsatione
892 2955 1118 3009 solenni
1165 2969 1601 3024 campanarum.
1657 2956 1887 3010 Festum
1920 2952 1961 3004 C
2000 2976 2130 3014 cum
2164 2960 2503 3014 solennitate
2529 2961 2858 3032 prmscripta
2903 2961 3287 3026 celebrantur,
3316 2960 3697 3030 subsequente

190 3045 375 3099 dicitur
403 3046 730 3117 episcopale
780 3049 837 3099 et
876 3044 1060 3110 Pallii,
1094 3044 1155 3097 in
1190 3060 1306 3114 quo
1339 3042 1607 3098 Ofﬁcians
1638 3050 1727 3099 est
1760 3046 1887 3115 Epi-

190 3149 388 3203 scOpus.
420 3136 684 3203 Vespera:
712 3133 1054 3187 inchoantur
1086 3133 1226 3187 hora
1283 3131 1472 3197 tertia,
1526 3131 1639 3184 ritu
1699 3136 1889 3189 solen-

186 3223 422 3291 nissima,
446 3224 614 3294 juxta
632 3222 1027 3277 caeremoniale
1064 3222 1388 3276 Romanum
1423 3236 1436 3286 ;
1487 3223 1544 3273 et
1573 3220 1673 3288 (uti
1706 3223 1884 3276 etiam

187 3327 275 3378 per
302 3315 471 3366 totam
511 3312 777 3366 Octavam
816 3310 1078 3366 Ofﬁcium
1128 3308 1388 3363 divinum
1418 3307 1735 3381 reliquum)
1767 3328 1884 3366 non

186 3397 238 3451 in
262 3400 427 3455 choro
458 3399 774 3465 ordinario,
825 3399 920 3453 sed
952 3399 1012 3451 in
1058 3398 1188 3451 navi
1237 3396 1491 3450 ecclesiae
1514 3401 1647 3451 ante
1680 3402 1883 3472 sepul-

186 3502 327 3542 crum
371 3488 462 3543 SS.
516 3487 741 3542 Henrici
792 3492 848 3541 et
900 3485 1267 3556 Cunegundis
1315 3484 1698 3552 celebrantur,
1750 3489 1883 3561 qui-

188 3575 277 3629 bus
308 3576 478 3631 linitis
537 3575 786 3630 succedit
844 3574 1291 3645 Completorium
1326 3589 1339 3626 :
1375 3572 1664 3628 iutersunt
1697 3594 1883 3633 cano—

183 3662 278 3717 nici
298 3663 464 3719 trium
501 3662 867 3718 ecclesiarum
898 3661 1355 3733 collegiatarum.

247 3754 361 3807 100.
408 3775 436 3805 ιι
466 3753 626 3807 Mane
657 3754 835 3806 altero
859 3751 973 3805 diei
1001 3749 1295 3822 sequentis
1312 3748 1576 3802 divinum
1607 3749 1879 3809 Ofﬁcium

183 3837 359 3908 incipit
387 3842 532 3895 hora
562 3843 734 3904 sexta,
772 3838 985 3910 praevia
1039 3854 1238 3891 rursus
1268 3852 1690 3906 campanarum
1722 3857 1878 3895 com-

184 3928 503 3994 pulsatione.
565 3928 882 3983 Decantatis
939 3926 1259 3981 solenniter
1311 3925 1612 3989 Matutino,
1677 3929 1879 3984 Laudi-

184 4014 273 4068 bus
299 4022 352 4071 et
404 4018 618 4082 Prima,
675 4017 934 4087 sequitur
992 4016 1136 4069 hora
1185 4019 1383 4067 octava
1433 4013 1634 4068 concio
1706 4034 1878 4087 pane-

187 4103 353 4171 gyrica
379 4106 447 4160 de
510 4106 735 4171 Sancto,
802 4121 917 4175 qua
972 4103 1255 4167 absoluta,
1312 4102 1695 4157 decantantur
1733 4106 1875 4160 hora

2000 3050 2423 3119 Completorio:
2456 3055 2584 3121 post
2635 3050 2786 3121 quod
2844 3050 2984 3104 hora
3032 3054 3188 3103 sexta
3216 3048 3557 3121 vespertina,
3596 3065 3698 3102 eo—

1998 3140 2125 3195 dem
2154 3138 2642 3194 Reverendissimo
2699 3141 2756 3193 D.
2815 3139 3027 3193 decano
3086 3138 3422 3205 ofﬁciatore,
3476 3137 3698 3192 Matuti-

1999 3244 2139 3281 num
2163 3245 2292 3282 cum
2326 3228 2613 3282 Laudibus
2660 3228 3021 3298 anticipatur.
3073 3227 3231 3281 Mane
3286 3228 3485 3291 altero,
3511 3226 3699 3281 medio

1998 3322 2187 3382 sextae,
2216 3318 2589 3371 decantantur
2620 3317 2772 3370 horae
2827 3316 3063 3385 reliqua:
3120 3332 3300 3385 usque
3341 3315 3411 3369 ad
3476 3316 3698 3370 Nonum

1994 3406 2324 3460 inclusive:
2383 3407 2521 3459 hora
2579 3412 2736 3459 sexta
2813 3404 3009 3458 concio
3078 3405 3420 3476 panegyrica
3476 3419 3491 3457 :
3558 3404 3699 3459 hora

1995 3495 2183 3564 prima
2211 3494 2510 3548 ordinatur
2546 3493 2833 3565 processio
2863 3508 2964 3563 per
3018 3493 3220 3546 urbem
3275 3492 3695 3560 solennissima,

1993 3585 2155 3653 cujus
2202 3584 2293 3637 hic
2333 3582 2440 3635 sibi
2484 3584 2669 3636 locum
2719 3580 3027 3649 descriptio
3085 3580 3310 3635 videtur
3358 3581 3695 3637 vendicare:

1993 3680 2077 3726 est
2101 3677 2289 3726 autem
2323 3670 2650 3739 hujusmodi
2676 3688 2687 3724 ε

2067 3762 2185 3815 104.
2224 3782 2245 3808 ι
2284 3758 2516 3813 luitium
2548 3759 2646 3813 dat
2698 3775 2844 3813 unus
2873 3774 2904 3811 e
2947 3757 3158 3811 summi
3190 3759 3393 3829 templi
3448 3759 3694 3825 aedituis,

1991 3847 2404 3920 superpelliceo
2468 3847 2724 3913 indutus,
2792 3850 3080 3915 sceptrum
3112 3848 3420 3916 prasterens
3483 3862 3695 3917 argen-

1990 3943 2169 3993 teum.
2213 3937 2545 4005 Sequuntur
2605 3935 2804 3989 vexilla
2864 3937 3113 4004 quatuor
3143 3952 3155 3989 :
3185 3935 3338 3989 inter
3366 3951 3494 4006 qua:
3521 3935 3695 3990 indu-

1988 4032 2079 4081 tus
2103 4025 2341 4097 pluviali
2375 4025 2638 4079 sacerdos
2687 4023 2919 4090 incedit,
2954 4023 3097 4077 dans
3130 4023 3534 4094 aspersorium.
3562 4026 3696 4078 Post

1985 4116 2137 4171 hunc
2168 4112 2291 4169 bini
2322 4118 2377 4167 et
2404 4113 2524 4167 bini
2555 4113 2871 4184 procedunt
2900 4111 3110 4165 summi
3135 4112 3336 4181 templi
3359 4112 3643 4166 scholares
3675 4130 3687 4166 :

193 4191 345 4259 Nona,
374 4194 567 4249 Tertia
596 4198 653 4247 et
688 4194 868 4248 Sexta.
930 4192 1168 4256 Quando
1200 4191 1497 4245 ecclesiam
1553 4190 1876 4260 ingreditur

2069 4222 2125 4259 m
2153 4204 2283 4258 duas
2322 4201 2505 4257 tribus
2528 4201 2870 4255 mechanica:
2904 4200 3200 4255 lanionum
3230 4205 3288 4256 et
3318 4200 3691 4270 piscatorum,

193 4278 473 4353 Episcopus
517 4281 799 4351 excipitur
856 4299 888 4334 a
917 4279 1166 4351 quodam
1216 4296 1283 4333 ex
1308 4279 1559 4333 dominis
1589 4281 1877 4335 canonicis

190 4369 603 4439 cathedralibus,
648 4370 1019 4440 praestolante
1085 4384 1217 4422 cum
1262 4384 1427 4422 cruce
1473 4367 1640 4438 quasi
1684 4371 1877 4424 archi—

191 4455 472 4528 episcopali
504 4458 587 4528 (in
629 4458 856 4529 signum
888 4456 1285 4527 praerogativa:
1332 4455 1691 4526 episcopatus
1718 4458 1877 4512 Bam-

192 4542 460 4615 bergensis
521 4546 827 4616 gaudentis
874 4546 1069 4608 Pallio,
1126 4550 1180 4598 et
1240 4545 1498 4599 Romano
1544 4544 1883 4601 immediate

194 4632 430 4690 Pontiﬁci
460 4634 741 4704 subjecti).
776 4635 919 4688 Tum
962 4635 1030 4688 ad
1078 4634 1394 4688 sacristiam
1446 4633 1721 4687 deductus
1755 4636 1875 4706 Epi-

191 4734 388 4792 scopus,
418 4724 849 4793 pontiﬁcalibus
898 4739 1003 4794 pro
1034 4738 1259 4779 summo
1313 4723 1481 4777 Sacro
1534 4722 1874 4779 celebrando

192 4812 521 4876 paramentis
543 4812 755 4866 ibidem
790 4812 1056 4866 induitur
1087 4833 1099 4876 ;
1139 4818 1196 4866 et
1229 4809 1396 4867 Sexta
1428 4810 1670 4866 subinde
1691 4812 1871 4883 ﬁnita,

195 4912 220 4948 e
246 4901 485 4955 sacristia
512 4900 883 4971 progreditur
911 4901 1112 4956 ordine
1145 4900 1428 4972 sequenti.

260 4990 364 5043 IOt.
399 5011 426 5039 ‹
461 4993 517 5044 lu
573 4989 847 5045 Praecedit
889 4990 1135 5044 aedituus
1182 4990 1242 5043 in
1282 4989 1723 5060 superpelliceo,
1762 5008 1877 5046 sce-

198 5078 366 5142 ptrum
420 5079 731 5149 praeferens
793 5084 1152 5148 argenteum.
1218 5082 1277 5133 2°
1330 5079 1660 5149 Sequuntur
1723 5080 1876 5135 hunc

195 5166 419 5234 acolythi
447 5172 694 5239 quatuor
733 5184 863 5221 cum
893 5168 1201 5222 thuribulis
1260 5168 1485 5222 duobus
1514 5173 1570 5221 et
1601 5168 1874 5223 naviculis

198 5254 434 5311 totidem.
488 5261 545 5312 3°
600 5257 861 5327 Acolythi
906 5262 1152 5329 quatuor
1207 5256 1303 5310 alii
1347 5257 1690 5312 candelabra
1726 5259 1876 5314 defe-

199 5348 364 5399 rentes
393 5362 524 5401 cum
573 5346 752 5400 cereis
808 5347 1074 5412 accensis,
1136 5362 1366 5418 unaque
1421 5345 1764 5402 deducentes
1813 5349 1873 5402 in

200 5431 365 5488 medio
409 5434 749 5490 canonicum
829 5436 1234 5501 cathedralem,
1297 5435 1533 5507 pluviali
1583 5436 1869 5505 indutum,

201 5531 518 5595 crucemque
578 5524 1000 5595 praeferentem.
1060 5526 1385 5580 Succedunt
1440 5526 1696 5580 canonici
1758 5528 1871 5581 duo

1987 4311 2117 4349 cum
2149 4291 2328 4347 cereis
2355 4291 2598 4362 magnis,
2633 4308 2776 4362 quos
2806 4289 3013 4359 excipit
3067 4290 3271 4344 chorus
3297 4290 3508 4344 vocalis
3557 4306 3691 4344 mu-

1986 4382 2232 4437 sicorum
2290 4380 2665 4433 cantantium.
2743 4378 3066 4433 Succedunt
3117 4380 3355 4435 Ordines
3417 4379 3690 4449 religiosi,

1986 4472 2106 4526 suis
2142 4469 2395 4524 distincti
2434 4468 2724 4534 crucibus;
2764 4472 2819 4520 et
2875 4467 3052 4537 primi
3106 4468 3335 4539 quidem
3391 4470 3491 4522 PP.
3547 4469 3688 4541 Cap-

1982 4558 2203 4630 pucini,
2245 4563 2368 4612 tum
2417 4560 2521 4612 PP.
2557 4556 2898 4622 Carmelitae,
2951 4557 3156 4611 deinde
3193 4560 3297 4611 PP.
3331 4557 3690 4612 Franciscani

1981 4654 2112 4718 post
2164 4649 2267 4702 PP.
2323 4646 2703 4710 Dominicani,
2780 4645 2981 4699 ultimo
3045 4647 3147 4700 PP.
3209 4646 3559 4701 Benedictini
3617 4647 3687 4702 de

1983 4740 2176 4790 monte
2204 4736 2258 4790 S.
2298 4735 2604 4800 Michaelis,
2632 4734 2861 4805 quibus,
2912 4734 2970 4787 in
3020 4734 3246 4805 signum
3301 4735 3687 4807 imperatoria:

1981 4842 2014 4878 a
2046 4827 2100 4880 S.
2143 4825 2386 4879 Henrico
2417 4824 2577 4878 facta:
2642 4822 3016 4886 fundationis,
3050 4829 3338 4893 sceptrum
3384 4825 3688 4894 praefertur

1982 4918 2321 4983 argenteum
2350 4928 2480 4966 cum
2508 4912 2769 4966 crucibus
2790 4912 3009 4966 duabus
3047 4911 3356 4982 argenteis.

2016 5064 2018 5066 τ
2057 5003 2175 5055 105.
2204 5019 2231 5050 α
2261 5000 2532 5071 Sequitur
2558 5002 2659 5055 hos
2688 5001 2880 5054 denuo
2914 4998 3159 5054 aedituus
3218 4998 3468 5053 ecclesia:
3494 5000 3685 5054 cathe-

1978 5087 2155 5142 dralis
2186 5088 2244 5141 in
2271 5090 2685 5159 superpelliceo
2719 5105 2848 5142 cum
2880 5093 3102 5158 sceptro
3143 5092 3416 5158 argenteo
3440 5106 3453 5155 ;
3477 5088 3681 5144 deinde

1979 5176 2183 5230 vexilla
2206 5176 2321 5231 duo
2352 5177 2613 5245 candida,
2655 5183 2787 5247 post
2807 5193 2935 5246 quae
2972 5191 3165 5230 cruces
3187 5176 3315 5230 dum
3373 5182 3679 5249 argenteas,

1980 5264 2297 5334 deportata:
2322 5282 2356 5319 a
2389 5265 2614 5320 duobus
2643 5265 2931 5319 canonicis
2980 5264 3460 5332 domicellaribus,
3492 5267 3681 5335 primo

1976 5353 2355 5408 residentibus
2383 5354 2441 5408 in
2495 5354 2691 5425 cappis
2725 5369 2738 5406 :
2782 5358 2904 5407 tum
2944 5353 3245 5408 duodecim
3284 5354 3341 5409 in
3376 5355 3564 5426 palliis
3591 5372 3681 5410 ce-

1977 5439 2154 5493 ruleis
2184 5440 2403 5505 fratres,
2439 5444 2501 5493 ut
2524 5444 2819 5503 vocantur,
2852 5439 3097 5504 sedium,
3137 5446 3191 5494 et
3212 5446 3458 5511 quatuor
3476 5442 3681 5496 fratres

1980 5528 2240 5598 equitum
2268 5529 2415 5593 (laici
2443 5534 2574 5581 sunt
2629 5528 2952 5597 priebendis
3014 5529 3305 5583 laicalibus
3342 5530 3684 5599 gaudentes)
