4012 6204
316 262 416 322 179

1616 273 1671 327 S.
1715 272 1999 328 HENRICI
2042 272 2112 327 1M
2128 273 2519 330 PERATOIHS
3697 281 3779 333 180

305 388 409 443 hos
456 388 751 460 excipiunt
788 389 900 443 DD.
951 388 1146 443 vicarii
1193 391 1447 445 ecclesiae
1476 392 1697 447 cathed.
1748 409 1851 448 nec
1892 410 2008 447 non
2034 395 2079 448 Α
2119 395 2279 450 derio
2301 394 2727 450 venerationem
2756 395 2933 449 sancti
2965 394 3345 466 imperatoris,
3400 396 3468 451 de
3498 396 3599 453 hac
3625 401 3785 470 patria

303 476 564 531 canonici
609 476 787 530 trium
828 476 1195 532 ecclesiarum
1253 478 1683 549 collegiatarum
1732 495 1744 534 :
1797 480 2009 535 scilicet

306 566 375 620 ad
406 565 462 619 S.
493 564 790 631 Jacobum,
841 565 910 618 ad
962 565 1016 619 S.
1062 567 1486 637 Gangolphum.
1533 567 1601 621 ad
1655 568 1710 622 S.
1767 569 2007 639 Stepha-

308 670 468 709 num.
529 653 791 708 Succedit
849 654 1407 709 Reverendissimum
1456 656 1773 726 capitulum
1823 657 2010 710 cathe-

307 742 483 797 drale.
541 742 871 811 Sequuntur
900 746 1100 796 statua:
1146 742 1207 797 in
1250 743 1471 797 feretris
1502 743 1817 814 deportata
1843 761 1875 798 a
1916 744 2010 799 di-

214 872 229 887 ,
309 845 608 885 versorum
636 830 915 886 Ordinum
961 831 1260 901 Religiosis
1308 832 1366 884 in
1421 832 1743 886 Dalmaticis
1778 849 1791 899 ;
1825 833 2010 903 primo

310 936 447 974 crux
480 919 753 990 pretiosa,
794 918 863 973 de
910 935 1023 990 qua
1072 935 1263 990 supra,
1315 935 1348 972 a
1408 925 1654 991 quatuor
1698 937 1765 976 ex
1797 921 2011 976 Ordine

315 1009 422 1063 ΗΡ.
458 1008 705 1079 Cappuc.
756 1011 807 1061 2.
857 1008 1051 1063 Statua
1086 1008 1122 1062 S
1192 1008 1451 1078 Gregorii
1480 1024 1511 1061 a
1540 1014 1787 1079 quatuor
1818 1026 1886 1063 ex
1918 1009 2015 1063 Or-

314 1098 445 1152 dine
477 1099 581 1151 PP.
615 1097 899 1151 Carmelit.
949 1099 999 1150 3.
1053 1099 1251 1150 Statua
1292 1096 1345 1151 S.
1405 1098 1773 1168 Cuncgundis
1806 1116 1837 1152 a
1867 1115 2009 1170 qua-

316 1192 447 1240 tuor
470 1201 535 1238 ex
572 1184 781 1240 Ordine
815 1186 918 1239 PP.
972 1185 1251 1238 Francisc.
1302 1184 1354 1238 4.
1400 1185 1595 1239 Statua
1625 1186 1677 1240 S.
1730 1186 1956 1240 Henrici
1984 1202 2017 1239 a

316 1280 565 1344 quatuor
614 1290 682 1327 ex
734 1273 941 1327 Ordine
1004 1275 1107 1327 PP.
1168 1273 1532 1328 Praedicator.
1593 1278 1642 1328 5.
1703 1275 1900 1329 Statua
1954 1276 2012 1331 Β.

316 1362 563 1432 Virginis
602 1378 635 1414 a
675 1368 921 1432 quatuor
951 1378 1015 1416 ex
1057 1363 1191 1416 Ord.
1244 1364 1347 1416 PP.
1387 1362 1671 1418 Benedict.
1716 1365 2020 1418 lntercedit

315 1452 523 1505 chorus
575 1450 864 1503 musicalis
918 1452 1394 1517 instrumentalis,
1445 1458 1566 1505 tum
1616 1453 1826 1506 chorus
1874 1454 2020 1507 alius

310 1538 586 1607 juvenum
648 1537 868 1591 scenice
941 1538 1299 1607 vestitorum,
1357 1535 1732 1594 refcrentium
1787 1542 2022 1611 angelos

317 1642 447 1678 cum
476 1625 765 1696 cymbalis.

394 1717 513 1768 106.
560 1735 582 1763 ;‹
614 1714 945 1783 Sequuntur
976 1714 1180 1768 deinde
1202 1714 1315 1769 duo
1348 1716 1665 1787 presbyteri
1694 1716 1751 1770 in
1797 1716 2021 1788 pluvia-

320 1803 489 1870 libus,
533 1808 822 1871 portantes
853 1802 1063 1856 librum
1113 1804 1553 1874 Evangeliorum
1602 1810 1657 1859 et
1686 1806 1890 1859 stolam
1922 1821 2024 1877 pro

321 1892 616 1945 cantaridis
646 1892 705 1943 in
758 1890 1068 1961 designatis
1122 1892 1468 1946 stationibus
1503 1893 1820 1963 Evangeliis
1856 1909 1871 1947 :
1900 1898 2024 1947 tum

322 1980 567 2049 acolythi
607 1980 721 2033 duo
754 1985 1046 2050 portantes
1075 1980 1414 2034 candelabra
1443 1998 1573 2034 cum
1626 1982 1804 2035 cereis
1830 1998 2028 2036 accen-

272 2062 283 2065 ’
323 2068 418 2121 sis.
451 2068 775 2121 Succedunt
804 2074 1052 2137 quatuor
1089 2068 1148 2121 in
1181 2068 1518 2134 dalmaticis,
1574 2085 1704 2122 cum
1752 2069 2028 2123 naviculis

324 2162 380 2209 et
424 2155 755 2221 thuribulis,
811 2156 1246 2210 Sanctissimum
1320 2157 1596 2210 continuo
1649 2157 2025 2211 incensantes.

328 2246 457 2298 Post
484 2260 625 2313 quos
669 2243 1064 2306 subdiaconus,
1126 2250 1183 2298 et
1236 2244 1528 2312 diaconus,
1570 2261 1633 2298 ac
1664 2245 1895 2299 tandem
1924 2244 2029 2299 sub

325 2332 664 2387 baldachino
708 2332 1232 2385 Reverendissimus
1288 2334 1541 2386 ecclesias
1572 2333 1913 2387 cathedralis
1938 2333 2032 2387 dc-

325 2436 498 2473 canus
528 2424 764 2489 portans
789 2419 1123 2473 Venerabile
1152 2420 1603 2486 Sacramentum,
1635 2422 1797 2491 cujus
1836 2423 2033 2476 utrim-

328 2508 599 2578 quelatus
655 2508 869 2579 stipant
916 2509 1223 2578 Episcopus
1276 2514 1332 2562 et
1384 2509 1727 2579 Praspositus
1775 2510 2031 2580 ejusdem

327 2596 576 2650 ecclesia:
606 2596 849 2663 cathed.,
880 2596 1142 2650 candidis
1190 2596 1410 2650 facibus
1445 2596 1726 2652 instructi.
1785 2599 2035 2670 Cingunt

333 2686 732 2739 baldachinum
778 2687 965 2739 octoni
1008 2687 1265 2756 juvenes,
1303 2687 1451 2741 faces
1496 2687 1694 2742 itidem
1726 2690 2033 2758 praeferen-

331 2778 432 2839 tes,
477 2790 578 2826 nec
634 2789 750 2826 non
794 2774 977 2827 tribus
1035 2774 1369 2829 machanica
1426 2775 1709 2845 pistorum
1755 2792 1885 2830 cum
1916 2777 2034 2830 suis

331 2861 582 2913 candelis
649 2862 983 2930 majoribus.
1035 2862 1369 2933 Sequuntur
1413 2864 1617 2917 deinde
1666 2864 1884 2917 domini
1915 2871 2035 2918 sta-

2118 485 2260 539 adeo
2286 485 2559 555 praaclare
2591 483 2800 550 meriti,
2833 483 3195 555 aliquatenus
3213 484 3494 554 augendi;
3525 492 3580 541 et
3606 494 3787 559 poten-

2118 578 2232 627 tem
2286 572 2752 627 intercessionem
2814 572 2985 642 hujus
3040 571 3229 626 Sancti
3285 573 3446 641 cujus
3508 578 3787 631 sacratissi-

2120 678 2278 715 mum
2306 677 2512 731 corpus
2552 677 2727 731 penes
2758 676 2817 714 se
2864 660 3096 722 habent,
3138 661 3369 730 speciali
3418 661 3600 733 aliqua
3642 664 3790 719 devo-

2121 751 2274 803 tione
2306 749 2685 819 promerendi.
2740 749 3076 817 delegerunt
3128 748 3233 801 sibi
3266 749 3486 819 aliquot
3522 750 3634 804 dies
3662 752 3791 806 infra

2122 839 2409 904 Octavam,
2443 838 2651 909 quibus
2684 853 2905 890 δάκε-ειη]
2956 837 3305 907 sepulcrum,
3338 836 3450 890 ritu
3500 839 3791 909 supplican-

2123 927 2265 981 tium
2298 926 2539 988 adirent,
2566 932 2625 979 et
2677 926 2868 980 Sancti
2910 925 3313 996 patrocinium,
3356 925 3568 996 junctis
3612 929 3795 981 animis

2124 1030 2187 1067 ac
2234 1013 2464 1067 vocibus
2509 1014 2904 1084 implorarent.
2979 1013 3076 1067 Die
3143 1029 3257 1065 uno
3298 1013 3510 1083 prodiit
3558 1014 3796 1070 sodalitas

2123 1098 2412 1169 Angelica,
2446 1116 2575 1169 qua:
2628 1105 2741 1152 tres
2800 1098 3197 1153 Grammaticus
3236 1099 3444 1152 classes
3498 1102 3795 1171 complecti-

2126 1193 2236 1241 tur.
2273 1187 2463 1241 Altero
2526 1187 2793 1240 sodalitas
2848 1186 3048 1251 Media,
3110 1203 3282 1257 quam
3344 1189 3529 1241 Poeta:
3576 1196 3628 1241 et
3667 1189 3797 1243 Rhe-

2126 1282 2279 1329 tores
2362 1276 2737 1330 constituunt.
2825 1275 3014 1328 Tertio
3084 1275 3275 1344 Major,
3332 1292 3461 1345 quae
3508 1281 3561 1330 et
3613 1278 3797 1330 Acade-

2130 1363 2275 1416 mica
2319 1361 2544 1428 dicitur,
2596 1361 2656 1415 in
2700 1377 2812 1432 qua
2864 1360 3196 1433 Philosophi
3228 1367 3285 1416 et
3329 1363 3598 1434 Theologi
3641 1365 3798 1417 locum

2135 1451 2367 1505 habent.

2206 1541 2324 1593 109.
2365 1561 2385 1587 ε
2430 1537 2694 1602 Quolibet
2722 1554 2790 1591 ex
2822 1538 2910 1591 his
2949 1537 3041 1591 die
3093 1536 3424 1605 constituto,
3480 1538 3599 1592 sine
3628 1540 3801 1593 lectio-

2133 1642 2273 1681 num
2299 1625 2621 1696 dispendio,
2654 1630 2916 1695 tempore
2969 1624 3271 1679 ordinariae
3304 1643 3422 1679 suae
3450 1626 3643 1694 Missas,
3689 1643 3801 1697 pro-

2133 1713 2301 1767 cessit
2329 1728 2359 1767 e
2389 1712 2705 1784 gymnasio,
2731 1728 2794 1765 ac
2824 1711 3025 1766 ordine
3054 1712 3395 1782 composito,
3436 1719 3621 1767 secuta
3657 1729 3801 1767 suum

2132 1801 2422 1868 vexillum,
2462 1801 2614 1854 inter
2654 1801 2921 1855 devotum
2970 1799 3298 1853 litaniarum
3356 1806 3704 1871 concentum,
3746 1802 3804 1855 ad

2135 1888 2427 1944 ecclesiam
2468 1889 2851 1942 cathedralem
2908 1904 3208 1958 progressa
3258 1889 3368 1942 fuit
3407 1905 3420 1941 :
3458 1890 3549 1943 ubi
3579 1890 3804 1961 compul-

2137 1976 2356 2032 satione
2410 1991 2842 2044 campanarum,
2884 1980 2939 2028 et
2969 1974 3034 2028 ad
3077 1974 3375 2029 introitum
3409 1980 3604 2046 portae,
3634 1992 3804 2047 asper-

2138 2065 2296 2120 sione
2335 2081 2500 2136 aque:
2556 2065 2829 2129 lustralis,
2890 2065 2962 2118 ab
3010 2064 3322 2118 admodum
3380 2065 3680 2118 reverendo
3723 2065 3805 2119 do-

2138 2154 2297 2208 mino
2346 2153 2686 2208 subcustode
2717 2157 2945 2223 excepta
3005 2151 3132 2205 fuit.
3167 2152 3303 2205 Inde
3355 2151 3425 2205 ad
3472 2167 3621 2204 aram
3652 2156 3703 2204 et
3728 2166 3808 2202 sa-

2138 2258 2294 2296 cram
2323 2242 2601 2295 Tumbam
2638 2240 2931 2311 prostrati,
2987 2246 3215 2311 accepta
3276 2240 3665 2294 benedictione
3692 2255 3805 2291 san-

2140 2329 2374 2384 ctissimi
2427 2328 2793 2395 Sacramenti,
2852 2328 3197 2382 audiverunt
3252 2327 3667 2398 Missam;{sub
3714 2342 3809 2397 qua

2144 2418 2407 2473 Ofﬁcium
2439 2417 2507 2470 de
2536 2417 2589 2471 S.
2627 2416 2890 2481 Henrico,
2951 2416 3187 2470 alternis
3244 2415 3520 2479 versibus,
3549 2420 3809 2486 praeeunte

2144 2506 2405 2578 preside,
2438 2507 2550 2559 alta
2579 2521 2709 2559 voce
2767 2504 3097 2559 recitarunt.
3144 2505 3279 2559 Post
3333 2503 3811 2569 consecrationem,

2144 2595 2550 2666 perantiquum
2582 2610 2644 2647 ac
2668 2594 2936 2647 devotum
2970 2593 3249 2661 hymnum
3274 2593 3346 2647 de
3381 2593 3577 2646 eodem
3598 2591 3809 2646 Sancto:

2148 2684 2360 2740 Laudet
2390 2681 2577 2736 omnis
2607 2681 2838 2751 spiritus
2875 2680 3186 2748 Christum,
3254 2681 3357 2752 qui
3387 2681 3664 2743 divinitus,
3700 2684 3811 2739 etc.,

2146 2772 2535 2827 intersonante
2552 2786 2790 2839 organo,
2826 2770 3220 2833 decantarent,
3251 2786 3314 2823 ac
3338 2771 3560 2823 demam
3590 2767 3814 2824 devotio-

2146 2877 2277 2916 nem
2307 2876 2492 2925 suam,
2523 2859 2725 2912 iterata
2769 2858 2975 2913 Christi
3022 2857 3387 2911 eucharistici
3418 2858 3522 2911 sibi
3546 2858 3680 2911 bene
3706 2872 3813 2926 pre-

334 2956 423 3000 tus
455 2949 758 3014 saecularis,
829 2949 1098 3002 nobilitas
1137 2951 1343 3018 aulica,
1399 2956 1521 3004 tum
1576 2952 1686 3005 DD.
1725 2952 2034 3005 consiliarii
2070 2957 2111 3009 C
2148 2950 2325 3004 cautis
2356 2947 2690 3003 adoratione
2716 2948 3139 3000 concluserunt.

337 3036 665 3101 Celsissimi,
722 3042 778 3088 et
832 3036 1039 3106 reliqui
1094 3053 1160 3090 ex
1226 3038 1464 3091 diversis
1545 3038 1861 3092 dicasteriis
1935 3056 2036 3093 suo

336 3124 536 3178 ordine
589 3124 880 3190 ofticiales,
935 3126 1150 3195 populo
1209 3142 1273 3179 ac
1324 3127 1492 3196 plebe
1570 3132 1758 3180 cetera
1829 3143 2039 3197 agmen

338 3212 655 3267 claudente.

413 3303 531 3354 107.
562 3321 589 3348 ‹‹
619 3299 885 3354 Subsistit
941 3300 1224 3369 processio
1288 3299 1345 3354 in
1380 3301 1723 3356 stationibus
1768 3307 2039 3374 quatuor,

340 3403 585 3458 quarum
610 3387 794 3459 prima
842 3386 1085 3440 habetur
1118 3404 1294 3458 prope
1339 3388 1633 3443 ecclesiam
1667 3391 1772 3445 PP.
1821 3391 2043 3458 Cappu-

338 3477 622 3541 cinorum,
688 3476 868 3529 altera
920 3476 978 3528 in
1045 3475 1282 3529 ecclesia
1330 3475 1647 3546 parochiali
1702 3477 1757 3531 S.
1796 3477 2040 3539 Martini,

342 3564 510 3618 tertia
538 3565 597 3617 in
634 3564 753 3617 foro
814 3580 990 3633 prope
1051 3565 1348 3619 ecolesiam
1406 3567 1511 3620 PP.
1576 3566 1890 3634 Societatis,
1946 3567 2045 3621 ubi

343 3654 491 3706 cives
520 3653 579 3705 in
610 3655 783 3706 armis
840 3659 1255 3721 comparentes,
1308 3658 1478 3724 atque
1531 3654 1590 3708 in
1616 3655 1878 3709 cohortes
1910 3672 2047 3725 qua-

344 3745 475 3793 tuor
502 3740 793 3793 distinctas
822 3741 1037 3811 partiti,
1079 3741 1502 3811 processionem
1557 3743 1865 3813 excipiunt,
1919 3760 2047 3815 quae

344 3829 413 3881 ad
435 3829 727 3883 ecclesiam
772 3830 1154 3884 cathedralem
1205 3837 1514 3898 revertens,
1546 3832 1852 3887 stationem
1882 3849 2049 3903 quar-

346 3923 460 3970 tam
492 3923 549 3971 et
576 3918 836 3971 ultimam
866 3918 985 3988 agit
1014 3918 1074 3971 in
1105 3934 1236 3971 area
1251 3925 1477 3989 patente
1496 3926 1626 3973 ante
1659 3921 1849 3974 aulam
1878 3921 2049 3975 Prin-

345 4004 508 4073 cipis,
541 4005 639 4059 ubi
674 4006 864 4060 denuo
896 4007 1025 4060 dua:
1041 4007 1303 4059 cohortes
1330 4006 1537 4061 civium
1552 4008 1680 4061 alite
1708 4009 2047 4075 consistunt,

347 4108 477 4145 cum
510 4092 718 4163 quibus
749 4110 871 4147 sese
901 4099 1151 4163 quatuor
1200 4094 1313 4147 illae
1348 4096 1729 4165 conjungunt,
1763 4101 1827 4149 ut
1856 4101 2051 4165 postea

350 4182 549 4234 festiva
606 4182 1053 4235 bombardarum
1110 4182 1457 4251 explosionc,
1492 4183 1559 4237 ad
1596 4184 1966 4253 Evangelium
1999 4188 2054 4236 et

350 4270 725 4324 elevationem
786 4269 1049 4339 repetita,
1110 4270 1321 4324 summi
1375 4271 1529 4325 Sacri
1588 4276 1836 4342 augeant
1867 4272 2053 4325 solen-

356 4360 631 4421 nitatem;
682 4357 834 4426 quod
900 4356 1053 4410 idem
1096 4357 1623 4411 Reverendissimus
1690 4360 1751 4412 D.
1808 4359 2056 4413 decanus

282 4466 287 4469 ·
354 4443 621 4507 celebrat,
676 4452 733 4498 et
780 4445 911 4498 data
965 4446 1069 4499 sub
1135 4446 1309 4500 tinem
1364 4446 1764 4501 benedictione
1833 4447 2059 4500 solenni

356 4547 483 4585 cum
540 4532 880 4598 Venerabili,
941 4532 1302 4589 festivitatem
1358 4535 1875 4589 antemeridianam
1930 4552 2061 4589 con-

355 4621 554 4673 cludit.
588 4641 615 4669 »

568 4710 595 4779 ξ
630 4711 719 4764 Ill.
754 4712 1137 4765 lncremenlum
1190 4715 1325 4766 anni
1383 4712 1551 4780 hujus
1587 4728 1878 4766 unccxxm.

340 4814 344 4820 ‘
436 4803 551 4855 108.
585 4800 863 4853 Hactenus
909 4800 1185 4854 stabilitas
1245 4807 1303 4855 et
1334 4801 1791 4854 constantissima
1841 4802 1897 4854 iu
1931 4818 2059 4853 sau-

357 4888 674 4943 ctissimum
702 4890 1011 4943 Patronum
1060 4889 1340 4943 Ordinum
1393 4889 1653 4943 omnium
1691 4889 2065 4960 Bambergen-

362 4978 530 5043 sium,
555 4982 752 5047 utpote
782 4976 1272 5048 pientissimorum
1298 4978 1595 5041 clientum,
1628 4982 1937 5044 veneratio,
1970 4979 2063 5032 cui

312 5058 655 5119 “cumulum
676 5068 1005 5121 novumhoc
1025 5066 1148 5136 ipso
1170 5083 1319 5120 anno
1360 5068 1656 5121 accessisse
1696 5067 2062 5138 intelligesex

355 5155 643 5223 'adjunctis
702 5156 949 5210 Pottuvii
979 5155 1200 5221 litteris,
1258 5172 1400 5226 quas
1444 5156 1532 5210 his
1563 5157 1734 5210 etiam
1779 5155 2059 5211 describo.

357 5242 452 5296 Sic
477 5243 692 5296 habet:
736 5266 756 5290 ι
795 5245 893 5298 Hic
921 5246 1106 5299 cultus
1162 5244 1214 5299 S.
1279 5245 1504 5299 Henrici
1560 5245 1832 5299 hactenus
1890 5244 2063 5297 usita-

363 5338 455 5385 tus
470 5336 525 5384 et
556 5331 884 5386 ordinarius
910 5334 1036 5388 fuit.
1080 5336 1194 5389 Hoc
1250 5350 1401 5387 anno
1429 5349 1696 5387 IDCCXXIII
1730 5334 2062 5403 Congrega-

363 5420 565 5483 tiones,
600 5436 728 5491 qua:
758 5421 815 5475 in
840 5422 1142 5476 Academia
1159 5422 1584 5491 Bambergensi,
1619 5422 1723 5475 sub
1752 5422 2064 5475 directione

361 5510 593 5561 Palmm
627 5507 920 5561 Sucietatis
961 5510 1093 5563 Jesu
1150 5511 1416 5563 instituta?
1446 5516 1597 5568 sunt,
1632 5524 1879 5562 accensa:
1910 5508 2059 5561 desi-

2219 3040 2334 3091 ΗΟ.
2391 3056 2417 3087 (ι
2450 3024 2717 3090 Parentes
2746 3034 2851 3088 hac
2882 3034 3219 3099 liberorum,
3269 3051 3407 3104 erga
3437 3035 3692 3090 Sanctum
3721 3033 3811 3085 lm-

2146 3132 2488 3196 peratorem,
2548 3124 2762 3194 pietate
2808 3122 3097 3190 delectati,
3130 3130 3414 3193 egerunt,
3475 3129 3536 3177 ut
3579 3119 3817 3175 sodalitas

2148 3214 2323 3268 civica
2379 3213 2563 3267 simile
2642 3210 3025 3265 venerationis
3121 3211 3467 3282 obsequium
3539 3212 3817 3265 memorato

2151 3308 2345 3356 sancto
2380 3303 2625 3355 Patrono
2652 3300 2947 3354 exhiberet
2979 3313 2992 3366 ;
3026 3316 3138 3370 quo
3168 3305 3225 3353 et
3253 3300 3558 3370 insigniter
3589 3295 3820 3369 praestitit

2154 3390 2445 3444 Dominica
2474 3390 2623 3443 infra
2654 3390 2939 3455 Octavam,
2991 3388 3461 3442 numerosissima
3491 3387 3817 3442 dominorum

2152 3496 2216 3533 ac
2244 3479 2451 3533 civium
2501 3478 2795 3532 comitatu.
2841 3478 3363 3531 Excellentissimus
3397 3477 3655 3531 dominus
3682 3475 3819 3529 deca-

2153 3583 2281 3635 nus,
2315 3572 2607 3637 perspecta
2634 3567 2739 3620 hac
2762 3564 3265 3635 Bambergensium
3299 3565 3359 3618 in
3392 3566 3600 3619 cultum
3625 3563 3673 3617 S.
3704 3563 3821 3616 Hen-

2155 3655 2256 3709 rici
2289 3656 2694 3725 propensione,
2755 3654 3044 3724 sapienter
3074 3654 3173 3707 illa
3222 3670 3360 3708 usus
3393 3654 3512 3715 fuit,
3547 3654 3613 3707 ad
3642 3649 3821 3706 festivi-

2154 3750 2330 3798 tatem
2362 3744 2584 3798 Octavaa
2638 3743 2819 3797 sancti
2874 3742 3240 3813 imperatoris
3270 3744 3447 3796 etiam
3503 3748 3628 3813 post
3678 3738 3821 3793 meri-

2157 3832 2310 3887 diem
2337 3848 2424 3901 ea,
2455 3847 2567 3902 qua
2608 3848 2710 3902 par
2760 3838 2865 3897 est,
2898 3831 3200 3885 devotione
3253 3831 3647 3885 celebrandam
3677 3834 3823 3899 atque

2158 3920 2377 3991 optimo
2434 3919 2547 3973 ﬁne
2601 3919 3074 3972 concludendam.
3131 3920 3557 3973 Consueverant
3584 3919 3820 3972 hactenus

2162 4008 2625 4076 Bambergenses,
2660 4011 2788 4076 post
2814 4007 3131 4060 cxantlatos
3164 4022 3331 4059 mane
3369 4007 3427 4060 in
3457 4004 3761 4060 adornanda
3782 4006 3825 4053 et

2160 4095 2488 4167 peragenda
2537 4094 2896 4166 processione
2952 4094 3198 4162 labores,
3252 4100 3481 4166 tempus
3517 4090 3824 4164 pomeridia-

2165 4200 2303 4237 num
2329 4184 2465 4238 dare
2496 4184 2823 4237 animorum
2867 4182 3230 4250 relaxationi,
3289 4183 3584 4236 invisendo
3624 4178 3823 4239 amicos,

2167 4273 2250 4325 vel
2282 4270 2649 4342 exspatiando
2680 4270 2739 4324 in
2769 4271 2964 4325 hortos
2994 4276 3052 4324 et
3080 4270 3370 4324 viridario.

2244 4363 2359 4414 lll.
2396 4383 2421 4405 ‹‹
2481 4360 2560 4412 Ne
2590 4358 2767 4428 igitur
2807 4358 3089 4429 particula
3118 4358 3286 4428 hujus
3316 4358 3483 4413 bonas
3516 4356 3622 4413 diei
3647 4355 3827 4423 absque

2168 4448 2449 4518 spirituali
2481 4447 2688 4513 fructu,
2741 4452 2798 4500 et
2853 4446 3079 4518 publica
3138 4450 3502 4501 veneratione
3557 4444 3718 4499 sancti
3747 4443 3827 4495 Pa-

2169 4537 2320 4591 troni
2376 4535 2718 4607 praeteriret,
2770 4536 3032 4589 laudatus
3076 4535 3592 4589 Excellentissimus
3628 4542 3828 4600 operam

2171 4626 2344 4689 dedit,
2380 4631 2440 4678 ut
2472 4626 2593 4678 laus
2630 4623 2817 4679 Sancti
2850 4624 3030 4677 nostri
3069 4640 3101 4676 a
3153 4624 3475 4693 juventute,
3508 4638 3573 4676 ex
3601 4616 3833 4674 omnibus

2172 4712 2525 4769 catecliismis
2554 4718 2609 4765 et
2637 4712 2840 4765 scholis
2872 4711 3191 4765 trivialibus
3222 4710 3402 4766 totius
3428 4710 3582 4765 urbis
3611 4707 3832 4762 collecta,

2172 4805 2403 4858 demum
2440 4800 2825 4871 perﬁceretur.
2857 4801 3076 4871 Itaque,
3128 4800 3335 4871 praevia
3394 4796 3730 4857 invitatione,
3753 4804 3835 4844 nu-

2178 4890 2556 4946 merosissima
2588 4891 2870 4959 juventus,
2905 4905 3020 4942 una
3073 4904 3203 4942 cum
3262 4889 3581 4941 scholarum
3612 4877 3834 4954 praesidi-

2177 4982 2300 5044 bus,
2332 4996 2361 5032 a
2390 4979 2626 5032 meridie
2650 4983 2995 5049 congregata
3031 4977 3139 5031 fuit
3192 4978 3251 5031 in
3281 4979 3493 5047 templo
3524 4977 3735 5030 Patrum
3755 4968 3833 5021 So-

2174 5067 2394 5121 cietatis
2416 5068 2565 5127 .Iesu,
2618 5065 2811 5137 ibique
2866 5065 3141 5118 adornata
3188 5066 3493 5135 processio,
3541 5059 3834 5132 quaslonga

2176 5156 2340 5219 serie,
2374 5154 2726 5225 pulchroque
2768 5153 2984 5217 ordine,
3048 5154 3197 5207 inter
3244 5153 3370 5222 pios
3401 5156 3592 5206 cantus
3612 5141 3835 5219 pervenit

2175 5244 2243 5297 ad
2278 5242 2569 5296 ecclesiam
2602 5241 2983 5295 cathedralem
3032 5240 3136 5293 sub
3169 5242 3341 5294 tinem
3374 5241 3745 5309 Vesperarum.
3782 5229 3835 5282 Et

2175 5331 2483 5401 quiajussu
2541 5330 2795 5399 ejusdem
2851 5329 3308 5384 excellentissimi
3363 5319 3834 5391 Domini,ecathc-

2175 5420 2277 5473 dra
2307 5420 2733 5491 promulgatum
2789 5418 2993 5481 fuerat,
3028 5422 3156 5487 post
3204 5419 3478 5488 Vesperas
3519 5429 3628 5469 non
3677 5409 3831 5463 solum

2180 5509 2314 5563 illuc
2344 5510 2661 5562 ducendam
2685 5508 3095 5578 processionem
3130 5508 3518 5578 parvulorum,
3565 5498 3654 5554 sed
3684 5493 3827 5549 etiam
