4012 6204
152 227 225 280 181

143 448 239 487 nco
284 430 513 484 ecclesia
582 428 705 497 jam
758 433 882 481 erat
937 426 1267 480 hominibus
1323 444 1391 481 ex
1448 428 1605 481 omni
1662 432 1812 480 statu

139 521 406 591 graduque
432 517 510 570 ita
542 517 767 581 referta,
822 520 883 569 ut
913 514 1199 585 processio
1224 516 1412 569 locum
1451 515 1533 569 illi
1579 531 1697 569 non
1723 531 1809 569 re-

142 608 349 680 periret.

200 699 310 751 ll2.
351 715 377 745 α
411 698 653 765 Apertus
683 698 875 747 tamen
914 692 1023 746 fuit
1068 692 1154 746 illi
1202 693 1476 746 transitus
1500 708 1693 747 coram
1722 709 1812 746 sa-

137 802 214 838 cra
238 783 467 848 Turnba,
507 787 571 835 ut
625 781 810 851 quivis
863 782 1154 850 parvulus,
1186 782 1386 835 saltem
1418 781 1622 835 devota
1653 797 1811 834 reve-

140 873 315 938 rentia,
362 876 617 923 sanctum
673 886 839 924 suum
891 872 1199 924 Patronum
1250 869 1507 923 venerari
1537 869 1809 939 potuerit.

142 963 270 1016 Dicta
294 959 531 1013 subinde
563 958 669 1013 fuit
723 959 1019 1028 panegyri,
1070 958 1129 1011 in
1188 974 1302 1028 qua
1347 948 1717 1021 ecclesiastes,
1759 962 1814 1011 et

138 1049 398 1103 occasione
427 1048 681 1117 plurium
713 1047 1221 1117 supplicationum,
1256 1064 1397 1117 quas
1430 1046 1809 1115 Bambergen-

138 1155 226 1201 ses,
250 1153 346 1207 per
375 1136 544 1205 hujus
576 1136 798 1190 Octava:
828 1136 1155 1203 decursum,
1178 1136 1247 1189 ad
1278 1138 1601 1205 sepulcrum
1636 1136 1811 1188 sancti

142 1224 335 1277 Henrici
360 1224 751 1285 instituerunt,
812 1228 868 1275 et
906 1238 1059 1275 nunc
1119 1223 1281 1292 pueri
1314 1223 1514 1275 ultimo
1558 1223 1807 1292 comple-

138 1318 328 1375 verunt,
358 1311 611 1382 gratiose
652 1311 885 1364 adduxit
931 1311 1356 1381 processiouem
1408 1312 1562 1364 illam
1594 1326 1808 1364 memo-

139 1400 365 1466 rabilem,
417 1399 477 1452 in
537 1414 652 1469 qua
701 1398 897 1452 itidem
957 1398 1123 1469 pueri
1177 1399 1316 1453 olim
1375 1399 1433 1452 in
1480 1398 1707 1469 Apulia,
1744 1415 1807 1452 ex

138 1489 249 1540 urbe
286 1487 449 1555 Troja
498 1486 814 1539 arctissime
873 1485 1124 1550 obsessa,
1176 1485 1618 1556 supplicabundi
1673 1502 1807 1556 pro-

138 1574 285 1647 gressi
315 1579 446 1628 sunt
474 1574 542 1627 ad
604 1578 786 1627 castra
840 1573 971 1628 irati
1013 1575 1399 1644 Imperatoris,
1448 1591 1693 1645 eumque
1738 1574 1803 1627 ad

140 1663 573 1730 misericordiam,
624 1668 687 1716 ut
748 1662 876 1715 urbi
938 1663 1062 1733 jam
1114 1663 1185 1716 ad
1239 1668 1494 1715 extrema
1548 1662 1802 1715 deducta;

139 1756 373 1822 parceret,
427 1751 797 1815 inﬂexerunt,
857 1757 960 1805 etc.
1006 1751 1145 1804 Tota
1200 1752 1472 1805 festivitas
1538 1751 1803 1804 decanta-

140 1841 262 1893 tione
290 1840 484 1909 hymni
513 1839 879 1893 Ambrosiani
900 1845 955 1892 et
1006 1839 1230 1893 solenni
1254 1839 1650 1893 benedictione
1682 1855 1801 1891 sau-

139 1928 335 1982 ctissimi
389 1928 745 1983 Sacramenti
801 1926 1063 1981 conclusa
1114 1927 1224 1981 fuit
1274 1943 1403 1980 cum
1438 1943 1645 1997 magna
1675 1944 1803 1979 con-

139 2018 375 2070 solatione
422 2015 600 2069 totius
651 2016 831 2079 urbis,
885 2015 1193 2068 exultantis
1244 2014 1316 2067 ob
1349 2014 1597 2067 notabile
1626 2013 1804 2066 incre-

139 2111 357 2159 mentum
386 2105 578 2157 cultus
604 2103 693 2157 sui
726 2103 902 2156 sancti
933 2103 1182 2156 Patroni.
1225 2125 1243 2150 ι

139 2227 254 2293 ςιν.
284 2228 598 2280 Innovatum
634 2225 701 2278 de
748 2226 804 2280 S.
859 2225 1102 2279 Henrico
1130 2227 1349 2293 pietatis
1397 2226 1672 2289 Ofﬁcium.
1706 2242 1802 2294 pro

190 2298 361 2350 honore
386 2301 436 2349 et
492 2311 675 2349 amore
726 2298 903 2350 sancti
956 2294 1180 2349 Hererici
1226 2297 1591 2349 Romanorum
1621 2298 1799 2364 Impe—

187 2369 377 2427 ratoris.
409 2367 806 2434 Hungarorum
841 2367 1107 2434 Apostoii,
1168 2368 1480 2435 Imperialis
1533 2369 1800 2435 cpisc0pa-

196 2445 266 2489 tus
327 2437 747 2504 Bambergensis
824 2437 1158 2490 Fundatoris
1213 2444 1262 2490 et
1336 2439 1577 2502 Patroni,
1663 2454 1803 2491 anno

198 2523 451 2562 uacuam
503 2511 777 2577 permissu
808 2508 1157 2575 Superiorum
1196 2509 1504 2573 Bambergav
1557 2508 1798 2561 editum:

198 2595 315 2632 nunc
358 2579 430 2631 ad
474 2578 847 2632 renovandam
867 2579 1197 2632 devotionem
1235 2578 1309 2630 ad
1359 2579 1600 2631 eumdem
1665 2580 1801 2632 San-

191 2654 323 2701 ctam.
352 2649 558 2703 ibidem
597 2664 861 2702 recusum.
892 2651 1057 2717 Typis
1110 2648 1327 2715 Georgii
1363 2649 1603 2703 Andreas
1651 2651 1805 2702 σιγε-

199 2719 769 2783 ner,Reverendissimi
796 2720 1036 2787 Capituli
1093 2720 1463 2788 Typographi.
1529 2735 1801 2771 nnccxxm

710 2844 803 2897 AD
832 2843 1270 2897 MATUTINUM.

558 2950 724 3003 Pater
756 2954 971 3016 noster,
1020 2954 1133 3003 Ave
1169 2950 1356 3003 Maria.

205 3054 232 3116 ᾗ
266 3055 509 3117 Domine,
544 3054 699 3108 labia
724 3070 852 3108 mea
881 3055 1123 3125 aperies,

192 3142 225 3203 ἡ
254 3143 309 3195 Et
336 3159 396 3195 os
427 3158 623 3195 meum
655 3141 1018 3195 annuntiabit
1043 3141 1268 3195 laudem
1312 3146 1489 3195 tuam.

204 3228 232 3289 ῒ
260 3230 393 3283 Dens
422 3229 481 3282 in
516 3228 873 3299 adjutorium
904 3245 1096 3281 meum
1129 3229 1400 3296 intende;

204 3318 236 3379 ἡ
266 3318 488 3371 Domine
510 3319 583 3372 ad
619 3318 1003 3386 adjuvandum
1029 3334 1117 3371 me
1139 3317 1363 3371 festina.

202 3404 364 3457 Gloria
396 3405 547 3459 Patri
578 3409 635 3459 et
670 3405 827 3469 Filio,
853 3414 907 3459 et
938 3405 1175 3476 Spiritui
1223 3412 1417 3459 sancto
1453 3422 1465 3459 :
1508 3405 1659 3460 Sicut
1688 3411 1812 3459 erat

152 3488 193 3541 in
218 3492 497 3562 principio,
531 3499 591 3547 et
622 3510 773 3547 nunc
803 3498 859 3547 et
891 3509 1137 3564 semper,
1171 3499 1228 3547 et
1275 3494 1337 3547 in
1397 3495 1601 3548 saecula
1630 3510 1810 3547 secu-

154 3580 319 3633 lorum.
350 3583 551 3634 Amen.

852 3652 1132 3721 Hymnus.

429 3762 543 3812 H3.
573 3758 792 3825 Virum,
823 3774 1115 3826 canamus,
1156 3759 1357 3830 gloria.

391 3846 679 3917 Recteque
711 3846 871 3900 factis
898 3846 1196 3917 inclytum,

392 3935 648 4005 Bellique
674 3934 941 4005 pacisque
974 3936 1213 4000 artibus,

392 4023 451 4075 ln
481 4023 782 4077 sanctitate
812 4023 1062 4077 deditum
1075 4064 1088 4077 .

477 4110 756 4165 Henricus
783 4128 864 4179 es,
899 4112 1200 4166 virtutibus

389 4199 581 4253 Mundi
612 4201 891 4254 revellens
910 4200 1187 4266 cardines,

390 4285 814 4357 Augustiorque
839 4287 1094 4342 siderum

395 4373 664 4426 Premens
685 4375 961 4444 superbos
992 4375 1238 4429 ordines.

491 4461 619 4515 Tibi
643 4467 871 4515 senatus
899 4463 1149 4517 caelitum

397 4548 655 4603 Decernit
684 4550 836 4604 orbis
866 4567 1205 4621 purpuram,

391 4637 625 4690 Tantam
661 4654 694 4691 a
723 4639 906 4692 Beatis
933 4639 1224 4693 mentibus

395 4725 659 4795 Princeps
684 4726 838 4779 inisti
864 4728 1126 4796 gratiam.

496 4815 573 4867 Te
603 4831 755 4883 saepe
790 4816 1000 4885 Regem
1025 4822 1340 4886 muncupat

396 4899 732 4970 Praeceptor,
758 4908 813 4955 et
840 4902 1167 4969 reconditis,

399 4988 779 5059 Wolll‘gangns
810 4990 959 5044 idem
991 4991 1243 5061 syllabis,

397 5077 548 5141 (Post
583 5077 707 5145 Ssx)
736 5078 994 5133 futurum
1016 5081 1267 5135 nuntiat.

221 5175 417 5246 Antiph.
475 5183 804 5237 Prasvenisti
849 5200 982 5239 eum
1014 5186 1075 5239 in
1101 5186 1599 5241 benedictionibus
1629 5188 1814 5241 dulce-

171 5257 304 5330 diuis,
323 5269 550 5334 posuisti
580 5270 636 5323 in
670 5271 854 5342 capite
880 5274 1003 5343 ejus
1031 5289 1300 5327 coronam
1355 5274 1423 5327 de
1467 5275 1654 5345 lapide
1686 5292 1815 5346 pre-

176 5348 303 5404 tioso.
329 5355 516 5410 Psalm.
549 5375 637 5413 xx.
1118 5354 1139 5378 ⁴

378 5444 720 5501 Desiderium
766 5449 955 5502 cordis
983 5451 1107 5519 ejus
1157 5450 1407 5504 tribuisti
1439 5452 1528 5506 ei:

1768 218 1963 274 ACTA.

141 345 329 398 ibidem
359 339 682 394 habendam
714 338 983 399 concione
1032 338 1437 410 panegyricam
1467 339 1536 393 de
1563 339 1616 393 S.
1656 339 1809 393 Hen-
1841 342 1883 391 Λ

1843 1623 1879 1674 Β

3488 220 3621 273 ⁴182

1996 338 2038 402 ω
2073 340 2133 392 Et
2165 339 2454 391 voluntate
2513 337 2798 391 labiorum
2830 338 2952 407 ejus
2984 354 3101 393 non
3133 337 3406 392 fraudasti
3470 353 3624 403 eum,

1929 430 2124 482 Psalm.
2150 444 2240 480 xx.

2658 512 2869 551 ORATIO.

1995 606 2163 672 Deus,
2196 604 2534 674 integritatis
2581 611 2820 663 amator,
2853 604 2951 675 qui
3000 604 3068 657 ad
3112 604 3624 658 commendandam

1921 693 2080 747 omni
2106 693 2403 746 hominum
2446 692 2643 761 generi
2696 692 3045 746 castimonia:
3089 691 3523 755 amabilitatem,
3556 692 3623 746 il«

1921 783 2033 836 lam
2063 782 2236 837 etiam
2278 783 2336 836 in
2368 786 2624 851 Augusto
2670 768 2728 834 Β.
2788 780 3015 835 Ilenrici
3048 779 3313 850 conjugio
3370 781 3621 833 eminere

1920 870 2287 942 spectabilem
2346 869 2572 923 voluisti
2615 874 2872 939 ;pra%sta
2931 884 3309 938 quaesumus;
3355 869 3433 921 ita
3500 885 3624 921 nos-

1921 961 2044 1029 ejus
2083 958 2346 1031 precibus
2371 958 2679 1012 caelestium
2706 957 3034 1010 delitiarum
3066 956 3323 1010 antidoto
3366 972 3619 1025 praemu-

1920 1048 2031 1102 niri
2065 1052 2175 1101 :‘ut
2206 1048 2403 1100 omnia
2428 1062 2661 1116 prorsus
2699 1050 2941 1098 terrenae
2974 1044 3355 1115 corruptionis
3389 1046 3623 1098 vulnera

1920 1135 2259 1189 nesciamus.
2296 1136 2402 1189 Per
2460 1134 2762 1187 Dominum
2798 1139 3056 1187 nostrum
3098 1134 3290 1187 Iesum
3333 1132 3620 1185 Christum

1920 1223 2103 1277 ﬁlium
2141 1229 2329 1288 tuum,
2358 1221 2458 1292 qui
2514 1226 2701 1275 tecum
2765 1222 2901 1275 vivit
2956 1227 3013 1273 et
3046 1225 3249 1291 regnat
3287 1220 3344 1276 in
3401 1220 3621 1273 unitate

1918 1312 2161 1383 Spiritus
2182 1310 2362 1363 sancti
2394 1311 2542 1363 Deus
2598 1326 2701 1379 per
2759 1310 2952 1362 omnia
3000 1311 3204 1362 saecula
3260 1310 3617 1363 saeculorum.

1920 1405 2121 1453 Amen.

2616 1467 2711 1521 AD
2743 1467 3031 1521 LAUDES.

1997 1575 2032 1641 7
2064 1576 2210 1629 Deus
2242 1572 2301 1627 in
2332 1572 2702 1644 adjutorium,
2740 1576 2870 1639 etc.,
2894 1577 2953 1626 ut
2982 1588 3169 1642 supra.

2647 1662 2909 1731 Hymnus

2239 1752 2357 1805 114.
2390 1751 2670 1821 Suprema
2699 1766 2986 1815 curarum,
3014 1749 3159 1814 Tibi,

2185 1839 2419 1893 Virtutis
2449 1839 2635 1905 ardor,
2666 1838 2878 1907 Imperi

2192 1930 2436 1982 Frenum
2468 1926 2781 1997 capessenti
2811 1926 2919 1980 fuit
2948 1943 2959 1979 :

2199 2014 2446 2078 Henrici,
2483 2015 2751 2083 Bojorum
2773 2013 2963 2067 decus.

2215 2103 2225 2115 '
2300 2107 2541 2173 Agnata,
2572 2103 2667 2170 Te,
2700 2101 2922 2154 devotio

2197 2192 2280 2246 Ad
2312 2196 2442 2244 vota
2472 2190 2637 2243 tinxit
2668 2190 2939 2255 carlitum,

2196 2281 2390 2333 Virum
2420 2278 2733 2333 secundum
2764 2294 2861 2330 cor
2892 2276 3008 2336 Dei.

2200 2370 2443 2439 Ejusque
2471 2369 2678 2421 factum
2728 2366 2977 2419 nutibus.

2310 2458 2421 2510 Hoc
2454 2472 2665 2509 nomen
2693 2455 2988 2524 indeptum
3027 2453 3108 2508 Pii
3136 2469 3146 2505 :

2206 2547 2317 2599 Hoc
2341 2547 2554 2613 templa
2586 2545 2739 2597 mille
2762 2543 3035 2597 Condita:

2205 2636 2319 2688 Hoc
2348 2618 2470 2703 ipse
2504 2633 2687 2703 signi;
2721 2632 2971 2685 militans

2198 2722 2475 2786 Testatur,
2508 2720 2705 2782 rather,
2744 2719 2848 2771 sub
2880 2718 3010 2771 tuis.

2205 2810 2432 2862 Nostras
2463 2812 2752 2877 protervas
2786 2807 3018 2861 Numini

2203 2898 2445 2951 Subesse
2478 2900 2697 2949 mentes
2726 2894 2989 2965 impetra.

2204 2984 2529 3038 Devotionis
2568 2984 2807 3037 vinculis

2204 3075 2352 3127 Tuos
2384 3072 2621 3126 clientes
2651 3071 2931 3143 mancipa.

1991 3163 2226 3232 Antiph.
2281 3160 2453 3225 Quasi
2510 3162 2592 3213 sol
2646 3159 2960 3230 refulgens,
3018 3157 3098 3211 sic
3141 3158 3238 3211 ille
3302 3155 3514 3210 eilulsit
3560 3155 3618 3208 in

1919 3252 2091 3306 domo
2129 3250 2247 3317 Dei,
2280 3256 2335 3304 et
2355 3249 2519 3321 quasi
2548 3250 2651 3303 ﬂos
2684 3263 2948 3302 rosarum
2978 3246 3039 3300 in
3093 3246 3294 3300 diebus
3322 3244 3532 3308 vernis,
3565 3249 3622 3297 et

1918 3338 2081 3411 quasi
2110 3340 2246 3403 lilia,
2283 3355 2411 3409 qua:
2443 3341 2575 3391 sunt
2604 3337 2665 3390 in
2686 3336 2928 3390 transitu
2967 3351 3154 3405 aqum,
3204 3338 3259 3387 et
3288 3332 3451 3403 quasi
3490 3331 3621 3386 thus

1918 3427 2179 3481 redolens
2209 3428 2269 3479 in
2299 3426 2498 3479 diebus
2526 3425 2755 3479 astatis.
2790 3424 2959 3479 Eccli.
2991 3440 3039 3476 L.

1993 3514 2026 3579 7
2061 3514 2255 3569 Inveni
2288 3514 2461 3568 David
2511 3513 2697 3568 tilium
2746 3514 2918 3576 Iesse,
2957 3511 3144 3565 virum
3187 3510 3498 3564 secundum
3524 3524 3622 3562 cor

1922 3619 2141 3657 meum.

1991 3690 2031 3751 ft
2054 3690 2160 3754 Qui
2186 3689 2357 3744 faciat
2378 3705 2580 3743 omnes
2612 3689 2935 3743 voluntates
2958 3704 3135 3742 meas.
3178 3689 3297 3742 Act.
3348 3704 3403 3739 ιι.

1990 3794 2213 3844 ommo,
2242 3783 2301 3831 ut
2321 3793 2487 3846 supra

2577 3848 2670 3900 AD
2725 3846 3012 3900 PRIMAM.

1994 3955 2027 4021 Ῡ
2063 3956 2207 4008 Deus
2238 3953 2295 4007 in
2323 3952 2695 4023 adjutorium,
2730 3958 2834 4005 etc.

2627 4041 2910 4112 Hymnus.

2240 4133 2358 4184 115.
2395 4128 2646 4183 Firmare
2677 4144 3007 4199 progressus
3056 4128 3346 4183 thronum.

2198 4216 2404 4272 Jubere
2434 4232 2564 4271 cum
2593 4216 2794 4288 primis
2814 4216 2958 4284 Tibi,

2201 4307 2269 4360 Et
2299 4305 2583 4375 imperare
2614 4305 2880 4375 gestiens,

2190 4394 2564 4448 Clementiam
2606 4394 2807 4446 ducem
2833 4394 2989 4464 legis.

2239 4482 2282 4537 Ο
2314 4481 2706 4536 Christianum
2741 4481 3058 4551 principem
3093 4480 3104 4533 !

2203 4571 2376 4642 Cujus
2406 4570 2585 4624 sitivit
2612 4569 2865 4624 hostium

2206 4660 2511 4728 Nunquam
2544 4674 2803 4711 cruorem
2835 4656 3041 4717 sobria.

2206 4746 2478 4818 Rectique
2499 4762 2729 4800 servans
2757 4761 3031 4816 purpura.

2239 4838 2423 4891 Victas
2450 4852 2656 4890 manus
2684 4835 2944 4891 infantia;

2207 4927 2436 4979 Patrum
2465 4923 2720 4994 precanti
2748 4924 2963 4989 noxias,

2209 5015 2628 5082 Promptusque
2660 5012 2846 5079 mites,
2868 5012 3124 5065 cladibus

2207 5103 2349 5155 Dare
2377 5102 2740 5164 aemulorum,
2772 5101 3069 5170 lacrymas.

2238 5190 2313 5243 Te
2345 5189 2716 5259 deprecamus
2745 5204 2759 5253 ;
2791 5188 2984 5243 obtine

2210 5277 2379 5330 Nobis
2406 5282 2697 5346 potentem
2738 5275 2974 5327 vindicis

2213 5366 2498 5427 Flammae,
2531 5364 2732 5432 suique
2763 5367 3082 5431 compotem

2223 5454 2435 5523 [neque
2470 5450 2990 5505 mansuetudinem.
