4016 6202
182 282 273 333 183

1855 276 2058 332 ACTA.

387 394 802 451 lntaminatum
840 393 1105 465 spiritum
1938 395 1987 446 A

385 488 431 538 A
453 483 747 555 conjugali
774 483 995 537 vinculo

391 572 788 643 Corruptionis
817 572 1085 625 nescium.

468 662 620 714 Raro
651 659 820 713 iidem
862 659 1156 713 mirasculo

392 749 681 817 Suprema
710 763 811 800 vox
841 747 979 816 aegri
1008 745 1137 800 facit
1168 760 1179 798 :

398 837 623 892 Habete
648 835 806 889 vobis
834 836 1135 905 Virginem,

395 926 587 989 Quam
624 923 702 977 mi
725 923 956 976 dedistis
986 924 1306 994 Conjugem.

479 1010 724 1064 Virtutis
754 1010 1020 1080 exempli,
1047 1012 1205 1077 Deus,

403 1101 609 1153 Tantas
640 1098 795 1151 trahi
822 1098 1123 1168 fragrantis

401 1187 719 1257 Jungique,
757 1190 978 1257 praesta,
1018 1186 1149 1239 liliis

407 1278 475 1329 ln
511 1274 869 1344 sempiterna
917 1273 1117 1343 gloria.

255 1364 501 1433 Antiph.
541 1363 640 1417 Hic
680 1364 787 1429 est,
848 1360 946 1431 qui
982 1361 1215 1415 nescivit
1270 1361 1507 1415 thorum
1567 1357 1630 1412 in
1683 1359 1909 1427 delicto,

172 1452 426 1508 habebit
466 1452 720 1504 fructum
787 1449 841 1501 in
894 1448 1248 1518 respectione
1297 1448 1626 1503 animarum
1693 1453 1910 1503 sancta-

174 1557 337 1595 rum.
370 1541 513 1608 Sap.
550 1555 632 1592 ιιι.

257 1629 294 1692 ᾗ
338 1629 540 1681 Justus
584 1624 953 1695 germinabit,
988 1624 1131 1678 sicut
1160 1626 1367 1680 lilium.

253 1716 299 1780 ii)
345 1716 410 1769 Et
442 1714 672 1768 ﬁorebit
703 1713 764 1766 in
795 1718 1071 1766 aeternum
1098 1720 1231 1767 ante
1264 1715 1598 1769 Dominum.

257 1820 482 1869 onano,
520 1807 577 1855 ul
607 1816 785 1870 supra
797 1842 810 1854 .

289 3741 392 3792 Hic
422 3742 617 3793 uetula.v
671 3743 993 3794 inseruntur
1030 3741 1103 3794 ad
1139 3742 1470 3809 emplicanda
1514 3744 1777 3797 nonnulla
1808 3761 1926 3812 qua:
2035 3749 2183 3801 Deus
2214 3746 2314 3818 qui
2348 3744 2624 3799 hodierna
2654 3743 2743 3797 die
2773 3742 3004 3795 beatum
3036 3741 3359 3804 Henricum,
3403 3747 3511 3795 etc.

793 1889 1309 1947 COMMENDATIO.

492 1983 606 2033 l‘ll.
644 1978 927 2049 Supremo
958 1995 1264 2049 regnorum
1309 1983 1546 2045 Parens,

414 2069 523 2122 Per
552 2082 729 2137 quem
764 2071 1022 2136 potentes
1058 2067 1364 2138 imperant,

417 2158 520 2220 Da,
554 2154 713 2226 quod
747 2170 1048 2225 precamur
1079 2156 1287 2210 subditi

413 2244 514 2298 Sui
547 2259 652 2314 per
681 2255 808 2309 acta
836 2243 1128 2313 Principis.

491 2334 561 2386 Ut
591 2348 736 2403 quas
766 2331 829 2385 in
860 2332 959 2385 illo
990 2332 1191 2387 caalica:

414 2420 654 2473 Virtutis
695 2421 1057 2473 excellentias

420 2509 724 2573 Verentur,
758 2508 972 2561 addant
1005 2515 1254 2580 tangere.

421 2597 522 2650 Vel
558 2596 890 2649 aemulando
922 2598 1191 2653 liinbrias.

496 2685 640 2738 Cum
673 2686 909 2737 flamma
939 2700 1036 2737 nos
1059 2687 1343 2757 cupidinis

420 2774 560 2826 Telo
595 2773 830 2843 sagittat
863 2773 1061 2841 igneo;

422 2863 566 2914 Cum
600 2862 787 2914 noxias
823 2860 1078 2913 libidinis

424 2948 654 3001 Videbis
684 2954 856 3001 oestro
890 2949 1135 3017 percitos
1153 2966 1166 3015 ;
1951 2947 1990 2998 C

502 3037 606 3090 Ubi
640 3036 833 3106 pudici
868 3036 1144 3106 Principis

427 3123 643 3177 Sonare
676 3140 894 3177 nomen
923 3124 1121 3178 audies

430 3211 528 3264 Pie
558 3217 846 3277 vocatum,
876 3212 1163 3267 mentibus

437 3300 637 3353 Exesse
658 3303 923 3353 ﬂammas
952 3300 1213 3370 imperes.

506 3386 592 3440 Sit
618 3372 963 3441 saeculorum
994 3389 1175 3459 gloria

434 3475 557 3528 Tibi
581 3478 745 3529 Pater
777 3491 908 3530 cum
943 3477 1099 3538 Filio,

438 3563 503 3615 Et
532 3564 770 3634 Spiritu,
805 3564 908 3634 qui
936 3563 1223 3635 virginum

440 3652 529 3704 Est
559 3657 748 3705 castus
778 3653 987 3722 hospes
1016 3653 1314 3707 mentium.

218 3829 278 3879 in
308 3829 735 3895 pracedeutibus
765 3829 1079 3882 obscuriora
1107 3830 1287 3883 videri
1328 3836 1546 3899 possent
1573 3848 1589 3884 :
1623 3837 1682 3884 at
1711 3847 1806 3885 nos
1836 3848 1924 3886 eas

216 3918 667 3981 pralermisimus
688 3933 810 3970 cum
841 3919 1021 3970 omnia
1040 3920 1288 3985 superius
1310 3922 1445 3973 satis
1465 3922 1765 3989 explanata
1789 3924 1921 3975 sint.

223 4006 541 4071 Sequuntur
561 4006 736 4060 libelli
765 4006 982 4074 reliqua
1012 4007 1084 4057 ad
1116 4007 1169 4060 S.
1234 4006 1539 4060 Henricum
1597 4014 1901 4076 spectantia

746 4094 1027 4148 [lYMNUS
1065 4094 1413 4158 ANTIQUUS

850 4198 917 4235 DE
958 4196 1003 4235 S.
1049 4199 1300 4236 HENRICO.

690 4273 779 4325 Ea:
808 4271 1022 4324 Missali
1055 4272 1453 4337 Bambcrgeusi.

453 4362 567 4411 122.
602 4359 818 4413 Laudet
848 4358 1040 4413 omnis
1070 4360 1303 4428 spiritus

444 4447 751 4512 Christum,
781 4448 883 4516 qui
924 4447 1198 4501 divinitus

518 4538 821 4590 Coronavit
849 4534 1035 4605 gloria

446 4623 767 4678 Gloriosum
809 4624 1200 4678 Confessorem

442 4713 624 4774 Quem
657 4714 969 4767 Patronum
1003 4719 1057 4765 et
1085 4715 1389 4768 Auctorem

520 4800 647 4853 Haec
666 4801 800 4854 colit
832 4802 1094 4855 Ecclesia.

448 4889 627 4941 Homo
648 4894 807 4943 vetus
832 4889 889 4942 in
918 4888 1158 4960 peccatis

444 4977 693 5039 Primam
725 4980 927 5033 stolam
964 4978 1227 5032 novitatis

523 5066 745 5136 Recipit
771 5083 901 5120 cum
936 5066 1172 5126 annulo,

448 5154 716 5225 Quisquis
746 5161 939 5209 mente
966 5155 1195 5226 puriore

449 5244 679 5297 Plaudit
704 5260 896 5310 manu,
940 5244 1132 5314 psallit
1163 5261 1261 5298 ore

526 5331 707 5401 Digne
750 5332 849 5385 Dei
876 5333 1112 5386 famulo.

455 5421 591 5473 Pusr
618 5421 746 5486 Ssx)
779 5422 970 5490 legens
996 5421 1222 5476 dubitat

456 5510 590 5573 Rex,
624 5525 792 5573 quem
824 5525 1051 5564 sensum
1074 5514 1265 5563 teneat

2322 391 2515 446 Oratio
2550 397 2809 448 truncata
2841 411 2855 449 :

2241 478 2442 532 Sextus
2473 497 2654 535 annus
2688 483 2958 550 volvitur,

2246 567 2311 621 Et
2340 569 2637 638 problema
2666 571 2910 625 solvitur

2318 657 2540 709 Corona
2570 659 2874 729 duplicata.

2246 744 2562 813 Purgatura
2581 746 2840 799 criminis

2248 833 2470 900 Notam,
2509 833 2675 903 Virgo
2714 834 2958 903 Virginis

2319 922 2581 975 Vendicat
2610 923 2889 991 pudorem
2923 941 2935 988 ;

2246 1009 2453 1078 Purgat
2481 1010 2849 1078 adulterium,

2246 1097 2562 1165 lgnitorum
2597 1114 2894 1152 vomerum

2310 1186 2431 1239 Non
2461 1186 2710 1238 sentiens
2741 1188 3005 1241 calorem.

2238 1273 2298 1325 In
2332 1272 2560 1327 Cassino
2594 1278 2785 1326 monte
2816 1290 3013 1327 curam

2238 1360 2537 1421 Benedicti,
2568 1366 2696 1429 post
2725 1377 3051 1431 pressuram

2310 1450 2557 1518 Longam
2591 1450 2763 1502 sentit
2794 1450 3012 1513 calculi,

2232 1543 2434 1602 Quem,
2466 1537 2604 1590 dum
2636 1554 2916 1607 nusquam
2952 1539 3024 1591 sit
3060 1544 3385 1592 contactum

2232 1627 2471 1696 Corpus,
2506 1630 2699 1679 tamen
2744 1626 2877 1679 inde
2900 1631 3144 1680 tractum

2305 1713 2676 1768 Admirantur
2695 1714 2925 1784 singuli.

2235 1802 2490 1871 Angelus
2520 1800 2685 1855 fortis
2708 1803 2915 1855 militat
2944 1802 3000 1855 in
3033 1802 3230 1855 castris

2238 1891 2424 1943 Victor
2460 1889 2735 1943 victorem
2765 1890 2950 1960 gloria
2979 1906 3278 1956 coronans,

2312 1979 2480 2031 Hoste
2507 1977 2721 2047 fugato.

2242 2065 2507 2120 Precibus
2532 2066 2744 2119 crebris
2776 2065 2953 2119 instat
2982 2066 3185 2119 alienis

2240 2155 2400 2209 Curis
2433 2169 2662 2219 vacuus,
2698 2155 2810 2207 Deo
2842 2170 3042 2207 vacans
3083 2154 3293 2223 saepius

2310 2241 2458 2296 Orbe
2488 2247 2708 2310 pacato,

2244 2321 2386 2384 Dum
2417 2329 2691 2399 migraret
2720 2345 2785 2382 ex
2812 2329 2915 2382 hac
2948 2328 3092 2395 vita;

2244 2420 2439 2474 Finem
2464 2417 2543 2470 rei
2575 2417 2813 2470 eremita

2315 2506 2519 2561 Didicit
2548 2522 2616 2559 ex
2650 2506 2911 2559 daemone
2937 2522 2949 2559 :

2244 2596 2330 2650 Nil
2362 2597 2658 2648 inventum
2684 2599 2867 2648 morte
2899 2595 3161 2663 dignum,

2245 2686 2438 2752 Neque
2470 2685 2706 2747 foenum,
2730 2698 2918 2752 neque
2949 2683 3170 2752 lignum

2317 2772 2445 2826 Nhil
2477 2771 2724 2825 hominis
2754 2772 2812 2823 in
2846 2770 3109 2824 homine.

2242 2861 2390 2916 Talis
2419 2860 2637 2914 Christo
2664 2860 2909 2913 dGSBI'Vit
2924 2860 2984 2925 it,

2238 2951 2386 3005 Talis
2408 2948 2629 3003 Christo
2653 2947 2845 3001 vivens
2868 2948 3021 3011 vivit,

2314 3040 2376 3092 In
2409 3043 2622 3091 interna
2653 3036 2855 3107 patria.

2242 3128 2447 3181 Servus
2480 3132 2610 3179 tuus
2622 3130 2677 3178 et
2704 3124 2936 3177 Amicus

2239 3218 2375 3283 Tua,
2413 3216 2579 3282 Deus,
2610 3230 2712 3267 nos
2746 3213 3022 3268 Henricus

2315 3304 2650 3358 Consoletur
2680 3303 2883 3373 gratia.

2108 3390 2141 3460 ἢ
2188 3394 2297 3448 Ora
2327 3408 2431 3462 pro
2463 3391 2647 3455 nobis,
2669 3396 2860 3443 sancte
2893 3387 3151 3452 Henrice,

2100 3482 2143 3547 ιῆ
2185 3483 2255 3535 Ut
2283 3479 2443 3551 digni
2464 3478 2781 3532 efficiamur
2811 3475 3283 3545 promissionibus
3315 3474 3546 3530 Christi.

2724 3564 3023 3619 OREMUS.

2526 3659 2611 3711 Ea:
2642 3657 2917 3709 Breviario
2959 3655 3217 3709 Romano.

2745 3829 3021 3884 ORATIO.

2494 3921 2589 3975 Ea:
2607 3921 2830 3989 proprio
2847 3916 3259 3982 Bambergensi.

2494 4450 2580 4502 DE
2620 4445 2885 4501 SANCTO
2930 4444 2967 4496 ll
2980 4442 3263 4497 ENHICO.

2137 4538 2224 4590 Ea:
2270 4536 2577 4589 Annalibus
2605 4529 3093 4602 Bambergensibus
3119 4529 3272 4597 apud
3303 4529 3631 4596 Gretserum,

2728 4636 2862 4689 pag.
2904 4620 3028 4672 426.

3636 289 3730 341 186

2108 4014 2226 4065 123.
2285 4012 2432 4065 Deus
2461 4010 2561 4080 qui
2600 4009 2832 4063 beatum
2891 4003 3201 4059 Henricum
3251 4008 3380 4073 post
3426 4007 3717 4055 terrenum

2034 4099 2341 4171 imperium
2393 4097 2732 4169 insignitum
2788 4092 3050 4148 asthereis
3093 4091 3323 4146 sedibus
3373 4090 3666 4144 collocasti
3707 4109 3721 4143 :

1955 4218 1993 4269 Ι)
2036 4187 2242 4252 tribue,
2273 4202 2623 4256 quaesumus,
2658 4188 2720 4236 ut
2750 4196 2919 4253 quem
2952 4179 3131 4248 signis
3174 4178 3585 4232 miraculorum
3606 4178 3725 4230 cla-

2004 4290 2158 4328 rere
2184 4274 2492 4338 cernimus,
2547 4271 2794 4326 eumden
2850 4269 3286 4321 intercessorem
3344 4266 3403 4320 in
3451 4265 3731 4335 angustiis

2032 4362 2362 4415 sentiamus.
2397 4363 2504 4415 Per
2542 4359 2872 4419 Dominum,
2907 4359 3012 4407 etc.
3534 4368 3537 4369 '

2110 4713 2227 4767 124.
2283 4712 2381 4766 Eia
2413 4727 2652 4782 germen
2697 4710 3020 4772 Saxonum;
3066 4707 3297 4760 culmen
3354 4706 3730 4773 Bavarorum,

2033 4800 2423 4855 Palatinorum
2452 4798 2639 4853 Rheni
2662 4798 2873 4862 honor;
2908 4796 3079 4849 decus
3102 4794 3456 4860 Germaniae;
3498 4793 3733 4862 Imperii

2034 4889 2247 4959 gloria;
2308 4888 2569 4942 Ecclesiae
2625 4886 2913 4956 singulare
2963 4889 3407 4946 ornamentum;
3450 4885 3507 4933 et
3556 4880 3734 4934 totius

2036 4978 2193 5031 orbis
2223 4976 2569 5047 stupendum
2604 4975 2974 5028 miraculum:
3036 4972 3423 5027 Sacratissime
3476 4970 3733 5039 Impera-

2036 5069 2128 5117 tor
2158 5064 2450 5128 Heinrice;
2502 5068 2557 5115 te
2608 5061 2909 5131 diligentes
2939 5060 3190 5123 intuere;
3224 5062 3274 5109 et
3304 5056 3390 5108 fac
3419 5054 3533 5109 tuis
3561 5056 3731 5110 meri-

2036 5152 2109 5208 tis
2140 5156 2195 5205 et
2225 5150 2517 5221 precibus;
2580 5154 2644 5202 ut
2674 5150 2757 5202 tui
2787 5150 3032 5201 cultores
3078 5144 3202 5198 ﬁeri
3234 5148 3564 5198 mereantur
3618 5145 3729 5199 vir-

2038 5246 2226 5294 tutum
2275 5244 2505 5293 tuarum
2541 5255 2643 5308 pro
2673 5254 2838 5309 posse
2860 5235 3177 5287 imitatores
3209 5249 3221 5286 :
3255 5238 3540 5303 quatenus
3568 5234 3732 5288 vesti-

2039 5330 2146 5399 giis
2175 5328 2289 5382 tuis
2327 5328 2699 5393 inhaerentes,
2730 5324 3082 5394 gaudeamus
3112 5321 3205 5376 hic
3228 5328 3326 5375 tuo
3370 5338 3599 5393 semper
3630 5339 3729 5393 pa-

2040 5418 2302 5479 trocinio.
2340 5423 2397 5471 et
2425 5416 2655 5471 tandem
2701 5413 2867 5467 beato
2900 5411 2959 5465 in
3017 5410 3337 5465 cielestibus
3366 5413 3464 5465 tuo
3498 5423 3731 5465 consor-

2044 5508 2139 5561 tio.
2170 5509 2371 5561 Amen.
