4016 6202
291 299 384 350 187

532 411 801 466 VERSUS
842 411 1144 467 GODEFRI
1157 413 1220 466 DI
1261 410 1728 466 VITERBIENSIS

676 535 742 571 DE
782 535 824 572 S.
869 534 1129 585 BENRICO,
1174 535 1322 572 DICTO
1361 534 1585 572 CLAUDO.

357 629 478 683 125.
514 624 744 681 Henrici
775 625 976 679 Claudi
1002 626 1269 679 meritum
1301 624 1615 678 solenniter
1656 621 1808 687 audi,

287 717 389 772 Cui
415 717 574 772 decet
605 714 900 784 applaudi,
935 715 1096 782 cujus
1125 719 1310 768 metra
1337 713 1570 784 porrigo
1597 712 1752 766 laudi
1785 728 1797 766 :

355 807 630 874 Sumptus
662 803 732 856 ab
759 819 886 856 arce
917 802 1041 864 soli,
1077 809 1279 872 regnat
1308 802 1367 855 in
1394 817 1522 855 arce
1545 801 1663 870 poli

289 894 546 963 Conjuge
582 891 850 959 Virginea
890 890 1059 960 Virgo
1089 890 1408 961 permansit
1436 889 1608 943 etille

286 981 605 1038 Catholicas
634 979 791 1034 dedit
821 980 1087 1032 ecclesias
1119 994 1362 1032 numero
1383 977 1547 1048 quasi
1581 977 1765 1043 mille;

361 1069 739 1140 Pauperibus,
772 1067 975 1131 viduis,
1023 1085 1172 1138 spes,
1205 1067 1314 1134 via,
1351 1067 1466 1120 vita
1497 1067 1624 1134 fuit,

294 1160 452 1212 Nunc
483 1162 539 1210 et
567 1157 623 1210 in
647 1157 846 1208 altaria
878 1173 978 1208 sua
1008 1155 1299 1209 cernimus
1330 1172 1460 1210 ossa
1488 1154 1718 1220 sacrati,

291 1248 442 1301 More
472 1245 707 1298 salutari
734 1245 997 1297 solemnia
1025 1244 1198 1315 digna
1229 1243 1451 1314 parari;

359 1335 616 1403 Corpora
647 1332 925 1386 debilium
958 1333 1208 1401 plurima
1238 1349 1376 1385 sana
1406 1332 1547 1386 dari.

365 1425 483 1476 126.
527 1423 606 1474 De
636 1423 731 1474 hoc
767 1421 1119 1474 Viterbiensis
1149 1423 1373 1474 metrica
1397 1423 1649 1486 encomio,
1681 1422 1984 1489 praecipuus

290 1512 345 1564 8.
404 1507 633 1564 Henrici
694 1511 923 1562 virtutes
981 1510 1275 1577 complewo,
1323 1511 1662 1562 meminimus
1709 1523 1879 1576 supra
1928 1512 1985 1561 in

293 1598 685 1654 Commentario
713 1598 918 1664 praevio
946 1612 1094 1649 num.
1133 1601 1222 1661 ‘76,
1266 1596 1362 1649 ubi
1408 1596 1472 1650 de
1522 1597 1577 1652 8.
1614 1599 1855 1650 Heinrici
1883 1599 1988 1649 vir-

291 1687 472 1757 ginali
513 1686 767 1738 castitate
810 1686 866 1736 in
924 1687 1272 1738 matrimonio
1325 1689 1540 1738 servata
1600 1687 1824 1751 egimus,
1883 1686 1984 1738 huc
2020 1695 2057 1747 Β

294 1777 540 1829 lectorem
593 1775 922 1827 remittentes
959 1773 1034 1826 ad
1088 1775 1212 1842 ipsa
1254 1776 1490 1828 auctoris
1551 1774 1736 1837 verba,
1791 1775 1988 1842 quibus

295 1867 458 1918 etiam
515 1863 796 1931 singulare
843 1863 994 1916 istud
1032 1864 1364 1916 sanctissimi
1420 1863 1776 1931 Imperatoris
1831 1862 1988 1916 decus

294 1951 714 2006 vindicavimus.
746 1950 1013 2017 Suggestu
1051 1950 1265 2018 quidem
1290 1955 1442 2016 fuere
1469 1951 1727 2004 nonnulla
1747 1953 1990 2018 spectan-

298 2042 377 2094 tia
409 2039 484 2092 ad
531 2041 878 2092 ostensionem
917 2039 1276 2106 reliquiarum
1321 2037 1811 2106 Bumbergensium,
1862 2045 1990 2108 quot

295 2129 589 2197 septenniis
619 2126 882 2180 celebrari
917 2127 1165 2192 solitum;
1198 2143 1381 2181 verum
1418 2142 1537 2180 cum
1567 2127 1674 2181 haec
1696 2127 1834 2181 alibi
1854 2130 1990 2181 satis

297 2217 600 2270 communia
627 2217 757 2281 sint,
799 2231 891 2268 nec
934 2217 1108 2280 magis
1165 2215 1238 2268 ad
1262 2220 1472 2268 sanctos
1512 2216 1804 2284 Conjuges,
1828 2232 1992 2285 quam

299 2303 374 2357 ad
400 2304 538 2356 alios
568 2303 792 2358 Sanctos
821 2305 1094 2370 pertinere
1148 2303 1458 2362 videantur,
1512 2319 1618 2356 non
1672 2305 1784 2382 κιαι
1823 2318 1995 2371 operae

297 2393 533 2460 pretium
554 2390 618 2442 de
659 2405 720 2443 ea
740 2405 798 2443 re
824 2391 1076 2459 pluribus
1109 2389 1372 2444 disserere
1404 2407 1416 2444 :
1449 2392 1622 2444 malui
1643 2392 1743 2444 toti
1783 2395 1993 2445 tracta-

298 2481 433 2533 tioni
487 2479 792 2533 coronidem
838 2480 1131 2546 imponere,
1195 2481 1387 2547 paucis
1457 2479 1817 2533 enumerando
1875 2483 1998 2532 tem-

296 2569 395 2636 pla
441 2571 491 2620 et
543 2567 770 2634 sacella,
817 2568 907 2644 in”
935 2568 1400 2620 sanctissimorum
1457 2568 1769 2635 Conjugum
1832 2569 1995 2621 hono-

300 2670 413 2706 rem
466 2657 661 2717 erecta,
721 2668 841 2722 qua:
898 2651 1177 2707 Pottuvius
1229 2655 1288 2706 in
1339 2655 1477 2707 hunc
1547 2653 1761 2707 modum
1815 2670 1995 2708 recen-

301 2743 431 2795 suit.

309 2829 437 2898 ἓν.
497 2829 718 2897 Templa
792 2834 843 2882 et
898 2829 1096 2883 sacella
1150 2831 1207 2882 in
1251 2830 1500 2883 honorem
1561 2831 1622 2884 8.
1680 2832 1897 2884 Henrici
1949 2837 1998 2884 et

376 2901 432 2953 S.
459 2899 804 2963 Cunegundis
835 2906 1027 2954 erecta.
1061 2906 1257 2968 praeter
1311 2901 1450 2953 illud
1499 2900 1564 2952 de
1608 2916 1711 2969 quo
1749 2904 1998 2968 superius

379 2984 526 3022 num.
567 2971 630 3022 l8
658 2975 799 3021 inter
836 2970 1120 3023 miracula.

382 3059 499 3109 I27.
541 3079 561 3104 ι
623 3057 817 3126 Pragie
856 3055 1059 3109 visitur
1104 3056 1348 3126 insignis
1379 3057 1614 3110 ecclesia
1663 3059 1715 3112 S.
1748 3059 1991 3112 Henrici.

307 3160 481 3215 quam
513 3144 575 3198 in
605 3143 883 3197 honorem
915 3144 1088 3212 hujus
1116 3145 1303 3200 Sancti
1326 3146 1561 3199 Carolus
1582 3147 1646 3198 ιν
1686 3148 2000 3216 Imperator

307 3237 363 3286 et
393 3232 772 3286 Bohemorum
797 3233 914 3286 Rex
933 3248 1084 3286 anno
1112 3249 1433 3297 ucccxxxm,
1467 3249 1595 3287 cum
1629 3233 1812 3287 adhuc
1857 3242 2000 3289 esset

310 3321 563 3374 marchio
597 3319 878 3386 Moravie,
907 3326 964 3374 et
1003 3320 1287 3375 Bohemite
1309 3321 1681 3392 gubernator,
1751 3323 1996 3377 teditica-

309 3407 408 3472 vit,
441 3413 498 3462 et
543 3407 602 3461 in
632 3408 1019 3479 parochialem
1066 3409 1268 3476 erexit,
1300 3427 1429 3481 qua:
1459 3410 1765 3464 hodiedum
1816 3416 1899 3464 est
1937 3429 2000 3465 ex

309 3493 602 3566 primariis
630 3497 979 3567 Neo-Pragte
1033 3497 1278 3552 basilicis
1330 3498 1561 3564 curatis,
1609 3499 2002 3568 compluribus

310 3585 586 3637 instructa
614 3585 1064 3654 fundationibus,
1097 3587 1412 3656 praesertim
1450 3603 1552 3657 pro
1577 3587 1796 3642 alendis
1827 3589 2003 3642 musi-

309 3672 390 3725 cis
419 3672 649 3726 servitio
677 3674 877 3744 templi
909 3675 1224 3746 deputatis.

387 3763 506 3816 128.
545 3780 572 3813 α
601 3762 846 3817 Ecclesia
872 3763 1218 3833 parochialis
1248 3763 1712 3829 Burckunstadii,
1742 3781 1872 3836 qua:
1924 3771 2008 3821 est

310 3849 446 3902 urbs
477 3848 734 3904 dimcesis
793 3852 1252 3920 Bambergensis,
1297 3851 1417 3922 jam
1470 3858 1604 3907 ante
1646 3854 1868 3925 aliquot
1897 3871 2005 3909 sae-

313 3937 437 3991 cula
488 3942 575 3991 est
628 3938 890 3993 dedicata
936 3940 990 3995 S.
1047 3940 1288 3995 Henrico
1332 3941 1688 4010 Imperatori,
1718 3943 1880 4013 cujus
1908 3959 2006 4014 pa-

314 4025 618 4080 trocinium
652 4029 959 4097 quotannis
988 4030 1302 4082 solenniter
1332 4029 1671 4082 celebratur.

1593 292 1648 346 S.
1692 289 1975 346 HENRICI
2016 290 2089 345 1M
2101 289 2490 357 PERATORIS

3720 290 3824 344 l88

2166 415 2283 466 129.
2347 432 2374 459 ‹‹
2431 411 2764 481 Βεωὸθιδεω
2817 427 2968 467 anno
3002 427 3203 466 IDCLIV
3233 413 3471 467 ecclesia
3522 413 3825 468 Reveren-

2087 499 2292 552 dorum
2331 501 2563 553 Patrum
2586 498 3057 570 Cappucinorum
3107 500 3389 556 aediﬁcata
3420 503 3591 557 estin
3624 503 3822 557 hono-

2089 604 2211 641 rem
2239 589 2332 642 SS.
2365 587 2590 641 Henrici
2633 593 2682 640 et
2733 588 3079 656 Cungundis.
3149 605 3326 659 quam
3381 591 3592 645 eodem
3650 607 3826 643 anno

2091 675 2618 730 Reverendissimus
2648 676 2925 730 Dominus
2955 677 3203 730 Joannes
3255 680 3526 733 Melchio‘r
3577 679 3822 750 episco-

2091 781 2199 834 pus
2230 763 2738 834 DomitiOplitanus
2768 769 2826 818 et
2889 765 3288 832 sull'raganeus
3346 766 3823 839 Herbipolensis,

2090 869 2255 906 xxviu
2286 852 2459 919 Junii,
2489 853 2713 905 soleuni
2743 852 2879 915 ritu,
2904 853 3009 907 sub
3065 854 3404 908 eorumdem
3457 856 3823 910 Sanctorum

2092 940 2406 1011 patrocinio
2430 939 2731 994 dedicavit.

2168 1031 2266 1083 130
2321 1049 2349 1080 α
2384 1029 2876 1094 Bottensteinium,
2911 1046 3038 1101 qua
3069 1036 3154 1085 est
3179 1031 3317 1085 urbs
3349 1031 3611 1086 dioecesis
3643 1033 3826 1086 Bam-

2093 1115 2408 1186 bergensis,
2440 1116 2551 1170 sita
2601 1116 2662 1171 in
2700 1119 2986 1171 montanis
3015 1135 3209 1172 versus
3256 1120 3662 1181 Voitlandiam,
3701 1120 3820 1174 ha-

2092 1205 2190 1260 bet
2243 1211 2396 1259 extra
2463 1222 2661 1258 muros
2715 1207 2989 1259 sacellum
3026 1208 3082 1261 8.
3169 1208 3509 1277 Cunegundi
3564 1208 3818 1278 virgini,

2094 1294 2336 1365 ejusque
2369 1301 2565 1348 sancto
2590 1294 2830 1365 Conjugi
2865 1295 3144 1361 dicatum;
3186 1295 3244 1348 in
3272 1311 3411 1366 quo,
3446 1301 3507 1349 ut
3533 1302 3822 1350 constans

2096 1398 2286 1436 sermo
2338 1400 2371 1436 a
2428 1381 2739 1452 majoribus
2787 1388 3056 1453 acceptus
3094 1388 3357 1449 testatur,
3413 1384 3660 1454 contigit
3726 1401 3828 1437 res

2097 1471 2510 1536 memorabilis,
2541 1470 2634 1525 hic
2661 1487 2779 1524 non
2834 1471 3140 1525 retiCenda.
3178 1473 3321 1526 Cum
3354 1472 3507 1525 enim
3557 1472 3823 1526 Hussita:

2097 1575 2249 1612 anno
2293 1576 2530 1628 ucnxxx,
2593 1566 2809 1613 vastata
2861 1560 3204 1624 Voitlandia,
3247 1561 3427 1632 captis
3482 1578 3729 1632 quoque
3764 1582 3828 1627 εει

2097 1647 2345 1702 incensis
2379 1648 2773 1714 Culmbachio,
2807 1654 2865 1702 et
2889 1650 3159 1714 Barutho,
3187 1648 3244 1702 in
3275 1655 3612 1702 montanam
3657 1650 3824 1703 dio:-

2100 1735 2244 1789 cesis
2287 1736 2727 1806 Bambergensis
2759 1736 3080 1812 regionem,
3107 1737 3330 1811 partitis
3358 1737 3721 1807 agminibus,
3758 1755 3823 1790 se

2099 1823 2490 1892 infunderent,
2561 1831 2617 1879 et
2667 1826 3017 1879 inobservati
3077 1825 3491 1880 Bottensteinio
3559 1826 3823 1878 immine

2099 1917 2250 1979 rent,
2297 1913 2486 1967 subito
2542 1913 2598 1967 in
2653 1913 2858 1967 sacello
2911 1914 3005 1968 SS.
3053 1913 3423 1984 Cunegundis
3464 1918 3517 1967 et
3573 1913 3821 1984 Henrici

2102 2002 2289 2055 editur
2318 2002 2578 2056 insuetus
2599 2017 3009 2072 campanarum
3040 2000 3281 2070 sonitus,
3339 2017 3455 2072 quo
3486 1982 3658 2055 exciti
3712 2001 3823 2054 in-

2101 2090 2243 2144 colae
2274 2090 2342 2144 ad
2377 2091 2646 2144 sacellum
2681 2091 3012 2157 convolant;
3048 2091 3197 2144 fores
3252 2091 3489 2152 clausas,
3541 2090 3821 2143 nullum-

2104 2194 2216 2249 que
2267 2177 2572 2248 vestigium
2625 2177 2876 2232 hominis
2906 2177 3099 2244 ullius,
3143 2177 3244 2248 qui
3286 2193 3593 2246 campanas
3644 2193 3825 2230 com-

2104 2268 2331 2338 pulsare
2363 2266 2663 2336 potuisset,
2712 2266 3024 2337 reperiunt.
3075 2270 3147 2320 At
3177 2266 3345 2337 simul
3378 2265 3643 2335 hostilem
3679 2271 3824 2318 tur-

2106 2371 2259 2407 mam
2299 2371 2478 2424 prope
2501 2355 2903 2409 adventantem
2961 2355 3365 2425 conspiciunt:
3421 2369 3638 2407 moram
3674 2369 3828 2423 per-

2105 2442 2344 2496 brevem
2376 2443 2626 2512 quidem,
2663 2443 2761 2498 sed
2795 2444 3104 2497 admodum
3137 2448 3523 2513 opportunam
3579 2442 3830 2512 prospi-

2107 2529 2291 2583 ciendi
2317 2529 2488 2584 rebus
2515 2531 2634 2584 suis
2660 2531 2832 2595 nacti,
2864 2546 3109 2601 propere
3130 2547 3188 2584 se
3221 2537 3337 2582 tam
3364 2529 3420 2582 in
3452 2529 3616 2597 urbe,
3634 2545 3829 2598 quam

2106 2619 2166 2672 in
2197 2617 2380 2672 adsito
2426 2619 2697 2672 fortalitio
2765 2619 2832 2674 ad
2882 2619 2996 2673 vim
3055 2618 3321 2672 hostilem
3358 2617 3832 2688 propulsandam

2109 2713 2450 2778 comparant
2481 2712 2695 2779 :atque
2721 2707 2799 2760 ita
2841 2707 3131 2761 funestum
3160 2707 3463 2770 excidium,
3519 2722 3635 2775 quo
3667 2722 3836 2759 com-

2112 2795 2302 2867 plures
2327 2795 2588 2850 Iinitimaa
2619 2796 2811 2859 urbes,
2873 2795 3082 2866 oppida
3131 2800 3188 2849 et
3232 2795 3365 2866 pagi
3412 2795 3620 2848 misere
3679 2801 3832 2847 tunc

2113 2884 2423 2956 perierunt,
2457 2900 2565 2953 ope
2596 2900 2830 2937 suorum
2865 2884 3242 2939 Patronorum
3273 2881 3604 2937 tutelarium
3637 2882 3833 2936 felici-

2108 2978 2194 3026 ter
2252 2978 2573 3026 evaserunt.
2607 2973 2669 3026 In
2703 2973 2865 3041 cujus
2913 2971 3173 3026 beneﬁcii
3208 2987 3517 3042 perennem
3546 2977 3824 3039 gratam-

2109 3077 2221 3130 que
2262 3061 2623 3126 memoriam,
2665 3060 2998 3131 quotannis,
3050 3076 3081 3113 e
3138 3060 3355 3128 templo
3389 3058 3713 3129 parochiali
3745 3059 3824 3110 ad

2111 3146 2328 3202 dictum
2360 3149 2632 3204 sacellum
2655 3149 3000 3219 supplicatio
3035 3148 3375 3202 instituitur.

2188 3239 2303 3290 l3l.
2340 3259 2366 3285 «
2401 3238 2462 3292 In
2488 3237 2656 3292 Stiria
2685 3237 2755 3291 ad
2802 3237 3019 3291 radices
3051 3236 3164 3291 Piri
3211 3235 3421 3290 montis
3475 3234 3684 3288 visitur
3726 3250 3824 3288 sa-

2110 3325 2316 3380 cellum
2339 3325 2398 3378 iu
2434 3326 2711 3380 honorem
2747 3325 2803 3380 S.
2836 3325 3061 3379 Henrici
3091 3323 3474 3395 Imperatoris,
3532 3339 3566 3376 a
3619 3322 3826 3376 Fride-

2115 3415 2230 3468 rico
2274 3415 2346 3469 ab
2384 3414 2608 3468 Huﬂ'ses
2637 3414 2905 3486 episcopo
2966 3399 3371 3483 Bambergensi
3423 3416 3826 3466 constructum

2114 3504 2263 3558 circa
2292 3519 2509 3558 annum
2543 3519 2890 3557 uccccxxxvi.
2930 3525 2958 3551 ››
3041 3491 3046 3494 ’

2194 3593 2311 3649 132.
2371 3590 2561 3645 Reddo
2605 3591 2838 3660 ﬁdeliter
2904 3595 3141 3660 accepta,
3201 3591 3396 3659 quibus
3439 3589 3584 3656 quod
3659 3586 3831 3640 modo

2118 3679 2342 3746 addam,
2369 3680 2451 3732 nil
2471 3684 2712 3748 superest
2743 3679 3040 3748 :conﬁdere
3077 3681 3277 3744 ausim,
3303 3694 3372 3731 ea:
3418 3677 3578 3731 dictis
3607 3677 3832 3744 perspi-

2119 3785 2220 3822 cua
2249 3783 2360 3822 esse
2415 3771 2597 3822 omnia
2643 3783 2763 3838 qua
2804 3770 3021 3834 faciunt
3037 3767 3111 3821 ad
3137 3767 3473 3821 sanctissimi
3510 3767 3828 3834 Imperato-

2118 3859 2202 3911 ris
2241 3857 2466 3925 ejusque
2507 3857 2971 3924 pientissimorum
3001 3856 3251 3909 clientum
3280 3853 3824 3907 commendationem.

2133 3945 2394 3999 Videntur
2431 3945 2558 3998 Vita
2583 3944 2886 4011 Dilingana
2908 3960 3028 4012 cap.
3072 3959 3255 4006 xxxrv,
3285 3957 3412 4010 pag.
3447 3944 3561 3994 161.

826 4297 1063 4417 AD
1166 4297 1639 4422 ACTA
1743 4299 2398 4424 SANCTI
2509 4299 3295 4424 HENRICI

1647 4512 2492 4604 ADDITAMENTUM

323 4684 705 4768 (Mlonumenta‘
729 4686 1038 4768 Qermaiiiz
1079 4687 1355 4768 nistorica,
1390 4687 1602 4768 Seript.
1819 4690 1932 4768 IV,_
1961 4705 2095 4768 pag.
2137 4692 2262 4745 816.
2303 4722 2360 4730 -
2409 4711 2464 4768 ια
2511 4690 2696 4744 Aliam
2755 4690 2823 4768 de
2868 4691 2924 4745 S.
2963 4688 3205 4768 Ilenrico
3239 4689 3514 4768 Jejusque
3576 4689 3833 4768 conjuge

392 4755 744 4832 Cunegunde
768 4755 1068 4832 historiam
1090 4757 1230 4832 Vita:
1251 4759 1428 4814 sancti
1459 4755 1820 4832 imperatoris
1848 4755 2184 4830 subjectam,
2207 4779 2240 4815 a
2269 4761 2460 4832 nescio
2489 4777 2604 4832 quo
2630 4760 2827 4832 seculi
2858 4777 2955 4816 xui
2977 4755 3318 4832 incipientis
3333 4755 3470 4832 satis
3500 4755 3835 4832 luculenter

392 4826 697 4902 scriptam,
719 4827 816 4881 sed
855 4828 1348 4902 fabulisgplenam,
1389 4826 1904 4902 tanquamlibrum
1933 4826 1992 4885 iii
2024 4826 2257 4886 exhibet
2299 4831 2475 4886 codex
2504 4826 2865 4902 bibliothecas
2895 4826 3127 4885 senatus
3154 4829 3459 4902 Lipsiensis
3487 4845 3653 4902 num.
3701 4831 3829 4892 194.

394 4898 644 4973 mem_b.,
656 4914 784 4973 saec.
812 4914 950 4973 _x1u,_
970 4916 1003 4952 a
1034 4899 1257 4973 viro_cl_.
1293 4898 1614 4973 Naumanu,
1634 4900 1995 4955 bibliotheca:
2027 4903 2320 4972 praefecto,
2346 4919 2571 4957 summa
2600 4901 2896 4973 diligentia
2927 4903 2988 4956 in
3013 4918 3150 4955 usus
3181 4898 3405 4956 nostros
3434 4900 3781 4971 exscriptus,
3800 4921 3830 4950 »

389 4968 580 5041 inquit
608 4970 671 5025 ϐ.
705 4968 904 5038 Waitz,
937 4970 997 5024 in
1027 4970 1362 5040 praafatione
1391 4972 1464 5026 ad
1485 4972 1538 5027 S.
1573 4973 1924 5039 Henricum.)

403 5179 450 5228 1.
476 5173 766 5228 Secretum
796 5173 949 5244 regis
977 5173 1162 5227 celare
1218 5172 1432 5227 bonum
1487 5190 1627 5241 esse,
1678 5189 1854 5243 opera
1889 5189 2018 5227 vero

329 5260 432 5315 Dei
458 5275 724 5314 enarrare
779 5261 1164 5315 honoriﬁcum
1225 5277 1366 5325 esse,
1429 5262 1728 5316 Psalmista
1765 5278 1866 5316 nos
1895 5278 2017 5315 am-

331 5352 552 5413 monet,
603 5349 798 5404 dicens
847 5367 861 5406 :
913 5351 1156 5407 Laudate
1184 5352 1469 5406 Dominum
1519 5354 1578 5405 in
1648 5354 1850 5407 sanctis
1901 5350 2018 5422 ejus

331 5437 500 5505 (Psal.
524 5451 606 5502 CL,
652 5437 753 5503 1.).
807 5439 990 5508 Igitur
1031 5455 1097 5493 ea
1129 5455 1240 5511 que
1273 5438 1343 5494 de
1372 5439 1618 5509 glorioso
1670 5439 2016 5510 imperatore

330 5524 657 5580 confessore
681 5527 888 5581 Christi
939 5527 1223 5597 Heinrico,
1269 5529 1352 5583 vel
1380 5528 1651 5584 laudabili
1682 5533 1738 5582 et
1769 5528 2018 5597 gloriosa

2130 5175 2252 5244 ejus
2283 5175 2528 5245 conjuge
2553 5174 2647 5227 sed
2683 5172 2904 5242 virgine
2939 5173 3061 5225 luce
3085 5171 3296 5226 clarius
3323 5169 3722 5240 cognovimus,
3759 5172 3834 5225 ad

2128 5262 2369 5333 gloriam
2412 5263 2511 5316 Dei
2562 5262 2661 5332 qui
2713 5266 2985 5332 operatur
3013 5261 3074 5314 in
3114 5259 3322 5313 sanctis
3372 5258 3510 5325 suis,
3573 5259 3708 5312 licet
3740 5259 3834 5312 in-

2127 5352 2301 5412 culto.
2351 5368 2484 5406 vero
2517 5359 2707 5404 tamen
2739 5365 3006 5405 sermone
3069 5348 3371 5419 propalare
3406 5348 3835 5418 proponimus;

2126 5440 2278 5510 quod
2314 5439 2373 5492 in
2405 5454 2604 5493 eorum
2660 5439 2899 5509 legenda
2929 5437 3126 5492 deesse
3166 5437 3408 5503 videtur,
3459 5433 3551 5488 hic
3595 5433 3838 5503 plenius

2127 5527 2471 5582 inveniatur.
2525 5527 2584 5582 Si
2663 5527 2794 5597 quis
2863 5526 3005 5580 scire
3061 5525 3363 5588 desiderat,
3421 5538 3550 5577 cum
3624 5521 3839 5576 beatus
