4012 6204
139 309 204 358 189
1349 294 1544 349 ACTA.
1587 322 1654 333 -
1692 292 2268 351 ADDITAMENTUM.

3469 297 3565 349 l90

134 420 283 479 Christi
333 416 597 472 confessor
642 420 701 470 et
764 414 932 470 beata
977 415 1367 486 Cunegundis,
1435 420 1744 487 antequam
1776 420 1817 471 Α
1855 447 1922 457 -
1963 432 2097 470 nam
2131 424 2375 488 utroque
2415 418 2537 486 jam
2578 418 2763 471 fuerat
2823 417 3022 472 orbata
3078 424 3315 489 parente
3371 450 3460 483 -,
3493 419 3563 473 de

130 508 435 571 convenirent,
488 510 680 558 votum
748 504 1098 559 continentia
1157 504 1453 574 virginalis
1514 506 1627 558 Deo
1685 506 1743 557 in

131 601 301 652 odorem
355 593 628 647 suavitatis
688 592 1051 663 optulissent,
1138 609 1314 663 quare
1377 593 1745 662 postmodum

132 678 369 755 conjugale’
398 681 823 745 matrimonium
882 681 1292 746 contraxerint,
1351 682 1500 735 hanc
1569 681 1747 733 sciant

133 793 211 829 esse
234 786 444 826 causam.
476 772 614 823 Cum
644 770 797 822 fama
852 768 1033 822 incliti
1086 768 1359 839 principis
1416 768 1627 838 ubique
1660 768 1746 821 di-

134 863 403 931 vulgaretur,
457 864 509 910 et
566 859 757 910 hostes
815 857 946 911 ﬁdei
1000 873 1100 927 per
1154 873 1287 911 eum
1338 858 1478 927 jugo
1539 855 1747 909 Christi

130 952 444 1011 subderentur,
503 946 735 999 ecclesie
794 962 937 999 nove
992 950 1464 999 construerentur
1516 954 1573 998 et
1622 944 1749 1012 pri-

132 1039 254 1090 mitus
290 1036 546 1088 destructa
592 1033 1077 1097 reedilicarentnr,
1144 1039 1316 1104 atque
1370 1034 1517 1087 sicut
1565 1033 1751 1085 imber

130 1136 453 1195 temporaneus
484 1128 697 1175 terram
716 1124 858 1174 solet
889 1121 1151 1191 irrigare,
1184 1122 1263 1175 sic
1301 1122 1406 1175 iste
1434 1122 1750 1191 imperator

131 1215 341 1279 gloriosus
371 1211 689 1264 victoriosus
719 1226 842 1263 rem
869 1210 1159 1280 publicam
1216 1217 1453 1280 augeret
1490 1217 1546 1264 et
1593 1211 1751 1263 exal-

131 1309 252 1365 taret,
279 1298 587 1353 universitas
610 1299 931 1369 principum
964 1299 1087 1367 ejus
1133 1299 1312 1369 gloria
1333 1298 1750 1369 congaudebat,

132 1387 437 1445 babnndantia
468 1388 642 1456 pacis,
676 1403 789 1457 qua
828 1402 931 1456 per
954 1402 1087 1441 eum
1117 1387 1476 1453 fruebantur,
1511 1389 1751 1457 applau-

131 1481 297 1533 debant.
342 1476 590 1539 Proinde,
625 1475 671 1527 si
721 1475 967 1545 possible
1036 1476 1201 1543 foret,
1259 1475 1478 1546 jugiter
1507 1492 1640 1529 eum
1672 1492 1754 1530 re-

132 1584 255 1635 gnere
276 1566 531 1618 volebant.
580 1564 689 1618 Sed
739 1564 873 1634 quia
922 1563 981 1617 id
1036 1565 1288 1618 humana
1337 1564 1589 1618 conditio
1641 1578 1753 1616 non

131 1655 299 1725 patitur,
328 1652 571 1706 sollertia
603 1652 925 1723 principum
991 1653 1073 1707 rei
1107 1652 1331 1723 publice
1360 1652 1421 1706 in
1459 1658 1755 1722 posterum

130 1741 405 1812 prospiciens
451 1740 646 1794 inclito
704 1740 1036 1810 imperatori
1091 1756 1396 1811 suggerere
1468 1740 1753 1799 studebat.

130 1836 169 1881 ut
189 1830 240 1882 ad
290 1829 703 1900 propagandam
756 1829 1014 1884 sobolem
1068 1845 1301 1883 uxorem
1356 1830 1608 1895 duceret,
1673 1835 1754 1894 ut,

130 1918 316 1970 virtuoso
343 1918 679 1986 imperatore
733 1918 880 1971 viam
913 1918 1177 1971 universe
1232 1918 1417 1971 carnis
1474 1919 1755 1987 ingresso,

129 2007 315 2058 virtuosa
343 2005 740 2059 nichilominus
779 2007 965 2077 proles
1012 2006 1361 2060 hereditario
1386 2007 1516 2076 jure
1548 2007 1758 2077 guber-

130 2096 276 2145 uacula
310 2094 457 2164 regni
486 2094 803 2165 susciperet
833 2100 891 2150 et
930 2100 1228 2165 paternam
1268 2096 1528 2149 emulans
1581 2096 1758 2149 virtu-

129 2188 208 2234 tem
250 2184 469 2236 virtnose
527 2184 897 2253 gubernaret.
964 2184 1071 2238 Sed
1115 2189 1171 2238 et
1200 2184 1408 2239 Christi
1450 2185 1759 2252 confessor,

129 2270 210 2321 voti
234 2271 307 2324 sui
334 2287 441 2324 non
470 2271 779 2325 immemor
795 2278 851 2325 et
879 2271 1155 2325 castitatis
1194 2278 1437 2337 amator,
1492 2271 1762 2342 principi-

127 2358 202 2410 bus
225 2375 433 2414 uxorem
463 2361 671 2414 ducere
704 2360 813 2414 sibi
861 2361 1231 2414 suadentibus
1290 2378 1406 2413 non
1466 2359 1627 2413 facile
1659 2376 1759 2428 po-

126 2452 232 2499 terat
270 2448 635 2518 acquiescere.
691 2449 805 2502 Illis
856 2456 1048 2502 autem
1099 2454 1382 2518 oportune
1434 2448 1762 2518 importune

127 2537 494 2605 suggerentibus
524 2542 585 2591 et
614 2538 973 2607 suggerendo
1033 2536 1416 2600 monentibus,
1466 2542 1541 2602 et,
1571 2535 1617 2589 si
1647 2550 1762 2588 non

124 2625 425 2690 consentiret,
485 2642 621 2679 eum
682 2642 859 2697 regno
929 2626 1150 2697 privare
1210 2625 1554 2690 volentibus,
1632 2625 1763 2678 licet

126 2728 238 2780 egre,
272 2720 481 2767 coactus
534 2720 623 2768 est
660 2714 1002 2779 consentire,
1034 2714 1132 2768 sed
1163 2715 1365 2779 Deum,
1406 2715 1557 2784 apud
1590 2730 1761 2784 quem

126 2800 252 2853 nichil
277 2808 350 2854 est
368 2801 745 2873 impossibile.
778 2802 1089 2873 gemitibus
1120 2803 1604 2855 iuenarrabilibus
1628 2818 1762 2855 exo-

126 2890 244 2950 ravit,
274 2895 326 2941 ut
353 2890 429 2943 sic
452 2891 1093 2961 ordinaredignaretur,
1128 2896 1189 2944 ut
1210 2898 1266 2945 et
1297 2892 1576 2944 voluntati
1606 2890 1762 2961 prin-

1858 506 2072 578 nuptiis
2104 522 2295 560 secum
2350 513 2627 577 ceperunt
2653 512 2919 562 tractare.
2987 508 3286 562 Enimvero
3319 508 3563 580 pudicis-

1856 596 2020 661 sima,
2056 595 2147 649 cui
2178 596 2349 664 longe
2408 612 2566 649 mens
2598 602 2719 649 erat
2776 597 2910 659 alia,
2961 597 3194 651 audiens
3229 599 3296 651 de
3344 597 3562 668 nuptiis

1858 700 2048 738 secum
2082 684 2331 749 tractari,
2390 690 2541 754 cepit
2588 684 3048 739 inestimabiliter
3101 686 3439 739 contristare
3506 689 3563 739 et

1860 778 1973 827 toto
2006 772 2128 826 nisu
2165 773 2451 837 reluctari,
2475 778 2644 842 atque
2678 790 2777 841 pre
2810 773 3041 827 tristitia
3068 774 3251 827 exitus
3280 790 3561 844 aquarum

1859 862 2212 915 deduxerunt
2236 861 2384 914 oculi
2413 862 2556 930 ejus,
2602 864 2757 931 quia,
2816 878 2926 932 que
2978 878 3170 933 regem
3221 862 3561 930 angelorum

1854 951 1973 1020 jam
2004 950 2112 1003 sibi
2162 967 2433 1019 sponsum
2486 950 2757 1019 elegerat,
2815 950 2934 1020 regi
2993 951 3382 1004 Romanorum
3433 949 3567 1004 licet

1860 1038 2055 1092 inclito
2106 1038 2316 1091 nubere
2364 1037 2676 1090 recusabat.
2709 1038 3025 1107 Propinqui
3076 1054 3207 1091 vero
3246 1039 3370 1108 ejus
3418 1038 3566 1091 arbi-

1860 1131 2093 1191 trantes,
2129 1125 2196 1177 ad
2228 1124 2470 1194 gloriam
2501 1130 2555 1177 et
2603 1141 2874 1195 magnum
2908 1125 3172 1178 decorem
3224 1143 3326 1179 suo
3354 1141 3567 1195 prove—

1862 1215 1983 1268 nire
2002 1212 2219 1283 generi,
2250 1213 2295 1265 si
2328 1230 2429 1265 sua
2450 1213 2872 1281 consanguinea
2905 1213 3157 1267 Romano
3187 1217 3566 1282 conregnaret

1861 1302 2217 1375 imperatori,
2244 1302 2639 1355 conturbatum
2669 1318 2795 1355 eam
2852 1302 3146 1356 blandiciis
3192 1301 3566 1365 deliniebant,

1863 1398 1918 1446 et
1950 1396 2009 1445 ut
2039 1390 2369 1461 imperatori
2404 1395 2517 1443 tam
2551 1390 2803 1457 glorioso
2864 1390 3077 1443 nubere
3109 1406 3224 1443 non
3257 1393 3566 1453 recusaret,

1863 1481 2043 1534 immo
2075 1485 2365 1549 gratanter
2420 1478 2475 1531 id
2506 1478 2734 1541 faceret,
2790 1477 3078 1531 interdum
3110 1476 3483 1539 consulebant
3512 1481 3570 1529 et

1864 1569 2224 1623 consulentes
2264 1567 2534 1620 attentius
2573 1566 2968 1619 obsecrabant.
3005 1566 3160 1619 Inter
3191 1566 3295 1617 hec
3326 1562 3569 1634 virginis

1865 1658 2092 1711 animus
2141 1655 2308 1709 variis
2368 1654 2782 1724 cogitationum
2832 1654 3144 1707 tlnctuabat
3192 1651 3441 1705 motibus
3498 1650 3569 1704 ad

1864 1735 2044 1800 instar
2075 1744 2247 1807 navis,
2282 1759 2394 1815 que
2424 1743 2484 1796 in
2514 1744 2631 1796 salo
2680 1742 2867 1813 posita
2923 1741 3122 1795 validis
3170 1738 3571 1794 circumfertur

1864 1835 2095 1889 flatibus
2128 1838 2467 1897 ventorum;
2498 1831 2596 1885 sed
2626 1831 2858 1885 tandem
2889 1831 3199 1884 anchoram
3230 1827 3350 1900 spei
3380 1843 3479 1882 sue
3510 1826 3570 1879 in

1866 1922 2059 1978 divino
2090 1922 2267 1991 ﬁgens
2288 1920 2523 1986 auxilio,
2554 1920 2795 1973 salutem
2828 1935 2992 1973 suam
3049 1918 3261 1972 sedulis
3308 1915 3570 1987 precibus

1866 2010 2304 2066 commendabat
2337 2009 2599 2073 Domino,
2656 2025 2891 2079 sperans
2941 2006 3358 2073 indubitanter,
3416 2002 3569 2075 quod

1865 2102 2008 2171 ipse,
2041 2100 2133 2152 cui
2164 2098 2355 2152 subest
2384 2113 2514 2151 cum
2550 2097 2795 2150 voluerit
2824 2112 3015 2166 posse,
3034 2096 3207 2149 etiam
3227 2094 3283 2148 in
3298 2091 3569 2163 conjugio

1866 2187 1972 2241 sibi
2024 2186 2204 2257 posite
2258 2185 2457 2238 ﬂorem
2512 2184 2792 2253 pudicicie
2844 2200 2964 2249 sue,
3042 2200 3113 2236 ne
3176 2186 3568 2245 marcesceret,

1869 2280 2057 2346 posset
2086 2289 2438 2327 conservare.
2492 2275 2605 2327 Hac
2660 2288 2759 2341 Spe
2814 2271 3083 2324 fiduciata
3130 2273 3288 2340 virgo
3321 2268 3569 2339 pruden-

1868 2362 2107 2428 tissima,
2142 2359 2602 2430 propinquorum
2644 2374 2879 2411 suorum
2938 2357 3237 2424 voluntati,
3298 2356 3427 2409 licet
3455 2370 3572 2407 non

1867 2450 2059 2504 animo
2090 2447 2324 2513 volenti,
2379 2464 2437 2501 se
2491 2446 2743 2501 tradidit.
2802 2446 2979 2516 Igitur
3028 2444 3352 2515 principum
3401 2440 3574 2511 legati

1870 2555 2042 2609 super
2071 2538 2157 2591 his
2184 2538 2341 2590 letati
2374 2552 2581 2589 novam
2618 2551 2888 2605 sponsam
2905 2550 3033 2588 cum
3050 2533 3296 2587 maximo
3318 2530 3573 2601 tripudio

1872 2645 1973 2680 suo
2015 2625 2346 2680 deferebant
2383 2624 2645 2689 domino,
2676 2640 2851 2694 quam
2906 2621 3245 2693 propinquis
3290 2624 3347 2673 et
3378 2617 3576 2674 amicis

1873 2713 2372 2787 prosequentibus,
2408 2712 2465 2765 in
2493 2711 2765 2765 comitatu
2821 2712 2945 2781 ejus
2975 2712 3121 2764 facta
3180 2715 3266 2762 est
3312 2723 3428 2760 non
3458 2722 3575 2758 mo-

1874 2806 2000 2858 dica
2053 2802 2238 2855 turba.
2300 2800 2582 2855 Universis
2635 2800 2827 2869 itaque
2890 2798 3245 2869 principibus
3299 2797 3445 2851 facta
3495 2799 3581 2847 est

1874 2890 2273 2947 inestimabilis
2303 2889 2573 2943 exultatio
2613 2889 2682 2943 de
2715 2889 2865 2959 regis
2906 2894 2964 2942 et
3011 2889 3207 2958 regine
3257 2882 3530 2954 conjugio
3564 2898 3577 2945 ;

124 2976 265 3044 cipum
292 2979 635 3033 satisfaceret
688 2984 745 3034 et
801 2986 993 3034 tamen
1052 2979 1401 3033 continentie
1453 2988 1648 3033 votum
1679 2979 1774 3032 in-
1805 2982 1844 3034 C
1882 2982 1978 3035 sed
2012 2981 2238 3034 frustra.
2269 2978 2391 3032 Non
2423 2978 2598 3041 enim,
2637 2976 2783 3029 sicut
2820 2980 3213 3045 speraverunt,
3274 2988 3433 3025 more
3464 2984 3581 3023 car-

126 3063 331 3119 violabile
383 3073 766 3123 conservaret.
842 3070 1038 3139 Itaque
1100 3068 1391 3139 propicius
1450 3069 1617 3131 Deus.
1668 3068 1767 3139 qui

124 3152 707 3224 piissupplicationibus
755 3172 981 3227 semper
1015 3161 1202 3226 presto
1258 3162 1360 3221 est,
1421 3154 1767 3209 desiderium

126 3240 269 3293 anime
302 3245 415 3312 ejus
437 3244 487 3297 ei
515 3250 607 3298 est
634 3244 900 3315 dignatus
932 3244 1202 3297 tribuere.
1230 3245 1340 3297 Rex
1374 3260 1504 3297 vero
1536 3261 1770 3313 sperans

126 3326 165 3377 in
190 3328 396 3384 Domino
426 3332 537 3385 tale
582 3348 918 3403 responsum
945 3332 1106 3385 dedit
1148 3331 1500 3402 principibus
1535 3348 1548 3384 :
1590 3334 1772 3385 Vestre

126 3413 288 3478 quidem
311 3419 579 3473 voluntati
628 3424 862 3488 paratus
905 3434 1024 3472 sum
1071 3419 1460 3487 obtemperare,
1516 3418 1611 3473 sed
1649 3419 1770 3471 nul-

127 3500 202 3554 lam
261 3519 352 3558 non
397 3509 539 3572 regie
599 3507 877 3575 majestati
927 3506 1253 3573 condignam
1308 3508 1366 3559 in
1429 3509 1773 3560 nmtrimonio

128 3592 225 3642 mihi
247 3595 347 3647 volo
377 3597 683 3650 consociare
715 3612 729 3661 ;
762 3595 859 3648 sed
890 3601 946 3649 et
976 3595 1082 3648 hoc
1128 3596 1317 3665 ipsum
1350 3595 1579 3648 illorum
1618 3611 1773 3648 com-

129 3678 241 3732 misit
263 3683 631 3751 providentie.
666 3684 782 3738 Hoc
822 3684 1101 3754 promisso
1164 3683 1244 3752 pii
1291 3683 1443 3753 regis
1486 3689 1776 3754 gratanter

128 3774 321 3837 accepto,
354 3772 724 3825 vehementer
750 3772 924 3841 gavisi
956 3777 1091 3825 sunt
1145 3771 1434 3842 principes
1477 3772 1724 3825 universi
1760 3791 1775 3837 ;

128 3855 263 3907 multa
288 3860 619 3929 satagebant
650 3860 964 3913 deliberare
996 3860 1317 3930 diligentia,
1367 3876 1540 3930 quam
1570 3860 1623 3913 ei
1662 3876 1778 3913 ma-

127 3942 345 3998 trimonio
372 3949 736 4018 copularent,
767 3964 871 4001 nec
923 3953 1113 4001 tamen
1146 3948 1315 4001 aliam
1348 3948 1597 4018 reperire
1621 3954 1777 4018 pote-

131 4038 239 4093 rant,
269 4034 366 4088 nisi
394 4053 569 4107 quam
602 4042 734 4089 ante
766 4042 1023 4106 tempora
1056 4036 1333 4090 secularia
1362 4036 1554 4090 divina
1582 4054 1776 4107 preor-

130 4117 363 4176 dinaverat
403 4124 766 4194 prescientia.
821 4126 947 4178 Erat
974 4129 1169 4177 autem
1228 4124 1375 4193 apud
1429 4124 1650 4178 Renum
1681 4142 1778 4195 pa-

134 4207 295 4261 latinus
330 4211 568 4267 Sifridus
624 4213 881 4280 nomine,
929 4213 1145 4266 habens
1175 4213 1481 4282 conjugem
1515 4214 1777 4267 Hedewili

132 4302 356 4363 VOCatam,
406 4302 579 4355 ambo
633 4301 867 4372 quidem
925 4301 1243 4354 clarissimo
1303 4316 1512 4371 genere
1557 4306 1782 4371 specta-

134 4380 256 4448 biles,
294 4393 476 4459 utpote
511 4390 584 4443 de
638 4389 996 4443 nobilissima
1044 4389 1455 4443 descendentes
1509 4395 1782 4459 augusto-

134 4485 229 4524 rum
256 4478 530 4546 prosapia,
562 4478 758 4530 multis
785 4478 956 4531 etiam
985 4477 1198 4531 divitiis
1232 4477 1504 4548 insignes,
1546 4484 1604 4530 et
1634 4478 1781 4547 quod

135 4558 423 4618 laudabilius
479 4572 588 4631 est,
642 4566 948 4619 virtutibus
1006 4582 1238 4636 operam
1301 4566 1519 4620 dantes.
1578 4568 1673 4620 His
1727 4566 1784 4619 in

134 4648 337 4713 primeva
363 4660 512 4707 etate
548 4660 685 4708 nata
712 4653 814 4708 fuit
860 4656 996 4721 filia,
1047 4671 1157 4725 que
1187 4654 1347 4708 fulsit
1375 4656 1527 4708 velut
1558 4669 1785 4725 gemma

133 4749 237 4789 auro
264 4743 645 4810 superaddita,
688 4743 825 4796 dum
867 4742 1176 4813 preclarior
1232 4742 1503 4813 preclaris
1560 4744 1662 4796 hec
1693 4758 1785 4795 ac-

130 4826 256 4879 cessit
295 4831 509 4884 attavis.
578 4832 706 4885 Erat
753 4831 906 4899 enim
967 4837 1204 4885 venusta
1262 4831 1403 4885 facie
1462 4836 1517 4883 et
1556 4830 1789 4901 optimis

132 4923 289 4967 ornata
317 4920 592 4985 moribus,
628 4921 896 4990 precipne
919 4936 1051 4974 vero
1084 4920 1145 4973 in
1176 4936 1242 4974 ea
1272 4919 1581 4989 primatum
1606 4918 1791 4971 tenuit

134 5003 373 5065 pudicitia.
411 5010 579 5065 Nam.
612 5015 671 5060 ut
698 5010 962 5078 superius
1022 5008 1237 5061 dictum
1290 5013 1393 5072 est,
1452 5006 1787 5075 virginalem

134 5093 489 5151 continentiam
549 5098 662 5150 Deo
717 5097 921 5150 devota
974 5097 1296 5150 devoverat.
1358 5094 1603 5149 Proinde
1658 5110 1789 5148 cum

134 5186 237 5232 esset
284 5188 391 5237 tam
440 5202 657 5255 genere
709 5201 883 5256 quam
938 5185 1194 5240 moribus
1252 5184 1481 5247 nobilis,
1518 5199 1622 5237 nec
1679 5183 1791 5237 alia

136 5263 430 5326 inveniretur
461 5276 515 5328 ei
547 5274 775 5340 similis,
802 5274 1011 5328 inclitis
1060 5273 1276 5345 placuit
1317 5272 1696 5344 principibus,
1729 5277 1792 5327 ut

139 5350 243 5441 hanc
267 5362 621 5427 potissimum
668 5364 1004 5433 imperatori
1036 5363 1285 5434 glorioso
1343 5363 1601 5434 legitimo
1656 5378 1795 5415 con-

136 5454 385 5511 iungerent
427 5451 696 5506 conubio.
760 5454 938 5519 igitur
997 5453 1181 5506 missis
1224 5452 1655 5507 honorabilibus
1713 5452 1792 5505 le-

138 5532 243 5595 Satis
269 5537 330 5591 ad
362 5538 544 5609 ipsam
579 5542 663 5594 vel
688 5542 755 5594 ad
810 5542 1163 5614 propinquos
1217 5544 1303 5596 vel
1332 5542 1402 5595 ad
1425 5542 1637 5595 amicos
1672 5540 1795 5610 ejus

1878 3069 2097 3124 nalium
2121 3070 2460 3137 nupserunt,
2504 3066 2599 3119 sed
2631 3065 2879 3135 virgines
2927 3065 3387 3135 permanserunt.
3439 3060 3578 3114 Cum

1880 3165 2071 3213 autem
2126 3156 2526 3226 episcoporum
2586 3151 3076 3208 benedictionibus
3124 3150 3335 3204 ﬁrmati
3366 3151 3583 3202 secreta

1881 3244 2115 3299 thalami
2143 3247 2507 3312 recepissent,
2534 3257 2778 3310 sponsus
2808 3240 3209 3310 pudicissimus
3223 3253 3353 3290 cum
3375 3250 3585 3306 sponsa

1884 3332 2289 3387 nichilominus
2337 3330 2704 3400 pudicissima
2771 3346 2886 3383 non
2935 3328 3057 3381 sine
3112 3324 3451 3380 verecundia
3488 3338 3581 3375 ex-

1882 3438 2044 3477 orsus
2064 3426 2150 3475 est
2170 3426 2411 3473 tractare
2452 3419 2521 3473 de
2550 3419 2847 3488 pudicicia.
2882 3419 2979 3471 Ea:
3010 3415 3389 3470 habundantia
3442 3414 3586 3465 enim

1883 3511 2059 3566 cordis
2088 3525 2144 3564 os
2189 3510 2448 3576 loquitur.
2521 3507 2715 3577 Itaque
2771 3504 3036 3575 prorupit
3100 3502 3159 3555 in
3216 3502 3321 3555 hec
3368 3500 3581 3554 verba;

1886 3600 2095 3667 Sponsa
2122 3612 2245 3652 mea
2276 3598 2577 3658 carissima,
2630 3600 2813 3648 notum
2844 3594 2986 3647 tibus
3032 3594 3124 3655 sit,
3157 3590 3300 3659 quod
3329 3604 3581 3648 amorem,

1885 3702 1989 3755 quo
2035 3687 2279 3739 carnales
2327 3686 2577 3751 conjuges
2624 3684 2861 3735 mamime
2914 3682 3248 3735 celectantur
3288 3684 3339 3732 et
3402 3683 3586 3731 mutuo

1882 3776 1991 3830 sibi
2055 3776 2449 3838 consociantur,
2498 3786 2775 3839 nunquam
2818 3774 3072 3838 expertus
3136 3784 3276 3831 sum,
3338 3766 3433 3819 sed
3491 3781 3581 3819 nec

1887 3862 2128 3929 experiri
2156 3860 2291 3922 volo,
2324 3858 2456 3926 quia
2480 3858 2695 3910 cclibem
2724 3858 2893 3909 vitam
2940 3855 3075 3919 elegi
3103 3859 3153 3906 et
3211 3854 3305 3905 hoc
3336 3856 3457 3904 voto
3481 3853 3581 3903 Do-

1889 3951 2033 4003 mino
2060 3948 2166 4001 Deo
2189 3962 2268 3999 me
2287 3946 2408 4014 jam
2433 3944 2656 4013 ,dudum
2700 3944 2963 4010 obligavi.
3017 3941 3112 3995 His
3137 3939 3365 4003 auditis,
3395 3953 3593 4004 regina

1890 4036 2140 4107 gloriosa
2174 4034 2330 4103 virgo
2380 4035 2545 4086 beata
2576 4030 3032 4084 inestimabiliter
3060 4033 3146 4081 est
3174 4025 3504 4088 exhilarata,
3538 4030 3594 4076 et

1891 4125 2158 4179 ardenter
2186 4122 2337 4192 cepit
2363 4136 2556 4173 amare
2588 4134 2887 4189 sponsum,
2946 4116 3037 4171 cui
3092 4116 3262 4169 etiam
3298 4115 3407 4167 tale
3436 4112 3595 4166 dedit

1892 4227 2232 4282 responsum
2264 4227 2276 4264 :
2314 4209 2544 4264 Verbum
2588 4213 2758 4273 tuum,
2808 4208 3034 4269 domine,
3096 4208 3170 4258 mi
3206 4221 3325 4263 reas.
3354 4205 3410 4256 in
3439 4201 3595 4255 corde

1894 4317 2003 4355 meo
2034 4301 2184 4354 dulce
2212 4304 2289 4352 est
2318 4314 2482 4363 super
2510 4298 2612 4351 mel
2670 4301 2719 4350 et
2760 4298 2971 4362 favum,
3020 4300 3071 4347 et
3108 4295 3446 4363 propositum
3476 4306 3593 4343 cas-

1895 4394 2072 4444 titatis
2104 4390 2501 4456 beneplacitum
2541 4391 2618 4440 est
2644 4387 2869 4453 spiritui
2907 4399 3040 4445 meo,
3100 4387 3150 4435 et
3173 4384 3223 4435 si
3251 4381 3417 4435 michi
3436 4380 3595 4433 detur

1894 4482 2060 4549 optio,
2093 4480 2277 4531 multis
2336 4480 2548 4543 pre/ero
2593 4477 2792 4540 regnis.
2836 4475 2970 4527 Nam
3000 4477 3049 4525 et
3079 4488 3171 4537 ego
3218 4476 3398 4523 votum
3424 4470 3594 4534 virgi-

1894 4569 2085 4621 nitatis
2159 4582 2267 4619 mee
2314 4568 2530 4618 Domino
2587 4565 2747 4632 quasi
2825 4575 3019 4614 munus
3076 4560 3449 4625 gratissimum
3520 4572 3601 4609 me

1894 4660 2071 4723 fateor
2095 4657 2375 4724 optulisse.
2424 4668 2588 4721 quam
2622 4654 2671 4704 si
2719 4653 2841 4719 quis
2882 4650 3049 4702 michi
3086 4648 3364 4716 subripere
3406 4660 3596 4715 presu-

1895 4749 2081 4807 meret,
2113 4743 2256 4812 quod
2312 4743 2474 4805 absit,
2532 4742 2674 4793 iram
2729 4740 2953 4806 superni
2977 4736 3186 4804 judicis
3218 4738 3514 4789 incurreret
3550 4738 3601 4786 et

1896 4840 2132 4887 eternam
2161 4831 2599 4900 dampnationem
2645 4829 2923 4881 incideret.
2977 4826 3091 4881 Rex
3142 4841 3273 4878 vero
3303 4825 3509 4876 letatus
3540 4821 3598 4874 in

1898 4923 1985 4976 his
2014 4937 2125 4991 que
2157 4920 2304 4973 dicta
2345 4916 2451 4970 sibi
2472 4920 2620 4979 sunt,
2657 4921 2714 4969 et
2743 4914 2877 4986 quia
2907 4914 3259 4968 consimilem
3292 4927 3379 4963 res
3413 4908 3601 4962 omnis

1899 5014 2074 5075 amat,
2133 5008 2293 5078 virgo
2376 5006 2681 5075 virginem,
2768 5011 2956 5057 castus
3014 5000 3387 5056 castissimam
3445 5002 3599 5050 casto

1898 5097 2049 5166 cepit
2079 5111 2274 5149 amore
2301 5094 2600 5164 complecti
2619 5099 2674 5147 et
2706 5108 2940 5146 manum
2972 5090 3148 5161 ipsius
3177 5086 3479 5141 candidam
3502 5100 3602 5138 sue

1900 5184 2203 5256 imponens
2246 5183 2464 5247 manui,
2501 5182 2588 5235 his
2634 5181 2819 5235 verbis
2874 5184 2957 5232 est
3011 5192 3137 5231 eam
3189 5176 3509 5229 allocutus:
3560 5176 3602 5230 0

1900 5277 2077 5328 amica
2115 5288 2251 5334 mea,
2282 5287 2480 5341 sponsa
2520 5287 2656 5333 mea,
2702 5269 3053 5323 immaculata
3080 5280 3219 5325 mea,
3264 5279 3449 5317 revera
3508 5266 3605 5317 Do-

1902 5366 2079 5415 minus
2110 5369 2186 5415 est
2214 5364 2271 5415 in
2299 5360 2473 5414 medio
2502 5361 2694 5421 nostri,
2747 5359 2844 5425 qui
2872 5370 2966 5409 nos
3023 5357 3185 5408 unius
3238 5354 3536 5407 voluntatis
3558 5370 3585 5406 c

1902 5453 2165 5518 propositi
2194 5454 2251 5503 iu
2280 5465 2375 5504 suo
2425 5450 2634 5503 nomine
2673 5449 2805 5513 fecit
2842 5446 3137 5512 convenire,
3189 5446 3286 5513 qui
3332 5448 3410 5497 est
3440 5445 3594 5507 refu-

1902 5542 2053 5607 gium
2079 5544 2322 5592 nostrum
2377 5542 2429 5591 et
2470 5540 2663 5590 virtus.
2722 5536 2978 5588 Unanimi
3036 5548 3292 5588 consensu
3344 5533 3467 5600 jam
3493 5534 3578 5599 ips
