4016 6202
396 282 484 333 ιρι
631 262 635 267 ’
1695 277 1750 328 s.
1794 274 2076 330 IIENBICI
2119 274 2592 332 IMPERATORIS
3830 281 3918 327 192

386 421 483 463 nos
538 408 684 474 ipsos
737 405 1028 472 oﬂ'eramus
1073 403 1403 472 pollicentes,
1471 400 1618 471 quod
1681 403 1906 470 propter
1975 400 2092 469 ejus
2123 402 2169 454 A
2206 399 2520 454 castitatem
2563 398 2720 454 omni
2775 397 2886 452 vite
2930 413 3031 452 sue
3086 401 3346 470 tempore
3403 402 3463 454 et
3505 398 3925 454 abstinentiam

388 510 621 551 amorem
647 493 894 548 omnibus
931 492 1118 546 diebus
1147 493 1256 545 vite
1305 495 1487 544 nostra
1515 489 1732 543 celibem
1777 489 1948 542 vitam
1988 488 2090 541 du-

389 597 609 638 camus:
663 587 714 635 el
753 583 848 635 hoc
917 581 1020 634 tibi
1062 579 1320 649 polliceor
1349 579 1450 632 sub
1488 579 1787 631 testimonio
1850 577 2088 640 Christi,

389 671 533 742 quod
573 676 623 724 te
663 676 722 724 ut
772 670 1170 738 imperatricem
1220 668 1512 734 gloriosam
1570 680 1778 733 semper
1822 665 2090 718 honorabo

389 767 439 814 et
462 764 522 814 ut
566 761 848 829 proprium
897 771 1088 825 corpus
1134 756 1346 821 amabo,
1390 753 1550 820 [edas
1608 755 1887 822 conjugale
1919 757 2090 807 tecum

386 846 878 918 ﬁrmiterseruabo,
927 849 978 898 et
1021 846 1143 898 licet
1202 858 1382 897 amore
1439 843 1652 896 carnali
1699 846 1748 894 te
1793 856 2090 908 numquam

390 939 719 1004 contingam,
751 934 920 988 nichil
949 939 1127 988 tamen
1185 937 1272 986 tue
1329 932 1556 985 caritati
1584 931 1650 984 de
1697 945 1877 983 amore
1894 929 2088 997 conju-

392 1027 506 1094 gali
559 1024 646 1079 vel
689 1025 881 1078 honore
919 1027 1006 1076 tae
1063 1022 1289 1075 caritati
1330 1034 1562 1086 congruo
1614 1020 1876 1084 minuam,
1919 1017 2013 1071 sed
2044 1022 2092 1070 te

389 1129 487 1182 pre
513 1113 779 1176 omnibus,
804 1115 863 1164 ut
887 1111 1099 1179 justum
1153 1112 1251 1174 est,
1305 1108 1498 1161 amabo
1544 1111 1595 1160 et
1623 1109 1681 1159 in
1706 1105 1949 1159 omnibus
1997 1105 2089 1158 ho-

391 1202 608 1255 norabo.
643 1201 782 1254 Cum
814 1199 918 1254 hec
947 1203 1004 1252 et
1051 1197 1140 1252 his
1170 1195 1382 1250 similia
1445 1195 1598 1248 inter
1646 1210 1743 1248 eos
1800 1193 2093 1262 perdulcia

392 1289 637 1342 vicissim
667 1288 1018 1342 haberentur
1069 1284 1374 1355 colloquia,
1436 1284 1614 1338 factus
1663 1286 1747 1336 est
1797 1281 1947 1352 ignis
1992 1298 2090 1336 ex-

393 1384 622 1431 estuaus
651 1376 712 1430 in
751 1375 1020 1429 cordibus
1060 1389 1260 1428 eorum
1301 1373 1564 1442 ipsorum
1609 1375 1810 1424 mutuo
1841 1387 1900 1424 se
1930 1371 2094 1424 vehe-

394 1471 614 1519 menter
641 1463 998 1528 amantium;
1033 1478 1164 1516 nam
1197 1477 1345 1514 unus
1375 1459 1608 1530 spiritus
1639 1467 1694 1515 et
1723 1459 1875 1513 idem
1906 1460 2094 1514 fervor

392 1551 641 1606 caritatis
698 1556 821 1605 erat
867 1551 925 1604 iu
977 1549 1074 1603 eis.
1127 1550 1429 1604 Enimvero
1460 1548 1813 1618 superﬂuum
1865 1545 2090 1610 estimo,

393 1639 778 1695 describendis
809 1638 1096 1708 regalibus
1128 1637 1342 1708 nuptiis
1371 1637 1470 1691 diu
1496 1635 1758 1701 detineri,
1794 1634 2094 1706 presertim

395 1745 526 1782 cum
582 1727 824 1800 quilibet
875 1727 1040 1781 facile
1085 1726 1262 1798 p0ssit
1316 1725 1598 1788 conicere,
1667 1724 1821 1796 quod
1893 1723 2090 1777 eedem

397 1815 594 1886 nuptie
628 1831 758 1870 cum
797 1831 1006 1885 magna
1037 1813 1395 1877 liberalitate,
1435 1817 1607 1883 prout
1645 1812 1861 1882 regiam
1902 1811 2094 1865 decuit

397 1904 810 1970 excellentiam,
870 1909 1003 1957 sunt
1033 1903 1434 1973 sullempniter
1461 1901 1760 1967 celebrate,
1810 1899 2091 1971 episcopis

396 1992 827 2048 honorabilibus
848 1997 905 2046 et
931 1992 1104 2046 totius
1152 1990 1316 2061 regni
1366 1990 1723 2060 principibus
1751 2005 1884 2043 cum
1912 1989 2094 2043 multa

395 2081 694 2136 devotione
723 2080 1211 2142 concurrentibus,
1263 2079 1582 2132 innumeris
1628 2079 1801 2132 etiam
1836 2076 2093 2148 personis

396 2169 694 2240 utriusque
785 2185 948 2222 sexus
998 2173 1054 2222 et
1109 2167 1330 2221 diverse
1404 2165 1700 2237 dignitatis
1747 2166 1820 2220 ad
1872 2165 2094 2234 regales

393 2257 622 2328 nuptias
679 2257 951 2311 invitatis.
1007 2257 1160 2311 Licet
1211 2259 1402 2310 autem
1465 2255 1527 2309 iu
1566 2255 1728 2308 libris
1775 2254 1950 2308 sacris
1980 2269 2095 2308 non

395 2346 726 2416 legerimus,
767 2345 1044 2400 audenter
1087 2350 1279 2398 tamen
1342 2343 1718 2410 afﬁrmamus,
1767 2343 1919 2414 quod
1947 2343 2096 2396 inter

396 2440 616 2488 ceteros
647 2435 899 2505 hospites
927 2432 1385 2488 honorabiliores
1422 2431 1689 2484 invitatos
1709 2431 1918 2501 hospes
1948 2447 2097 2485 unus

397 2523 742 2594 prestantior
788 2522 1054 2576 omnibus
1109 2521 1380 2574 invitatus
1435 2520 1527 2586 sit,
1578 2519 1789 2574 scilicet
1851 2519 2098 2591 Virginis

403 2612 592 2676 Filius,
628 2612 726 2682 qui
756 2611 1022 2682 primitus
1043 2610 1113 2664 ad
1146 2609 1377 2680 nuptias
1425 2625 1572 2680 aque
1602 2609 1888 2680 liquorem
1920 2609 1979 2662 in
2014 2608 2094 2662 vi-

396 2699 819 2771 nigatissimum
863 2705 1222 2754 converterat
1278 2713 1559 2769 saporem.
1618 2698 1679 2750 Et
1711 2696 1945 2768 quidem
1975 2697 2098 2767 ipse

398 2787 531 2843 licet
577 2787 875 2842 visibiliter
921 2787 982 2841 in
1013 2787 1246 2858 propria
1321 2803 1440 2840 non
1503 2785 1666 2840 affuit
1718 2801 1980 2855 persona,
2037 2785 2098 2838 in

400 2876 654 2930 meubris
703 2881 896 2930 tamen
945 2875 1062 2929 suis
1113 2877 1245 2930 licet
1298 2874 1514 2928 ultimis
1569 2873 1784 2927 eisdem
1830 2873 2102 2926 intererat

2199 504 2564 560 summopere
2599 486 2904 542 studebant
2931 502 3286 541 conservare.

2269 581 2322 631 2.
2357 578 2600 643 Qualiter
2626 579 2824 646 ceperit
2851 576 3180 632 claudicare.
3215 577 3273 630 Si
3304 578 3418 648 (66)
3449 577 3582 648 quis
3612 593 3756 631 vero
3789 577 3929 631 scire

2199 664 2501 729 desiderat,
2546 681 2724 736 quare
2777 664 3064 734 gloriosus
3107 663 3212 716 iste
3263 663 3586 734 imperator
3632 664 3928 729 claudica-

2197 755 2363 821 verit,
2398 770 2528 808 cum
2559 753 2813 824 primum
2842 756 2963 806 toto
2990 767 3231 823 corpore
3288 769 3462 806 sanus
3520 753 3731 821 fuerit,
3784 754 3931 807 hanc

2199 858 2427 896 causam
2457 858 2579 896 esse
2609 841 2849 895 noverit.
2883 841 3026 895 Cum
3085 845 3341 910 tempore
3371 841 3627 911 quodam
3675 839 3931 895 venisset

2199 929 2260 984 iu
2303 929 2567 998 Apuliam
2633 945 2736 999 pro
2779 926 3150 998 disponendis
3199 927 3282 981 rei
3339 927 3568 998 publice
3639 928 3924 998 negociis,

2199 1017 2458 1089 pervenit
2487 1017 2544 1070 in
2601 1021 2857 1070 montem
2907 1017 3258 1086 Garganum,
3310 1016 3372 1069 in
3426 1017 3594 1086 cujus
3620 1017 3927 1088 crepidine

2201 1107 2306 1162 sita
2336 1111 2421 1161 est
2438 1105 2634 1160 civitas
2661 1110 2716 1159 et
2745 1104 2804 1158 in
2855 1103 3032 1158 latine
3089 1105 3302 1158 montis
3362 1104 3421 1158 in
3479 1121 3625 1176 rupe
3671 1121 3927 1160 concava

2201 1200 2354 1250 extat
2383 1194 2613 1249 basilica
2641 1210 2760 1248 non
2792 1193 2861 1246 ab
2890 1191 3221 1246 hominibus
3262 1193 3557 1259 fabricata,
3589 1210 3792 1264 neque
3826 1211 3926 1265 per

2203 1285 2496 1339 hominem
2520 1283 2799 1348 dedicata,
2830 1283 2928 1335 sed
2955 1281 3290 1351 operatione
3313 1281 3506 1336 divina
3562 1282 3659 1336 vel
3716 1283 3922 1337 virtute

2203 1372 2545 1427 mirabiliter
2592 1373 2865 1436 extructa,
2899 1369 3090 1424 divina
3148 1369 3323 1423 etiam
3370 1369 3785 1424 benedictione
3832 1387 3918 1424 ve-

2203 1461 2533 1516 nerabiliter
2586 1465 2930 1513 consecrata.
2969 1459 3146 1529 Hujus
3174 1457 3406 1512 basilice
3443 1464 3735 1527 patronus
3775 1465 3925 1512 extat

2204 1549 2436 1605 Michael
2467 1547 2862 1619 archangelus.
2912 1547 2976 1600 In
3030 1546 3135 1600 hac
3161 1546 3335 1600 etiam
3392 1546 3636 1600 ecclesia
3669 1547 3926 1616 qualibet

2205 1637 2526 1692 ebdomada
2559 1642 2760 1690 cantus
2813 1633 3104 1704 angelicas
3152 1634 3225 1688 ab
3277 1634 3368 1688 his
3427 1634 3529 1706 qui
3590 1634 3767 1706 digni
3798 1641 3927 1689 sunt

2204 1726 2393 1781 audiri
2430 1724 2788 1796 perhibetur.
2838 1725 2992 1778 Hanc
3040 1724 3232 1794 itaque
3282 1723 3576 1777 basilicam
3641 1724 3928 1777 orationis

2201 1830 2371 1868 causa
2401 1829 2532 1868 cum
2561 1812 2762 1868 ceteris
2791 1812 2997 1866 Christi
3041 1811 3306 1866 ﬁdelibus
3372 1811 3458 1864 vir
3503 1813 3622 1865 Deo
3684 1811 3929 1865 devotus

2202 1909 2288 1958 est
2318 1904 2631 1972 ingressus.
2665 1902 2923 1972 Cumque
2950 1901 3146 1954 laudes
3175 1900 3397 1954 divinas
3429 1900 3576 1954 inibi
3629 1900 3930 1954 celebras-

2203 1998 2332 2046 seut
2360 1997 2413 2045 et
2463 1995 2590 2045 vota
2640 2006 2878 2061 precum
2925 2005 3159 2043 suarum
3216 2004 3346 2042 cum
3389 1989 3572 2042 multa
3611 1989 3929 2042 devotione

2205 2081 2320 2135 Deo
2347 2078 2742 2140 reddidissent.
2807 2083 3033 2147 tempus
3073 2078 3196 2147 jam
3257 2077 3476 2139 aderat,
3524 2093 3643 2148 quo
3699 2077 3932 2130 celestis

2203 2169 2482 2224 exercitus
2512 2168 2583 2221 ad
2621 2167 2814 2221 laudes
2847 2167 2961 2220 Deo
3019 2166 3422 2236 persolvendas
3475 2166 3772 2236 templum
3831 2165 3931 2219 hoc

2203 2273 2428 2311 sacrum
2450 2256 2636 2310 fuerat
2663 2255 3046 2326 ingressurus.
3085 2256 3281 2325 Itaque
3337 2271 3468 2308 cum
3511 2271 3726 2308 omnes
3758 2270 3932 2325 egre—

2207 2346 2500 2413 derentur,
2532 2350 2586 2398 et
2615 2344 2664 2397 si
2693 2343 2792 2414 qui
2823 2359 3043 2396 moram
3091 2343 3361 2409 facerent,
3407 2342 3562 2396 exire
3603 2343 3932 2412 compelle-

2206 2439 2428 2502 rentur,
2468 2433 2555 2486 vir
2609 2439 2837 2486 sanctus
2886 2431 3211 2502 postulabat
3264 2438 3329 2485 ut
3376 2430 3428 2484 ei
3479 2431 3733 2484 facultas
3781 2431 3936 2484 intus

2207 2521 2542 2576 remanendi
2596 2521 3020 2574 concederetur.
3078 2519 3262 2588 Igitur
3327 2518 3600 2573 omnibus
3657 2519 3935 2589 egressis,

2207 2611 2361 2665 solus
2384 2610 2528 2680 ipse,
2560 2624 2794 2680 sperans
2828 2607 2885 2662 in
2916 2607 3308 2662 misericordia
3367 2607 3489 2672 Dei,
3543 2607 3698 2673 inibi
3745 2623 3939 2661 rema-

2211 2714 2346 2752 nere
2375 2696 2744 2768 presumpsit,
2793 2700 2848 2750 et
2905 2711 3101 2766 preces
3155 2695 3416 2764 precibus
3475 2695 3857 2748 continuavit
3889 2701 3941 2748 et

2209 2802 2464 2856 genuum
2506 2785 2780 2839 ﬂexiones
2819 2783 3066 2852 iteravit,
3090 2787 3146 2836 et
3203 2783 3370 2837 modo
3413 2783 3611 2837 multis
3674 2783 3942 2837 lacrimis

2211 2875 2403 2930 divine
2433 2891 2494 2928 se
2539 2873 2829 2928 commisit
2873 2871 3198 2938 clementis,
3247 2872 3416 2926 modo
3450 2871 3716 2925 animam
3771 2889 3938 2926 suam

401 2962 636 3033 nuptiis,
665 2961 726 3015 in
764 2962 973 3032 quibus
997 2963 1170 3016 etiam
1200 2960 1434 3033 optimis
1479 2959 1722 3030 dapibus
1769 2964 1855 3013 est
1882 2960 2097 3030 optime
2127 2959 2168 3012 C
2207 2963 2376 3016 beato
2408 2961 2665 3018 Michaeli
2713 2961 3057 3030 archangelo
3103 2975 3236 3014 cum
3275 2960 3455 3014 multa
3495 2960 3940 3030 supplicatione

400 3050 661 3104 refectus.
686 3050 812 3120 Ipse
868 3048 1022 3104 enim
1075 3049 1328 3104 dicturus
1358 3053 1441 3102 est
1475 3063 1488 3102 :
1524 3047 1680 3113 Quod
1731 3049 1830 3100 uni
1869 3063 1936 3101 ea:
1993 3049 2096 3101 mi-

397 3141 561 3192 nimis
586 3140 715 3192 meis
757 3139 964 3204 fecistis
996 3137 1216 3206 (Matth.
1252 3153 1377 3201 xxv,
1412 3136 1501 3206 40)
1550 3142 1606 3190 et
1633 3140 1844 3189 cetera.
1906 3135 2097 3189 Enim-

398 3243 531 3281 vero
597 3227 910 3298 imperator
992 3226 1277 3296 gloriosus
1350 3225 1605 3279 inclitam
1673 3223 2098 3294 imperatricem

399 3315 561 3387 regni
589 3315 678 3368 sui
714 3315 802 3370 vel
845 3314 1085 3369 thalami
1140 3318 1463 3370 consortem
1489 3314 1549 3368 in
1581 3313 1868 3379 omnibus,
1911 3318 1978 3367 ut
2007 3313 2099 3367 de-

398 3404 541 3469 buit,
571 3404 894 3471 honoravit,
939 3409 996 3458 et
1023 3403 1092 3458 ad
1147 3403 1327 3474 ipsius
1356 3407 1564 3457 nutum
1615 3401 1882 3455 universa
1936 3401 2099 3471 regni

397 3491 846 3562 disponebantur
899 3491 1220 3558 molimina,
1281 3495 1337 3544 et
1376 3489 1500 3560 ipsa
1553 3488 1938 3544 nobilissimus
1995 3490 2100 3543 ﬂos

399 3586 792 3634 matronarum
813 3585 870 3634 et
898 3580 1160 3634 omnium
1217 3579 1526 3634 mulierum
1567 3578 1862 3648 speculum
1913 3577 2103 3632 claris-

399 3668 612 3722 simum
664 3667 821 3721 varia
848 3667 1054 3722 virtute
1105 3667 1370 3722 decorata
1415 3667 1484 3720 ad
1533 3665 1712 3719 instar
1763 3665 1966 3719 sideris
2013 3682 2100 3720 ra-

399 3754 606 3810 diabat.
676 3755 746 3808 Ut
809 3758 998 3808 autem
1063 3753 1215 3808 beati
1268 3753 1541 3823 conjuges
1605 3751 1699 3804 isti
1769 3752 1987 3806 facilius
2043 3752 2104 3806 iu

397 3847 704 3914 conspectu
759 3842 1062 3897 hominum
1116 3842 1454 3895 simularent
1517 3856 1576 3894 se
1640 3839 1849 3894 habere
1906 3842 2102 3911 conju-

397 3933 580 4004 gium,
620 3933 933 3986 secundum
993 3947 1214 3985 morem
1269 3929 1584 3984 carnalium
1625 3929 1685 3982 in
1714 3945 1831 3983 uno
1863 3945 2103 3999 pausare

397 4021 652 4076 thalamo
681 4020 958 4078 solebant.
982 4026 1040 4073 et
1064 4025 1258 4074 tamen
1312 4018 1819 4072 incontaminatam
1875 4033 2105 4072 conser-

397 4110 606 4164 vabaut
627 4108 1058 4162 continentiam.
1095 4109 1202 4161 Res
1249 4105 1392 4158 mira
1426 4109 1484 4158 et.
1515 4104 1721 4159 nostris
1751 4105 2104 4175 temporibus

402 4197 677 4251 inaudita.
708 4197 772 4249 Et
815 4195 1050 4265 quidem
1103 4209 1274 4264 quam
1324 4193 1518 4263 plures
1565 4193 1623 4245 in
1668 4196 1916 4263 utroque
1968 4209 2099 4248 sexu

402 4290 533 4339 sunt
593 4283 865 4353 virgines,
925 4282 1022 4336 sed
1071 4287 1135 4334 ut
1175 4281 1428 4352 sigillum
1494 4279 1836 4350 virginitatis
1877 4282 2103 4336 valeant

402 4372 814 4426 intemeratum
871 4385 1115 4432 servare,
1180 4383 1434 4422 seorsum
1483 4384 1670 4422 mares
1739 4373 1795 4424 et
1846 4386 2102 4425 seorsum

400 4459 646 4515 feminas
677 4457 906 4528 expedit
934 4457 1214 4511 habitare.
1235 4457 1370 4521 Quis
1392 4457 1548 4511 enim
1582 4456 1777 4528 ignem
1807 4459 2104 4514 abscondit

403 4547 462 4601 iu
494 4547 619 4602 sinu
644 4562 766 4611 suo,
807 4551 866 4600 et
917 4545 1320 4599 vestimentum
1365 4547 1488 4616 ejus
1533 4561 1649 4599 non
1680 4548 2048 4602 comburetur
2078 4547 2106 4603 7

404 4635 566 4704 Apud
600 4635 863 4689 homines
889 4632 1241 4705 impossibile
1271 4639 1375 4698 est,
1421 4634 1516 4689 sed
1545 4651 1657 4688 non
1689 4637 1840 4706 apud
1902 4639 2102 4692 Deum.

405 4724 562 4779 Unde
591 4723 706 4788 isti,
741 4723 811 4777 de
859 4723 1068 4794 quibus
1128 4721 1440 4793 loquimur,
1495 4723 1556 4777 in
1609 4724 1961 4794 protectione
2009 4726 2107 4780 Dei

401 4814 506 4867 celi
541 4829 640 4884 pre
656 4811 858 4866 ceteris
887 4810 1224 4866 mortalibus
1267 4811 1608 4866 familiarius
1665 4821 2103 4881 commorantes,

401 4903 687 4957 interdum
715 4900 1173 4965 commanebaut,
1204 4905 1260 4954 et
1303 4906 1498 4954 tamen
1558 4901 1807 4971 virgines
1845 4903 2105 4958 inconta-

404 4991 602 5046 minati
630 4988 1046 5061 permanebant
1081 5007 1096 5055 ;
1149 4993 1206 5042 et
1251 5004 1381 5042 cum
1413 4995 1604 5058 preter
1639 4990 1934 5060 sanguinis
1963 4992 2106 5046 etfu-

403 5081 622 5134 siouem
671 5079 786 5133 duo
845 5079 962 5132 sint
991 5093 1204 5147 genera
1267 5077 1588 5144 martirum,
1639 5077 1854 5133 scilicet
1882 5081 2108 5134 castitas

405 5167 463 5219 in
495 5167 792 5234 iuventute
858 5170 914 5220 et
955 5165 1303 5219 abstinentia
1343 5165 1403 5218 in
1451 5165 1864 5238 habundantia,
1911 5168 2108 5222 beatos

405 5254 699 5324 conjuges,
749 5269 998 5325 quorum
1053 5252 1317 5324 preconia
1379 5268 1498 5306 non
1553 5259 1820 5317 tacemus,
1879 5257 2108 5328 gemina

405 5342 649 5396 martirii
705 5359 915 5397 corona
956 5345 1254 5396 coronatos
1322 5357 1444 5394 esse
1487 5341 1847 5408 confidimus,
1905 5344 2004 5415 qui
2053 5350 2110 5399 et

2207 3050 2430 3105 studuit
2444 3049 2871 3105 commendare.
2909 3049 3051 3104 Cum
3077 3063 3222 3120 pura
3247 3047 3329 3118 pii
3354 3048 3503 3117 regis
3557 3048 3755 3102 oratio
3789 3050 3939 3103 sicut

2205 3140 2506 3194 incensum
2558 3137 2890 3192 ascenderet
2938 3153 3134 3191 coram
3199 3136 3458 3202 Domino,
3501 3137 3656 3190 Deus
3728 3139 3934 3202 Israel,

2208 3226 2310 3298 qui
2339 3226 2400 3280 in
2431 3226 2639 3280 sanctis
2667 3225 2785 3280 suis
2811 3241 3037 3296 semper
3061 3230 3146 3279 est
3166 3225 3466 3291 mirabilis,
3515 3224 3864 3280 mirabilem
3885 3227 3937 3280 ei

2209 3314 2476 3386 dignatus
2504 3319 2591 3370 est
2620 3314 2919 3369 ostendere
2951 3313 3256 3368 visionem.
3290 3313 3441 3367 Vidit
3479 3313 3638 3368 enim
3690 3318 3937 3385 angelo-

2210 3419 2340 3458 rum
2364 3403 2795 3458 multitudinem
2840 3402 3132 3472 copiosam
3171 3403 3242 3456 ad
3274 3402 3452 3455 instar
3480 3402 3618 3456 solis
3676 3403 3939 3472 splendi-

2209 3492 2342 3547 dam
2373 3492 2655 3562 templum
2685 3497 2946 3545 sanctum
2990 3491 3430 3562 ingredientem,
3464 3506 3529 3544 ex
3561 3490 3784 3561 quibus
3817 3492 3936 3546 duo

2209 3580 2528 3651 principale
2575 3579 2975 3650 sollempuiter
3035 3579 3395 3634 adornabant
3449 3579 3651 3633 altare.
3706 3580 3938 3634 Deinde

2211 3669 2355 3723 vidit
2385 3668 2522 3722 alias
2551 3669 2846 3722 celestium
2875 3668 3154 3723 virtutum
3195 3669 3462 3722 cohortes
3490 3670 3841 3722 innumeras
3876 3669 3937 3723 in

2214 3756 2592 3811 similitudine
2614 3756 2858 3826 fulguris
2910 3757 3256 3810 coruscantis
3309 3756 3596 3826 fulgentes
3646 3760 3706 3810 et
3761 3757 3936 3829 quasi

2214 3845 2517 3914 primatem
2547 3859 2716 3898 suum
2747 3861 2877 3898 cum
2899 3844 3086 3915 gloria
3116 3845 3360 3898 maxime
3389 3843 3739 3898 deducentes
3777 3865 3795 3911 ;
3831 3862 3938 3899 nec

2215 3933 2479 3993 dubium,
2530 3931 2683 3986 hunc
2738 3932 2913 3987 fuisse
2974 3933 3382 4000 archangelum
3438 3932 3665 3986 celestis
3719 3933 3937 3987 militie

2216 4021 2574 4092 signiferum.
2638 4019 2953 4075 Novissime
3029 4037 3160 4074 vero
3213 4021 3400 4075 videre
3465 4020 3681 4074 meruit
3732 4021 3934 4092 ipsum

2216 4124 2409 4179 regem
2441 4110 2799 4179 angelorum,
2844 4109 3154 4164 Dominum
3215 4109 3535 4162 venientem
3594 4125 3727 4162 cum
3763 4117 3934 4178 pote-

2215 4201 2358 4250 state
2385 4213 2592 4268 magua
2621 4202 2678 4250 et
2704 4197 2942 4263 virtute;
2972 4196 3030 4249 in
3063 4197 3226 4267 cujus
3256 4196 3528 4267 obsequio
3559 4196 3669 4250 fuit
3697 4198 3936 4251 celestis

2216 4285 2492 4338 eXercitus
2518 4285 2955 4340 innumerabilis
2990 4289 3042 4339 et
3076 4285 3349 4355 splendor
3378 4285 3501 4354 ejus
3557 4285 3934 4356 incompara-

2214 4371 2362 4440 bilis,
2394 4375 2556 4443 cujus
2585 4374 2756 4427 etiam
2788 4377 2929 4427 nutu
2960 4378 3240 4444 reguntur
3291 4372 3486 4426 omnia
3543 4372 3781 4426 celestia
3815 4381 3932 4428 ter-

2212 4461 2436 4516 restria.
2474 4461 2728 4532 Deuique
2759 4463 2965 4515 chorus
3024 4477 3170 4515 novo
3226 4461 3537 4516 Jerusalem
3577 4460 3637 4514 in
3671 4463 3938 4530 prodicta

2214 4551 2484 4604 collectus
2544 4549 2778 4602 basilica
2841 4549 3100 4604 divinum
3154 4549 3550 4619 sollempuiter
3611 4550 3939 4604 celebravit

2216 4638 2578 4710 obsequium.
2616 4639 2739 4703 Quo
2773 4637 3003 4692 tandem
3030 4639 3342 4708 completo,
3395 4653 3544 4692 unus
3583 4653 3654 4691 ex
3687 4653 3938 4708 presen-

2215 4726 2368 4781 tibus
2399 4727 2618 4797 angelis
2653 4743 2874 4781 sacrum
2905 4727 3196 4796 Evangelii
3222 4732 3437 4780 textum
3495 4742 3626 4780 cum
3675 4727 3942 4781 maxima

2216 4816 2533 4870 reverentia
2567 4815 2856 4868 Dominice
2880 4814 3085 4869 detulit
3107 4831 3371 4884 persone,
3400 4830 3511 4884 que
3551 4813 3650 4868 illo
3688 4816 3940 4870 deoscu-

2217 4905 2328 4958 lato
2364 4903 2554 4960 innuit
2581 4904 2804 4973 angelo,
2827 4909 2889 4957 ut
2916 4903 3182 4957 eumdem
3203 4903 3648 4957 deosculaudum
3678 4904 3944 4958 deferret

2218 4992 2548 5062 imperatori
2581 4993 2866 5060 iuangulo
2898 4991 3163 5046 latitanti.
3218 4992 3436 5061 Angelo
3464 5007 3597 5045 vero
3622 4993 3790 5060 jussa
3822 4993 3939 5047 sibi

2216 5081 2560 5151 complente,
2605 5080 2908 5150 'predictus
2939 5080 3149 5136 Christi
3197 5080 3446 5134 famulus
3495 5080 3567 5133 ad
3626 5079 3940 5136 insolitam

2216 5173 2374 5222 tante
2397 5169 2709 5239 majestatis
2736 5174 2794 5222 et
2821 5169 3002 5239 glorie
3054 5168 3333 5222 visionem
3386 5168 3537 5238 cepit
3592 5169 3798 5222 animo
3827 5187 3939 5241 pa-

2215 5273 2441 5311 vescere
2481 5264 2536 5312 et
2565 5259 2830 5311 omnibus
2863 5256 3118 5312 meubris
3141 5257 3601 5322 contremiscere,
3624 5262 3939 5328 tamquam

2216 5344 2429 5399 diceret
2461 5361 2590 5398 cum
2647 5346 2926 5416 propheta
2973 5345 3100 5416 (Jer.
3157 5361 3316 5410 xxm,
3349 5346 3402 5415 9)
3435 5363 3451 5398 :
3507 5346 3824 5402 Contrilum
3851 5353 3943 5400 est

481 5438 592 5516 (6t?)
617 5441 730 5494 Hoc
759 5443 932 5516 caput
959 5439 1020 5492 in
1053 5439 1388 5511 apographo
1413 5439 1538 5494 cod.
1575 5439 1873 5511 Bamberg.
1917 5443 2066 5512 quod
2104 5443 2307 5498 habuit
2336 5444 2563 5498 Gretser
2600 5453 2731 5516 post
2758 5444 2896 5498 Vitae
2927 5460 2974 5497 c.
3003 5445 3072 5498 24
3103 5443 3384 5497 insertum
3415 5443 3539 5506 fuit,
3571 5442 3766 5496 verbis
3796 5447 3940 5514 qui-

415 5511 653 5566 bitsdam
688 5509 939 5564 mutatis.
