4012 6204
159 334 237 388 I93

156 476 226 513 cor
262 472 415 511 meum
458 456 512 507 in
556 451 730 509 medio
775 455 897 523 mei,
957 460 1389 511 contremuerunt
1436 461 1618 512 omnia
1672 474 1794 514 ossa
1830 462 1870 513 A

155 562 262 601 mea.
293 547 392 599 Hoc
426 544 654 614 angelus
706 543 803 597 ille
842 544 1060 612 videns,
1124 546 1379 599 modeste
1434 546 1623 601 femur
1680 548 1804 616 ejus

155 635 308 702 tetigit
333 641 385 686 et
419 632 601 696 inquit
635 649 646 685 :
681 635 759 687 Ne
812 634 1021 699 timeas,
1072 635 1230 687 electe
1261 636 1375 698 Dei,
1436 649 1598 703 surge
1658 638 1801 689 velo-

156 726 277 778 citer.
303 724 500 787 signum
532 723 685 788 pacis
732 720 994 774 divinitus
1048 722 1149 774 tibi
1198 725 1578 777 transmissum
1626 726 1799 777 susci-

155 812 277 877 piens
324 809 585 860 alacriter.
648 808 940 877 Extemplo
968 810 1157 862 femur
1205 810 1331 878 ejus
1387 812 1686 877 emarcuit,
1748 816 1803 864 et

156 896 323 950 exinde
365 896 513 948 omni
562 902 826 965 tempore
874 896 987 949 vite
1043 898 1401 951 claudicavit.
1438 898 1657 951 Similis
1697 915 1802 969 per

156 986 312 1038 omnia
346 990 571 1037 eventus
601 985 669 1038 de
704 985 871 1037 beato
900 985 1073 1038 Iacob
1124 985 1355 1055 legitur,
1402 989 1563 1056 cujus
1614 987 1802 1040 femur

156 1074 209 1126 ad
253 1078 443 1125 tactum
498 1074 686 1142 angeli
737 1088 932 1126 secum
975 1074 1239 1127 luctantis
1296 1075 1577 1128 emarcuit
1636 1075 1795 1145 (Gen.

156 1177 286 1225 xxxii,
336 1162 435 1227 3'2).
470 1162 579 1214 Hec
609 1161 865 1230 quidem,
898 1166 959 1215 ut
987 1178 1184 1215 verum
1217 1163 1416 1228 fatear,
1448 1163 1508 1216 in
1538 1163 1800 1233 Scriptu-

156 1249 215 1299 ris
246 1264 346 1300 non
372 1249 579 1310 inveni,
608 1249 701 1302 sed
738 1250 920 1302 relatu
951 1250 1237 1303 veracium
1289 1256 1346 1304 et
1385 1251 1798 1305 venerabilium

155 1337 386 1395 virorum,
416 1336 519 1388 hec
542 1353 671 1390 vera
698 1353 841 1402 esse,
874 1337 934 1390 in
955 1337 1192 1391 veritate
1221 1338 1496 1407 comperi.
1526 1338 1799 1408 Equidem

154 1431 413 1494 prepotens
462 1426 837 1479 cancellarius
919 1432 977 1479 et
1033 1426 1331 1497 episcopus
1382 1426 1800 1496 Herbipolensis

154 1512 406 1565 Cunradus
464 1514 720 1577 nomine,
774 1514 873 1584 qui
925 1514 1383 1583 persecutionem
1470 1532 1669 1585 passus
1713 1520 1800 1567 est

156 1601 656 1670 propterjusticiam,
704 1602 807 1655 hec
839 1619 950 1672 que
985 1602 1134 1656 dicta
1172 1608 1309 1656 sunt
1338 1619 1396 1655 se
1430 1603 1634 1671 legisse
1665 1620 1796 1657 con-

154 1695 328 1741 stanter
376 1690 701 1756 affirmavit,
729 1696 785 1743 et
824 1692 882 1743 iu
932 1692 1166 1744 ecclesia
1199 1676 1655 1761 Bahenbergensi
1689 1709 1797 1762 po-

156 1776 262 1827 situs
290 1778 470 1829 multis
531 1778 894 1831 audientibus
936 1780 1236 1845 euerravit,
1291 1797 1356 1832 ex
1388 1781 1597 1849 quibus
1648 1797 1798 1834 unus

160 1863 267 1915 mihi
296 1865 583 1917 familiaris
618 1871 673 1917 et
700 1866 819 1935 ipse.
849 1865 936 1918 vir
965 1867 1134 1934 plane
1164 1868 1448 1920 veridicus
1478 1867 1621 1920 mihi
1652 1868 1796 1921 ﬁde-

159 1952 564 2017 literintimavit,
616 1960 671 2006 et
718 1955 939 2007 valente
990 1970 1078 2007 me
1129 1955 1359 2007 silentio
1419 1956 1797 2025 supprimere,

156 2040 318 2092 obnixe
362 2042 585 2110 rogavit
615 2048 675 2095 ut
735 2042 1062 2095 scriberem.
1097 2043 1349 2096 Tandem
1414 2059 1520 2113 ego
1553 2045 1798 2113 petentis

154 2128 374 2180 instantia
404 2138 459 2181 et
507 2130 812 2183 sedulitate
862 2131 1150 2183 monentis
1202 2132 1491 2197 inductus,
1547 2133 1796 2186 fideliter

151 2218 429 2287 conscripsi,
464 2226 749 2288 quatenus
779 2220 881 2272 hec
914 2227 1255 2273 enarreutur
1293 2222 1351 2273 in
1408 2222 1684 2292 progenie
1709 2222 1797 2274 al-

150 2310 258 2356 tera.
301 2306 507 2359 Mallem
536 2323 784 2376 sompno
838 2325 964 2361 meo
1016 2310 1395 2378 requiescere,
1440 2326 1613 2380 quam
1666 2310 1797 2363 ficta

149 2393 212 2444 vel
239 2394 420 2447 frivola
448 2396 516 2448 de
548 2396 758 2448 sanctis
794 2397 888 2449 Dei
918 2397 1300 2463 conscribere,
1331 2397 1631 2466 presertim
1664 2414 1794 2451 cum

147 2497 257 2550 opus
283 2499 389 2536 non
420 2484 670 2538 habeant
693 2486 847 2538 falsis
873 2486 1139 2540 laudibus
1170 2487 1430 2552 exaltari,
1483 2488 1582 2557 qui
1613 2487 1794 2557 signis

146 2573 188 2619 et
227 2571 482 2640 prodigiis
534 2572 811 2626 divinitus
871 2590 1130 2627 meruere
1170 2575 1448 2628 decorari.
1510 2576 1623 2630 Hec
1684 2576 1792 2645 (67)

146 2658 427 2711 omittamus
461 2665 519 2712 et
554 2660 627 2713 ad
653 2660 946 2713 historiam
972 2662 1291 2714 redeamus.

197 2747 236 2797 3.
276 2747 501 2800 Predicti
532 2753 592 2801 et
622 2764 753 2818 sepe
785 2750 1009 2803 dicendi
1032 2750 1229 2803 fideles
1260 2750 1466 2803 Christi
1490 2750 1792 2804 unanimes

145 2832 425 2888 habitabant
482 2836 543 2888 in
577 2852 775 2905 regno,
818 2839 1027 2907 quibus
1056 2844 1172 2891 erat
1232 2854 1323 2891 cor
1349 2854 1476 2891 num
1527 2843 1577 2891 et
1606 2841 1793 2892 anima

144 2935 241 2986 una,
290 2929 340 2976 et
373 2930 536 2977 erant
587 2926 699 2977 duo
733 2942 846 2978 non
875 2932 991 2979 tam
1019 2926 1080 2978 in
1130 2942 1299 2978 carne
1345 2942 1459 2979 una
1506 2942 1679 2996 quam
1730 2928 1791 2980 in

144 3024 229 3060 uno
258 3014 463 3079 spiritu.
505 3014 643 3066 Erat
696 3014 849 3066 enim
881 3014 1096 3067 eisdem
1156 3014 1309 3067 idem
1350 3015 1494 3067 velle
1524 3020 1581 3067 et
1634 3015 1786 3068 idem
1820 3029 1859 3081 ρ

145 3097 277 3161 nolle,
305 3100 434 3152 adeo
466 3106 531 3153 ut
585 3101 854 3172 quicquid
923 3104 1195 3155 alteruter
1242 3102 1583 3170 inchoasset,
1645 3104 1788 3157 altre

145 3184 221 3236 hoc
268 3186 440 3256 ipsum
500 3189 784 3259 sagaciter
840 3206 1237 3243 consummare
1302 3195 1622 3260 satageret;
1686 3208 1788 3261 par

143 3274 258 3326 enim
291 3278 547 3331 voluntas
608 3286 730 3331 erat
761 3278 842 3331 eis
889 3279 955 3332 ad
989 3295 1157 3333 omne
1190 3279 1344 3349 quod
1390 3284 1511 3333 erat
1539 3280 1784 3347 virtutis,

143 3364 257 3428 quod
319 3367 562 3434 pietatis,
628 3367 777 3436 quod
842 3367 1157 3436 religionis.
1209 3367 1487 3438 Quicquid
1558 3372 1786 3422 acturus

144 3456 234 3501 erat
257 3451 577 3521 imperator,
613 3455 816 3508 dilecte
878 3472 977 3508 sue
1016 3455 1255 3508 consilio
1284 3454 1697 3521 committebat,
1732 3462 1787 3511 et

141 3538 363 3609 quicquid
408 3548 611 3611 egerat
663 3544 785 3613 ejus
844 3544 1205 3597 conniventia
1234 3545 1631 3598 conﬁrmabat.
1672 3547 1783 3598 Ita-

141 3641 220 3690 que
245 3645 355 3682 cum
391 3647 448 3684 se
479 3638 603 3685 tam
634 3639 831 3685 tenere
865 3639 1065 3685 mutuo
1115 3631 1425 3701 diligerent
1482 3637 1538 3684 et
1585 3638 1780 3687 tamen

138 3714 418 3783 virginalem
502 3720 923 3774 continentiam
1006 3726 1427 3785 conservarent,
1510 3721 1782 3792 spiritalis

140 3816 290 3857 eorum
318 3808 541 3862 dilectio
566 3808 672 3861 soli
705 3810 820 3862 Deo
869 3808 1117 3878 cognita,
1147 3809 1243 3862 sed
1277 3809 1611 3863 hominibus
1638 3827 1781 3880 pene

142 3887 378 3962 incognita
398 3904 537 3951 erat.
581 3898 882 3952 Enimvero
934 3898 1161 3951 invidus
1201 3898 1463 3952 omnium
1494 3898 1777 3952 bonorum

139 3977 345 4036 diabolus
394 4002 597 4039 eorum
629 3987 1025 4040 easfimoniam
1058 3987 1441 4053 considerans,
1474 3988 1681 4040 invidit
1727 3996 1782 4041 et

140 4065 420 4137 tabescebat,
453 4081 510 4128 et
540 4076 691 4128 sicut
740 4076 898 4129 faber
926 4076 1199 4129 ferrarius
1228 4092 1442 4145 prunas
1474 4076 1635 4145 operi
1677 4093 1779 4129 suo

142 4161 426 4215 necessarias
457 4164 643 4233 magis
676 4171 732 4217 et
766 4164 948 4233 magis
988 4165 1130 4217 solet
1180 4164 1543 4230 succendere,
1578 4164 1655 4217 sic
1708 4164 1779 4218 ad

140 4241 379 4303 libidinem
398 4268 603 4305 eorum
615 4258 769 4305 casta
790 4257 1017 4322 pectora
1040 4269 1139 4305 sua
1162 4252 1527 4321 suggestione
1541 4252 1778 4305 Satanas

140 4335 373 4401 satagebat
391 4340 775 4394 inflammare.
801 4341 942 4395 Cum
969 4346 1161 4394 autem
1187 4340 1291 4393 hac
1310 4346 1427 4393 arte
1450 4340 1621 4393 nichil
1647 4357 1780 4410 pro-

139 4416 285 4475 ﬁceret
314 4425 399 4479 ille
448 4429 837 4495 milleartifex,
881 4445 1026 4498 quos
1057 4430 1125 4481 ad
1159 4428 1511 4498 peccandum
1566 4428 1779 4497 impel-

137 4503 221 4559 lere
244 4526 340 4565 non
374 4522 617 4584 poterat,
662 4517 770 4569 alia
799 4516 1107 4570 calliditate
1140 4517 1453 4570 conabatur
1504 4517 1780 4585 supplan-

140 4597 243 4648 tare.
288 4601 471 4672 Itaque
519 4604 890 4674 permittente
948 4607 1084 4666 Deo,
1147 4604 1246 4674 qui
1302 4621 1437 4657 suos
1497 4604 1779 4674 permittit

136 4686 317 4747 Probari
366 4693 864 4763 temptationibus,
910 4709 1025 4747 non
1058 4692 1374 4763 reprobari,
1430 4693 1622 4745 beatos
1652 4709 1775 4746 con-

130 4766 273 4837 iuges,
300 4777 389 4829 sed
438 4780 695 4849 virgines
750 4782 856 4834 hac
902 4789 1025 4834 arte
1084 4781 1323 4834 molitus
1355 4787 1439 4833 est
1471 4780 1770 4835 infamare.

133 4853 333 4916 Quadam
377 4866 466 4920 die
526 4868 588 4921 in
620 4873 743 4922 ortu
804 4869 1088 4939 surgentis
1139 4885 1367 4933 aurore,
1429 4884 1557 4921 cum
1609 4869 1777 4922 beata

137 4942 440 5018 Cunegundis
470 4956 540 5009 de
573 4957 740 5010 thoro
774 4962 1033 5028 surgeret
1062 4957 1451 5021 immaculato,
1481 4956 1576 5009 ille
1617 4956 1772 5009 calli-

138 5030 345 5093 dissimus
373 5050 668 5113 assumpta
715 5046 900 5099 forma
933 5045 1127 5098 militis
1158 5045 1227 5098 de
1280 5044 1543 5097 cubiculo
1573 5043 1772 5113 regine

143 5119 248 5175 ’ἱεῢὸ
289 5134 364 5181 est
416 5135 603 5199 exire;
647 5150 821 5204 quem
870 5139 1167 5203 presentes
1212 5132 1592 5203 imperatricis
1644 5148 1769 5185 ver-

142 5211 233 5264 nale
263 5226 545 5274 cernentes
565 5228 621 5273 et
650 5238 782 5275 eum
804 5239 934 5276 cum
961 5222 1127 5276 beata
1153 5221 1505 5291 Cunegunde
1533 5221 1771 5273 cubasse

144 5302 445 5373 mspicautes,
488 5308 872 5375 mirabantur,
905 5310 1041 5380 quia
1088 5325 1406 5379 numquam
1438 5307 1769 5378 hujusmodi

1830 1742 1868 1794 Β

1813 4299 1853 4351 D

184 5422 276 5500 (67)
313 5430 431 5502 Ηεεε
460 5432 530 5485 de
554 5436 672 5486 tam
703 5432 953 5502 glorioso
984 5433 1260 5487 miraculo
1289 5432 1437 5485 dicta
1461 5431 1766 5485 sufficiant.

145 5486 488 5574 Eliinjevideus
530 5486 886 5574 hujusvsigni
918 5504 1311 5557 testimonium
1338 5502 1538 5574 ipsius
1587 5504 1768 5555 sancti

145 5559 311 5622 Βρυτίςὶ
342 5573 525 5642 imago
588 5559 716 5627 a'nte
742 5559 979 5645 jahuam
1015 5573 1350 5628 monasterii
1382 5559 1458 5626 ad
1501 5573 1765 5627 dextrum

1408 334 1600 390 ACTA.
1640 362 1713 377 —
1748 330 2317 391 ADDITAMENTUM.

3513 343 3613 401 194

1910 474 2098 512 sermo
2120 457 2188 512 de
2219 473 2286 512 ea
2316 456 2500 511 fuerat
2532 454 2789 526 auditus;
2836 461 2892 513 et
2922 474 3122 515 omnes
3164 460 3406 518 invicem
3439 480 3612 535 super

1912 546 2019 599 hoc
2081 546 2228 599 facto
2293 546 2660 611 musitabant,
2718 547 2979 617 quisdam
3012 562 3177 619 super
3227 550 3332 604 hac
3375 552 3613 607 infamia

1911 633 2372 700 condolentibus,
2405 634 2533 686 aliis
2576 640 2769 688 autem
2803 652 2927 689 eam
2966 639 3217 707 maligne
3250 640 3606 695 rodentibus.

1912 724 2009 777 Ille
2042 738 2174 775 vero
2207 722 2571 775 milleartifex
2610 740 2726 777 non
2785 731 3084 779 contentus
3137 726 3243 779 hac
3298 727 3418 780 sola
3466 728 3608 793 vice,

1909 810 2174 881 sequenti
2204 811 2318 875 die,
2362 810 2459 864 sed
2492 817 2548 863 et
2578 813 2747 865 tertia
2775 814 2889 878 die,
2922 816 3104 867 multo
3136 814 3400 884 pluribus
3431 832 3605 886 quam

1907 900 2097 969 prima
2142 898 2232 952 die
2288 899 2673 963 cernentibus,
2730 901 2799 954 de
2830 902 3080 956 thalamo
3132 909 3389 957 matrone
3434 905 3607 974 pudi-

1907 987 2129 1041 cissime
2157 1004 2215 1039 se
2255 987 2561 1041 simulabat
2587 988 2761 1054 exire,
2795 995 2852 1043 et
2905 992 3051 1044 miro
3096 991 3266 1044 modo
3322 994 3604 1062 presenti-

1908 1075 2015 1128 bus
2044 1074 2344 1128 videbatur
2392 1076 2546 1145 quod
2600 1092 2731 1130 eum
2763 1083 3163 1147 agnoscerent,
3216 1094 3347 1132 cum
3412 1085 3605 1133 tamen

1908 1164 2037 1234 quis
2061 1170 2207 1218 esset
2236 1163 2519 1233 ignorent,

2094 1268 2369 1331 Extemplo
2404 1269 2611 1333 patulas
2634 1270 2817 1332 populi
2847 1272 3083 1333 pervenit
3114 1271 3177 1319 ad
3204 1285 3358 1320 aures

2092 1340 2257 1388 Velox
2288 1340 2444 1397 fama,
2477 1339 2677 1387 malum
2714 1353 2817 1401 qua
2840 1354 2948 1388 non
2982 1341 3216 1389 velocius
3246 1342 3434 1390 ullum.

2746 1412 2890 1459 Viae.
2927 1412 3041 1459 [ΕΩ.
3075 1426 3143 1468 iv,
3170 1415 3278 1469 1⁸14,
3308 1416 3417 1461 1Ἰ5.

1910 1516 2120 1569 Exinde
2170 1516 2275 1569 viri
2332 1533 2460 1569 cum
2492 1517 2854 1582 mulieribus,
2883 1534 3047 1570 senes
3076 1533 3206 1571 cum
3254 1518 3602 1587 junioribus,

1907 1604 2098 1673 pusilli
2155 1621 2282 1657 cum
2318 1604 2630 1673 majoribus
2683 1605 3031 1675 imperatrici
3060 1606 3308 1675 gloriose
3333 1606 3604 1658 detrahe-

1911 1695 2077 1757 bant;
2108 1698 2163 1744 et
2192 1694 2337 1745 facta
2376 1698 2459 1745 est
2484 1692 2676 1745 fabula
2719 1694 3009 1759 omnibus,
3071 1693 3415 1763 quibusdam
3475 1694 3603 1764 qui-

1912 1778 2040 1831 dem
2067 1794 2170 1848 pro
2200 1796 2267 1831 ea
2325 1780 2696 1833 vehementer
2748 1780 3074 1833 dolentibus
3132 1787 3365 1851 propter
3416 1782 3602 1834 varias

1910 1867 2144 1920 virtutes
2199 1867 2342 1936 ejus,
2391 1869 2735 1937 quibusdam
2782 1885 2915 1922 vero
2966 1870 3214 1936 maligne
3251 1870 3603 1923 detrahenti-

1910 1956 2045 2021 bus;
2079 1961 2136 2009 et
2163 1971 2195 2008 a
2227 1956 2422 2008 multis
2452 1957 2827 2025 obprobrium
2882 1959 3153 2011 sustinuit
3195 1963 3251 2011 et
3301 1964 3603 2011 contume—

1911 2044 2070 2112 liam,
2123 2040 2341 2114 quibus‘
2386 2060 2704 2115 numquam
2766 2046 2889 2114 ipsa
2936 2046 3212 2099 intulerat
3255 2048 3597 2100 molestiam.

1910 2133 2040 2185 Erat
2068 2139 2259 2185 autem
2310 2149 2408 2185 cor
2461 2133 2585 2202 ejus
2632 2134 2846 2186 habens
2888 2134 2945 2185 in
3010 2135 3252 2188 Domino
3310 2135 3603 2202 fiduciam,

1908 2219 2043 2291 quia
2099 2237 2259 2274 suam
2312 2222 2525 2274 sciebat
2583 2221 2995 2274 innocentiam.
3082 2222 3331 2275 Providit
3409 2228 3602 2277 tamen

1906 2307 2012 2360 sibi
2065 2323 2375 2376 gravamen
2402 2314 2458 2361 et
2483 2309 2737 2362 laborem
2766 2309 3088 2375 imminere,
3124 2315 3179 2362 et
3210 2310 3339 2362 licet
3366 2311 3603 2363 haberet

1905 2395 2238 2449 thesaurum
2284 2398 2431 2450 bone
2476 2398 2847 2465 conscientia,
2909 2405 3104 2451 tamen
3152 2414 3183 2451 a
3232 2398 3483 2451 lacrimis
3538 2416 3597 2453 se

1904 2500 2021 2538 non
2054 2490 2279 2554 poterat
2317 2485 2634 2551 abstinere;
2689 2487 2779 2538 cui
2831 2486 2968 2539 boni
3021 2486 3256 2557 quique,
3292 2491 3353 2539 ut
3383 2488 3599 2541 dictum

1904 2578 2006 2639 est,
2058 2573 2420 2635 condoluere,
2472 2574 2728 2626 malivoli
2781 2590 2912 2627 vero
2971 2579 3027 2626 et
3086 2574 3330 2627 maxime
3385 2574 3598 2629 nefarie

1905 2661 2261 2728 muliercule,
2306 2661 2468 2729 quasi
2496 2677 2627 2713 suas
2673 2660 2960 2730 nequitias
2983 2676 3085 2730 per
3136 2677 3260 2713 eam
3287 2661 3597 2727 obtectare,

1903 2748 2282 2801 detrahebant
2322 2749 2373 2800 ei
2436 2748 2688 2802 dicentes
2754 2764 2766 2800 :
2828 2751 2977 2814 Ecce,
3041 2754 3246 2816 quanta
3303 2750 3602 2803 calliditate

1902 2836 2157 2890 hactenus
2207 2837 2306 2889 hac
2352 2840 2527 2905 specie
2584 2839 2934 2890 sanctimonie
2988 2853 3143 2890 suam
3207 2838 3600 2906 turpitudinem

1896 2925 2175 2992 palliavit.
2235 2925 2328 2978 His
2360 2930 2418 2978 et
2463 2926 2808 2994 thujmmodi
2892 2927 3255 2978 contumeliis
3308 2927 3600 2979 innocenti

1902 3012 2351 3075 detrahentibus,
2385 3028 2525 3065 aura
2574 3012 2793 3065 sinistri
2825 3014 3073 3065 rumoris
3140 3030 3306 3067 aures
3351 3014 3599 3083 impera-

1897 3099 2038 3152 toris
2068 3100 2264 3169 procul
2294 3100 2462 3169 positi
2489 3100 2809 3169 percelluit,
2839 3101 3000 3169 cujus
3040 3100 3210 3155 etiam
3241 3119 3337 3154 cor
3378 3102 3436 3154 in
3468 3103 3596 3171 ipso

1894 3187 2260 3252 contremuit,
2293 3194 2348 3240 et
2376 3187 2552 3241 tristis
2586 3188 2829 3241 nimium
2854 3188 3042 3259 inquit
3076 3206 3088 3243 :
3122 3190 3303 3255 Absit,
3334 3193 3580 3258 inquam,

1896 3279 2041 3329 absit
2062 3278 2153 3329 hec
2183 3278 2454 3344 iniquitas
2493 3292 2527 3329 a
2578 3278 2804 3346 conjuge
2831 3294 2948 3331 mea
3006 3278 3388 3343 dilectissimo;
3412 3278 3593 3349 siqui-

1895 3365 2028 3418 dem
2061 3364 2235 3418 nichil
2289 3364 2586 3419 sinistrum
2636 3366 2704 3419 de
2738 3366 2946 3419 dilecta
2999 3366 3107 3419 sibi
3166 3367 3592 3437 suspicabatur,

1894 3454 2031 3524 quia
2059 3458 2180 3507 tam
2211 3454 2462 3507 sobriam
2494 3461 2551 3507 et
2577 3460 2694 3507 tam
2725 3454 2994 3523 pudicam
3026 3454 3302 3507 feminam
3329 3470 3388 3507 se
3416 3470 3585 3508 num-

1892 3559 2068 3613 quam
2099 3542 2431 3612 cognovisse
2463 3543 2765 3596 fatebatur.
2813 3544 3066 3597 Tandem
3100 3543 3228 3596 aIiis
3258 3549 3430 3613 atque
3463 3544 3591 3597 aliis

1892 3633 2138 3685 eundem
2158 3646 2482 3685 sermonem
2504 3632 3000 3695 conﬁrmantibus,
3030 3630 3151 3701 ipse
3175 3630 3453 3684 nimirum
3478 3648 3594 3685 cre-

1891 3720 2079 3786 dulus,
2104 3723 2283 3772 tactus
2313 3724 2395 3772 est
2420 3720 2614 3772 dolore
2637 3719 2820 3772 cordis
2845 3719 3208 3786 intrinsecus,
3238 3725 3293 3773 et
3317 3721 3517 3773 statuit
3534 3721 3593 3773 in

1890 3808 2057 3862 corde
2088 3824 2189 3861 suo
2224 3813 2303 3871 ut,
2333 3808 2705 3877 quoadusque
2736 3807 2969 3872 viveret,
3002 3823 3318 3877 numquam
3354 3808 3591 3861 ulterius

1889 3912 2012 3950 eam
2045 3896 2282 3949 videret.
2307 3896 2525 3948 Interea
2546 3894 2814 3963 negociis,
2848 3911 2950 3965 pro
2976 3894 3186 3964 quibus
3212 3896 3445 3959 exierat,
3481 3896 3590 3947 im-

1888 3990 2118 4053 perator
2156 3984 2300 4037 bene
2332 3982 2640 4052 dispositis,
2704 3982 3035 4051 Bnbenberg
3088 3987 3172 4033 est
3236 3996 3494 4034 reversus
3533 3982 3589 4034 in

1890 4078 2080 4126 mente
2111 4071 2364 4142 lugubri,
2388 4077 2443 4124 et
2472 4070 2775 4140 conjugem
2806 4071 2944 4123 olim
2978 4069 3085 4122 sibi
3113 4069 3378 4123 dilectam
3432 4086 3588 4122 more

1889 4161 2053 4214 solito
2066 4161 2313 4214 salutare
2336 4160 2608 4230 neglexit.
2636 4161 2829 4229 Itaque
2860 4159 3114 4228 prudens
3138 4158 3471 4228 imperatrix
3495 4174 3589 4226 pa-

1892 4249 2371 4303 tenterintellexit
2392 4248 2543 4318 apud
2562 4248 2895 4302 auresillius
2909 4263 3031 4299 sese
3058 4246 3408 4301 diffamatam
3433 4262 3579 4311 esse;

1894 4344 2247 4408 quapropter
2281 4337 2475 4390 anima
2496 4339 2620 4406 ejus
2648 4337 2877 4389 turbata
2896 4336 3180 4403 estvalde,
3205 4340 3261 4389 et
3287 4335 3589 4388 vulnerata

1893 4428 2128 4480 caritate
2188 4426 2455 4479 dilectum
2484 4441 2674 4490 suum,
2740 4425 3003 4495 quamvis
3064 4426 3186 4477 sine
3253 4440 3425 4477 causa
3481 4424 3588 4477 sibi

1893 4515 2201 4580 offensum,
2234 4514 2458 4567 ardenti
2512 4513 2793 4566 desiderio
2825 4513 3015 4566 videre
3047 4512 3428 4565 desiderabat.
3477 4513 3588 4581 Igi-

1892 4608 1985 4656 tur
2041 4607 2263 4673 captata
2315 4601 2766 4672 opportunitate,
2801 4602 3035 4654 accessit
3096 4601 3164 4654 ad
3222 4617 3353 4654 eum
3416 4602 3585 4671 plena

1891 4690 2124 4743 caritate
2175 4696 2232 4743 et
2315 4689 2644 4752 dilectione,
2697 4702 2869 4758 quem
2927 4688 3099 4741 etiam
3174 4688 3586 4758 benignissime

1891 4778 2141 4848 suscepit
2182 4783 2239 4831 et
2275 4777 2744 4832 affectuosissime
2804 4778 3093 4830 salutavit.
3137 4778 3235 4830 Ille
3283 4793 3415 4828 vero
3456 4792 3581 4829 eam

1891 4882 2008 4920 non
2038 4866 2351 4919 resalutare
2399 4864 2764 4934 dignabatur,
2798 4881 2902 4919 nec
2928 4867 3126 4918 saltem
3159 4864 3466 4933 respicere.
3510 4864 3585 4916 At

1891 4955 1989 5007 illa
2018 4952 2319 5007 mitissima
2351 4953 2634 5005 offensum
2692 4953 2799 5006 sibi
2850 4953 3075 5022 placare
3132 4952 3388 5021 cupiens,
3442 4951 3584 5003 dixit

1886 5058 2023 5096 voce
2075 5038 2462 5096 lacrimabili:
2511 5042 2736 5095 Domine
2790 5044 2867 5095 mi
2931 5041 3452 5104 desiderantissime,
3480 5054 3575 5091 cur

1886 5132 2021 5185 mihi
2044 5146 2150 5184 non
2170 5131 2404 5198 loqueris
2422 5136 2445 5181 ?
2474 5134 2535 5182 ut
2567 5130 2703 5197 quid
2729 5132 2931 5183 avertis
2960 5131 3158 5194 faciem
3189 5133 3338 5179 tuam
3377 5143 3411 5179 a
3452 5142 3534 5180 me
3553 5128 3581 5182 ἲ)

1886 5220 1987 5273 Ille
2011 5218 2257 5272 demisso
2282 5218 2442 5271 vultu
2483 5218 2824 5287 respondit:
2874 5219 2993 5273 Non
3032 5220 3241 5284 oportet
3288 5232 3370 5269 me
3419 5231 3583 5284 super

1887 5308 1986 5360 hac
2008 5322 2065 5359 re
2096 5305 2414 5374 respondere
2443 5306 2547 5359 tibi
2570 5325 2585 5372 ;
2614 5320 2829 5358 recurre
2857 5304 2930 5357 ad
2972 5305 3352 5357 conscientiam
3408 5308 3577 5371 tuam,

1884 5430 2033 5484 latus
2068 5445 2242 5498 penes
2276 5428 2513 5482 chorum
2541 5428 2720 5481 saneti
2743 5426 2971 5496 Georgii
3003 5441 3256 5498 er........
3292 5427 3430 5497 pillo
3462 5443 3578 5479 uno

1884 5497 2180 5570 supposito
2214 5516 2283 5553 ex
2313 5500 2575 5570 opposito
2607 5498 2929 5566 imaginum
2979 5497 3110 5550 Adae
3150 5503 3206 5550 et
3235 5498 3362 5550 Evaa
3392 5498 3579 5551 lucide

1883 5574 2140 5641 apparet.
2176 5571 2369 5624 Gnms.
