4016 6202
471 340 570 391 195

1342 333 1396 384 S.
1443 329 1735 387 HENRICI
1773 315 2242 384 IMPERATORIS
2276 321 2474 381 ACTA.
2516 355 2585 364 —
2625 323 3105 380 ADDIMENTUM.

3862 331 3939 381 l9r$

467 466 516 516 et
536 461 774 514 invenies
803 458 1114 527 oﬂ‘msionis
1143 472 1252 510 mee
1280 471 1515 510 causam.
1545 457 1613 508 At
1669 453 1775 508 alla
1828 450 2172 506 tiducialiter
2207 451 2252 504 Α
2282 451 2567 503 serenitati
2608 453 2780 503 vestre
2827 450 3118 502 immensus
3168 449 3349 514 refero
3397 449 3638 514 gratias.
3668 450 3792 516 quia
3831 451 3945 504 mihi

471 548 826 620 respondens
857 547 938 600 ait
973 563 985 600 :
1015 546 1350 602 Conscientia
1388 560 1505 597 mea
1534 541 1739 595 munda
1785 545 1884 605 est,
1932 544 1982 593 et
2038 554 2169 592 con-

471 639 615 692 scius
649 651 794 691 meus
822 638 881 688 in
911 635 1114 688 excelso
1168 635 1300 702 quia
1327 634 1490 701 plane
1517 636 1594 684 est
1634 631 1783 684 testis
1841 630 1999 691 mihi,
2037 629 2170 695 quia

469 728 690 792 facinus
745 725 842 780 hoc
868 726 1179 792 pessimum,
1211 721 1356 790 quod
1393 719 1650 790 objicitur
1687 719 1822 772 mihi
1873 731 2168 784 numquam

467 814 807 882 perpetravi.
871 813 1093 867 Obsecro
1146 815 1215 873 te,
1253 810 1480 862 Domine
1529 811 1607 861 mi
1661 823 1781 871 rex,
1841 812 1904 860 ut
1931 806 2170 859 viritim-

473 915 632 966 agere
691 904 742 953 et
792 901 1116 968 patientiam
1193 899 1253 950 in
1304 911 1385 948 me
1442 895 1709 961 digneris.
1793 895 1972 948 Honor
2039 893 2168 959 qui-

474 988 594 1042 dem
651 991 815 1042 totius
867 989 1084 1056 imperii
1131 1001 1235 1054 per
1272 1000 1358 1040 me
1392 983 1611 1038 videtur
1656 984 1996 1047 imminutus,
2075 978 2170 1032 sed

471 1078 678 1131 volente
716 1081 820 1132 Deo
876 1078 1196 1145 quantocius
1246 1091 1346 1144 per
1398 1090 1483 1127 me
1544 1071 1960 1140 reformabitur;
2023 1069 2170 1139 quod

475 1166 711 1234 qualiter
781 1167 904 1234 ﬁeri
953 1166 1146 1234 possit,
1179 1166 1229 1218 si
1282 1165 1355 1217 sit
1393 1179 1510 1216 eum
1572 1162 1900 1230 beneplacito
1971 1164 2165 1224 vestro,

474 1253 706 1307 breviter
755 1255 996 1306 insinuo.
1031 1253 1126 1307 His
1189 1250 1423 1314 auditis,
1475 1250 1790 1319 imperator
1843 1249 2167 1319 aliquantu-

473 1341 596 1395 lum
655 1341 976 1410 mitigatus,
1005 1347 1140 1393 tunc
1195 1339 1428 1392 demum
1464 1337 1721 1408 percepit
1749 1352 1874 1390 eam
1921 1337 2169 1390 residere

470 1433 529 1483 et
557 1430 804 1500 qualiter
849 1427 954 1482 hec
1008 1427 1132 1481 ﬂeri
1162 1429 1398 1497 possent
1436 1425 1680 1478 edicere.
1715 1425 1798 1478 Ad
1869 1424 1972 1477 hec
2019 1424 2116 1478 illa
2153 1441 2165 1478 :

473 1519 754 1585 Majestas,
790 1515 981 1585 inquit
1026 1519 1226 1577 vestra,
1283 1513 1514 1577 domine,
1560 1513 1837 1580 principes
1889 1512 2168 1564 universos

475 1611 586 1657 tam
628 1605 904 1671 episcopos
936 1617 1100 1670 quam
1143 1601 1308 1653 laicos
1363 1599 1438 1652 ad
1486 1603 1689 1652 curtem
1719 1599 1923 1664 regiam
1981 1613 2164 1651 conve-

471 1692 589 1742 nire
604 1689 814 1756 jubeat,
849 1693 900 1741 et
931 1686 1270 1756 presentibus
1299 1685 1542 1738 omnibus
1601 1699 1766 1736 causa
1805 1684 1871 1736 de
1903 1699 2012 1750 qua
2046 1686 2166 1749 agi-

475 1781 566 1830 tur
613 1775 802 1830 ordine
823 1773 1127 1843 judiciario
1155 1774 1460 1835 ventiletur,
1494 1777 1544 1825 et
1599 1771 1874 1840 quidquid
1905 1774 2014 1840 ipsi
2040 1786 2173 1837 sug-

473 1867 738 1931 gesserint
766 1865 916 1918 salvo
971 1864 1166 1916 honore
1199 1867 1372 1915 vestro
1427 1863 1549 1929 fieri
1605 1863 1823 1929 poterit.
1870 1861 2040 1930 Spero
2071 1877 2172 1914 au-

478 1961 581 2007 tem
622 1953 687 2006 de
732 1952 923 2005 divina
952 1949 1346 2016 misericordia,
1377 1949 1522 2018 quod
1549 1950 1752 2017 eripiat
1781 1962 1877 2002 nos
1908 1950 2018 2002 luto
2039 1950 2173 2015 fecis

383 2075 402 2090 ..
476 2041 642 2108 hujus
676 2046 724 2094 et
761 2041 998 2094 miseria.
1031 2040 1169 2093 Cum
1203 2039 1306 2091 hec
1335 2038 1504 2091 verba
1553 2036 1856 2107 prudentis
1924 2037 2170 2107 impera-

474 2129 632 2185 tricis
672 2129 888 2198 optime
925 2126 1216 2196 placerent
1274 2125 1331 2178 in
1389 2129 1700 2194 conspectu
1751 2124 2047 2195 principis,
2101 2123 2169 2178 ad

473 2218 654 2287 ipsius
703 2215 1011 2285 imperium
1062 2213 1350 2284 principes
1387 2219 1781 2268 convenerunt
1840 2213 1901 2267 in
1967 2229 2168 2267 unum.

477 2305 696 2371 Quibus
727 2320 856 2358 cum
898 2303 1244 2374 imperatore
1302 2302 1634 2357 sedentibus
1689 2302 1747 2356 in
1802 2301 2040 2371 judicio,
2085 2303 2173 2356 in-

472 2394 643 2448 travit
704 2391 1042 2462 imperatrix
1075 2391 1482 2461 imperterrita,
1538 2395 1593 2444 et
1621 2407 1782 2445 secus
1815 2390 1990 2461 pedes
2035 2392 2170 2445 olim

475 2481 664 2538 dilecti
707 2481 795 2534 sui
826 2479 1057 2545 resedit,
1113 2479 1278 2550 nigra
1303 2484 1360 2532 et
1390 2479 1640 2532 formosa
1687 2479 1806 2532 ﬁlia
1834 2480 2169 2542 Jerusalem.

475 2571 641 2642 nigra
693 2585 795 2640 per
842 2568 1161 2633 infamiam,
1219 2568 1472 2621 formosa
1509 2583 1615 2637 per
1668 2567 2076 2632 innocentiam,
2118 2574 2176 2622 et

472 2676 577 2732 per
626 2659 734 2713 hoc
785 2673 982 2712 revera
1027 2655 1142 2710 ﬁlia
1176 2656 1516 2723 Jerusalem,
1552 2671 1664 2727 que
1722 2661 1905 2710 semet
1965 2655 2170 2727 ipsam,

472 2745 572 2800 sed
611 2749 668 2800 et
715 2761 965 2809 causam,
998 2760 1159 2798 suam
1193 2743 1385 2798 divine
1405 2743 1827 2798 commendavit
1868 2745 2172 2814 providen-

470 2835 569 2888 tie.
633 2835 789 2888 Tunc
844 2833 1194 2905 proloquens
1248 2849 1347 2886 rex
1407 2849 1544 2887 voce
1598 2833 1934 2888 lacrimabili
2026 2834 2176 2888 dixit

470 2923 830 2994 principibus
888 2921 1168 2975 universis
1203 2938 1216 2975 :
1251 2921 1293 2976 0
1337 2921 1523 2975 dilecti
1567 2924 1673 2975 mei
1734 2924 2013 2990 principes
2055 2923 2172 2988 glo-

2279 537 2552 608 parcendo
2591 552 2810 603 gravem
2856 541 2916 590 in
2968 553 3051 590 me
3079 539 3226 603 ferre
3254 540 3576 591 sententiam
3607 537 3772 589 noluit
3797 546 3947 592 vestra

2277 626 2656 680 mansuetudo.
2721 626 2814 680 His
2879 625 3066 690 dictis,
3119 625 3349 680 resedit.
3429 626 3608 679 Porro
3695 634 3951 694 presentes

2279 731 2499 775 omnes.
2541 715 2628 769 his
2663 713 2895 778 auditis,
2962 713 3031 768 ad
3083 714 3328 767 invicem
3383 712 3756 767 conferebant
3792 715 3953 769 dicen-

2281 811 2400 858 tes:
2431 803 2588 868 Quod
2633 805 2684 856 si
2728 804 3032 871 perpetrati
3078 803 3292 855 sceleris
3357 802 3690 855 conscientia
3741 807 3952 854 nostram

2278 892 2592 945 stimularet
2632 889 2928 954 dominam,
2958 905 3305 959 nequaquam
3348 889 3570 944 sibimet
3602 890 3949 955 gravissimum

2279 980 2373 1034 hoc
2397 994 2618 1032 examen
2675 983 3015 1047 proponeret,
3072 981 3233 1031 immo
3283 981 3447 1031 etiam
3499 977 3570 1028 ab
3611 977 3735 1030 aliis
3779 993 3949 1046 propo-

2277 1071 2444 1122 situm
2471 1068 2792 1136 repulsaret.
2829 1067 3064 1137 Interea
3083 1082 3344 1120 vomeres
3388 1065 3764 1119 vehementer
3814 1065 3948 1133 igniti

2277 1156 2337 1210 in
2366 1171 2540 1209 unam
2573 1154 2746 1208 delati
2777 1158 2912 1208 sunt
2963 1154 3278 1221 basilicam,
3311 1154 3370 1207 in
3423 1170 3545 1224 qua
3575 1153 3740 1207 beata
3790 1154 3947 1207 Cunc-

2279 1244 2489 1314 gundis
2521 1259 2554 1297 a
2586 1243 2811 1297 duobus
2843 1242 3132 1314 episcopis
3171 1241 3538 1313 dignioribus
3581 1241 3728 1295 sicut
3752 1242 3857 1295 ovis
3890 1245 3943 1295 ad

2281 1333 2566 1387 victimam
2610 1331 2943 1399 ducebatur,
2976 1347 3148 1401 quam
3183 1331 3391 1385 Christi
3421 1331 3716 1384 confessor
3742 1335 3793 1382 et
3810 1333 3946 1382 vesti-

2279 1421 2376 1492 gio
2410 1421 2773 1492 sequebatur.
2823 1420 2930 1485 Qui
2957 1420 3154 1474 videns
3185 1435 3442 1472 vomeres
3499 1418 3780 1472 scintillas
3826 1419 3944 1487 ignis.

2281 1516 2642 1581 vaporantes,
2663 1510 2720 1562 in
2745 1509 2828 1562 ira
2854 1508 3244 1562 misericordie
3262 1524 3502 1567 memor.
3538 1523 3778 1570 memor,
3808 1510 3944 1560 etiam

2280 1598 2512 1668 pristini
2576 1597 2789 1651 amoris
2828 1597 2967 1651 dixit
3003 1597 3072 1651 ad
3117 1612 3288 1650 eam:
3344 1596 3588 1661 Quiesce,
3639 1595 3845 1647 domina
3891 1599 3947 1647 mi

2283 1688 2684 1749 amantissima,
2743 1690 2951 1754 quiesce
3033 1687 3172 1738 mihi
3213 1684 3751 1749 desiderantissima,
3799 1700 3942 1753 parce,

2285 1790 2467 1845 queso,
2490 1775 2696 1827 tibimet
2726 1776 2855 1842 ipsi,
2882 1779 2934 1827 et
2965 1789 3032 1827 ne
3060 1775 3234 1828 intres
3281 1775 3338 1825 in
3363 1772 3651 1840 judicium
3711 1772 3814 1836 hoc,
3845 1771 3946 1823 hor-

2281 1865 2443 1918 ribile
2503 1865 2667 1917 etiam
2715 1862 2789 1916 ad
2825 1862 3192 1928 audiendum;
3240 1861 3396 1917 credo
3435 1860 3583 1914 enim
3625 1867 3676 1914 te
3703 1862 3942 1912 immunem

2281 1968 2393 2007 esse
2421 1952 2489 2006 ab
2520 1954 2668 2005 omni
2695 1953 2937 2005 crimine.
2964 1951 3064 2004 Illa
3094 1967 3298 2006 sereno
3329 1951 3487 2004 vultu
3535 1949 3826 2020 respondit
3875 1950 3942 2000 ei:

2284 2041 2438 2108 Quod
2474 2042 2525 2094 si
2563 2040 2715 2094 vobis
2764 2041 2902 2094 mihi
2945 2040 3295 2109 parcentibus
3357 2039 3433 2093 ad
3487 2052 3710 2108 presens
3770 2051 3943 2090 evasero

2277 2129 2570 2198 judicium,
2620 2128 2714 2182 sed
2763 2144 2868 2181 non
2925 2128 3176 2192 evadam,
3218 2127 3362 2196 quod
3417 2129 3681 2180 hactenus
3735 2127 3943 2177 innocens

2281 2220 2520 2272 sustinui
2557 2219 2873 2271 convicium.
2951 2217 3295 2285 Quapropter
3353 2230 3565 2269 necesse
3613 2219 3714 2281 est,
3781 2221 3834 2266 ut
3873 2213 3942 2264 hoc

2282 2307 2550 2370 examine,
2612 2306 2735 2359 licet
2776 2307 2848 2359 sit
2879 2305 3138 2370 terribile,
3180 2321 3264 2358 me
3301 2305 3589 2357 accelerem
3655 2317 3941 2371 expurgare.

2283 2400 2342 2448 ut
2363 2395 2470 2460 his,
2504 2395 2603 2462 qui
2630 2393 2887 2447 hactenus
2919 2395 3056 2446 mihi
3085 2393 3458 2457 detrahebant,
3507 2392 3633 2460 jam
3689 2391 3838 2444 detur
3859 2391 3946 2441 alia

2284 2483 2348 2536 de
2374 2480 2699 2548 Cunegunde
2739 2482 2993 2550 loquendi
3044 2483 3296 2535 materia.
3357 2480 3451 2533 llis
3509 2479 3698 2545 dictis,
3747 2478 3943 2532 ﬁducia-

2285 2571 2414 2626 liter
2468 2569 2723 2637 accessit,
2790 2574 2847 2623 et
2893 2570 3126 2624 elevatis
3188 2569 3366 2623 oculis
3410 2568 3466 2621 in
3501 2568 3712 2628 celum.
3789 2566 3942 2619 dixit:

2285 2661 2521 2726 Domine,
2578 2657 2801 2726 adiutor
2845 2664 2894 2712 et
2955 2664 3224 2728 protector
3285 2671 3430 2710 meus
3502 2672 3570 2709 ne
3638 2655 3946 2722 derelinquas

2281 2763 2390 2815 τηεὲ
2440 2746 2667 2812 festina,
2724 2747 2967 2814 Domine,
3015 2762 3082 2799 ne
3131 2745 3462 2805 tardaveris,
3523 2743 3622 2796 sed
3671 2745 3728 2794 in
3748 2742 3949 2810 presenti

2283 2835 2632 2890 tribulatione
2678 2835 2904 2887 subveni
2957 2836 3150 2888 ancille
3218 2839 3323 2886 tue.
3374 2834 3464 2898 Te,
3526 2831 3776 2892 Domine,
3821 2830 3946 2886 cuius

2283 2928 2450 2981 oculis
2479 2925 2631 2980 nuda
2657 2929 2708 2978 et
2739 2929 2930 2995 aperta
2981 2927 3109 2977 sunt
3161 2924 3363 2986 omnia,
3451 2924 3520 2984 te,
3573 2923 3816 2988 inquam,
3869 2918 3948 2969 De

474 3014 628 3078 riosi,
684 3013 873 3065 estimo
920 3010 1085 3079 plane
1137 3025 1480 3078 nequaquam
1545 3009 1882 3064 nobilitatem
1934 3015 2168 3064 vestram
2205 3012 2244 3066 C
2284 3017 2444 3083 mine,
2480 3021 2663 3070 testem
2712 3015 2868 3070 hodie
2912 3015 3116 3078 invoco,
3172 3015 3304 3081 quia
3352 3027 3445 3066 nec
3484 3011 3630 3063 hunc
3682 3011 3944 3078 presentem

473 3101 657 3163 latere,
682 3098 826 3168 quod
868 3113 967 3166 per
994 3097 1108 3151 dies
1163 3098 1373 3167 aliquot
1403 3099 1643 3152 sustinui
1705 3099 2072 3167 obprobrium,
2121 3107 2172 3155 et

473 3191 684 3258 operuit
723 3187 966 3251 confusio
1013 3187 1210 3251 faciem
1257 3201 1448 3253 meam,
1492 3191 1715 3255 propter
1762 3187 1907 3254 quod
1943 3193 2168 3256 potissi-

471 3293 618 3331 mum
673 3289 765 3330 vos
796 3276 1076 3328 convenire
1127 3274 1295 3339 volui,
1355 3276 1614 3342 quatinus
1659 3275 1726 3328 ab
1768 3277 2170 3333 imminentibus

471 3361 824 3417 incommodis
881 3365 1054 3414 vestre
1081 3360 1368 3430 prudentie
1424 3363 1646 3416 consilio
1679 3364 1888 3417 valeam
1940 3366 2166 3421 absolvi.

472 3451 622 3506 Nunc
643 3452 828 3517 itaque
857 3465 890 3502 a
922 3455 1108 3502 vestra
1139 3449 1421 3503 dilectione
1449 3452 1690 3518 requiro,
1721 3453 1938 3506 cuinam
1968 3459 2172 3508 senten-

474 3541 546 3592 tie
601 3543 853 3592 matrona
881 3537 1070 3591 debeat
1112 3537 1408 3606 subjacere,
1460 3555 1563 3607 que
1601 3543 1897 3609 contempto
1948 3543 2173 3610 conjuge

475 3628 710 3695 legitimo
758 3627 928 3680 alium
980 3627 1031 3678 ei
1084 3625 1441 3694 superducere
1492 3631 1902 3697 presumpserit.
1947 3630 2172 3687 Obsecro

472 3730 596 3782 ergo
626 3719 676 3769 et
703 3714 1028 3769 obscerando
1068 3717 1332 3784 precipio,
1365 3721 1424 3769 ut
1455 3714 1594 3782 leges
1649 3722 1699 3771 et
1729 3718 1940 3772 decreta
1991 3722 2171 3790 majo-

469 3819 593 3858 rum
642 3804 946 3868 recolentes,
1003 3807 1169 3872 prout
1209 3803 1433 3871 justitia
1489 3803 1795 3869 dictaverit,
1854 3811 2171 3863 sententiam

468 3892 791 3959 proferatis.
849 3891 943 3945 His
972 3891 1202 3957 auditis,
1257 3897 1372 3945 tam
1421 3892 1712 3964 principes
1763 3909 1937 3964 quam
1981 3897 2172 3950 omnis

470 3978 566 4033 illa
600 3979 898 4033 advocatio
944 3979 1208 4034 lacrimas
1238 3980 1552 4034 fundebant
1605 3982 1948 4049 uberrimas,
1982 3983 2168 4055 impe-

470 4067 667 4122 ratrici
720 4083 927 4138 penam
988 4073 1052 4122 ut
1105 4067 1385 4138 putabant
1433 4084 1672 4138 passure
1732 4072 2168 4142 compatientes,

471 4171 646 4227 quam
700 4156 974 4210 unimoda
1031 4155 1238 4210 virtute
1269 4156 1550 4226 preditam
1604 4173 1725 4212 esse
1754 4165 2061 4227 noverant;
2115 4166 2172 4215 et

468 4243 596 4298 ideo
649 4244 1031 4299 detrectantes
1093 4245 1151 4297 in
1211 4260 1337 4298 eam
1393 4245 1542 4299 ferre
1595 4247 1959 4315 sententiam,
1995 4249 2167 4303 variis

469 4331 774 4404 colloquiis
804 4337 1032 4404 tempus
1091 4331 1469 4386 redimebant.
1529 4333 1690 4397 Quod
1722 4334 1818 4388 illa
1849 4337 2166 4405 prudenter

472 4420 932 4476 animadvertens
972 4425 1028 4474 et
1056 4419 1305 4474 femineo
1372 4421 1590 4490 pectori
1641 4421 1865 4477 virilem
1905 4424 2166 4478 inserens

469 4509 754 4573 animum,
783 4523 1022 4578 surgens
1054 4513 1111 4561 et
1134 4511 1288 4560 stans
1317 4506 1375 4560 in
1404 4507 1617 4574 medio,
1673 4510 2029 4583 prestitoque
2059 4511 2166 4566 sibi

471 4596 724 4662 silentio,
777 4596 873 4650 sed
919 4601 974 4650 et
1022 4595 1288 4650 omnibus
1317 4595 1368 4649 ei
1422 4603 1749 4651 reverenter
1800 4601 2168 4655 auscultanti-

469 4687 577 4740 bus
627 4685 920 4754 eleganter
974 4683 1261 4756 allegabat
1306 4683 1502 4739 dicens
1562 4701 1577 4740 :
1627 4688 1974 4756 Oprincipes
2021 4692 2169 4744 omni

471 4777 667 4829 honore
695 4773 853 4839 digni
889 4777 938 4826 et
984 4773 1122 4826 mihi
1170 4771 1355 4827 dilecti
1383 4773 1504 4843 jam
1555 4773 1761 4828 dudum
1815 4777 1968 4830 vobis
2017 4793 2166 4832 com-

464 4863 675 4932 placuit
723 4862 1010 4922 universis,
1067 4863 1118 4913 et
1174 4859 1451 4916 dominum
1505 4863 1589 4915 vel
1643 4863 1922 4932 conjugem
1994 4880 2166 4919 meum

468 4952 720 5006 dilectum
756 4950 1112 5017 imperatoria
1140 4947 1410 5014 dignitate
1437 4950 1773 5005 sublimastis
1821 4959 1870 5006 et
1900 4967 1984 5007 me
2026 4968 2167 5021 par-—

469 5042 683 5109 ticipem
713 5038 872 5107 regni
918 5037 1035 5105 ejus
1071 5050 1185 5090 esse
1242 5039 1511 5103 voluistis,
1561 5045 1611 5092 et
1666 5045 1777 5094 tam
1834 5042 1930 5094 Dei
1982 5044 2168 5109 gratia

468 5143 631 5196 quam
669 5131 850 5182 vestra
907 5126 1287 5182 constitutione
1324 5129 1512 5180 ceteris
1571 5127 1876 5182 hominibus
1906 5132 2167 5197 prestan-

469 5217 630 5270 tiores
688 5231 800 5271 esse
870 5213 1214 5268 videbamur.
1270 5212 1412 5278 Quia
1489 5212 1664 5280 igitur
1744 5217 1886 5269 inter
1933 5215 2168 5282 feminas

463 5306 800 5374 prestantior
823 5318 934 5358 esse
970 5301 1178 5368 videor,
1221 5301 1318 5356 sed
1336 5303 1455 5371 jam
1493 5317 1635 5356 nunc
1685 5302 1751 5356 de
1792 5307 2024 5372 pessimo
2060 5306 2165 5357 cri-

466 5393 611 5445 mine
673 5395 908 5458 incusor,
957 5406 1163 5446 necesse
1210 5395 1288 5444 est
1354 5396 1415 5444 ut
1467 5405 1565 5459 per
1609 5390 1883 5459 judicium
1928 5391 2168 5446 durissi-

467 5493 635 5545 mum,
695 5479 898 5533 scilicet
945 5479 1228 5534 duodecim
1284 5478 1568 5534 candentes
1616 5494 1870 5546 vomeres,
1927 5481 1996 5534 ab
2069 5480 2170 5534 hac

469 5566 704 5630 infamia
753 5580 836 5620 me
884 5566 1428 5634 vobis-presentibus
1479 5580 1790 5633 expurgem.
1845 5566 1950 5619 Sed
2031 5571 2168 5622 enim

2198 4297 2241 4350 Ι)

2279 3104 2614 3168 Heinricum,
2662 3120 2757 3158 nec
2810 3116 3134 3172 quemquam
3164 3103 3343 3156 virum
3369 3104 3540 3156 alium
3594 3098 3802 3154 carnali
3831 3109 3941 3148 com-

2279 3194 2474 3246 mercio
2506 3195 2746 3260 cognovi.
2781 3191 2903 3254 Quo
2933 3189 3146 3255 audito,
3206 3205 3304 3244 rex
3350 3189 3674 3253 infremuit,
3715 3191 3767 3239 et
3790 3197 3938 3237 secre-

2237 3282 2402 3360 .tum
2454 3298 2621 3335 suum
2679 3279 2851 3334 celari
2879 3279 3136 3348 cupiens,
3185 3282 3242 3330 et
3298 3278 3426 3332 ideo
3483 3274 3770 3349 loquentis
3807 3269 3940 3340 oppi-

2281 3366 2397 3422 lare
2455 3375 2741 3440 satagens,
2785 3367 3056 3421 atrociter
3119 3367 3476 3436 compressit,
3537 3383 3604 3420 ex
3663 3379 3774 3434 quo
3822 3359 3939 3413 linea

2281 3457 2496 3526 copiosi
2548 3455 2847 3527 sanguinis
2896 3454 3145 3520 efﬂuxit;
3195 3471 3310 3524 quo
3363 3455 3504 3516 viso,
3543 3455 3845 3524 imperator
3867 3462 3938 3497 su-

2280 3543 2510 3598 bitanea
2540 3547 2746 3600 ductus
2793 3542 3134 3614 peuitentia,
3189 3541 3344 3596 ﬂevit
3399 3558 3619 3608 amare,
3683 3544 3736 3592 et
3786 3532 3938 3590 doluit

2282 3648 2456 3702 super
2485 3649 2633 3700 eam,
2669 3633 2811 3686 sicut
2851 3631 3034 3686 doleri
3076 3631 3216 3683 solet
3272 3630 3330 3684 in
3365 3634 3550 3684 morte
3586 3619 3936 3700 primogeniti.

2283 3721 2412 3775 Erat
2461 3722 2618 3776 enim
2647 3720 2946 3775 fasciculus
2981 3719 3154 3772 mirre
3198 3717 3405 3772 dilecta
3457 3733 3560 3772 sua
3611 3715 3737 3771 sibi.
3795 3709 3940 3780 Igitur

2280 3809 2404 3880 ipse
2431 3808 2795 3863 retrocedens
2834 3807 3047 3861 exitum
3080 3805 3164 3860 rei
3203 3806 3603 3876 gemebundus
3645 3795 3933 3873 expectavit.

2357 3895 2418 3949 In
2455 3895 2699 3949 Domino
2731 3909 2866 3946 vero
2906 3891 3102 3963 posuit
3131 3907 3291 3962 spem
3314 3897 3508 3945 sancta
3544 3892 3739 3960 virago

2351 3986 2534 4054 Atque
2576 3997 2724 4053 genu
2757 3981 2915 4035 ﬂexit
2944 3985 3326 4051 repetensque
3385 3995 3613 4050 precem
3648 3978 3739 4048 pia
3783 3970 3932 4028 dixit:

2353 4070 2496 4138 Rex,
2528 4071 2718 4138 opifex
2745 4067 2959 4135 mundi,
2984 4070 3071 4135 fer
3095 4083 3245 4136 opem
3274 4069 3465 4122 misere
3486 4063 3811 4133 Cunegundi.

2351 4159 2562 4212 Etcum
2608 4162 2900 4227 presentes
2922 4161 3236 4210 tremerent
3265 4155 3456 4220 nimis,
3496 4154 3825 4224 aspicientes

2351 4246 2670 4301 Candentes
2709 4261 2987 4312 vomeres,
3047 4243 3286 4298 calcavit
3323 4260 3417 4298 eos
3447 4243 3612 4314 quasi
3643 4245 3821 4297 ﬂores.

2351 4332 2602 4386 Undenis
2651 4333 2777 4403 ipsa
2807 4331 3145 4404 peragratis,
3169 4333 3254 4386 nil
3286 4347 3517 4402 quoque
3545 4331 3683 4398 lesa,

2343 4419 2506 4475 Stans
2553 4436 2726 4492 super
2783 4425 3104 4476 extremum
3171 4430 3460 4476 vomerem
3507 4416 3838 4480 veneranda,
3866 4427 3934 4464 θυι

3616 4508 3880 4578 [premam

2345 4598 2560 4668 Regem
2598 4596 2870 4664 laudavit,
2898 4613 3000 4668 per
3030 4613 3202 4668 quem
3247 4597 3514 4652 Satanam
3556 4592 3847 4667 superavit.

2274 4689 2470 4757 Itaque
2508 4702 2637 4741 cum
2689 4685 3023 4756 imperatrix
3072 4685 3266 4740 inclita
3325 4685 3394 4740 de
3427 4685 3650 4755 objecto
3710 4681 3808 4736 sibi
3844 4674 3934 4730 cri-

2275 4775 2431 4830 mine
2489 4774 2623 4828 satis
2678 4774 2971 4828 evidenter
3040 4779 3189 4828 esset
3261 4778 3591 4845 expurgata,
3659 4769 3934 4843 imperator

2275 4862 2534 4916 animum
2590 4863 2714 4932 ejus
2756 4861 3055 4916 blandiciis
3129 4861 3372 4916 delinire
3456 4861 3728 4933 gestiens,
3790 4852 3937 4928 ipsius

2277 4951 2449 5005 sacris
2478 4951 2718 5022 pedibus
2772 4951 3126 5022 provolutus,
3159 4950 3237 5005 ait
3268 4966 3283 5005 :
3320 4935 3588 5016 'Placare,
3620 4949 3829 5004 domina
3861 4940 3935 5000 mi.

2275 5043 2384 5094 esto
2425 5041 2592 5094 michi
2638 5039 2951 5108 placabilis,
3002 5045 3052 5093 et
3100 5054 3166 5092 ne
3219 5041 3450 5108 repellas
3479 5055 3561 5093 me
3606 5055 3640 5092 a
3687 5037 3856 5105 gratia
3877 5026 3940 5081 vel

2278 5126 2564 5182 dilectione
2609 5133 2723 5182 tua.
2781 5127 3068 5197 Equidem,
3121 5129 3322 5194 fateor,
3349 5128 3575 5197 peccavi
3601 5130 3652 5179 et
3713 5120 3938 5189 insipien-

2281 5215 2362 5267 ter
2389 5218 2478 5282 egi
2507 5219 2566 5269 in
2618 5230 2675 5269 eo
2725 5215 2871 5282 quod
2927 5215 3176 5268 molestus
3226 5216 3318 5280 fui
3373 5214 3494 5278 tibi,
3534 5228 3678 5266 nunc
3711 5213 3822 5280 jam
3860 5215 3941 5268 09°

2276 5305 2646 5371 penitentiam.
2705 5303 2987 5358 Adhereat
3018 5302 3208 5369 lingua
3257 5317 3376 5355 mea
3403 5301 3657 5368 faucibus
3723 5298 3859 5353 meis,
3905 5289 3944 5340 Si

2276 5406 2382 5445 non
2405 5391 2509 5446 tibi
2534 5392 2600 5446 de
2625 5395 2793 5444 cetero
2838 5407 2932 5459 ego
2983 5390 3316 5456 satisfecero,
3366 5389 3717 5460 quoadusque
3765 5387 3938 5439 vixero.

2278 5481 2350 5534 At
2400 5478 2502 5533 illa
2549 5479 2877 5534 columbino
2927 5477 3314 5550 simplicitatis
3369 5483 3424 5532 et
3482 5478 3626 5531 mire
3677 5466 3939 5547 patientie,

2283 5568 2589 5622 immemor
2613 5567 2844 5638 injurie,
2877 5583 3100 5622 memor
3145 5566 3468 5626 clementie,
3497 5564 3705 5620 dilecto
3732 5576 3824 5618 suo
3842 5555 3932 5611 ait:
