4016 6202
331 305 428 361 199
1320 293 1480 354 νιτΑ
1517 295 1576 353 S.
1615 288 2043 353 CUNEGUNDIS

2228 294 2242 348 Ι
2285 289 2374 352 DE
2413 295 2467 350 S.
2513 288 2845 350 HENBICO.

3752 297 3859 350 200

325 434 622 488 memorat.
673 427 984 484 Servantur
1039 425 1210 480 etiam
1261 439 1414 478 nunc
1484 422 1542 476 in
1611 419 1772 474 istius
1820 435 2018 474 mona-
2061 420 2104 474 A
2137 418 2368 473 collatas
2417 421 2717 482 assereret,
2758 421 2814 471 et
2846 415 3138 488 ﬂagellum
3170 416 3554 488 corruptionis
3589 417 3862 471 certissi-

325 518 487 574 sterii
529 518 800 572 thesauro
843 514 1092 585 pretiosa
1128 513 1372 576 cimelia,
1431 525 1560 581 quas
1619 508 1728 578 ipsi
1779 524 1812 561 a
1842 508 2026 560 Cune-

325 609 520 679 gunde
549 606 751 659 collata
772 608 926 669 sunt,
978 602 1130 655 inter
1159 616 1286 671 quas
1323 615 1352 652 a
1388 595 1773 652 Bollandianis
1831 611 2026 648 recen-

324 700 522 750 sentur
582 693 640 747 iu
672 692 1097 762 prolegomenis
1129 689 1196 742 ad
1244 687 1422 756 ipsius
1477 686 1682 752 Vitam,
1715 699 1875 738 num.
1911 685 1977 738 25
2013 699 2026 736 :

326 785 472 839 Crux
521 797 695 836 aurea
744 780 936 850 operis
970 777 1146 831 Graeci
1217 773 1623 844 antiquissimi,
1679 773 1765 826 uti
1826 789 1892 826 ex
1946 774 2020 825 in-

325 870 728 943 scriptionibus
787 873 842 920 et
897 866 1097 935 ﬁguris
1151 865 1419 933 colligere
1478 863 1610 915 licet
1659 879 1673 928 ;
1732 861 2025 930 cingulum

314 959 505 1030 ipsius
569 958 750 1011 beata:
827 953 1220 1022 Cuncgundis,
1288 967 1415 1004 cum
1485 951 1742 1020 ejusdem
1802 948 2030 1001 coronis

324 1046 546 1100 duabus
583 1061 647 1097 ex
682 1041 941 1112 gemmis.
966 1039 1258 1106 ,l’loruisse
1289 1038 1460 1092 etiam
1493 1053 1562 1090 eo
1607 1037 1665 1090 in
1712 1039 1836 1090 loco
1871 1052 2027 1089 com-

323 1134 519 1203 plures
579 1130 838 1184 doctrina
895 1132 954 1180 et
1009 1127 1308 1180 sanctitate
1363 1124 1511 1178 viros
1564 1125 1814 1177 illustres
1877 1124 2027 1176 idem

325 1224 520 1273 auctor
550 1217 830 1271 observat.
875 1235 902 1265 α
965 1215 1147 1281 Multi,
1185 1213 1395 1285 inquit,
1449 1213 1516 1266 ad
1583 1228 1798 1266 annum
1871 1214 2026 1274 t007.

324 1321 582 1360 successu
660 1305 938 1374 temporis
991 1303 1289 1356 clarissimi
1349 1302 1476 1367 viri,
1539 1301 1643 1354 sub
1715 1301 2030 1354 monastico

325 1395 612 1448 schemate
644 1393 702 1445 in
739 1393 937 1444 eodem
998 1390 1254 1444 coenobio
1313 1390 1652 1454 ﬂoruerunt,
1710 1389 2031 1442 eruditione

327 1489 384 1536 et
433 1483 564 1535 vitea
626 1480 833 1534 merito
888 1485 1142 1533 sanctam
1195 1479 1544 1532 illustrantes
1624 1478 1951 1532 Ecclesiam.
2001 1497 2029 1529 κα

327 1569 543 1624 Seeculo
565 1567 827 1639 sequenti
863 1583 996 1620 cum
1028 1583 1095 1619 eo
1127 1568 1184 1620 in
1231 1567 1354 1620 loco
1385 1565 1664 1635 regularis
1711 1565 2031 1619 observatio

327 1657 629 1726 paululum
681 1654 979 1724 tepuisset,
1054 1670 1199 1720 eam,
1267 1654 1600 1707 restauratis
1659 1653 1720 1707 in
1777 1653 2029 1724 primum

330 1744 693 1815 splendorem
717 1742 995 1804 aediliciis,
1028 1742 1385 1812 postliminio
1453 1741 1738 1796 revocavit
1803 1747 2030 1796 sanctus

330 1833 459 1885 Otto
486 1831 1032 1900 Bambenbergensis
1079 1831 1336 1896 antistes,
1388 1847 1524 1884 usus
1577 1829 1767 1884 hocin
1793 1829 2028 1899 negotio

331 1919 823 1990 Hirsaugiensium
862 1918 1277 1972 monachorum
1335 1935 1532 1989 opera,
1577 1918 1676 1990 qui
1725 1924 1860 1972 tunc
1892 1924 2032 1972 tem-

329 2009 486 2080 poris
553 2006 984 2061 Benedictinum
1032 2007 1291 2061 ordinem
1371 2023 1475 2077 per
1541 2007 1862 2060 universam
1903 2008 2034 2060 Ger-

331 2095 581 2149 maniam
635 2100 692 2148 et
727 2094 1024 2148 sanctitate
1093 2110 1321 2147 morum
1372 2099 1430 2147 et
1498 2097 1760 2147 accurata
1815 2095 2032 2164 regulae

331 2183 489 2253 praxi
541 2182 922 2236 illustrabant.
985 2183 1260 2236 Caeterum
1310 2181 1535 2252 insigne
1601 2181 1806 2236 Montis
1853 2181 2035 2236 sancti

332 2271 616 2326 Michaelis
668 2271 993 2325 coenobium
1061 2271 1172 2325 huc
1238 2286 1419 2340 usque
1467 2276 1814 2340 perseverat,
1873 2272 2036 2340 cujus

330 2361 602 2414 abbatum
671 2361 995 2430 catalogum
1072 2358 1303 2412 exhibet
1369 2364 1567 2412 noster
1634 2360 1934 2415 Bucelinus
1977 2359 2034 2413 in

331 2447 638 2500 Germania
662 2463 847 2502 sacra.

403 2540 455 2588 5.
481 2534 756 2589 Henricus
805 2534 865 2588 in
923 2534 1144 2588 Italiam
1201 2533 1489 2602 profectus
1540 2533 1896 2589 vindicandae
1947 2535 2042 2590 ad-

329 2640 526 2677 versus
556 2624 777 2677 Grmcos
832 2622 1090 2676 Ecclesiae
1134 2638 1324 2686 causa,
1353 2643 1375 2671 α
1428 2624 1892 2677 Beneventanum
1925 2639 2042 2678 mo-

331 2711 645 2766 nasterium
695 2710 972 2777 condidit,
1020 2732 1047 2760 ››
1104 2709 1279 2781 quod,
1335 2715 1399 2763 ut
1438 2711 1612 2764 refert
1655 2710 1833 2780 ipsius
1900 2713 2041 2766 Vitae.

332 2806 548 2866 auctor,
573 2816 696 2869 cap.
729 2801 819 2866 22,
861 2820 888 2847 ‹‹
915 2798 1074 2852 omni
1096 2805 1330 2852 ornatus
1361 2799 1560 2853 decore
1593 2799 1978 2869 locupletavit.
2011 2821 2038 2851 ι)

334 2890 408 2942 Ex
430 2888 708 2943 Chronico
732 2888 1013 2941 Dithmari
1060 2887 1208 2940 libro
1266 2903 1352 2941 vlt
1404 2887 1674 2940 discimus
1724 2889 1794 2940 ab
1842 2889 2040 2942 eodem

2135 522 2296 561 mum
2325 507 2552 576 signum
2620 505 2945 560 dilectionis
3001 522 3123 559 esse
3177 504 3511 560 aﬁirmaret.
3576 508 3864 561 Fomenta

2135 600 2327 649 tamen
2357 595 2717 649 curationum
2750 594 2860 648 sibi
2892 595 3026 648 fecit
3077 594 3365 661 adhiberi,
3395 595 3492 648 sed
3539 595 3709 649 nulla
3741 611 3866 648 me-

2137 682 2394 735 dicorum
2429 681 2741 735 subtilitate
2770 682 2842 735 ad
2892 681 3180 751 integrum
3241 680 3428 752 potuit
3466 682 3736 736 liberari.
3772 683 3867 735 ln-

2139 775 2500 838 gravescente
2557 774 2748 823 autem
2824 769 3041 834 dolore,
3121 770 3382 824 ascendit
3439 776 3704 824 montem
3770 772 3871 823 Ca-

2136 859 2327 911 sinum
2370 900 2382 911 .
2429 899 2442 911 .
2488 897 2502 910 .
2548 899 2560 912 .
2604 857 2798 928 ibique
2840 872 2944 926 per
2984 856 3450 910 intercessionem
3526 857 3691 911 beati
3769 858 3868 911 Be-

2139 945 2350 1000 nedicti
2379 950 2435 998 et
2458 949 2669 999 sanctas
2722 945 3076 999 Scholasticae
3137 945 3403 1016 precibus
3463 949 3519 998 et
3581 948 3868 1015 lacrymis

2137 1033 2449 1105 postulavit
2493 1049 2528 1086 a
2586 1034 2700 1087 Deo
2757 1034 2998 1087 salutem
3056 1034 3314 1102 corporis
3367 1039 3423 1087 et
3480 1035 3701 1088 animo:
3757 1034 3868 1086 sibi

2139 1122 2417 1194 prmstari.
2454 1121 2879 1192 Impletumque
2908 1127 2992 1174 est
3033 1122 3188 1191 quod
3252 1138 3351 1192 per
3385 1125 3742 1192 Proplietam
3777 1123 3870 1175 di-

2139 1213 2325 1266 citur:
2379 1211 2664 1281 Exquisivi
2712 1211 3018 1264 Dominum
3049 1218 3107 1264 et
3161 1211 3454 1264 exaudivit
3504 1228 3619 1277 me,
3681 1218 3747 1264 et
3803 1228 3866 1262 ex

2141 1299 2412 1354 omnibus
2467 1297 2934 1352 tribulationibus
3017 1299 3160 1352 meis
3231 1300 3444 1368 eripuit
3514 1315 3607 1352 me
3692 1300 3867 1368 (Psal.

2139 1391 2356 1454 xxxm).
2422 1388 2560 1441 Nam
2615 1387 2781 1457 petiit
2835 1392 2892 1440 et
2949 1387 3250 1440 exauditus
3299 1395 3428 1452 est;
3489 1387 3752 1457 pulsavit
3797 1389 3864 1437 ad

2141 1475 2352 1529 ostium
2380 1480 2812 1544 perseveranter
2869 1475 3192 1528 miserantis
3239 1475 3529 1545 potentias,
3586 1482 3648 1528 et
3679 1476 3866 1528 intro-

2142 1563 2350 1616 missus
2377 1567 2485 1616 est.
2527 1563 2749 1616 Interea
2778 1579 2873 1616 rex
2903 1563 3072 1633 cepit
3101 1562 3352 1632 cogitare
3383 1579 3513 1633 quas
3566 1563 3638 1616 de
3681 1568 3871 1615 trans-

2145 1651 2356 1704 latione
2414 1651 2589 1704 sancti
2635 1650 2926 1704 Benedicti
2968 1651 3242 1718 audierat,
3303 1657 3358 1704 et
3406 1650 3544 1721 quia
3592 1651 3868 1721 reliquie

2145 1739 2269 1808 ejus
2303 1737 2640 1792 dicebantur
2691 1737 2889 1790 furtim
2939 1739 3179 1791 sublata:
3235 1743 3289 1791 et
3329 1738 3391 1790 in
3448 1738 3630 1790 alium
3667 1739 3868 1791 locum

2140 1826 2455 1890 translatas,
2484 1825 2614 1879 ideo
2653 1825 2742 1878 vir
2800 1831 3028 1879 sanctus
3073 1827 3143 1880 de
3192 1826 3478 1896 corporali
3532 1827 3665 1896 ejus
3716 1842 3870 1896 pra!-

2141 1915 2327 1969 sentia
2374 1914 2691 1968 dubitabat.
2755 1915 3050 1984 Completa
3104 1916 3298 1985 itaque
3358 1916 3622 1969 oratione
3692 1915 3871 1968 homo

2144 2004 2240 2057 Dei
2266 2003 2333 2056 ad
2369 2003 2681 2072 hospitium
2717 2018 2774 2055 se
2823 2004 3086 2069 contulit,
3142 2009 3199 2057 et
3250 2005 3486 2058 lassatus
3529 2020 3596 2057 ac
3645 2003 3862 2057 debili-

2142 2097 2296 2146 tatus
2325 2091 2384 2144 in
2415 2091 2623 2144 lectulo
2672 2107 2733 2144 se
2791 2091 3108 2144 collocavit.
3166 2092 3228 2146 In
3287 2109 3400 2162 quo
3458 2093 3870 2155 obdormiens,

2144 2179 2287 2234 vidit
2318 2185 2578 2233 sanctum
2630 2179 2999 2233 Benedictum
3053 2180 3162 2233 sibi
3191 2180 3475 2241 assistere,
3529 2187 3588 2234 et
3639 2181 3872 2234 ferrum

2145 2267 2450 2322 sectorium
2509 2267 2578 2321 ad
2638 2267 3005 2321 medicinales
3059 2269 3336 2322 sectiones
3393 2274 3594 2338 aptum
3688 2284 3876 2322 manu

2144 2360 2360 2420 tenere,
2384 2355 2645 2426 quidixit
2673 2355 2726 2409 ei
2754 2373 2766 2409 :
2800 2356 2940 2421 Quia
2990 2359 3228 2423 sperasti
3249 2359 3307 2408 in
3336 2358 3445 2411 Deo
3469 2362 3522 2409 et
3568 2359 3629 2409 in
3661 2359 3878 2410 sanctis

2145 2443 2282 2512 ejus,
2314 2459 2426 2497 ecce
2455 2445 2651 2498 missus
2681 2459 2802 2498 sum
2825 2460 2859 2496 a
2909 2446 3029 2507 Deo,
3079 2449 3140 2497 ut
3183 2459 3283 2512 per
3333 2460 3509 2497 meam
3536 2444 3878 2498 medicinam

2147 2531 2215 2583 ab
2243 2531 2674 2600 inﬁrmitatetua
2707 2532 2976 2586 libereris.
3009 2531 3152 2584 Ecce
3180 2547 3294 2599 ego,
3325 2533 3482 2600 cujus
3511 2547 3636 2586 ossa
3666 2536 3880 2599 furtim

2148 2619 2368 2673 sublata
2395 2634 2506 2672 esse
2564 2620 2821 2689 putabas,
2861 2622 3210 2688 praesentiam
3251 2636 3425 2674 meam
3459 2621 3562 2673 tibi
3606 2621 3876 2684 exhibeo,

2150 2712 2200 2761 et
2224 2709 2283 2761 in
2309 2712 2689 2775 argumentum
2713 2709 2962 2761 veritatis
2991 2709 3269 2776 passiones
3299 2713 3421 2760 tuas
3468 2709 3696 2762 curabo.
3739 2709 3873 2761 Habe

2151 2795 2342 2849 dicens
2371 2801 2596 2866 partem
2650 2795 2808 2848 illam
2855 2795 3108 2865 corporis
3165 2796 3266 2849 ubi
3310 2796 3559 2850 calculus
3611 2797 3877 2866 jacebat.

2155 2883 2483 2937 medicinali
2513 2883 2685 2947 ferro,
2728 2883 2884 2953 quod
2932 2899 3110 2936 manu
3169 2883 3419 2949 tenebat,
3477 2886 3769 2954 aperuit;
3825 2893 3881 2939 et

333 2975 593 3044 principe
625 2973 1022 3044 episcopatum
1079 2973 1252 3026 fuisse
1292 2973 1620 3026 institutum
1645 2973 1705 3026 in
1767 2975 1936 3028 Bobia
1961 2977 2038 3030 ci-
2081 2975 2122 3029 C
2155 2971 2350 3024 evulso
2381 2971 2635 3024 molliter
2655 2972 2891 3037 calculo,
2931 2971 3152 3024 hiatum
3198 2973 3450 3025 vulneris
3493 2973 3694 3027 subita
3719 2974 3880 3027 sani-

334 3063 526 3128 vitate,
578 3062 675 3115 ubi
703 3061 1052 3116 Christicolas
1098 3065 1154 3113 et
1197 3061 1377 3114 sancti
1421 3060 1770 3114 confessores
1821 3059 2041 3129 inclyti,

336 3151 724 3205 Columbanus
789 3155 846 3203 et
911 3149 1096 3202 Attala
1189 3148 1562 3218 corporaliter
1655 3147 2040 3218 requiescunt,

333 3239 508 3311 idque
540 3237 835 3292 communi
865 3236 1104 3290 consilio
1136 3240 1192 3289 et
1222 3236 1455 3290 licentia
1475 3235 2040 3306 comprovincialium

335 3329 765 3398 episcoporum.
810 3347 831 3374 ι
890 3325 1061 3378 Addit
1102 3325 1448 3378 Trithemius
1478 3325 1535 3378 in
1581 3325 1865 3379 Chronico
1911 3325 2041 3378 Hir-

337 3416 623 3487 saugiensi
671 3415 740 3468 ad
799 3429 1014 3468 annum
1077 3415 1204 3466 l007
1269 3429 1474 3466 novam
1529 3414 1676 3466 hanc
1724 3413 1916 3466 sedem
1974 3413 2042 3466 ab

337 3503 538 3557 eodem
563 3503 906 3572 imperatore
947 3499 1203 3553 dotatam
1238 3498 1411 3552 fuisse
1446 3516 1458 3552 :
1502 3500 1778 3569 locumque
1816 3500 2044 3554 ecclesia:

337 3589 669 3642 cathedralis
700 3588 874 3641 alium
907 3603 1022 3640 non
1063 3586 1236 3640 fuisse
1279 3603 1308 3639 a
1340 3587 1598 3641 coenobio
1643 3587 1794 3658 quod
1843 3587 2042 3641 beatus

334 3676 724 3731 Columbanus
792 3679 1208 3738 construxerat,
1260 3693 1293 3728 a
1349 3676 1699 3730 multitudine
1756 3677 2042 3731 monacho-

334 3779 455 3819 rum
508 3769 610 3820 Deo
639 3767 987 3820 servientium
1035 3763 1376 3828 inhabitato,
1423 3781 1566 3835 quos
1595 3765 1721 3818 ideo
1752 3766 2043 3819 monachos

334 3851 581 3908 electores
611 3856 886 3908 constituit
911 3869 1022 3908 esse
1069 3855 1348 3922 pontiﬁcis
1405 3854 1530 3907 Hth
1560 3853 1676 3908 ille.
1703 3856 1880 3907 Porro
1914 3870 2042 3907 mu-

334 3948 449 3996 tata
489 3943 858 4013 postmodum
917 3940 1026 3996 fuit
1073 3942 1194 3994 hmc
1243 3957 1276 3994 a
1321 3941 1486 3994 beato
1551 3941 1673 3995 viro
1735 3943 2042 3996 constituta

333 4047 526 4084 rerum
571 4029 894 4100 dispositio,
942 4045 1074 4082 cum
1120 4028 1356 4082 ecclesia
1385 4029 1728 4083 cathedralis
1761 4047 1790 4082 a
1839 4045 2040 4083 mona-

335 4120 506 4172 sterio
564 4117 672 4171 fuit
719 4117 998 4186 sejuncta,
1055 4120 1228 4186 atque
1274 4115 1505 4186 utrique
1553 4118 1676 4170 loco
1706 4134 1843 4170 suus
1877 4119 2042 4171 datus

336 4211 420 4259 est
438 4205 763 4275 praefectus.
805 4203 940 4267 Quae
974 4219 1066 4258 res
1123 4219 1362 4272 magnas
1396 4204 1524 4256 lites
1568 4203 1715 4258 inter
1741 4206 2040 4275 episcopos

335 4296 393 4344 et
439 4291 668 4345 abbates
731 4291 1033 4345 Bobienses
1113 4295 1564 4352 commoverunt,
1644 4292 1736 4346 vix
1809 4293 2038 4348 tandem

335 4395 694 4433 summorum
727 4380 1066 4448 pontiticum
1099 4379 1435 4432 auctoritate
1457 4395 1828 4449 compressae.

406 4469 463 4520 6.
507 4467 606 4520 Hic
644 4482 777 4520 vero
799 4467 1062 4520 omittere
1113 4482 1228 4519 non
1275 4467 1405 4520 licet
1448 4467 1674 4538 insigne
1703 4469 2044 4525 miraculum

339 4555 494 4625 quod
521 4555 579 4608 in
625 4554 730 4608 hac
783 4555 977 4609 Italica
1017 4554 1380 4624 expeditione
1443 4556 1655 4610 factum
1705 4561 1789 4609 est
1828 4557 2045 4612 meritis

337 4642 490 4696 beati
519 4641 704 4697 Patris
728 4643 1035 4708 Benedicti,
1089 4642 1188 4713 qui
1236 4642 1644 4715 imperatorem
1702 4645 1891 4699 ordini
1939 4663 2043 4700 suo

339 4729 788 4784 addictissimum
839 4731 1042 4785 calculi
1092 4731 1290 4785 morbo
1324 4733 1608 4788 dirissime
1649 4737 1936 4802 vexatum,
1985 4735 2046 4788 in

338 4818 462 4888 ipso
487 4817 780 4872 Casinensi
833 4819 1202 4886 monasterio,
1260 4836 1372 4891 quo
1431 4836 1552 4874 sese
1599 4820 1728 4892 pius
1781 4821 2045 4894 princeps

339 4906 630 4977 deportari
655 4907 920 4977 jusserat,
953 4906 1184 4960 sanitati
1225 4908 1498 4962 restituit.
1531 4909 1645 4963 Rex
1674 4913 1758 4962 est
1796 4909 2045 4962 auctoris

337 4995 515 5064 ipsius
572 4995 709 5049 Vita:
748 4994 936 5049 verbis
989 4994 1310 5061 referenda,
1357 4997 1456 5067 qui
1502 5013 1625 5068 cap.
1674 4998 1743 5049 22
1809 5012 1934 5050 eam
1966 4995 2046 5050 sic

339 5083 592 5138 evenisse
645 5088 877 5138 narrat:
920 5102 947 5135 α
994 5084 1134 5139 Cum
1194 5084 1464 5138 Henricus
1509 5086 1762 5140 civitates
1822 5084 2044 5156 Apuliae

342 5172 735 5239 pertransiret,
773 5178 830 5227 et
855 5189 982 5244 quae
1032 5172 1102 5227 ad
1134 5172 1442 5226 utilitatem
1474 5177 1530 5238 et
1576 5173 1854 5227 honorem
1882 5173 2046 5244 regni

338 5259 721 5326 pertinebant,
753 5259 814 5314 in
855 5261 935 5315 eis
966 5260 1415 5332 prudentissime
1445 5262 1842 5332 disposuisset,
1875 5262 2046 5333 ccepit

340 5346 402 5399 in
425 5345 760 5402 inﬁrmitate
809 5349 1009 5404 calculi
1066 5349 1347 5404 laborare.
1404 5348 1581 5420 Cujus
1616 5349 1801 5404 morbi
1833 5351 2044 5405 moles-

337 5434 478 5488 tiam
508 5434 595 5489 vir
635 5440 862 5489 sanctus
916 5442 1076 5492 tanta
1132 5437 1409 5509 patientia
1458 5437 1749 5508 sustinuit,
1807 5444 1866 5493 ut
1913 5454 2046 5509 pas-

339 5523 528 5576 siones
587 5522 774 5576 carnis
834 5523 902 5577 ad
955 5525 1268 5580 custodiam
1328 5525 1669 5581 humilitatis
1720 5543 1749 5580 a
1784 5527 1896 5580 Deo
1933 5526 2038 5579 sibi

2156 3063 2270 3113 tate
2330 3058 2764 3129 redintegravit,
2816 3060 3217 3129 calculumque
3288 3076 3460 3130 quem
3534 3061 3764 3115 tulerat
3818 3063 3876 3115 in

2157 3163 2328 3201 manu
2362 3148 2514 3217 regis
2546 3147 2882 3202 dormientis
2911 3148 3183 3217 reposuit.
3218 3148 3339 3212 Quo
3397 3149 3542 3202 facto
3599 3149 3882 3204 Christia-

2153 3235 2429 3290 nissimus
2458 3235 2771 3306 imperator
2799 3235 3106 3305 evigilavit,
3169 3241 3226 3290 et
3283 3242 3636 3306 pertractans
3676 3254 3877 3292 secum

2155 3340 2284 3394 quae
2312 3325 2458 3378 circa
2491 3325 2681 3396 ipsum
2727 3340 2828 3394 per
2890 3325 3268 3379 confessorem
3297 3325 3506 3380 Christi
3556 3332 3729 3396 gesta
3761 3328 3878 3381 fue.

2155 3417 2302 3484 rant,
2335 3413 2648 3483 vidensque
2698 3413 2979 3466 calculum
3035 3429 3210 3484 quem
3258 3429 3429 3467 manu
3487 3413 3751 3480 tenebat,
3785 3432 3876 3468 vo-

2152 3483 2299 3554 c'avit
2327 3501 2620 3566 satellites,
2661 3500 2762 3571 qui
2811 3501 2969 3571 regio
3025 3517 3183 3554 more
3222 3500 3328 3554 sibi
3360 3517 3590 3572 semper
3627 3505 3874 3556 assiste-

2153 3589 2309 3654 bant,
2340 3589 2594 3660 dixitque
2626 3589 2694 3642 ad
2725 3604 2824 3642 eos
2857 3605 2870 3642 :
2900 3590 3183 3658 Pontiﬁces
3205 3592 3460 3657 regnique
3490 3591 3676 3645 nostri
3700 3595 3868 3660 prim

2152 3679 2294 3746 cipes
2320 3681 2501 3731 vocate
2532 3677 2607 3730 ad
2627 3691 2726 3743 me,
2763 3682 2821 3730 ut
2863 3690 3182 3743 cognoscant
3212 3682 3261 3732 et
3311 3677 3536 3731 videant
3581 3681 3870 3732 mirabilia

2158 3766 2277 3831 Dei,
2312 3780 2430 3833 qua
2462 3765 2758 3833 ineﬂ'abilis
2811 3765 3195 3820 misericordia
3249 3770 3299 3820 et
3346 3767 3746 3820 inenarrabilis
3771 3783 3866 3837 po-

2155 3855 2324 3907 tentia
2352 3853 2469 3921 ejus
2496 3855 2742 3918 fecer'tnt
2767 3855 2826 3906 in
2853 3868 2952 3906 me.
3015 3856 3085 3907 At
3113 3853 3196 3906 illi
3255 3854 3526 3907 mandata
3580 3856 3744 3924 regis
3777 3871 3864 3907 ce-

2152 3941 2257 3995 leri
2294 3957 2464 3995 cursu
2488 3941 2838 4011 perferentes
2866 3941 2936 3995 ad
2993 3941 3301 4012 principes,
3341 3943 3742 4012 perduxerunt
3773 3961 3868 3998 eos

2154 4030 2224 4084 ad
2253 4045 2467 4101 regem.
2493 4031 2646 4094 Quos
2675 4046 2774 4084 rex
2803 4031 3074 4098 salutans,
3135 4032 3594 4102 resalutatusque
3654 4033 3733 4086 ab
3765 4035 3864 4096 eis,

2154 4119 2234 4171 sic
2260 4120 2540 4172 allocutus
2592 4134 2691 4173 eos
2739 4123 2826 4172 est
2873 4135 2887 4172 :
2949 4119 3173 4174 Fratres
3212 4125 3262 4173 et
3298 4123 3690 4174 commilitones
3740 4124 3866 4187 mei,

2154 4206 2498 4276 magniﬁcate
2527 4207 2823 4260 Dominum
2859 4223 3061 4261 mecum
3106 4213 3156 4260 et
3185 4209 3481 4262 exaltemus
3524 4224 3720 4262 nomen
3752 4210 3868 4278 ejus

2155 4296 2214 4346 in
2243 4295 2501 4363 idipsum,
2533 4296 2664 4362 quia
2685 4296 2801 4362 ipse
2828 4299 2906 4348 est
2931 4309 3160 4360 magnus
3192 4295 3458 4349 Dominus
3488 4301 3538 4349 et
3564 4297 3868 4350 laudabilis

2153 4384 2338 4449 nimis,
2380 4387 2430 4436 et
2466 4383 2867 4449 magnitudinis
2897 4383 3013 4451 ejus
3043 4398 3149 4437 non
3187 4389 3265 4438 est
3291 4386 3437 4452 finis.
3483 4385 3600 4453 lpse
3625 4388 3870 4454 percutit

2154 4475 2203 4522 et
2233 4470 2475 4523 medetur
2506 4485 2521 4538 ;
2571 4470 2813 4537 ﬂagellat
2845 4475 3156 4539 peccatores
3184 4477 3234 4526 et
3275 4472 3664 4542 paenitentibus
3706 4475 3867 4527 mise-

2154 4563 2324 4611 retur.
2350 4559 2502 4612 Hunc
2561 4557 2818 4612 humiliat
2865 4562 2918 4611 et
2963 4557 3106 4612 hunc
3161 4562 3390 4627 exaltat,
3437 4563 3566 4629 quia
3613 4561 3770 4614 calin:
3811 4564 3868 4613 in

2155 4661 2321 4700 manu
2353 4647 2564 4699 Domini
2589 4647 2707 4698 vini
2729 4647 2866 4699 meri
2904 4647 3095 4714 plenus
3133 4650 3310 4702 misto.
3362 4651 3445 4702 En
3475 4663 3588 4714 ego,
3623 4652 3724 4716 qui
3746 4651 3869 4701 heri

2155 4736 2317 4787 morti
2343 4736 2634 4802 promimus
2705 4735 2816 4802 fui,
2893 4749 2991 4802 per
3053 4736 3482 4790 misericordiam
3546 4739 3647 4790 Dei
3707 4736 3869 4790 hodie

2155 4823 2303 4876 vobis
2361 4838 2598 4892 appaieo
2663 4837 2848 4889 sanus,
2897 4827 2949 4875 et
3006 4826 3248 4878 aculeum
3293 4827 3504 4892 mortis,
3560 4839 3719 4892 quem
3744 4825 3870 4878 heri

2155 4912 2365 4978 gestavi
2387 4911 2654 4964 inclusum
2676 4911 2890 4979 corpori
2925 4925 3058 4976 meo,
3093 4911 3251 4964 hodie
3299 4913 3463 4964 oculis
3501 4914 3699 4966 vestris
3728 4916 3867 4966 risi-

2158 4997 2340 5052 biliter
2366 4997 2603 5052 ostendo.
2640 4998 2769 5051 Haec
2824 4995 3017 5050 dicens
3072 4998 3316 5053 ostendit
3354 4998 3634 5052 calculum
3689 5015 3867 5070 quem

2159 5101 2330 5138 manu
2378 5084 2626 5146 tenebat,
2703 5088 2760 5138 et
2813 5085 3121 5138 ostendens
3195 5087 3511 5148 cicatricem
3587 5087 3866 5151 vulneris,

2156 5173 2352 5226 omnia
2381 5189 2511 5243 quas
2558 5187 2664 5241 per
2722 5175 2982 5225 sanctum
3048 5173 3417 5228 Benedictum
3470 5174 3621 5228 circa
3672 5176 3868 5244 ipsum

2156 5266 2317 5330 gesta
2346 5265 2529 5328 erant,
2563 5260 2782 5313 cunctis
2811 5259 3174 5315 audientibus
3205 5278 3272 5316 ex
3327 5263 3524 5316 ordine
3558 5259 3866 5318 referebat.

2228 5353 2278 5403 7.
2318 5371 2337 5397 ι
2375 5353 2446 5402 At
2483 5347 2569 5403 illi
2599 5347 2855 5402 videntes
2884 5353 2941 5401 et
2997 5349 3291 5404 audientes
3342 5351 3628 5405 mirabilia
3662 5352 3785 5419 Dei,
3810 5359 3867 5407 et

2154 5436 2462 5508 plusquam
2493 5435 2647 5490 credi
2680 5439 2866 5507 potest
2895 5434 3161 5491 admirati
3191 5443 3345 5506 sunt,
3371 5444 3428 5493 et
3454 5439 3864 5495 benedicentes

2161 5526 2292 5590 Deo,
2321 5525 2536 5596 diuque
2566 5523 2623 5578 in
2681 5525 2906 5580 laudem
2966 5526 3088 5596 ejus
3144 5527 3535 5594 acclamantes,
3597 5531 3654 5581 et
3706 5527 3865 5598 inco_
