4016 6202
100 320 175 372 2m
1087 313 1254 369 VlTA
1293 316 1348 370 S.
1389 315 1854 384 CUNEGUNDIS,
1898 318 2011 373 UBI
2055 321 2143 374 DE
2184 321 2238 374 S.
2284 323 2602 379 UENRICO.

3491 334 3599 384 202

99 441 340 494 lumitate
371 439 520 509 regis
546 437 729 509 gavisi
780 442 932 491 sunt.
993 438 1368 508 Rursumque
1417 454 1512 491 rex
1543 438 1611 491 ad
1641 456 1737 492 eos
1771 456 1782 492 :
1818 443 1864 494 Α
1906 446 2159 495 mortuus
2190 459 2445 513 unquam
2503 445 2589 497 sui
2637 446 2888 516 corporis
2935 448 3241 517 praesentia
3279 448 3599 503 illustrave-

99 542 243 600 Quas,
306 528 515 599 inquit,
576 530 886 594 gratiarum
926 529 1193 592 actiones,
1225 532 1321 579 aut
1385 542 1502 595 qua:
1565 543 1794 584 munera

98 621 245 672 tentis
318 618 583 685 beneﬁciis
652 615 921 683 condigna
991 613 1203 667 medico
1269 621 1449 668 nostro
1512 616 1793 669 Benedicto

96 722 355 775 possumus
377 704 712 773 rependere?
739 707 808 756 At
835 701 919 756 illi
959 717 1169 754 omnes
1211 702 1616 771 judicaverunt
1660 719 1792 756 eum

96 797 229 864 regia
279 792 683 847 muniﬁcentia
729 791 962 860 dignum
1003 806 1153 842 esse.
1196 791 1309 844 Rex
1356 806 1492 859 ergo
1542 807 1610 843 ex
1661 808 1793 843 con-

94 885 198 936 silio
237 881 571 952 principum
606 896 840 932 suorum
871 879 1136 953 ingentia
1177 893 1418 930 munera
1446 879 1507 930 in
1536 879 1791 947 praediis,

94 974 138 1025 in
165 987 323 1035 auro,
359 969 421 1023 in
462 975 729 1037 argento,
756 968 814 1021 in
855 966 1213 1020 ornamentis
1245 966 1511 1035 plurimis
1542 967 1792 1020 ecclesiae

92 1060 248 1113 sancti
315 1058 612 1113 Benedicti
671 1056 925 1110 contulit.
991 1056 1062 1108 Et
1122 1054 1463 1108 \‘alefaciens
1519 1055 1793 1109 fratribus

92 1150 172 1219 qui
230 1148 422 1201 eidem
481 1146 741 1199 eCclesiaa
786 1144 1191 1215 praesidebant,
1239 1160 1272 1195 a
1334 1143 1537 1195 Casino
1595 1149 1789 1196 monte

93 1236 271 1290 hilaris
308 1242 362 1289 et
386 1251 566 1289 sanus
630 1232 902 1287 discessit.
938 1232 1021 1285 Ab
1082 1248 1153 1284 eo
1211 1236 1403 1284 autem
1443 1236 1703 1300 tempore
1735 1236 1792 1284 et

93 1325 364 1393 deinceps,
402 1322 665 1393 quadam
699 1320 925 1390 speciali
975 1318 1293 1373 dilectione
1324 1324 1382 1372 et
1421 1319 1789 1372 veneratione

91 1418 263 1465 sancto
322 1411 641 1465 Benedicto
696 1415 752 1461 et
804 1408 1067 1461 omnibus
1114 1407 1449 1460 monasticae
1490 1406 1789 1475 religionis

91 1500 393 1554 cultoribus
443 1498 671 1551 studuit
696 1498 990 1561 deservire,
1025 1501 1083 1549 et
1136 1496 1197 1548 in
1253 1494 1674 1564 amplificandis
1727 1512 1789 1549 ac

91 1588 445 1659 protegendis
478 1587 654 1661 rebus
711 1584 1097 1637 ecclesiasticis
1131 1583 1422 1653 benignus
1454 1599 1517 1635 ac
1553 1583 1790 1636 devotus

1902 535 2009 582 rat.
2047 531 2219 600 Cujus
2273 531 2355 583 rei
2410 534 2737 602 exemplum
2767 535 2885 604 ipse
2938 536 3046 589 Leo
3080 536 3241 589 nobis
3272 539 3604 607 suppeditat

1902 618 2087 687 capite
2118 621 2206 683 45,
2258 619 2357 673 ubi
2386 621 2562 673 refert
2602 623 2866 675 eumdem
2920 630 3179 677 sanctum
3236 626 3600 679 Benedictum

1901 705 2034 759 olim
2073 706 2473 761 minitabundo
2507 710 2668 762 vultu
2709 711 2969 773 Henrico,
3008 714 3342 782 priusquam
3379 715 3449 767 ad
3488 715 3599 768 im-

1902 794 2125 863 perium
2157 796 2359 849 fuisset
2386 802 2631 854 evectus.
2657 800 3009 867 apparuisse,
3042 802 3277 870 quodin
3300 803 3598 871 cujusdam

1901 884 2235 935 monasterii
2292 884 2538 937 claustro
2601 902 2777 955 equos
2825 903 2959 939 suos
3006 895 3344 956 pernoctare
3400 907 3601 959 passus

1898 970 2153 1023 fuisset:
2207 992 2234 1021 «
2296 973 2491 1037 Nocte,
2534 972 2743 1043 inquit,
2803 976 3003 1027 eadem
3058 977 3392 1029 Benedictus
3431 980 3604 1032 Pater

1900 1057 2086 1111 eidem
2117 1060 2267 1124 duci,
2291 1064 2451 1113 torvo
2468 1078 2532 1114 ac
2555 1062 2795 1115 terribili
2828 1063 2989 1116 valde
3021 1063 3238 1117 intuitu
3290 1082 3599 1134 apparens,

1900 1146 2068 1214 eique
2100 1148 2280 1200 multa
2320 1149 2475 1217 quod
2502 1148 2582 1201 ita
2615 1150 2849 1202 domum
2889 1167 3049 1203 suam
3108 1157 3376 1205 tractaret
3441 1170 3597 1206 com-

1901 1233 2195 1303 minitans,
2229 1235 2409 1305 virga,
2468 1253 2638 1306 quam
2690 1254 2864 1291 manu
2917 1240 3195 1308 gestabat,
3254 1241 3408 1294 illius
3448 1243 3599 1294 latus

1899 1322 2195 1391 percussit,
2227 1328 2282 1376 et
2309 1340 2375 1377 ex
2422 1329 2559 1377 tunc
2619 1325 2811 1378 dolore
2862 1326 2945 1378 ilii
2986 1328 3242 1396 torqueri
3294 1329 3599 1381 vehemen-

1898 1409 2118 1463 tissime
2149 1412 2338 1481 coepit.
2376 1433 2403 1461 »
2461 1413 2623 1467 Certe
2678 1414 2781 1466 hoc
2812 1413 2998 1483 ipsum
3034 1415 3213 1467 sanati
3248 1416 3397 1483 apud
3429 1432 3597 1469 mon-

1902 1502 2015 1550 tem
2077 1500 2374 1552 Cassiuum
2452 1501 2674 1553 Henrici
2741 1501 3080 1553 miraculum
3157 1508 3351 1554 narrat
3401 1509 3600 1555 auctor

1902 1586 2039 1638 Vitae
2081 1588 2257 1640 sancti
2307 1589 2648 1651 Meinwerci;
2683 1589 2779 1642 sed
2842 1606 2957 1642 non
3000 1590 3169 1643 habet
3202 1606 3267 1642 ea
3306 1607 3433 1660 qum
3465 1607 3597 1643 san-

90 1681 237 1731 Pater
266 1676 534 1731 existere.
574 1675 710 1727 Haec
754 1673 813 1724 in
869 1672 1069 1726 Casino
1128 1678 1325 1724 monte
1386 1671 1598 1739 scripta
1630 1670 1786 1724 inve-
1828 1714 1868 1767 Β
1899 1679 2020 1726 ctus
2044 1676 2210 1728 Pater
2234 1677 2302 1729 de
2333 1677 2420 1728 sui
2468 1678 2720 1747 corporis
2767 1679 3071 1747 praesentia
3103 1677 3237 1730 dicit
3271 1678 3422 1748 apud
3456 1679 3596 1731 Leo-

91 1768 331 1828 niuntur,
369 1771 433 1818 ut
463 1768 521 1816 et
571 1760 833 1815 moderni
891 1761 1181 1830 magnalia
1240 1760 1339 1813 Dei
1390 1760 1451 1812 in
1509 1760 1787 1814 memoria

88 1856 336 1919 habeant,
395 1858 451 1906 et
484 1851 640 1922 apud
697 1856 945 1918 posteros
1000 1865 1109 1918 per
1170 1848 1577 1917 antiquitatem
1634 1852 1784 1900 tem-

89 1946 224 2010 poris
262 1944 321 1996 in
376 1940 729 1995 oblivionem
780 1954 889 1991 non
924 1937 1183 1991 veniant.
1222 1956 1248 1986 »
1285 1936 1563 1989 llenricus
1595 1936 1785 1989 statim

88 2035 315 2087 Romam
374 2031 553 2095 venit,
616 2029 704 2082 uti
764 2033 949 2079 narrat
1004 2027 1166 2080 idem
1227 2026 1365 2077 Vita:
1448 2030 1663 2087 auctor,
1726 2041 1787 2077 ac

92 2120 449 2174 Benedictum
508 2132 725 2188 papam
781 2116 847 2168 de
892 2114 1138 2168 sanitate
1187 2119 1415 2183 recepta
1469 2111 1607 2165 fecit
1667 2128 1788 2165 cer-

86 2210 303 2262 tiorem.

142 2302 192 2352 8.
251 2296 476 2365 Scripta
525 2308 659 2363 quae
716 2290 805 2344 hic
851 2290 970 2344 Vita
1038 2289 1225 2344 sancti
1285 2285 1523 2341 Henrici
1592 2292 1790 2340 auctor

88 2388 273 2441 laudat
301 2385 366 2438 in
411 2380 711 2437 Casinensi
773 2379 1112 2432 monasterio
1169 2381 1480 2439 asservata,
1532 2374 1645 2427 alia
1671 2391 1788 2428 non

88 2479 249 2531 fuisse
285 2494 314 2529 a
347 2472 553 2529 Leonis
596 2470 889 2527 Marsicani
938 2468 1222 2525 Chronico
1256 2466 1400 2519 mihi
1460 2464 1624 2518 facile
1658 2482 1786 2535 per-

88 2567 405 2628 suaderem,
446 2561 558 2616 nisi
620 2558 954 2612 miraculum
1003 2562 1203 2611 sancto
1264 2557 1429 2608 Patre
1488 2554 1788 2606 Benedicto

90 2658 393 2723 patratum,
438 2649 591 2721 quod
660 2648 719 2701 in
765 2646 874 2699 illis
927 2645 1156 2716 scriptis
1215 2661 1282 2697 eo
1332 2640 1502 2695 modo
1551 2658 1615 2694 ac
1668 2642 1789 2711 ipse

90 2749 279 2795 auctor
303 2739 561 2794 narravit
587 2735 928 2805 descriptum
972 2733 1173 2804 procul
1207 2731 1384 2783 dubio
1443 2732 1568 2781 erat
1626 2729 1792 2782 aliter

90 2849 116 2883 a
165 2832 354 2885 Leone
424 2827 763 2888 referretur;
825 2823 921 2894 qui
957 2823 1175 2875 scilicet
1222 2818 1378 2871 istud
1444 2815 1789 2870 miraculum

90 2920 157 2972 sic
186 2917 473 2982 narravit,
536 2921 600 2968 ut
628 2919 774 2966 esset
819 2911 1227 2965 validissimum
1288 2907 1358 2960 ad
1417 2908 1789 2959 asserendam

1898 1778 2049 1829 nem,
2085 1779 2213 1832 quae
2254 1764 2493 1832 proinde
2538 1782 2601 1817 ac
2650 1764 2774 1833 ipso
2839 1767 3020 1818 Leone
3060 1766 3375 1834 excogitata
3420 1766 3597 1819 fuisse

1896 1850 2252 1918 conjicimus.

1966 1939 2054 1990 40.
2092 1939 2401 1992 Enumerat
2429 1938 2578 1992 idem
2614 1940 2742 2003 Leo,
2774 1958 2896 2009 cap.
2949 1942 3036 2002 43,
3074 1941 3321 2010 pretiosa
3350 1958 3595 1996 munera

1898 2043 2027 2097 qum
2078 2028 2351 2080 Henricus
2412 2027 2483 2079 ob
2517 2036 2909 2097 reeiu‘ieratam
2943 2030 3243 2081 sanitatem
3278 2037 3412 2083 tunc
3447 2036 3593 2084 tem-

1898 2115 2054 2184 poris
2097 2115 2263 2168 beato
2298 2116 2602 2168 Benedicto
2651 2117 2903 2170 obtulit:
2942 2139 2967 2164 ‹‹
3030 2119 3292 2185 'l‘cxtum,
3355 2118 3592 2184 scilicet,

1898 2203 2205 2272 Evangelii,
2258 2202 2471 2256 deforis
2524 2203 2755 2272 quidem
2789 2220 2851 2257 ex
2903 2222 3017 2257 uno
3054 2206 3225 2256 latere
3252 2206 3595 2274 adopertum

1899 2306 2038 2343 auro
2080 2291 2389 2361 purissimo
2430 2307 2494 2343 ac
2523 2291 2768 2360 gemmis
2816 2290 3268 2360 pretiosissimis,
3322 2292 3391 2344 ab
3441 2292 3595 2344 intus

1898 2396 2030 2433 vero
2064 2380 2404 2444 uncialibus,
2451 2384 2515 2432 ut
2569 2380 2747 2441 aiunt,
2786 2381 2989 2433 litteris
3031 2386 3204 2450 atque
3260 2380 3459 2450 ﬁguris
3490 2397 3595 2434 au-

1897 2468 2007 2521 reis
2031 2468 2265 2521 miritice
2295 2468 2658 2531 decoratum;
2692 2469 2923 2522 calicem
2957 2484 3194 2521 aureum
3227 2484 3355 2521 cum
3386 2473 3597 2537 patena

1898 2573 1997 2609 sua
2030 2556 2273 2626 gemmis
2302 2561 2358 2608 et
2397 2556 2722 2625 margaritis
2751 2573 2813 2608 ac
2837 2558 3053 2609 smaltis
3076 2557 3313 2625 optimis
3344 2557 3599 2609 adorna-

1897 2650 2041 2702 tum:
2060 2646 2346 2714 planetam
2360 2643 2634 2711 diapistin
2651 2644 2791 2696 listis
2804 2645 2992 2698 aureis
3012 2646 3367 2710 adornatam,
3387 2646 3595 2697 stolam

1900 2750 2126 2804 quoque
2142 2738 2197 2785 et
2219 2732 2575 2801 manipulum
2592 2730 3159 2803 [mappnlam]atque
3173 2733 3468 2803 cingulum
3484 2732 3599 2785 sin-

1899 2822 2780 2893 gulasintextamauro.Pluviale
2795 2821 2965 2875 etiam
2986 2822 3144 2890 diasp
3158 2838 3283 2874 rum
3302 2838 3433 2874 cum
3449 2821 3598 2876 listis

1900 2928 2039 2964 auro
2070 2909 2255 2976 textis,
2291 2925 2517 2963 necnon
2547 2914 2604 2963 et
2641 2910 2890 2963 tunicam
2926 2910 3185 2980 ejusdem
3216 2910 3597 2981 subtegminis

89 3006 497 3061 Casinensibus
554 3001 734 3055 sancti
798 3001 975 3053 Patris
1039 2996 1304 3066 corporis
1371 2994 1789 3064 possessionem
1824 2994 1864 3048 C
1903 2998 2091 3054 aureis
2142 2999 2413 3067 operibus
2446 2998 3003 3063 exornatani,simul
3056 3002 3267 3050 etcum
3322 2998 3599 3067 mappula

88 3098 520 3167 argumentum.
558 3090 765 3144 Scribit
816 3088 967 3141 enim
999 3088 1143 3140 libro
1175 3100 1233 3151 ιι,
1276 3100 1402 3153 cap.
1463 3082 1531 3134 42
1589 3088 1644 3136 et
1695 3100 1790 3136 se—

86 3185 425 3256 quentibus,
462 3180 766 3235 Henricum
824 3177 1229 3246 imperatorem
1292 3172 1461 3225 simul
1498 3187 1627 3224 cum
1689 3173 1788 3226 Be-

86 3274 314 3327 nedicto
342 3270 469 3322 Vlll
493 3282 716 3321 summo
738 3264 1003 3335 pontiﬁce
1023 3259 1437 3314 monasterium
1485 3260 1790 3312 Casinense

84 3362 316 3425 adiisse,
349 3360 414 3413 in
443 3372 690 3427 quorum
751 3351 1050 3424 praesentia
1079 3349 1439 3403 'l‘heobaldus
1479 3348 1651 3401 abbas
1682 3350 1793 3402 Ca-

85 3450 332 3504 sinensis
369 3447 602 3511 electus,
644 3444 713 3497 ab
766 3442 889 3512 ipso
930 3440 1205 3511 pontifice
1254 3442 1611 3491 consecratus
1661 3438 1788 3491 fuit.

86 3540 238 3591 Tunc
273 3532 562 3603 temporis
591 3530 675 3584 uti
708 3528 1095 3600 prosequitur,
1135 3525 1406 3579 Henricus
1466 3525 1792 3579 acutissimo

89 3627 165 3678 ilii
192 3626 404 3679 dolore
435 3621 761 3674 vexabatur.
819 3617 911 3670 cui
964 3632 1070 3669 nec
1098 3616 1271 3684 plene
1301 3614 1627 3679 dormienti,
1690 3630 1794 3667 nec

91 3730 326 3778 prorsus
378 3708 642 3779 vigilanti
680 3706 950 3777 apparuit
976 3706 1177 3759 beatus
1209 3703 1568 3769 Benedictus,
1623 3703 1794 3772 eique

88 3804 152 3855 de
177 3818 317 3854 vera
351 3800 413 3852 in
440 3813 596 3849 sacro
629 3800 825 3848 monte
857 3792 1114 3863 corporis
1161 3791 1249 3843 sui
1279 3791 1580 3845 existentia
1623 3791 1793 3846 dubi-

89 3891 233 3943 tanti
266 3890 395 3942 baec
457 3886 635 3939 dixit:
676 3882 797 3939 Scio
850 3884 1108 3951 quoniam
1169 3886 1227 3932 tu
1280 3896 1361 3933 me
1404 3882 1660 3933 hactenus
1709 3881 1795 3931 hic

92 3978 373 4029 dubitasti
428 3976 722 4042 quiescere;
749 3971 844 4025 sed
870 3986 935 4023 ne
964 3985 1128 4038 super
1156 3968 1251 4022 hoc
1300 3970 1534 4036 amplius
1589 3969 1796 4035 aliqua-

96 4070 247 4118 tenus
302 4062 537 4127 dubites,
570 4074 849 4127 meumque
914 4060 972 4111 in
1031 4058 1141 4111 loco
1190 4057 1294 4110 isto
1323 4059 1616 4110 certisszmc
1652 4057 1792 4123 quie-

90 4168 237 4206 scere
258 4150 452 4205 credas
501 4147 898 4217 corpusculum,
952 4147 1047 4199 hoc
1082 4145 1185 4198 tibi
1238 4147 1454 4211 signum
1483 4147 1603 4198 erit.
1667 4145 1797 4200 Cum

1902 3088 2176 3159 diapistin
2211 3103 2349 3139 auro
2408 3086 2786 3139 nihilominus
2846 3087 3135 3151 decorata;
3188 3086 3418 3140 situlam
3449 3103 3594 3155 quo-

1903 3195 2013 3249 que
2048 3182 2102 3230 et
2132 3192 2373 3246 coppam
2406 3182 2732 3245 argenteam
2780 3176 3115 3246 quantitatis
3164 3192 3276 3228 non
3335 3175 3595 3242 modicae,

1902 3283 2032 3321 cum
2062 3282 2175 3335 qua
2233 3264 2495 3317 videlicet
2525 3264 2728 3317 fratres
2756 3264 2817 3317 in
2846 3263 3151 3334 praecipuis
3195 3263 3598 3317 festivitatibus

1902 3356 2185 3410 biberent.
2222 3351 2531 3421 Recollegit
2567 3357 2845 3421 praeterea
2871 3370 2901 3405 a
2931 3352 3141 3406 Judaeis
3172 3356 3381 3406 vestem
3425 3369 3594 3406 unam

1902 3445 1971 3497 de
2020 3440 2222 3495 altario
2281 3440 2459 3493 sancti
2514 3440 2821 3501 Benedicti,
2882 3457 3008 3511 quin
3066 3441 3358 3509 quondam
3417 3442 3600 3494 fuerat

1905 3529 2093 3586 Caroli
2131 3528 2302 3598 regis,
2340 3544 2512 3597 quam
2570 3527 2747 3581 iidem
2808 3529 2989 3582 Judaei
3041 3527 3368 3581 retinebant
3415 3528 3473 3581 in
3503 3528 3598 3598 pi—

1904 3632 2082 3686 gnore
2114 3632 2217 3686 pro
2251 3616 2580 3685 quingentis
2621 3617 2830 3685 aureis,
2869 3633 3091 3670 necnon
3131 3623 3187 3669 et
3222 3616 3455 3670 calicem
3502 3634 3597 3670 ar-

1904 3711 2175 3777 genteum
2200 3706 2540 3759 Saxonicuni
2571 3705 2845 3773 majorem
2871 3722 2999 3758 cum
3033 3710 3239 3773 patena
3270 3723 3391 3771 sua,
3426 3722 3597 3775 quem

1903 3795 2285 3849 Theodericus
2345 3794 2633 3847 Saxonum
2692 3811 2790 3847 rex
2866 3794 3033 3847 beato
3097 3794 3402 3848 Benedicto
3462 3795 3599 3848 olim

1906 3883 2323 3936 transmiserat.
2359 3881 2492 3945 Quae
2518 3882 2711 3935 omnia
2742 3882 2954 3953 pariter
2978 3882 3036 3934 in
3061 3881 3299 3935 fratrum
3341 3899 3599 3953 pasesen-

1906 3972 1988 4025 tia
2033 3987 2207 4041 super
2264 3971 2441 4023 altare
2499 3969 2651 4023 beati
2731 3970 3022 4024 Benedicti
3088 3986 3309 4038 ponens
3365 3971 3599 4038 obtulit;

1906 4059 2365 4130 praedictumque
2416 4075 2624 4128 papam
2674 4076 2790 4112 suae
2822 4058 3174 4111 auctoritatis
3232 4059 3601 4129 scriptionem

1908 4149 1975 4203 de
2034 4148 2173 4218 ipsis
2224 4148 2490 4201 omnibus
2540 4148 2596 4201 in
2656 4149 2765 4201 hoc
2815 4149 2998 4201 facere
3066 4149 3305 4216 rogavit,
3382 4153 3605 4218 aposto-

90 4244 339 4309 primum
370 4236 526 4291 hodie
553 4238 880 4300 sui-rexeris,
934 4236 993 4287 in
1050 4235 1311 4298 egestione
1339 4235 1511 4286 urina:
1552 4238 1658 4286 tum
1690 4238 1794 4285 tres
1826 4266 1869 4319 Β
1909 4237 2005 4291 Ιὶιτὶ
2055 4236 2432 4293 anathematis
2481 4236 2852 4290 innodatione
2889 4236 3075 4290 eidem
3109 4237 3407 4306 scriptioni
3436 4253 3606 4308 appo-

94 4330 318 4398 Iapillos
351 4342 459 4379 non
512 4341 709 4393 parvos
756 4326 996 4391 mingere
1047 4320 1290 4389 habebis,
1339 4326 1390 4375 et
1442 4337 1508 4374 ex
1540 4327 1664 4375 tunc
1715 4321 1801 4374 do-

92 4419 199 4471 lore
236 4420 345 4469 isto
367 4420 416 4468 et
444 4416 698 4482 amplius,
721 4428 829 4466 non
859 4411 1150 4465 labor-abis.
1184 4409 1449 4463 Protinus
1476 4409 1668 4479 itaque
1692 4409 1802 4462 evi-

88 4507 283 4577 gilans
305 4502 582 4557 Henricus
598 4501 866 4567 surrexit,
900 4505 1069 4571 atque
1096 4514 1163 4553 eo
1182 4498 1354 4551 modo
1382 4514 1494 4568 quo
1515 4495 1800 4567 praedixe-

88 4600 183 4647 rat
213 4598 449 4647 sanctus
470 4592 654 4655 Pater,
687 4590 989 4643 sanitatem
1032 4589 1268 4657 recepit;
1321 4603 1385 4639 ac
1426 4601 1594 4639 mane
1653 4584 1800 4637 facto

89 4684 152 4736 in
184 4680 511 4751 capitulum
570 4678 806 4731 veniens
836 4676 1052 4729 cunctis
1089 4675 1356 4728 fratribus
1414 4690 1533 4726 rem
1582 4677 1802 4741 gestam

93 4771 324 4835 retulit,
389 4772 446 4821 et
505 4767 616 4820 alia
682 4766 864 4818 multa
924 4780 1052 4834 quae
1104 4763 1225 4816 fuse
1282 4761 1652 4833 prosequitur
1706 4760 1801 4813 ille

94 4866 322 4925 auctor,
359 4861 512 4910 totus
545 4855 600 4908 in
644 4870 711 4908 eo
740 4859 807 4907 ut
835 4869 901 4906 ex
940 4853 1047 4905 hoc
1098 4851 1371 4904 miraculo
1400 4849 1621 4903 evincat
1654 4848 1804 4902 beati

95 4948 283 5001 Patris
321 4944 598 5014 reliquias
642 4956 941 5011 nunquam
986 4939 1045 4992 in
1076 4939 1311 4992 Galliam
1356 4938 1548 4991 allatas
1578 4935 1751 4989 fuisse
1786 4953 1801 4988 :

97 5036 253 5105 quod
292 5050 434 5087 sane
474 5049 539 5086 ex
592 5031 716 5084 Vita
765 5028 947 5083 sancti
1000 5026 1223 5081 Henrici
1278 5025 1442 5080 facile
1474 5041 1593 5078 non
1647 5022 1803 5077 colli-

96 5124 274 5193 gitur.

176 5215 222 5265 9.
257 5213 387 5266 Non
415 5208 611 5278 itaque
632 5205 944 5260 indubium
968 5202 1218 5257 revocari
1248 5201 1418 5256 velim
1438 5204 1555 5253 tam
1584 5200 1804 5254 illustre

101 5297 475 5353 miraculum.
537 5294 730 5350 Potuit
783 5294 935 5348 enim
983 5297 1209 5346 sanctus
1248 5293 1433 5356 Pater,
1465 5289 1572 5343 etsi
1628 5289 1807 5360 ipsius

102 5406 233 5442 ossa
281 5388 341 5440 in
375 5384 572 5439 Galliis
600 5383 936 5454 jacuissent,
972 5398 1092 5435 sese
1128 5378 1463 5450 imperatori
1497 5377 1808 5432 dormienti

103 5476 396 5531 visibilem
429 5473 489 5527 in
530 5477 723 5526 monte
772 5472 975 5526 Casino
1022 5469 1296 5541 praebere,
1348 5470 1414 5520 ut
1442 5466 1582 5520 alias
1611 5465 1809 5521 fecisse

102 5565 322 5619 dicitur
380 5562 442 5616 in
515 5560 656 5615 locis
714 5558 1083 5630 quibusdam,
1141 5572 1286 5628 quos
1337 5570 1443 5608 nec
1489 5554 1649 5608 vivus
1705 5570 1810 5608 nec

469 5676 741 5740 PATROL.
796 5673 969 5738 CXL.

1912 4326 2037 4393 sita,
2071 4341 2140 4378 ne
2165 4324 2293 4395 quis
2324 4341 2576 4395 unquam
2601 4327 2687 4378 vel
2723 4326 2828 4378 hoc
2858 4326 2976 4378 loco
3010 4342 3137 4395 quae
3196 4325 3461 4392 diximus,
3519 4328 3606 4380 vel

1911 4415 2023 4469 alia
2053 4430 2183 4484 qua:
2214 4414 2274 4466 in
2327 4422 2492 4467 antea
2524 4413 2679 4467 idem
2729 4413 3039 4483 imperator
3095 4413 3229 4467 huic
3258 4415 3605 4468 monasterio

1911 4501 2274 4566 concesserit,
2316 4500 2538 4553 auferre
2576 4506 2902 4570 praesumat.
2938 4524 2963 4549 ››

1987 4594 2040 4643 ll
2061 4630 2073 4643 .
2105 4589 2252 4653 Quin
2285 4595 2343 4642 et
2390 4589 2727 4643 Benedictus
2752 4589 3002 4659 pontifex
3057 4594 3111 4643 et
3156 4589 3467 4659 Piligrinus
3498 4591 3605 4645 Co-

1912 4677 2261 4731 loniensium
2292 4677 2548 4743 antistes,
2605 4693 2707 4729 sua
2740 4677 2955 4746 pariter
2985 4693 3224 4730 munera
3253 4679 3605 4743 obtulerunt,

1912 4782 2041 4836 quae
2077 4766 2187 4819 Leo
2220 4771 2473 4818 recenset
2494 4764 2697 4818 eodem
2731 4765 2850 4817 loco
2885 4780 2897 4817 :
2929 4784 2955 4815 ‹‹
2988 4766 3143 4818 Idem
3202 4782 3432 4835 quoque
3469 4781 3607 4833 apo-

1913 4853 2165 4919 stolicus,
2213 4852 2571 4922 imperatoris
2616 4853 2786 4905 saluti
2817 4854 2978 4906 valde
3028 4854 3448 4922 congratularis,
3503 4852 3609 4905 ob-

1914 4940 2047 4994 tulit
2100 4945 2157 4994 et
2187 4940 2307 5010 ipse
2349 4940 2514 4993 beato
2584 4940 2885 4993 Benedicto
2916 4940 3119 4993 eodem
3176 4940 3265 4993 die
3322 4939 3609 5008 planetam

1914 5028 2195 5099 optimam
2253 5028 2443 5080 veneti
2499 5027 2727 5094 coloris,
2791 5028 2934 5080 listis
2993 5026 3368 5080 nihilominus
3425 5025 3611 5079 aureis

1916 5116 2183 5170 decenter
2236 5121 2517 5182 ornatam,
2556 5125 2612 5169 et
2660 5117 2864 5169 stolam
2912 5131 3082 5168 unam
3141 5116 3415 5186 optimam
3473 5131 3611 5167 auro

1916 5204 2174 5259 brustam
2197 5220 2328 5257 cum
2357 5205 2655 5273 manipulo
2685 5221 2808 5257 suo.
2841 5203 2947 5257 Sed
2978 5208 3035 5256 et
3072 5202 3368 5271 Belgrinus
3428 5203 3610 5256 archi-

1918 5294 2245 5364 episcopus,
2268 5292 2341 5345 ob
2370 5293 2612 5361 gratiam
2643 5291 3029 5361 imperatoriae
3050 5290 3326 5355 sanitatis,
3353 5292 3616 5345 similiter

1918 5380 2128 5434 obtulit
2174 5379 2344 5433 beato
2402 5380 2702 5433 Benedicto
2762 5380 3053 5448 planetam
3111 5395 3459 5449 purpuream
3511 5396 3612 5450 0p-

1918 5468 2143 5537 timam,
2203 5468 2394 5520 aureis
2473 5468 2619 5519 listis
2694 5466 2978 5520 mensium
3064 5467 3362 5522 duodecim
3453 5469 3618 5537 signa

1924 5556 2274 5610 habentibus
2321 5556 2377 5608 in
2432 5554 2671 5608 circuitu
2725 5556 3077 5624 adornatam,
3112 5560 3163 5611 et
3225 5557 3431 5611 stolam
3487 5572 3617 5610 cum

3278 5670 3315 5733 7
