4016 6202
413 319 520 372 203
1397 317 1561 372 νιΤΑ
1599 315 1655 370 S.
1696 314 2160 381 CUNEGUNDIS,

411 457 574 508 auro,
607 443 663 495 et
688 439 935 511 pluviale
966 454 1166 492 unum.
1198 439 1330 493 Post
1357 437 1478 492 haec
1525 438 1676 492 idem
1738 437 2105 494 Christianis-
2130 439 2176 490 Α

415 530 593 584 simus
632 529 962 600 imperator,
1014 527 1201 580 adhuc
1229 542 1436 596 parum
1489 526 1628 596 quid
1661 525 1995 580 existimans
2050 541 2109 580 se

412 633 532 688 prae
575 617 757 670 nimia
794 615 967 685 hujus
1013 613 1120 667 loci
1168 612 1471 666 dilectione
1508 612 1729 678 fecisse,
1781 612 2110 666 admonitus

413 705 484 758 ab
517 705 714 758 eodem
740 702 1038 772 Piligrino,
1098 705 1157 755 et
1193 699 1544 754 Theodorico
1590 701 1932 754 cancellario
1981 716 2108 766 suo,

413 794 591 846 altera
617 792 708 845 die
745 791 877 844 facit
919 794 1270 860 praeceptum
1302 787 1682 842 concessionis
1726 788 1788 842 in
1840 789 1950 842 hoc
1987 789 2110 842 loco

414 880 482 934 de
516 881 715 943 Rocca,
749 868 878 948 qua:
926 877 1132 931 dicitur
1162 877 1392 942 Vantra,
1425 878 1587 947 cujus
1637 892 2014 946 possessores,
2047 892 2112 930 ac

413 969 458 1021 si
510 967 813 1020 latrunculi
841 966 1097 1035 quidam,
1149 965 1256 1018 hoc
1305 964 1722 1019 monasterium
1764 964 2108 1036 frequentis-

409 1057 550 1109 sime
608 1054 981 1119 infestabant;
1035 1069 1101 1106 ac
1153 1059 1390 1124 propter
1449 1069 1517 1106 ea
1571 1052 1730 1106 illam
1789 1053 1859 1106 de
1903 1067 2106 1107 eorum

411 1143 676 1198 manibus
717 1148 994 1211 ereptam,
1027 1140 1098 1194 ad
1140 1157 1275 1193 usus
1305 1155 1598 1193 servorum
1641 1139 1740 1192 Dei
1779 1140 1951 1210 hujus
1999 1141 2106 1194 loci

409 1231 470 1284 in
501 1235 841 1301 perpetuum
899 1229 1224 1282 habendam
1256 1233 1312 1281 et
1354 1227 1714 1281 retinendam
1745 1229 2103 1282 contradidit.

412 1319 565 1372 Fecit
622 1324 679 1370 et
727 1317 884 1371 aliud
915 1322 1271 1386 prmceptum
1302 1317 1370 1369 de
1399 1316 1682 1370 universis
1739 1315 1956 1386 ubique
1987 1322 2108 1371 ter-

411 1422 605 1459 rarum
625 1405 795 1474 hujus
826 1406 932 1458 loci
965 1404 1440 1474 possessionibus,
1464 1405 1632 1474 juxta
1658 1409 1919 1458 tenorem
1948 1405 2110 1460 vide—

413 1495 543 1547 licet
572 1495 987 1562 imperatorum
1040 1497 1466 1546 antecessorum
1518 1508 1775 1557 suorum,
1829 1509 1935 1562 per
1957 1497 2105 1563 quod

413 1581 582 1633 etiam
641 1585 1012 1649 praeceptum,
1065 1581 1475 1633 monasterium
1535 1586 1742 1634 sanctae
1811 1581 1998 1635 Mariae
2051 1583 2108 1634 in

414 1669 669 1722 Canneto
695 1669 754 1720 in
784 1667 993 1721 ﬁnibus
1020 1668 1408 1721 Termulensis
1441 1668 1728 1738 imperiali
1773 1668 2108 1723 auctoritate
2145 1720 2164 1738 ,.

413 1757 473 1809 in
529 1756 635 1809 hoc
683 1756 1028 1808 monasterio
1086 1755 1465 1809 conﬁrmavit.
1538 1755 1744 1826 Sicque
1817 1773 2108 1811 commen-

414 1845 556 1898 dans
586 1861 644 1897 se
675 1845 992 1913 plurimum
1046 1844 1199 1897 Patri
1263 1844 1564 1898 Benedicto
1594 1850 1650 1897 et
1676 1845 1945 1898 omnibus
1991 1846 2109 1899 fra-

415 1932 616 1995 tribus,
651 1948 780 1986 cum
809 1933 1040 1985 illorum
1068 1931 1460 1986 benedictione
1491 1948 1751 1986 reversus
1801 1932 2110 2003 adpropria

415 2026 518 2073 est.
556 2021 620 2074 Et
650 2036 720 2073 ne
751 2020 896 2074 tanti
948 2019 1324 2074 benefactoris
1361 2021 1451 2074 sui
1480 2021 1824 2075 beneﬁcium
1855 2021 2110 2076 oblivisci

414 2108 776 2176 aliquatenus
803 2107 1116 2172 videretur,
1161 2123 1288 2160 mox
1317 2113 1380 2160 ut
1407 2107 1644 2161 domum
1674 2108 1866 2172 rediit,
1905 2109 2107 2177 plane-

412 2201 530 2247 tam
581 2194 858 2262 optimam
889 2192 1270 2258 diarodinam,
1303 2194 1492 2247 aureis
1537 2193 1682 2247 listis
1722 2194 2110 2264 pulcherrime

413 2283 760 2349 decoratam,
817 2297 932 2334 una
987 2298 1116 2334 cum
1148 2282 1278 2334 alba
1332 2287 1390 2334 et
1435 2281 1692 2348 cingulo,
1746 2282 1892 2335 stola
1937 2289 2110 2353 atque

414 2370 730 2439 manipulo,
766 2369 958 2439 qualia
1005 2369 1413 2440 imperatorem
1447 2369 1674 2422 mittere
1725 2369 1970 2434 deceret,
1998 2372 2111 2424 huc

411 2457 479 2510 ad
531 2457 763 2510 beatum
789 2456 1161 2510 Benedictum
1201 2472 1329 2509 cum
1359 2455 1623 2508 maximis
1651 2456 1968 2525 gratiarum
2015 2474 2107 2511 ac—

411 2545 660 2599 tionibus
707 2545 1098 2598 transmittere
1131 2544 1348 2597 studuit
1388 2560 1401 2597 :
1437 2548 1724 2614 tantaeque
1775 2544 1845 2598 de
1900 2551 2108 2600 cmtero

411 2626 560 2688 circa
592 2634 743 2688 hunc
788 2639 1049 2688 sanctum
1079 2634 1270 2687 locum
1326 2632 1652 2686 devotionis
1683 2632 1921 2700 exstitit,
1967 2640 2031 2688 ut
2060 2635 2107 2688 si

409 2723 704 2794 aliquanto
743 2722 960 2777 diutius
1012 2722 1248 2786 viveret,
1304 2721 1503 2776 relicto
1569 2721 1800 2793 imperii
1854 2722 2104 2792 fastigio,

415 2813 526 2866 Deo
557 2829 614 2865 se
636 2813 742 2866 sub
773 2815 982 2865 sanctas
1011 2810 1380 2880 professionis
1410 2809 1612 2864 habitu
1635 2811 1729 2864 hic
1755 2812 2104 2865 serviturum

413 2901 738 2972 sponderet.
776 2919 804 2947 ››

485 2991 569 3042 l2.
593 2988 772 3040 Tanta
801 2989 991 3040 autem
1025 2989 1144 3038 erat
1169 2985 1394 3039 Henrici
1420 2985 1476 3038 in
1511 2990 1736 3039 nostros
1769 2986 2100 3057 propensio,
2135 2994 2174 3048 C

411 3079 476 3129 ut
499 3075 691 3144 vulgo,
723 3076 864 3125 teste
895 3077 1122 3125 auctore
1189 3071 1453 3125 Chronici
1485 3071 2005 3126 Lauresheimensis
2033 3073 2104 3126 ad

411 3178 628 3216 annum
686 3160 843 3223 1000,
911 3158 1302 3212 Monachorum
1353 3160 1516 3212 Pater
1583 3160 1971 3228 appellaretur.
2040 3160 2108 3214 Et

412 3267 547 3304 sane
581 3264 711 3301 vere
740 3263 941 3300 eorum
974 3248 1200 3300 Patrem
1236 3245 1408 3300 fuisse
1431 3253 1489 3301 et
1520 3250 1828 3318 patronum
1861 3248 2106 3318 probant

410 3345 601 3392 vetera
633 3335 846 3406 passim
899 3334 1304 3401 instrumenta,
1334 3335 1394 3388 in
1426 3351 1628 3389 eorum
1671 3337 1917 3404 gratiam
1949 3337 2099 3391 data.

409 3427 624 3480 Novem
685 3440 753 3478 ex
793 3423 862 3476 iis
912 3423 1131 3494 profert
1188 3424 1484 3477 Gretserus
1534 3423 1592 3476 in
1651 3423 1800 3478 libro
1842 3424 1920 3478 De
1961 3424 2104 3479 divis

412 3513 948 3583 Bambergensibus,
981 3527 1229 3582 quorum
1261 3516 1385 3565 octo
1417 3528 1522 3581 pro
1551 3511 1848 3565 Altahensi
1897 3528 2101 3567 mona-

408 3604 602 3669 sterio,
631 3616 852 3655 nonum
913 3617 1018 3670 pro
1047 3600 1459 3670 Tegernseensi
1516 3605 1668 3664 sunt,
1720 3600 1916 3654 omnia
1986 3601 2103 3657 fere

407 3693 778 3762 promovente
845 3693 900 3742 et
955 3687 1230 3741 excitante
1275 3693 1470 3742 sancta
1542 3688 1895 3759 Cunegunde
1965 3706 2100 3744 con-

406 3795 580 3833 cessa.
632 3776 894 3847 Quinque
967 3774 1078 3828 alia
1118 3774 1348 3827 exhibet
1408 3774 1717 3828 Bullarium
1797 3775 2100 3832 Casinense

403 3873 562 3922 tomo
593 3866 662 3926 ll,
694 3881 799 3934 pro
831 3862 1003 3917 variis
1025 3862 1202 3916 Italiae
1234 3863 1620 3917 monasteriis.
1670 3863 1794 3917 Alia
1853 3865 2101 3933 plerum-

405 3974 516 4028 que
536 3957 596 4009 in
629 3953 754 4007 aliis
775 3952 937 4006 libris
989 3951 1294 4018 habentur,
1329 3968 1458 4022 quae
1507 3951 1845 4023 singillatim
1899 3969 2097 4008 recen-

404 4061 528 4099 sere
559 4058 674 4097 non
705 4046 881 4094 vacat.
920 4042 1130 4094 Praeter
1185 4040 1602 4111 Bambergense
1661 4042 2095 4109 monasterium,

403 4135 474 4188 de
503 4148 617 4202 quo
647 4146 817 4200 supra
847 4128 1117 4193 diximus,
1173 4133 1227 4182 et
1280 4129 1684 4198 Confugiense,
1720 4129 1872 4198 quod
1919 4131 2095 4200 potis-

402 4221 613 4276 simum
667 4234 698 4270 a
745 4215 1097 4286 Cunegunde
1153 4215 1416 4269 dotatum
1501 4214 1630 4283 fuit,
1685 4217 2093 4272 monasterium

400 4310 802 4364 Schutterense
828 4304 886 4357 in
912 4303 1385 4373 Argentoratensi
1407 4302 1657 4368 dimcesi,
1680 4300 2091 4374 pene‘omnino

400 4397 770 4458 destructum,
830 4409 865 4446 a
917 4392 1305 4446 fundamentis
1387 4391 1698 4456 renovavit,
1774 4392 2091 4463 ampliavit,

400 4484 712 4554 multisque
764 4479 1219 4553 possessionibus
1264 4479 1462 4532 ditavit
1495 4483 1558 4532 ut
1586 4483 1823 4533 testatur
1869 4481 2093 4534 Trithe-

397 4573 550 4627 mius
577 4571 638 4625 in
694 4568 974 4624 Chronico
1023 4565 1414 4636 Hirsaugiensi
1441 4565 1512 4620 ad
1541 4581 1756 4620 annum
1789 4568 1943 4621 1007.
1976 4569 2095 4620 Vir-

396 4662 652 4716 dunense
683 4658 860 4712 sancti
899 4654 1087 4710 Vitoni
1140 4655 1399 4724 ejusdem
1448 4653 1772 4724 sumptibus
1797 4659 2092 4710 restaura-

397 4755 516 4802 tum
549 4751 652 4800 est.
699 4746 811 4798 Nec
839 4742 1310 4814 praetereundum
1345 4740 1539 4796 nobile
1573 4757 1865 4795 sacrarum
1913 4741 2091 4812 virgi-

395 4854 533 4891 num
565 4833 912 4900 ccenobium,
945 4831 1100 4902 quod
1135 4830 1306 4884 simul
1335 4847 1467 4885 cum
1527 4831 1880 4900 Cunegunde
1937 4831 2090 4901 apud

395 4926 766 4994 Neoburgum
816 4921 1069 4976 Bavariaa
1125 4922 1329 4975 urbem
1385 4920 1446 4973 in
1499 4919 1621 4990 ipsa
1673 4918 1917 4972 Danubii
1964 4918 2089 4988 ripa

392 5012 544 5067 idem
582 5013 902 5082 imperator
947 5007 1220 5062 condidit.
1258 5009 1370 5061 Hoc
1402 5007 1462 5060 in
1493 5007 1616 5061 loco
1663 5005 1872 5076 opibus
1915 5009 1970 5059 et
2000 5022 2088 5059 re-

391 5100 608 5172 ligione
664 5097 1037 5152 celeberrimo
1068 5094 1454 5162 perseveravit
1504 5095 1644 5148 ordo
1685 5093 2089 5148 Benedictinus

391 5205 573 5260 usque
594 5187 664 5242 ad
712 5183 903 5239 saeculi
936 5182 1194 5253 proxime
1233 5181 1412 5252 elapsi
1442 5181 1640 5248 ﬁnem,
1679 5198 1795 5252 quo
1826 5186 2087 5251 tempore

394 5274 829 5332 Lutheranismo
860 5269 1262 5334 invalescente,
1293 5272 1424 5338 post
1455 5268 1800 5339 Magdalena:
1827 5267 2087 5322 Hundtin

389 5365 460 5419 de
514 5358 865 5418 Lauterbach
922 5357 1222 5412 abbatissa:
1283 5356 1523 5422 obitum,
1593 5372 1742 5410 nova
1809 5355 2086 5411 electione

389 5450 710 5514 interdicta,
752 5447 833 5501 fas
872 5445 1240 5517 postmodum
1272 5461 1388 5500 non
1415 5445 1521 5498 fuit
1548 5444 1800 5513 virgines
1847 5444 1916 5498 ad
1951 5461 2087 5515 pro-

390 5539 695 5594 fessionem
743 5534 1116 5589 monasticam
1170 5533 1488 5600 admittere,
1532 5532 1650 5586 imo
1682 5532 1751 5586 iis
1779 5547 1907 5602 quae
1935 5533 2082 5588 resi-

2207 315 2324 370 UBI
2365 312 2454 368 DE
2493 315 2548 367 S.
2593 314 2916 369 HENRICO.
3850 319 3967 374 20ιὶ

2214 437 2342 496 duo.»
2399 443 2564 494 erant
2616 437 2870 492 nubendi
2917 437 3196 508 permissa
3218 437 3448 494 licentia
3497 439 3758 506 est;sed
3825 455 3969 493 eam

2218 547 2417 588 omnes
2444 525 2726 582 constanti
2769 526 2962 580 animo
3019 533 3385 598 respuerant.
3445 527 3666 596 Omnes,
3752 528 3973 600 inquit

2220 619 2524 675 Bucelinus
2553 616 2612 669 in
2645 615 2947 670 Germania
2998 631 3177 683 sacra,
3224 631 3367 684 pane
3421 617 3825 671 tribulationis
3900 616 3975 669 ad

2219 710 2424 764 obitum
2475 719 2644 774 usque
2729 707 3060 767 sustentata,
3104 705 3334 758 Numini
3387 719 3498 758 sese
3560 706 3622 758 in
3685 703 3977 757 adversis

2218 798 2430 866 egregie
2456 794 2823 864 probaverunt
2846 795 2897 844 et
2925 791 3456 846 commendaverunt.
3491 792 3692 846 Rebus
3737 797 3976 862 postea

2218 885 2454 958 pacatis,
2477 881 2576 936 sed
2600 879 3418 950 virginesibinullaerestitutas
3436 886 3590 945 sunt,
3605 881 3716 934 sed
3742 882 3977 935 incidit

2220 971 2637 1028 monasterium
2669 967 2729 1021 in
2760 983 2961 1020 manus
2979 967 3213 1020 Patrum
3245 967 3533 1022 societatis
3564 970 3734 1022 Jesu.
3760 969 3976 1022 Abba-

2218 1061 2486 1114 tissarum
2538 1055 2863 1126 catalogum
2927 1053 3157 1108 exhibet
3226 1053 3385 1108 idem
3431 1055 3759 1110 Bucelinus
3833 1056 3970 1109 loco

2223 1147 2474 1202 laudato.

2295 1273 2377 1324 l3.
2416 1270 2587 1323 Porro
2612 1283 2728 1320 non
2791 1265 2982 1320 minus
3045 1282 3108 1319 ac
3139 1266 3260 1320 loca
3307 1283 3465 1321 sacra
3512 1269 3678 1322 viros
3726 1269 3964 1323 virtute

2219 1362 2277 1412 et
2305 1356 2608 1410 sanctitate
2640 1355 2890 1410 illustres
2919 1353 3139 1408 colebat
3187 1354 3493 1422 Henricus,
3528 1372 3806 1426 quorum
3850 1375 3964 1428 ope

2221 1462 2284 1500 ac
2335 1445 2588 1499 consiliis
2635 1445 2696 1497 in
2761 1459 2863 1496 sua
2905 1458 3257 1514 suorumque
3317 1444 3689 1498 subditorum
3754 1448 3964 1500 salute

2222 1535 2580 1604 procuranda
2627 1532 2848 1586 assidue
2880 1533 3165 1585 utebatur.
3199 1532 3357 1585 Tales
3410 1534 3572 1586 fuere
3629 1535 3962 1604 \Volfgan-

2221 1640 2327 1694 gus
2345 1622 2648 1692 episcopus
2674 1619 3103 1690 Ratisponensis
3131 1620 3232 1689 qui
3261 1621 3385 1689 ejus
3413 1620 3473 1673 in
3524 1621 3730 1690 prima
3775 1629 3962 1674 astate

2143 1720 2182 1772 Β
2221 1711 2516 1766 institutor
2535 1711 2707 1763 fuisse
2755 1709 2981 1777 dicitur,
3013 1709 3384 1762 Godehardus
3437 1709 3708 1780 primum
3783 1714 3961 1763 Alta-

2221 1799 2414 1854 hensis
2501 1798 2695 1864 abbas,
2770 1803 2969 1866 postea
3036 1797 3336 1867 episcopus
3391 1798 3963 1864 Hildesheimensis,

2223 1888 2555 1942 Heribertus
2606 1885 2983 1950 Coloniensis,
3037 1886 3234 1956 Poppo
3304 1885 3672 1940 Stabulensis
3738 1889 3961 1953 abbas,

2222 1975 2540 2032 Richardus
2567 1973 2956 2035 Virdunensis,
2992 1972 3156 2027 Odilo
3212 1974 3621 2042 Cluniacensis,
3699 1976 3960 2030 Willet-

2222 2081 2350 2119 mus
2431 2061 2809 2126 Divionensis,
2896 2060 3210 2114 Pandulfus
3262 2063 3651 2130 Agaunensis,
3715 2069 3788 2118 et.
3867 2067 3964 2119 alii

2221 2152 2570 2222 complures,
2620 2149 2719 2220 qui
2766 2155 2901 2203 tunc
2929 2149 3206 2219 temporis
3236 2151 3622 2204 monasticam
3662 2153 3966 2207 ordinem

2221 2240 2605 2294 illustrabant.
2649 2240 2811 2293 Certe
2845 2241 3042 2292 auctor
3082 2243 3170 2291 est
3223 2238 3420 2291 Petrus
3483 2240 3779 2293 Damiani
3825 2259 3966 2295 san-

2219 2333 2375 2383 ctum
2431 2327 2816 2382 Romualdum
2847 2326 2938 2380 die
2989 2326 3240 2396 quadam
3297 2328 3367 2381 ad
3417 2328 3744 2383 Henricum
3819 2336 3969 2384 tunc

2219 2416 2493 2488 temporis
2548 2416 2608 2469 in
2639 2415 2799 2468 [talia
2855 2419 3120 2486 agentem
3173 2416 3490 2483 accessisse,
3525 2419 3645 2483 cui,
3720 2419 3968 2490 inquit.

2216 2520 2322 2558 non
2345 2519 2525 2573 pauca
2555 2505 2762 2558 locutus
2791 2507 2868 2557 est
2911 2502 2977 2555 de
2998 2504 3328 2557 restituendo
3368 2505 3496 2573 jure
3545 2508 3967 2566 ecclesiarum.

2217 2594 2282 2648 de
2310 2597 2567 2648 violentia
2602 2598 2896 2661 potentum.
2927 2591 2990 2644 de
3035 2594 3378 2660 oppressione
3431 2609 3796 2662 pauperum,
3855 2604 3967 2650 etc.

2215 2682 2378 2746 Quod
2432 2681 2632 2751 iniquo
2665 2681 2859 2733 animo
2913 2695 3026 2733 non
3077 2681 3212 2734 tulit
3260 2680 3591 2750 imperator,
3662 2684 3813 2737 imo
3883 2687 3972 2738 vi-

2214 2769 2265 2823 ri
2350 2770 2708 2823 sanctitatem
2759 2768 3069 2832 reveritus,
3119 2767 3174 2820 ei
3240 2769 3664 2822 monasterium
3755 2773 3973 2826 sancti

2213 2857 2443 2923 Amiati,
2473 2856 2534 2910 in
2590 2873 2704 2926 quo
2751 2860 3014 2925 tepuerat
3061 2855 3417 2908 observantia
3477 2857 3802 2926 regularis
3842 2877 3974 2913 suae

2212 2946 2392 3016 ipsius
2439 2943 2874 3015 congregationi
2926 2942 3287 2996 subdendum
3344 2943 3603 2997 tradidit.
3706 2947 3976 3001 Etenim

2215 3035 2432 3089 delicias
2463 3034 2585 3104 ejus
2641 3038 2808 3086 erant
2857 3047 2987 3084 cum
3036 3030 3172 3084 viris
3225 3031 3507 3100 religiosis
3562 3037 3977 3092 conversari.

2217 3125 2357 3179 Hinc
2377 3140 2442 3178 ex
2475 3123 2638 3176 ltalia
2666 3121 2727 3175 in
2756 3119 3118 3176 Germaniam
3165 3120 3408 3188 rediens,
3440 3120 3690 3177 dimisso
3770 3141 3976 3180 exer-

2213 3213 2350 3276 citu,
2408 3212 2741 3266 Cluniacum
2772 3225 2902 3265 cum
2931 3209 3127 3279 paucis
3156 3225 3187 3262 e
3213 3209 3329 3263 suis
3371 3209 3782 3266 familiaribus
3823 3232 3977 3286 per.

2213 3301 2380 3368 rexit,
2410 3322 2432 3348 ι
2467 3300 2586 3365 ubi,
2629 3298 2819 3368 inquit
2866 3297 3003 3352 Vite
3053 3298 3176 3367 ejus
3205 3304 3406 3351 auctor
3437 3313 3561 3367 cap.
3629 3303 3732 3368 26,
3816 3322 3972 3360 cum

2213 3389 2466 3458 plurima
2496 3389 2657 3458 signa
2695 3386 2991 3457 religionis
3020 3391 3076 3439 et
3105 3385 3416 3439 sanctitatis
3441 3386 3706 3452 vidisset,
3749 3395 3974 3447 sancti

2213 3477 2457 3546 Spiritus
2487 3477 2619 3547 igne
2649 3491 2974 3540 succensus,
3007 3489 3284 3527 coronam
3327 3490 3560 3528 auream
3609 3480 3968 3546 pretiosis-

2214 3563 2372 3616 simis
2400 3563 2644 3633 gemmis
2682 3563 3036 3627 adornatam,
3081 3561 3151 3614 ad
3184 3560 3416 3613 missam
3447 3577 3576 3631 quas
3609 3563 3690 3616 de
3726 3569 3968 3621 cathe-

2213 3651 2316 3704 dra
2333 3651 2511 3704 sancti
2557 3649 2708 3704 Petri
2739 3647 3152 3713 celebrabatur,
3186 3648 3414 3713 obtulit,
3466 3653 3525 3702 et
3571 3649 3969 3710 fraternita-

2211 3740 2330 3791 tem
2371 3737 2782 3790 monachorum
2844 3735 3187 3805 suscipiens,
3244 3751 3373 3789 cum
3426 3735 3688 3792 maxima
3744 3740 3971 3796 humi-

2213 3823 2371 3878 litate
2428 3830 2485 3878 et
2537 3824 2877 3878 contritione
2938 3823 3127 3876 cordis
3179 3823 3536 3877 orationibus
3595 3841 3828 3884 eorum
3898 3849 3970 3884 se

2210 3912 2652 3977 commendavit,
2711 3916 2767 3966 et
2821 3911 2879 3964 in
2947 3912 3413 3980 supplementum
3450 3916 3962 3972 necessariarum

2212 4015 2403 4054 rerum
2431 3999 2490 4052 in
2515 4000 2730 4054 Alsatia
2761 3998 2980 4069 optima
3011 4000 3226 4069 praedia
3255 4000 3437 4053 eidem
3464 4009 3967 4073 congregationi

2208 4087 2574 4142 contradidit.
2607 4089 2745 4142 Inde
2771 4088 2882 4141 iter
2910 4087 3148 4153 faciens,
3195 4103 3300 4157 per
3353 4088 3628 4143 Leodium
3664 4098 3727 4145 et
3786 4095 3969 4150 Tre-

2205 4177 2374 4230 virim
2421 4176 2728 4230 transitum
2759 4175 2914 4242 fecit,
2955 4181 3012 4229 et
3065 4177 3538 4248 congregationes
3590 4179 3749 4235 inibi
3813 4186 3966 4240 Deo

2205 4264 2547 4319 famulantes
2619 4264 2883 4336 plurimis
2939 4264 3340 4335 largitionibus
3413 4271 3472 4320 et
3524 4270 3782 4337 praediis
3850 4276 3965 4328 di-

2135 4324 2176 4377 D
2203 4353 2361 4407 tavit.
2387 4374 2414 4402 »

2279 4477 2363 4530 14.
2397 4477 2601 4530 Narrat
2627 4481 2826 4531 auctor
2881 4475 3020 4531 Vitae
3077 4477 3231 4532 beati
3261 4477 3531 4533 Richardi
3594 4481 3962 4544 Henricum

2201 4564 2512 4636 aliquando
2544 4565 2860 4619 Virdunum
2901 4567 3222 4634 accessisse,
3276 4571 3340 4620 ut
3394 4567 3634 4623 beatum
3671 4572 3966 4632 Richar-

2201 4651 2360 4718 dum,
2384 4669 2498 4723 quo
2528 4669 2680 4722 saepe
2711 4652 3046 4706 familiarius
3080 4655 3366 4719 utebatur,
3397 4653 3695 4712 inviseret.
3735 4661 3965 4719 Cum-

2201 4757 2315 4811 que
2345 4741 2678 4796 monasterii
2712 4740 2889 4794 sancti
2932 4740 3144 4807 Vitoui,
3179 4741 3269 4794 cui
3297 4741 3390 4794 ille
3425 4742 3605 4796 abbas
3637 4760 3965 4814 praeerat,

2201 4827 2442 4882 aediﬁcia
2510 4829 2902 4898 perlustraret,
2960 4829 3271 4882 claustrum
3330 4829 3649 4899 ingressus,
3711 4841 3965 4895 statim

2199 4916 2353 4970 hunc
2397 4916 2605 4986 psalmi
2631 4915 2976 4970 versiculum
3018 4915 3160 4970 dixit
3195 4934 3206 4970 :
3240 4918 3359 4970 Hac
3409 4921 3628 4987 requies
3675 4937 3821 4978 mea
3899 4933 3969 4984 in

2198 5006 2449 5058 saeculum
2496 5006 2681 5059 saeculi
2721 5020 2735 5057 :
2795 5004 2882 5058 hic
2941 5003 3199 5058 habitabo
3247 5007 3505 5074 quoniam
3558 5008 3700 5075 elegi
3772 5029 3969 5072 eam.

2197 5093 2318 5156 Qua
2344 5093 2413 5146 de
2444 5108 2504 5145 re
2563 5093 2826 5146 turbatus
2886 5093 3100 5161 Heymo
3156 5091 3531 5146 Virdunensis
3571 5095 3972 5172 episcopus,

2198 5180 2295 5251 qui
2337 5196 2590 5250 praesens
2660 5180 2873 5246 aderat,
2929 5180 3076 5232 clam
3131 5180 3484 5235 Ricbardum
3544 5185 3792 5239 monuit
3884 5211 3978 5249 ne

2197 5269 2523 5335 Henricum,
2565 5269 2716 5340 quod
2765 5269 2871 5322 hoc
2899 5267 3020 5321 sine
3057 5267 3385 5322 incredibili
3417 5269 3648 5340 imperii
3690 5273 3981 5337 damno

2195 5355 2323 5411 ﬁeri
2360 5357 2644 5428 nequiret,
2692 5357 3038 5410 monachum
3071 5356 3200 5410 ﬁeri
3228 5357 3377 5428 apud
3431 5374 3489 5412 se
3521 5359 3767 5415 sineret.
3825 5370 3981 5426 Ρο-

2197 5445 2394 5499 stridie
2449 5446 2645 5516 itaque
2699 5445 2939 5499 Henrico
2988 5460 3182 5499 coram
3235 5446 3594 5501 omnibusin
3642 5450 3980 5520 capitulo

2195 5532 2398 5586 astanti
2449 5534 2618 5603 petiit
2646 5533 2965 5589 Richardus
2998 5549 3139 5588 num
3198 5534 3365 5588 vellet
3393 5534 3518 5588 ﬁeri
3553 5541 3970 5614 monachus,
