4016 6202
124 349 227 401 ἓοὸ

1123 349 1284 403 VITA
1325 350 1380 403 S.
1423 350 1885 417 CUNEGUNDIS,
1930 354 2045 408 UBI
2085 355 2174 410 DE
2216 360 2271 411 S.
2317 357 2649 413 HENBICO.

3540 368 3647 417 *2013

122 469 345 540 ipsique
372 474 649 539 tanquam
679 469 913 539 proprio
947 470 1147 523 abbati
1202 470 1262 523 in
1302 471 1569 525 omnibus
1606 474 1834 543 penitus
1871 477 1915 528 A
1948 475 2190 530 videtur.
2243 478 2293 531 Is
2350 478 2502 531 enim
2545 496 2702 533 num.
2738 483 2767 533 ὅ
2801 480 2881 534 ait
2906 481 3209 552 indignum
3240 483 3381 546 fore,
3422 492 3485 538 ut
3520 486 3646 555 ipse

120 559 352 611 obedire
410 557 723 611 secundum
771 558 985 627 regulas
1043 563 1423 628 praeceptum.
1475 560 1638 624 Quod
1704 578 1834 615 cum

117 646 518 716 spopondisset
563 646 897 716 imperator,
952 650 1127 716 atque
1171 653 1238 700 ut
1286 650 1598 702 monachus
1646 665 1835 703 susce-

117 742 245 803 ptus
298 736 513 799 fuisset,
548 734 693 788 dixit
745 735 947 789 abbas:
986 756 1014 782 «
1042 735 1325 788 Volumus
1365 752 1502 807 ergo
1544 742 1603 789 et
1632 738 1831 806 ρι’ωεί-

116 825 304 893 pimus
338 829 395 876 ut
434 822 503 876 ad
549 823 991 893 gubernandum
1046 824 1215 877 vobis
1249 840 1283 876 a
1340 824 1454 877 Deo
1507 825 1836 895 delegatum

116 914 422 982 imperium
462 914 736 969 redeatis.
779 936 805 961 η
839 914 1041 985 Sicque
1068 914 1205 983 pius
1243 913 1577 985 imperator,
1615 917 1835 985 regulae

120 1003 400 1066 astrictus,
435 1002 732 1072 reliquum
772 1002 897 1055 vitta
938 1008 1174 1073 tempus
1204 1002 1265 1055 in
1311 1003 1583 1057 virtutum
1620 1004 1835 1057 exerci-

120 1091 209 1143 tiis
264 1090 570 1160 transegit,
619 1090 963 1160 beatumque
1012 1090 1390 1145 Benedictum
1447 1107 1574 1144 vere
1619 1096 1684 1144 ut
1730 1093 1834 1145 Pa-

123 1180 264 1230 trem
297 1177 497 1230 coluit.
529 1177 732 1231 Simile
772 1179 898 1231 huic
928 1178 1145 1232 factum
1176 1178 1423 1248 contigit
1448 1178 1509 1233 in
1544 1184 1833 1233 monaste-

123 1266 205 1317 rio
250 1266 583 1319 Gellonensi
633 1267 835 1320 saeculo
889 1267 1262 1333 duodecimo,
1317 1268 1419 1320 ubi
1458 1268 1835 1338 Berengarius

123 1354 191 1406 de
216 1354 497 1423 Mayrosio
531 1354 919 1409 obedientiam
949 1356 1079 1426 pari
1136 1354 1313 1409 modo
1339 1356 1492 1409 vovit
1547 1355 1833 1411 Richardo

122 1443 446 1495 Gellonensi
478 1443 698 1507 abbati,
754 1448 814 1495 ut
844 1449 994 1513 patet
1023 1460 1091 1496 ex
1149 1443 1274 1512 ejus
1332 1444 1703 1513 professionis
1750 1461 1834 1498 ce-

120 1532 247 1583 dula
302 1548 478 1601 quam
528 1547 597 1583 ex
654 1546 757 1583 ms.
814 1531 998 1583 codice
1038 1531 1305 1598 ejusdem
1357 1532 1691 1585 monasterii
1722 1533 1834 1586 huc

120 1621 329 1673 referre
392 1620 585 1673 visum
651 1625 772 1672 est:
837 1621 993 1674 Anno
1050 1621 1122 1672 ab
1192 1623 1570 1674 incarnatione
1620 1625 1835 1676 Domini

124 1712 274 1773 “62,
304 1712 362 1762 in
413 1713 633 1762 nomine
690 1708 907 1772 domini,
955 1725 1048 1773 ego
1104 1711 1473 1776 Berengarins
1513 1710 1577 1761 de
1608 1712 1830 1779 Mayro-
1868 1747 1907 1799 Β

117 1801 213 1861 sio,
246 1799 429 1851 volens
489 1800 817 1851 renuntiare
871 1800 1094 1850 terrenis
1126 1797 1199 1867 {et
1255 1799 1475 1851 inhiare
1512 1799 1830 1867 cmlestibus,

118 1888 271 1941 trado
322 1890 381 1940 in
430 1903 601 1939 manu
658 1888 869 1939 Domini
897 1886 1168 1940 Richardi
1206 1886 1423 1939 abbatis
1464 1889 1644 1940 sancti
1674 1888 1834 1942 Guil-

115 1977 257 2028 telmi
303 1991 387 2029 me
443 1979 628 2043 ipsum
674 1974 748 2026 ad
797 1976 1170 2027 monachicum
1219 1975 1472 2029 habitum
1526 1977 1833 2044 suscipien-

114 2064 261 2131 dum,
324 2063 550 2131 quando
619 2062 809 2114 abbati
855 2062 1065 2115 domino
1135 2063 1425 2130 placuerit.
1501 2062 1609 2117 Sed
1663 2069 1711 2116 et
1774 2067 1834 2118 in

110 2156 532 2219 praesentiarum
584 2151 839 2220 promitto
891 2155 939 2203 et
984 2150 1354 2204 obedientiam
1406 2150 1703 2205 secundum
1734 2151 1836 2205 Dei

113 2247 161 2293 et
200 2242 345 2293 beati
393 2239 681 2293 Benedicti
734 2240 986 2306 regulam.
1049 2240 1230 2291 Porro
1278 2239 1427 2292 hanc
1486 2238 1546 2291 in
1600 2238 1835 2293 beatum

116 2329 489 2383 Benedictum
549 2326 778 2381 Henrici
834 2326 1279 2397 propensionem
1341 2326 1553 2396 probat
1618 2327 1835 2381 lamina

116 2433 291 2469 aurea
330 2432 484 2487 quae,
539 2422 601 2469 ut
633 2431 701 2467 ex
750 2416 914 2468 variis
970 2415 1305 2468 auctoribus
1353 2415 1531 2467 refert
1579 2414 1836 2486 Angelus

118 2506 187 2559 de
220 2506 380 2560 Nuce
410 2505 468 2557 in
501 2504 652 2558 notis
682 2504 750 2557 ad
809 2504 899 2556 lib.
933 2521 967 2557 ιι
1000 2502 1273 2557 Chronici
1322 2502 1673 2570 Casinensis,
1707 2521 1831 2575 cap.

118 2597 207 2657 «i3,
269 2595 331 2648 in
383 2593 682 2648 Basiliensi
739 2593 937 2661 majori
992 2592 1252 2654 ecclesia,
1307 2607 1485 2662 quam
1556 2594 1835 2647 Henricus

122 2686 565 2745 restauraverat,
621 2680 931 2746 visebatur;
977 2680 1076 2733 ubi
1131 2686 1385 2750 quatuor
1444 2681 1637 2749 angeli
1701 2698 1833 2735 cum

118 2775 319 2824 sancto
398 2769 703 2823 Benedicto
761 2767 965 2837 depicti
1025 2774 1214 2827 erant,
1279 2772 1455 2837 atque
1510 2766 1569 2821 in
1633 2785 1831 2825 eorum

120 2858 314 2912 medio
367 2858 624 2912 Christus
658 2856 929 2909 Dominus
967 2855 1517 2927 repraesentabatur,
1570 2858 1639 2911 ad
1671 2860 1835 2928 cujus

118 2948 299 3016 pedes
334 2947 615 3001 Henricus
647 2962 773 2998 cum
828 2945 1177 3016 Cunegunde
1223 2960 1404 2998 uxore
1436 2960 1540 2997 sua
1569 2947 1831 3001 advolve-

122 3036 312 3088 batur.
373 3033 529 3088 Obiit
570 3034 842 3089 Henricus
893 3034 1025 3087 Julii
1060 3034 1126 3087 14
1177 3048 1333 3087 anno
1369 3032 1526 3101 1024,
1569 3039 1742 3105 atque
1774 3035 1834 3088 in
1873 3030 1912 3084 C
1944 3025 2403 3079 sanctimoniales
2484 3026 2835 3095 proscripta,

127 3122 544 3191 Bambergensi
598 3122 833 3174 ecclesia
886 3122 1142 3192 sepultus
1202 3126 1318 3185 est;
1363 3120 1463 3190 qui
1513 3128 1711 3191 postea
1764 3123 1834 3176 ab

122 3210 386 3281 Eugenio
430 3210 505 3263 III
556 3225 779 3263 summo
834 3209 1102 3278 pontiﬁce
1134 3208 1196 3262 in
1255 3213 1581 3262 sanctorum
1624 3214 1834 3265 catalo-

122 3315 262 3367 gum
336 3298 646 3368 ascriptus,
702 3297 929 3368 publice
982 3297 1043 3351 in
1089 3302 1214 3351 tota
1263 3296 1512 3351 Ecclesia
1558 3300 1836 3353 celebrari

122 3386 321 3455 coepit.

198 3478 288 3528 15.
352 3473 721 3543 Cunegundis
777 3472 885 3526 viri
944 3473 1107 3527 obitu
1150 3472 1322 3542 plane
1372 3471 1553 3527 libera
1607 3474 1735 3542 fuit,
1776 3479 1838 3529 ut

127 3577 428 3632 quemque
481 3562 676 3615 mallet
716 3562 847 3615 vitae
879 3565 1087 3615 statum
1140 3565 1334 3632 posset
1386 3563 1669 3632 amplecti.
1704 3564 1835 3617 Pla-

126 3653 245 3706 cuit
313 3652 371 3705 ei
429 3667 547 3721 prie
594 3652 815 3706 caeteris
872 3652 1254 3721 Confugiense
1308 3654 1744 3720 monasterium,
1777 3653 1837 3706 in

128 3740 286 3809 quod
321 3756 447 3792 sese
474 3740 705 3810 recepit,
739 3757 807 3794 eo
860 3741 1030 3794 modo
1078 3756 1195 3811 quo
1230 3740 1287 3793 in
1324 3740 1447 3809 ejus
1472 3741 1597 3795 Vita
1633 3742 1840 3796 descri-

126 3828 319 3892 bitur;
368 3843 541 3897 quam
592 3844 720 3881 cum
762 3828 1047 3898 integram
1104 3827 1481 3897 proferamus,
1538 3828 1719 3882 fusius
1768 3828 1837 3882 de

128 3916 315 3986 ipsius
350 3915 523 3984 gestis
554 3915 644 3969 hic
676 3916 837 3985 loqui
867 3916 1068 3969 inutile
1099 3916 1271 3970 foret.
1301 3917 1473 3969 Porro
1501 3916 1683 3969 Vitam
1716 3917 1839 3986 ejus

128 4020 160 4055 a
215 4002 513 4060 Nonnosio
570 4003 822 4074 quodam
883 4002 1164 4057 monacho
1211 4002 1474 4073 scriptam
1508 4003 1687 4056 fuisse
1736 4018 1837 4055 au-

132 4098 263 4145 ctor
292 4096 381 4144 est
410 4092 763 4145 Hofmannus
792 4092 851 4145 in
911 4091 1229 4145 Annalibus
1281 4091 1795 4162 Bambergensibus
1821 4108 1833 4157 ;

130 4179 231 4233 sed
290 4194 544 4249 quonam
590 4180 686 4233 ille
718 4185 973 4249 tempore
1006 4178 1283 4242 ﬂoruerit,
1344 4185 1443 4233 aut
1472 4185 1666 4233 utrum
1718 4179 1839 4233 haec

132 4265 264 4334 ipsa
308 4264 382 4317 sit
434 4280 559 4334 qua:
590 4264 659 4318 ad
692 4280 797 4317 nos
830 4280 1011 4334 usque
1051 4265 1328 4333 pervenit,
1388 4265 1671 4318 incertum
1721 4269 1828 4318 est.

132 4353 306 4406 Certe
360 4357 649 4405 auctorem
681 4352 846 4420 Vitae,
877 4351 1136 4422 quisquis
1180 4352 1275 4405 ille
1306 4352 1495 4419 fuerit,
1545 4352 1603 4406 in
1645 4352 1839 4423 aliquo

134 4441 269 4493 loco
301 4455 408 4508 per
435 4439 657 4493 beatam
681 4439 1095 4509 Cunegundem
1119 4440 1313 4494 dotato
1358 4440 1583 4506 vixisse,
1621 4445 1840 4494 certum

1947 562 2030 614 illi
2061 563 2359 617 subtrahat
2414 566 2668 620 ofﬁcium
2716 567 2849 627 oris,
2911 570 3072 638 cujus
3106 571 3462 640 providentia
3492 588 3645 642 quo—

1944 650 2084 704 tidie
2148 652 2420 707 alimenta
2462 655 2816 724 percipiebat
2859 659 3132 726 corporis.
3187 660 3425 713 Aitatezn
3480 678 3645 714 suam

1946 754 2062 792 non
2096 740 2235 793 adeo
2267 742 2563 795 evidenter
2590 745 2816 814 prodit;
2841 746 3056 800 iudicat
3081 754 3272 801 tamen
3304 766 3464 803 num.
3508 754 3538 803 5
3586 768 3646 804 se

1945 835 2074 897 post
2104 830 2282 882 sancti
2342 832 2565 885 Henrici
2598 834 3106 894 canonizationem.
3144 854 3272 907 quae
3302 854 3453 891 anno
3510 842 3646 893 1152

1946 932 2049 986 per
2080 917 2394 987 Eugenium
2428 920 2664 973 tertium
2724 922 2870 976 facta
2915 928 3017 990 est,
3060 925 3370 994 scripsisse,
3406 943 3533 979 cum
3567 928 3650 980 ait

1946 1003 2156 1073 scripta
2216 1007 2285 1057 de
2346 1005 2513 1060 beato
2582 1008 2927 1077 imperatore
2974 1011 3044 1063 ab
3117 1012 3360 1065 Ecclesia
3414 1021 3647 1083 recepta

1944 1089 2137 1143 fuisse.
2167 1090 2313 1153 Quin
2340 1098 2398 1144 et
2416 1108 2543 1145 cum
2576 1108 2640 1146 ea
2661 1095 2953 1148 occasione
2992 1097 3098 1149 sibi
3136 1099 3356 1153 venisse
3389 1100 3447 1153 in
3480 1116 3643 1154 men-

1945 1182 2061 1231 tem
2082 1178 2247 1235 dicat.
2284 1184 2348 1232 ut
2379 1180 2447 1233 de
2470 1180 2635 1234 beata
2666 1183 3019 1252 Cuneguude
3063 1187 3350 1255 scriberet,
3383 1189 3491 1241 hoc
3522 1190 3646 1259 ipso

1946 1271 2204 1336 tempore
2234 1284 2347 1338 quo
2379 1268 2449 1321 de
2500 1268 2665 1323 beato
2712 1271 3057 1340 imperatore
3084 1273 3143 1327 in
3172 1280 3495 1329 sanctorum
3528 1293 3647 1329 nu—

1946 1370 2170 1409 merum
2208 1355 2437 1424 publice
2495 1359 2844 1412 accensendo
2911 1362 3202 1431 agebatur,
3261 1379 3389 1416 eum
3441 1364 3647 1417 vixisse

1946 1443 2153 1513 conjici
2179 1448 2390 1513 potest;
2444 1461 2772 1516 quanquam
2798 1448 3029 1500 nonnisi
3057 1450 3163 1503 sub
3206 1450 3393 1503 saeculi
3427 1452 3644 1504 duode-

1946 1531 2079 1584 cimi
2145 1532 2317 1585 tinem
2370 1534 2661 1602 scripsisse
2722 1535 3017 1589 fatendum
3058 1542 3157 1603 est,
3210 1538 3315 1589 nisi
3368 1538 3647 1593 miracula

1948 1635 2077 1688 qua:
2116 1626 2245 1689 post
2295 1621 2477 1673 Vitam
2522 1620 2827 1689 habentur,
2874 1624 2944 1676 ab
2986 1625 3161 1676 altero
3206 1625 3479 1693 quopiam
3540 1643 3646 1678 au—

1946 1712 2103 1759 ctore
2153 1708 2437 1777 descripta
2482 1708 2655 1761 fuisse
2696 1709 2972 1764 dicamus.
3006 1712 3286 1765 Caaterum
3342 1718 3550 1781 printer
3582 1730 3648 1767 ea

1946 1794 2244 1860 miracula,
2295 1812 2423 1866 quae
2474 1796 2768 1851 inferiusa
2797 1799 2963 1852 nobis
3011 1800 3163 1853 edita
3210 1806 3362 1865 sunt,
3401 1801 3649 1855 habetur

1944 1883 2000 1936 in
2035 1886 2366 1955 apographo
2408 1886 2811 1955 Bambergensi
2857 1888 2996 1942 item
3036 1888 3181 1941 alius
3233 1889 3643 1946 miraculorum

1945 1972 2111 2038 liber,
2136 1973 2233 2026 sed
2274 1990 2447 2043 quem
2506 1974 2829 2043 omisimus,
2862 1978 3013 2046 quod
3039 1977 3179 2029 nihil
3210 1976 3328 2030 fere
3355 1978 3647 2034 contineat

1943 2064 2151 2127 printer
2182 2075 2247 2112 ea
2270 2076 2399 2130 quas
2451 2062 2817 2129 protulimus.
2862 2064 2919 2117 Si
2950 2064 3078 2133 quis
3122 2068 3315 2117 tamen
3365 2064 3527 2118 illum
3563 2067 3643 2120 le-

1943 2162 2077 2215 gere
2100 2147 2311 2217 cupiat,
2344 2148 2504 2201 adire
2543 2154 2731 2217 potest
2758 2152 3077 2204 Gretserum
3102 2151 3159 2204 in
3191 2152 3336 2205 libro
3373 2154 3448 2205 De
3499 2154 3645 2208 divis

1945 2235 2477 2305 Bambergensibus,
2534 2242 2632 2290 aut
2681 2237 3016 2293 Bollandum
3059 2240 3129 2292 ad
3160 2240 3310 2294 diem
3366 2244 3395 2293 3
3440 2242 3643 2309 Martii,

1946 2321 2041 2376 ubi
2076 2322 2298 2392 integer
2328 2322 2648 2376 exhibetur.

2018 2414 2102 2464 19.
2131 2413 2305 2464 Porro
2340 2412 2755 2466 monasterium
2794 2414 3195 2483 Confugiense,
3227 2416 3381 2484 quod
3424 2416 3647 2486 Capun-

1942 2514 2078 2568 gum
2135 2498 2463 2551 Dithmarus
2510 2498 2658 2553 libro
2713 2516 2786 2553 vu
2818 2502 3086 2572 appellat,
3144 2503 3426 2573 vulgoque
3458 2503 3646 2571 Kauf-

1941 2590 2148 2654 fungcn
2186 2587 2416 2653 dicitur,
2445 2587 2597 2641 haud
2632 2588 2802 2658 longe
2828 2606 2857 2642 a
2892 2590 3159 2645 Cassellio
3194 2591 3401 2644 Hassiae
3432 2593 3647 2662 oppido

1943 2674 2170 2741 celebri,
2240 2690 2422 2744 usque
2480 2674 2550 2727 ad
2612 2676 2883 2730 saeculum
2948 2678 3207 2746 proxime
3271 2679 3531 2748 elapsum
3589 2679 3649 2733 in

1944 2762 2193 2833 regulari
2236 2762 2596 2816 observantia
2650 2766 3050 2833 perseveravit.
3111 2766 3220 2820 Sed
3253 2771 3389 2820 tunc
3419 2772 3645 2838 tempo-

1944 2852 2021 2905 ris
2078 2855 2197 2904 tota
2258 2850 2495 2920 regione
2555 2851 2624 2904 ad
2683 2852 2989 2906 Lutherani
3058 2859 3248 2923 partes
3316 2856 3648 2926 accedente,

1941 2939 2177 2993 tandem
2226 2954 2376 2991 anno
2424 2936 2650 2992 circiter
2700 2942 2827 2994 1531
2885 2941 2989 2995 sub
3028 2941 3347 3010 lantgravio
3378 2943 3647 3014 Philippo

2932 3032 2988 3081 et
3082 3029 3285 3100 religio
3369 3030 3650 3085 catholica

1946 3114 2176 3186 penitus
2222 3112 2304 3167 ibi
2359 3112 2569 3166 abolita
2617 3114 2742 3169 fuit.
2804 3117 2880 3170 De
2925 3117 3034 3170 hoc
3086 3118 3433 3172 monasterio
3481 3121 3649 3189 plura

1945 3204 2209 3257 odservat
2265 3207 2461 3255 noster
2527 3202 2825 3273 Adolphus
2883 3205 3165 3260 Overbam
3240 3206 3300 3260 in
3374 3212 3509 3260 nota
3575 3209 3645 3262 ad

1947 3307 2106 3345 num.
2142 3292 2209 3344 86
2265 3291 2406 3345 Vita:
2462 3290 2612 3345 beati
2639 3293 2957 3348 Meinwerci
3018 3294 3271 3365 episcopi
3326 3295 3648 3350 Paderbor-

1945 3380 2159 3435 nensis.

2022 3473 2107 3522 17.
2155 3467 2525 3539 Cunegundis
2576 3471 2913 3526 memoriam
2946 3488 3064 3526 non
3093 3472 3221 3526 fasti
3252 3474 3437 3527 solum
3466 3474 3646 3528 Bene-

1947 3556 2165 3623 dictini,
2206 3557 2301 3610 sed
2332 3561 2387 3609 et
2415 3557 2688 3628 pleraque
2722 3560 3042 3613 Germanias
3070 3565 3127 3613 et
3170 3560 3347 3631 Belgii
3400 3562 3648 3632 peculia-

1946 3646 2032 3699 ria
2081 3645 2483 3715 Martyrologia
2535 3662 2665 3700 cum
2716 3649 2975 3702 Romano
3041 3656 3515 3716 commemorant,
3585 3652 3646 3706 in

1947 3733 2158 3803 quibus
2188 3733 2357 3785 variis
2412 3732 2631 3799 diebus,
2683 3752 2783 3805 pro
2820 3737 2976 3789 varia
3014 3736 3256 3803 ratione,
3308 3740 3430 3807 ejus
3480 3740 3643 3793 festi-

1948 3822 2092 3873 vitas
2145 3821 2476 3875 celebratur.
2543 3823 2839 3893 Praecipua
2909 3828 2995 3877 est
3037 3824 3126 3876 die
3186 3828 3215 3877 3
3280 3825 3465 3879 Martii
3530 3844 3645 3898 quo

1947 3924 2073 3962 eam
2107 3924 2137 3962 e
2182 3910 2323 3962 vivis
2352 3908 2656 3963 excessisse
2700 3917 2918 3965 certum
2967 3916 3069 3976 est,
3104 3911 3277 3983 idque
3326 3930 3475 3967 anno
3512 3916 3646 3969 1040

1948 4001 2046 4051 aut
2076 3997 2357 4068 sequenti,
2404 3996 2450 4049 si
2488 4012 2670 4051 annos
2700 3998 3026 4069 quindecim
3060 4006 3190 4068 post
3237 4016 3417 4054 unum
3450 4000 3645 4055 Vidui-

1947 4085 2082 4140 tatis
2133 4101 2350 4139 annum
2400 4084 2460 4137 iu
2511 4087 2859 4140 monasterio
2916 4088 3275 4158 transegerit,
3327 4095 3387 4142 ut
3444 4092 3647 4144 asserit

1948 4173 2129 4244 ipsius
2160 4174 2298 4227 Vitae
2327 4172 2594 4243 scriptor;
2646 4190 2995 4246 quamquam
3030 4176 3361 4231 Lambertus
3409 4178 3645 4232 Scafna—

1948 4262 2249 4331 burgensis
2300 4266 2541 4315 mortem
2619 4263 2799 4332 ipsius
2843 4280 2994 4318 anno
3060 4267 3214 4332 1030,
3275 4272 3332 4320 et
3384 4268 3645 4320 Thrithe-

1951 4350 2120 4418 mius,
2154 4355 2279 4421 post
2329 4350 2643 4405 Marianum
2702 4351 2954 4422 Scotum,
3004 4370 3152 4407 anno
3186 4357 3322 4409 l038
3347 4356 3645 4427 consigna-

1950 4438 2084 4494 rint.

1004 4647 1359 4720 INCIPIT
1415 4649 1639 4720 VITA
1700 4649 2093 4722 SANCT/E
2150 4650 2793 4727 CUNEGUNDIS.

211 4792 263 4842 1.
325 4788 667 4857 Cunegundis
710 4791 1035 4859 imperatrim
1089 4796 1281 4859 nupta.
1324 4821 1393 4831 —~
1444 4792 1518 4844 Ex
1567 4792 1842 4860 praeclaro

132 4882 447 4947 parentum
500 4878 779 4948 sanguine
827 4881 885 4930 et
940 4880 1210 4948 Augustae
1264 4878 1583 4932 nobilitatis
1635 4880 1838 4949 gradu,

135 4965 249 5017 duo
284 4964 776 5019 immarcescibilis
806 4965 1007 5035 glorias
1038 4965 1205 5019 ﬂores
1230 4967 1447 5020 mundo
1484 4966 1840 5034 enituerunt,

135 5056 367 5106 sanctus
422 5053 688 5107 videlicet
738 5054 1031 5121 Henricus,
1092 5060 1471 5124 cognomento
1521 5055 1674 5120 Pius,
1711 5055 1838 5125 glo-

138 5140 524 5194 riosissimum
582 5140 824 5195 Romani
870 5141 1098 5212 imperii
1128 5142 1317 5210 decus,
1351 5143 1588 5213 ejusque
1620 5143 1841 5212 dignis-

139 5229 287 5283 simo
318 5230 652 5283 contectalis
674 5229 806 5299 (68),
840 5230 952 5300 piae
996 5230 1289 5284 memoriae
1327 5231 1697 5301 Cunegundis
1724 5234 1840 5285 Au-

142 5322 309 5387 gusta
358 5323 417 5371 et
465 5317 820 5389 imperatrix.
872 5318 1082 5373 Eadem
1134 5335 1267 5373 vero
1316 5319 1479 5373 beata
1513 5324 1568 5373 et
1608 5320 1721 5373 Deo
1753 5318 1840 5374 di-

207 5423 327 5493 (68)
348 5423 582 5494 Aliquot
632 5440 792 5488 mss.,
815 5425 1131 5492 collectalis;
1165 5424 1260 5477 sed
1296 5424 1501 5477 melior
1531 5428 1723 5478 nostra
1754 5426 1841 5478 le-

142 5494 276 5559 ctio,
310 5496 466 5564 quod
492 5496 696 5549 eodem
725 5498 892 5562 tecto,
951 5510 1069 5549 non
1098 5499 1289 5548 autem
1321 5495 1464 5547 lecto
1519 5500 1835 5549 uterentur.

145 5565 208 5618 Et
240 5565 481 5635 quidem
512 5566 708 5619 eadem
763 5581 901 5619 voce
946 5565 1129 5619 utitur
1174 5565 1298 5635 ipse
1339 5564 1611 5618 Henricus
1654 5566 1713 5619 in
1746 5582 1840 5619 va-

1952 4792 2095 4846 lecta
2134 4794 2503 4864 Cunegundis
2569 4800 2798 4850 terreno
2870 4796 3203 4868 imperatori
3276 4803 3649 4872 corporaliter

1954 4883 2088 4949 (69),
2140 4897 2258 4935 non
2309 4882 2615 4936 carnaliter
2656 4886 2981 4955 conjuncta,
3028 4889 3240 4942 caelesti
3291 4890 3433 4959 Regi
3484 4906 3647 4943 suam

1950 4969 2342 5039 virginitatem
2406 4973 2775 5039 consecravit,
2838 4991 3012 5046 quam
3087 4993 3266 5047 usque
3334 4977 3391 5029 in
3448 4977 3643 5045 ﬁnem,

1952 5057 2090 5111 casti
2157 5058 2418 5129 conjugis
2492 5075 2798 5130 consensu,
2873 5064 2987 5117 Deo
3042 5068 3204 5129 teste,
3273 5066 3644 5121 conservavit.

1953 5141 2113 5205 Quod
2143 5143 2507 5211 postmodum
2542 5143 2863 5199 Divinitatis
2893 5146 3307 5211 testimonium,
3353 5164 3423 5201 ne
3451 5149 3648 5204 lumen

1952 5228 2013 5282 in
2043 5228 2294 5282 tenebris
2326 5229 2548 5293 lateret,
2600 5232 2869 5296 ostendit,
2916 5234 3052 5286 dum
3099 5249 3223 5286 eam
3282 5234 3353 5288 ad
3398 5237 3646 5291 confun-

1952 5316 2207 5371 dendum
2260 5317 2605 5387 virginitatis
2662 5320 2908 5388 hostem,
2992 5328 3049 5374 et
3116 5321 3531 5378 obstruendum
3586 5342 3648 5379 os

1950 5422 2053 5477 riis
2076 5421 2507 5493 diplomatibus.

2023 5484 2464 5564 (69fGretserus
2491 5511 2621 5550 cum
2652 5511 2761 5549 ms.
2798 5499 2847 5563 l,
2880 5497 3234 5565 copulariter.
