4016 6202
437 325 541 378 207

1429 323 1588 378 VITA
1628 323 1682 377 S.
1723 320 2190 387 CUNEGUNDIS,
2231 321 2348 376 UBl
2391 317 2482 374 DE
2523 319 2578 373 S.
2624 318 2957 376 HENRICO.
3045 315 3050 318 ’
3838 324 3927 378 208

435 445 736 500 mendacia
789 449 986 499 contra
1040 444 1323 516 virginem
1377 445 1584 500 Christi
1622 444 2006 515 loquentium,
2038 461 2132 497 su-
2173 444 2383 498 Atiam
2415 459 2654 496 munera
2685 443 2928 496 contulit
2978 441 3036 494 in
3067 441 3304 495 diversis
3353 442 3608 497 ecclesiae
3645 460 3927 498 ornamen-

435 551 540 606 per
586 535 798 605 ignitos
851 550 1109 588 vomeres
1139 535 1402 588 incedere
1459 539 1516 612 et
1553 533 1788 586 illmsam
1822 534 2134 604 procedere

436 624 611 678 dedit.

503 715 556 766 2.
607 713 992 781 Virginitatem
1033 712 1296 765 miraculo
1343 710 1558 779 probat.
1603 741 1671 749 —
1720 710 1974 774 Qualiter
2027 726 2129 763 au-

429 805 546 855 tem
581 800 635 854 id
666 801 873 853 factum
908 800 982 852 sit
1011 800 1078 853 ad
1121 815 1487 853 communem
1519 799 1950 853 mdiﬁcationem
1984 815 2132 868 pras-

433 888 777 942 tereundum
819 903 931 940 non
987 892 1089 954 est,
1164 892 1230 940 ut
1288 893 1345 941 et
1389 887 1736 940 castimoniae
1796 886 2132 940 erudiamur

431 975 730 1046 exemplis,
809 981 864 1028 et
937 974 1266 1028 divinorum
1330 978 1678 1028 secretorum
1752 973 2130 1028 admiratione

431 1079 784 1127 moveamur,
814 1063 1203 1132 intelligentes
1236 1063 1725 1133 quemadmodum
1755 1062 2131 1133 diligentibus

432 1153 613 1205 Deum
646 1151 841 1205 omnia
879 1158 1260 1220 cooperantur
1290 1152 1350 1204 in
1383 1151 1617 1204 bonum.
1659 1150 1853 1204 Tantis
1879 1166 2128 1219 namque

428 1255 493 1293 ac
525 1239 735 1293 talibus
779 1237 946 1292 bonis
975 1239 1216 1292 tentatio
1247 1239 1439 1292 deesse
1482 1254 1595 1291 non
1654 1238 1862 1308 potuit.
1899 1237 2130 1292 Invidus

429 1328 585 1381 enim
632 1327 893 1380 omnium
940 1327 1224 1380 bonorum
1282 1326 1563 1393 diabolus,
1628 1326 1724 1379 ubi
1763 1326 1994 1379 thorum
2025 1325 2130 1379 im-

428 1416 778 1470 maculatum
827 1413 1083 1468 sauciare
1141 1430 1258 1467 non
1325 1415 1534 1483 potuit,
1594 1412 1893 1483 zelotypiae
1951 1412 2127 1466 livore

427 1504 640 1558 foedare
696 1502 965 1573 cogitavit
998 1507 1054 1556 et
1109 1503 1229 1572 ejus
1270 1504 1470 1555 saltem
1530 1504 1741 1555 famam
1768 1501 1999 1566 laedere,
2033 1501 2127 1554 cui

429 1588 1079 1659 vulnuscorruptionis
1128 1587 1391 1658 inﬂigere
1445 1605 1559 1642 non
1597 1589 1792 1641 valuit.
1840 1588 2004 1641 Facta
2043 1593 2128 1641 est

427 1679 622 1748 igitur,
675 1683 906 1731 auctore
937 1677 1184 1745 diabolo,
1227 1682 1486 1747 suspecta
1515 1676 1794 1743 criminis,
1847 1692 1976 1746 quae
2006 1691 2122 1729 non

428 1771 668 1818 noverat
713 1765 993 1818 maculam
1055 1765 1458 1834 corruptionis.
1519 1763 1627 1818 Sed
1687 1763 1822 1834 quia
1878 1763 2124 1817 crudelis

427 1861 514 1907 est
561 1854 661 1924 qui
699 1855 910 1907 famam
955 1869 1118 1906 suam
1169 1853 1428 1923 negligit,
1472 1851 1902 1922 expurgationis
1942 1851 2126 1923 gratia

428 1943 501 1996 ad
558 1958 818 1995 vomeres
887 1942 1151 1995 cadentes
1209 1943 1353 1995 illud
1420 1941 1528 1994 sibi
1576 1941 1859 2010 judicium
1928 1939 2121 2010 elegit,

428 2029 584 2100 quod
613 2035 851 2100 propter
878 2029 1149 2082 duritiam
1177 2029 1479 2082 hominum
1505 2028 1832 2082 institutum
1863 2044 1985 2080 esse
2031 2043 2123 2081 co-

426 2118 736 2188 gnoscitur.
793 2119 1051 2187 Cumque
1103 2117 1308 2171 dilecta
1367 2118 1480 2170 Deo
1519 2118 1586 2170 ad
1641 2116 1784 2169 illud
1819 2115 2124 2185 judicium,-

425 2205 582 2258 velut
613 2203 732 2257 ovis
751 2203 821 2256 ad
843 2202 1210 2271 occisionem,
1235 2203 1558 2268 duceretur,
1584 2202 1884 2272 ingemuit,
1920 2207 1978 2256 et
2016 2203 2123 2256 ait:

428 2291 727 2344 «Domine
776 2292 942 2356 Deus,
975 2297 1201 2344 creator
1261 2291 1388 2344 coeli
1436 2295 1492 2344 et
1519 2296 1707 2356 terrae,
1767 2290 1864 2359 qui
1921 2290 2125 2359 probas

425 2395 590 2434 renes
616 2385 673 2433 et
709 2380 895 2446 corda,
938 2380 1130 2449 judica
1165 2379 1449 2450 judicium
1499 2395 1694 2432 meum
1727 2384 1784 2432 et
1812 2378 1970 2447 eripe
2009 2395 2120 2433 me.

422 2469 496 2522 Te
523 2467 676 2522 enim
707 2472 910 2522 testem
977 2472 1035 2520 et
1058 2469 1314 2536 judicem
1362 2467 1534 2521 hodie
1592 2466 1815 2530 invoco,
1862 2467 1996 2536 quia
2022 2483 2125 2520 nec

423 2555 575 2609 hunc
636 2562 977 2626 praesentem
1044 2557 1373 2620 Henricum,
1445 2572 1548 2608 nec
1623 2553 1876 2625 aliquem
1935 2554 2124 2608 virum

423 2645 636 2698 carnali
665 2644 1069 2698 commistione
1122 2659 1378 2714 unquam
1419 2643 1681 2713 cognovi.
1717 2661 1744 2694 »
1805 2644 1920 2696 Hoc
1947 2642 2119 2712 dicto,

422 2731 783 2800 stupentibus
835 2736 891 2785 et
937 2730 1209 2784 ﬂentibus
1252 2729 1528 2784 universis
1560 2730 1658 2800 qui
1712 2730 1969 2798 aderant,
2028 2747 2125 2784 vo-

423 2834 609 2873 meres
669 2819 978 2872 candentes
1025 2819 1180 2872 nudo
1252 2817 1493 2887 vestigio
1568 2819 1820 2884 calcavit,
1877 2825 1932 2872 et
2001 2819 2122 2873 sine

421 2907 740 2960 adnstionis
808 2905 1072 2959 molestia
1153 2922 1350 2959 secura
1425 2906 1776 2975 pertransiit.
1843 2907 1928 2959 Ita
1973 2907 2123 2960 Deus

2243 532 2341 586 tis:
2407 548 2538 602 quas
2613 531 2809 584 omnia
2885 530 3008 600 ipse
3089 531 3359 584 dominus
3436 532 3804 601 apostolicus,
3878 545 3932 588 ut

2243 635 2469 689 semper
2518 619 2792 672 memoria
2843 619 3023 688 ipsius
3053 618 3394 672 fundatricis
3447 619 3570 673 illic
3623 619 3838 686 ﬂoreat,
3869 638 3928 674 ne

2241 708 2471 777 quando
2503 723 2608 776 per
2634 706 2916 773 fraudem,
2969 711 3069 759 aut
3094 705 3445 774 violentiam,
3492 709 3582 760 vel
3632 708 3784 762 furto
3812 710 3930 763 inde

2240 795 2670 858 subtrahantur,
2733 795 2877 848 dura
2926 794 3102 848 banni
3134 795 3222 848 sui
3284 796 3681 864 innodatione,
3725 802 3930 866 septua-

2241 885 2403 953 ginta
2432 900 2664 954 quoque
2707 883 2949 936 duorum
2984 883 3092 953 (7t)
3143 883 3570 953 episcoporum,
3607 883 3710 955 qui
3740 885 3816 938 ibi
3843 886 3928 939 ad-

2239 976 2425 1040 erant,
2451 971 2789 1025 auctoritate
2835 972 2958 1040 ipso
2997 970 3088 1025 die
3117 970 3498 1051 conﬁrmavit.
3535 974 3688 1026 Item
3742 988 3926 1025 mona-

2239 1059 2476 1112 sterium
2517 1059 2578 1112 in
2630 1060 2844 1113 honore
2911 1059 3092 1112 sancti
3120 1059 3446 1125 Salvatoris,
3493 1065 3551 1113 et
3600 1061 3727 1130 ejus
3775 1061 3929 1114 victo-

2238 1147 2568 1201 riosissimm
2589 1148 2789 1212 crucis,
2821 1147 2882 1200 in
2921 1147 3045 1201 loco
3084 1147 3182 1218 qui
3223 1147 3503 1217 Confugia
3533 1149 3770 1213 dicitur,
3816 1166 3927 1202 ma-

2239 1235 2704 1304 gniﬁcentissime
2757 1236 3094 1304 construxit,
3135 1241 3191 1289 et
3219 1237 3560 1290 ancillarum
3597 1238 3703 1291 Dei
3733 1238 3922 1292 ibidem

2236 1325 2354 1377 Deo
2407 1324 2722 1378 secundum
2792 1325 3051 1393 regulam
3108 1324 3291 1378 sancti
3351 1325 3641 1379 Benedicti
3691 1328 3920 1379 servien-

2236 1411 2406 1479 tium,
2438 1411 2940 1482 congregationem
2969 1411 3370 1466 decentissime
3391 1413 3707 1467 ordinavit.
3743 1415 3919 1482 Porro,

2235 1507 2581 1568 cooperante
2621 1501 2674 1553 ei
2713 1500 2770 1553 in
2819 1500 3086 1554 omnibus
3116 1500 3400 1570 imperiali
3434 1502 3756 1572 majestate,
3789 1502 3920 1556 idem

2236 1588 2652 1642 monasterium
2702 1588 2860 1642 omni
2903 1595 3108 1642 ornatu
3161 1589 3465 1642 decoravit.
3521 1595 3673 1643 Ante
3733 1592 3921 1660 princi-

2235 1675 2363 1743 pale
2406 1676 2582 1728 altare
2630 1675 2852 1728 iconem
2902 1691 2966 1727 ex
3015 1691 3153 1728 auro
3192 1681 3251 1729 et
3299 1676 3486 1745 lapide
3526 1677 3921 1746 pretiosissima

2235 1762 2464 1829 statuit;
2514 1763 2716 1816 calices
2747 1779 2954 1817 aureos
3004 1767 3062 1816 et
3091 1769 3415 1834 argenteos,
3444 1765 3686 1831 catinos,
3723 1781 3920 1831 nrceos,

2233 1852 2430 1920 pallas,
2472 1853 2709 1916 casulas,
2753 1853 2900 1919 vela,
2937 1852 3207 1916 cortinas,
3250 1869 3460 1922 cappas
3507 1869 3650 1906 auro
3698 1859 3756 1906 et
3783 1870 3920 1923 gem-

2232 1939 2342 1992 mis
2381 1939 2646 2010 pretiosis
2679 1941 2942 2007 intextas,
2979 1945 3034 1993 et
3074 1945 3278 1993 caetera
3327 1940 3598 1994 utensilia
3639 1940 3762 1994 sive
3813 1959 3922 1994 vasa

2233 2027 2540 2081 ministerii
2565 2032 2725 2081 tanto
2766 2029 2955 2082 studio
2987 2034 3044 2081 et
3092 2034 3206 2082 tam
3270 2029 3624 2098 sumptuosis
3665 2030 3923 2100 impensis

2231 2116 2419 2170 eidem
2452 2117 2701 2170 ecclesiae
2747 2117 3012 2183 contulit,
3073 2122 3138 2170 ut
3164 2116 3494 2188 quicunque
3543 2133 3613 2170 ea
3641 2118 3924 2172 intuentur

2231 2203 2453 2273 regiam
2485 2204 2970 2275 magniﬁcentiam
3019 2209 3074 2258 et
3130 2205 3334 2258 miram
3387 2205 3715 2276 utriusque,
3760 2207 3922 2276 impe-

2231 2292 2438 2346 ratoris
2468 2292 2731 2346 videlicet
2778 2308 2840 2346 ac
2879 2291 3280 2362 imperatricis,
3327 2292 3386 2347 in
3431 2293 3615 2346 Deum
3680 2293 3925 2347 devotio-

2232 2395 2365 2433 nem
2407 2397 2756 2450 magnopere
2785 2381 2984 2434 mirari
3017 2397 3132 2434 non
3175 2386 3418 2434 cessent.

2305 2469 2358 2522 4.
2403 2469 2656 2538 Collapsa
2711 2474 3008 2523 restaurat.
3053 2497 3128 2509 —
3175 2470 3386 2522 Praeter
3427 2469 3531 2522 has
3585 2469 3926 2540 principales

2233 2572 2351 2609 suae
2372 2557 2720 2610 fundationis
2760 2562 2817 2610 et
2857 2556 3160 2625 primarias
3204 2555 3490 2622 ecclesias,
3522 2572 3657 2625 quae
3687 2573 3927 2609 conven-

2232 2643 2404 2697 tualis
2463 2644 2715 2711 ecclesia,
2775 2659 2904 2714 quae
2962 2643 3313 2696 monasteria
3372 2643 3608 2696 illorum
3673 2643 3928 2697 donativo

2233 2747 2348 2784 non
2388 2731 2724 2802 gloriantur,
2761 2735 2858 2784 aut
2889 2729 2949 2783 in
2996 2730 3228 2799 praediis
3257 2729 3508 2795 dilatata,
3581 2735 3646 2782 ut
3676 2731 3930 2784 decorata

2231 2819 2623 2874 ornamentis?
2657 2820 2808 2873 Alias
2838 2818 2993 2873 enim
3030 2818 3367 2888 antiquitate
3409 2817 3696 2887 collapsas
3738 2818 3929 2871 reasdi-

2232 2907 2565 2976 ﬁcaverunt,
2607 2908 2881 2978 quasdam
2928 2907 3103 2961 etiam
3160 2907 3474 2960 destructas
3501 2911 3560 2959 et
3585 2907 3656 2960 ad
3692 2907 3926 2960 nihilum

421 2995 787 3065 omnipotens
823 2994 1116 3046 vinculum
1145 2999 1315 3047 castas
1359 2995 1681 3048 dilectionis
1720 2995 1980 3062 servavit,
2029 2995 2118 3048 in-
2154 2995 2194 3050 C
2233 2996 2486 3050 redactas
2508 2997 2568 3050 in
2599 2996 2906 3066 pristinum
2933 2998 3020 3049 vel
3059 2995 3118 3049 in
3151 2995 3444 3048 meliorem
3468 2999 3684 3048 statum
3720 3001 3925 3048 restau-

423 3083 743 3135 nocentiam
801 3081 1215 3150 comprobavit,
1277 3081 1597 3152 integritati
1653 3082 1970 3136 custodiam
2011 3083 2121 3137 hu-

423 3170 682 3223 militatis
706 3168 988 3222 adhibuit.

496 3261 546 3312 3.
578 3260 720 3312 Loca
777 3273 937 3311 sacra
981 3256 1163 3311 condit
1209 3262 1259 3311 et
1311 3258 1481 3312 dotat.
1516 3288 1584 3296 —
1621 3259 1684 3311 In
1732 3258 1977 3312 fascibus
2006 3258 2120 3312 ita—

425 3362 536 3415 que
563 3345 886 3411 consututa,
931 3345 1295 3400 continentiae
1353 3363 1468 3400 suae
1500 3346 1742 3416 gloriam
1775 3347 1880 3400 sub
1904 3346 2121 3401 terreni

424 3434 723 3504 chlamyde
778 3433 1006 3504 imperii
1065 3434 1358 3504 satagebat
1413 3434 1777 3502 abscondere,
1840 3441 1906 3489 ut
1961 3440 2118 3488 tanto

425 3522 788 3592 propensius,
849 3525 1060 3592 quanto
1110 3523 1394 3577 efﬁcacius
1459 3528 1704 3592 poterat,
1756 3527 2122 3594 promoveret

425 3627 574 3681 quae,
635 3612 746 3664 Deo
791 3610 1108 3680 inspirante
1147 3627 1251 3665 nec
1295 3628 1413 3665 non
1444 3611 1772 3682 adjuvante,
1811 3611 1884 3665 ad
1935 3611 2118 3682 ipsius

425 3699 649 3752 laudem
689 3698 977 3768 cogitabat
1018 3700 1312 3769 perﬁcere.
1356 3699 1614 3770 Denique
1661 3705 1788 3769 post
1837 3698 2119 3755 novellam

422 3785 842 3840 fecundissimae
905 3787 1277 3856 plantationis
1351 3804 1468 3840 suae
1524 3788 1822 3842 ecclesiam
1893 3789 2116 3842 Baben—

419 3873 578 3945 berg,
621 3890 795 3945 quam
833 3891 964 3928 cum
1015 3874 1113 3928 illo
1162 3875 1578 3928 studiosissimo
1611 3892 1715 3930 suo
1751 3882 2119 3946 cooperatore

420 3964 662 4018 Henrico
720 3963 778 4016 in
833 3964 956 4017 loco
1000 3963 1478 4032 Babenbergensi,
1519 3965 1938 4032 venustissime,
1972 3966 2119 4020 sicut.

419 4053 693 4106 hactenus
735 4052 1010 4118 cernitur,
1042 4050 1336 4104 fabricavit
1368 4052 1473 4105 sub
1524 4053 1844 4120 patrocinio
1902 4054 2115 4123 princi-

419 4140 508 4209 pis
571 4140 962 4208 apostolorum
1005 4139 1158 4192 Petri
1207 4144 1377 4208 atque
1425 4140 1601 4192 sancti
1635 4140 1862 4209 Georgii
1905 4148 2115 4211 marty-

419 4227 517 4293 ris,
573 4229 984 4294 monasterium
1036 4227 1140 4281 sub
1202 4227 1403 4297 regula
1455 4230 1636 4282 sancti
1706 4228 1993 4281 Benedicti
2044 4229 2114 4283 ad

419 4315 816 4384 aquilonarem
863 4315 1114 4385 plagam,
1148 4314 1207 4368 in
1237 4314 1454 4369 honore
1491 4315 1670 4369 sancti
1701 4316 1986 4370 Michaelis
2022 4333 2112 4370 ar-

416 4401 681 4468 changeli
721 4401 1012 4468 exstruxit,
1071 4417 1186 4454 non
1253 4401 1464 4456 minori
1521 4403 1706 4457 studio
1762 4403 2113 4472 praediorum

417 4505 482 4542 ac
531 4490 882 4543 diversorum
911 4489 1163 4544 donariis
1202 4496 1701 4557 ornamentorum;
1751 4493 1982 4546 tertiam
2023 4495 2115 4546 de-

418 4593 576 4630 mum
631 4593 822 4630 versus
875 4577 1180 4632 meridiem
1244 4579 1349 4632 sub
1409 4579 1607 4632 ordine
1681 4579 2112 4649 cauonicorum,

417 4666 523 4719 sub
589 4666 754 4720 titulo
812 4666 993 4720 sancti
1075 4666 1345 4737 Stephani
1410 4668 1864 4738 protomartyris,
1937 4684 2112 4738 parvo

415 4755 646 4825 quidem
696 4755 1004 4821 schemate,
1044 4755 1144 4808 sed
1211 4756 1416 4824 majori
1465 4772 1640 4825 opera
1687 4756 1757 4809 de
1788 4772 1891 4808 suo
1935 4757 2111 4826 patri-

415 4843 610 4897 monio
653 4843 952 4897 ecelesiam
1029 4843 1303 4896 fundavit.
1354 4844 1436 4897 Ad
1502 4860 1677 4914 quam
1734 4844 2110 4899 dedicandam

415 4932 785 4986 Benedictum
841 4933 953 5001 (70)
986 4947 1216 5002 papam,
1259 4948 1429 5002 quem
1461 4933 1730 5002 praefatus
1754 4933 1869 4985 Deo
1901 4932 2110 5003 dignus

413 5021 686 5074 Henricus
723 5021 1040 5091 imperator
1072 5020 1144 5073 ad
1188 5021 1649 5074 conﬁrmandum
1681 5021 2112 5091 Bahenbergen-

411 5125 531 5162 sem
563 5109 960 5179 pontiﬁcatum
1015 5109 1402 5173 advocaverat,
1457 5108 1651 5162 venire
1685 5109 1924 5179 rogavit.
1963 5110 2112 5180 Ipsa-

411 5204 601 5251 autem
659 5197 798 5251 illud
863 5196 1294 5266 Psalmographi
1353 5210 1545 5249 secum
1609 5196 1944 5251 decantans:
1994 5201 2111 5253 Do—

411 5287 573 5347 mine,
629 5286 802 5339 dilexi
853 5285 1094 5339 decorem
1146 5283 1336 5338 domus
1368 5288 1471 5337 tua.v
1520 5283 1686 5352 (Psal.
1736 5300 1864 5350 xxv,
1922 5288 2000 5354 8),
2033 5285 2109 5341 dio

411 5389 570 5427 versa
615 5373 804 5426 eidem
856 5373 1108 5426 ecclesize
1159 5372 1320 5442 juxta
1363 5371 1720 5442 imperialem
1775 5373 2110 5428 muniﬁcen-

412 5477 590 5602 10ςέο)
618 5478 953 5532 Benedictus
985 5480 1126 5542 VIII,
1163 5479 1263 5549 qui
1293 5477 1488 5549 Sergio
1543 5479 1610 5531 ιν
1649 5479 1915 5534 successit
1958 5497 2108 5534 anno

2233 3089 2528 3150 raverunt;
2567 3088 2622 3136 et
2669 3082 2835 3136 sicuti
2890 3083 3204 3152 prudentes
3259 3081 3504 3152 virgines
3561 3081 3766 3136 oleum
3821 3100 3925 3134 suae

2234 3171 2638 3226 misericordize
2670 3172 2729 3224 in
2749 3171 3001 3226 diversos
3031 3171 3376 3235 effuderunt,
3398 3176 3460 3224 ut
3481 3171 3719 3224 meritio
3753 3171 3923 3224 dicere

2229 3260 2486 3328 possint:
2548 3258 2752 3316 Christi
2805 3259 2971 3314 bonus
3024 3259 3154 3314 odor
3228 3274 3410 3314 sumus
3461 3261 3520 3313 iu
3602 3264 3758 3312 omni
3829 3261 3924 3312 loco

2231 3346 2310 3416 (Il
2337 3350 2465 3402 Cor.
2527 3364 2584 3410 lt,
2643 3350 2749 3413 15).
2813 3347 2855 3401 Ο
2907 3345 3244 3416 conjuginm
3303 3363 3417 3400 non
3463 3347 3785 3416 voluptate,
3841 3346 3923 3399 sed

2228 3435 2380 3488 bona
2408 3437 2700 3488 voluntate
2731 3433 3086 3504 cOpulatum!
3114 3433 3157 3489 Ο
3181 3439 3438 3489 sanctum
3468 3435 3922 3492 matrimonium.

2228 3523 2328 3576 ubi
2352 3540 2468 3576 una
2507 3523 2649 3577 ﬁdes
2687 3522 2979 3577 inviolatae
3025 3522 3318 3588 castitatis,
3354 3522 3452 3576 ubi
3486 3539 3634 3576 unus
3693 3522 3923 3592 spiritus

2230 3610 2635 3665 misericordiae
2667 3627 2731 3663 ac
2772 3611 3052 3678 veritatis,
3111 3611 3208 3664 ubi
3241 3612 3392 3664 idem
3433 3611 3577 3664 velle
3621 3611 3685 3665 in
3719 3610 3925 3664 virtuti-

2228 3700 2333 3754 bus
2360 3700 2628 3770 idemque
2661 3699 2815 3753 nolle
2849 3700 2905 3752 in
2930 3698 3106 3752 vitiis!
3140 3699 3239 3752 ubi
3268 3715 3371 3752 nec
3403 3698 3622 3769 primus
3660 3715 3770 3753 nec
3795 3699 3922 3752 alter

2229 3785 2473 3840 discerni
2503 3785 2724 3855 potuit;
2753 3786 2890 3838 dum
2937 3786 3099 3851 alter,
3123 3785 3279 3855 quod
3309 3785 3550 3855 primus,
3586 3785 3771 3838 voluit
3797 3784 3918 3838 :ubi

2229 3890 2333 3944 par
2369 3873 2594 3926 animus
2638 3872 2698 3926 in
2758 3873 3081 3926 multifariis
3138 3889 3377 3942 operum
3429 3873 3728 3927 etfectibus
3766 3889 3918 3944 pares

2228 3961 2287 4014 in
2320 3961 2542 4015 duobus
2580 3961 2827 4015 ostendit
2856 3960 3118 4015 affectus!
3151 3963 3354 4024 Quales
3377 3963 3477 4014 has
3509 3962 3744 4031 nuptias
3765 3963 3914 4014 dixe-

2228 4049 2334 4102 rim
2388 4049 2594 4103 nescio.
2651 4050 2837 4103 Unum
2897 4049 3030 4117 scio,
3085 4049 3223 4119 quia
3266 4051 3442 4103 nescit
3497 4055 3697 4104 nostra
3756 4049 3916 4103 modo

2229 4139 2386 4208 regio
2442 4139 2604 4206 tales,
2660 4139 2796 4192 dum
2843 4139 2924 4192 illi
2963 4144 3200 4208 propter
3255 4155 3494 4208 regnum
3543 4139 3823 4193 castorum
3861 4153 3914 4189 se

2226 4231 2557 4294 castrantes,
2591 4243 2694 4280 nec
2731 4228 2952 4297 prolem
3005 4232 3248 4280 terrenae
3304 4226 3667 4280 fecunditatis
3726 4241 3911 4296 exspe-

2224 4317 2462 4383 ctantes,
2510 4315 2770 4368 caelibem
2807 4332 2838 4367 a
2878 4317 2991 4369 Deo
3025 4315 3451 4385 generationem
3499 4320 3859 4385 receperunt,
3889 4330 3919 4365 a

2223 4418 2468 4472 quorum
2528 4419 2624 4456 ore
2662 4403 2786 4456 laus
2841 4403 2939 4457 Dei
2995 4419 3295 4474 nunquam
3355 4403 3601 4457 deficiet.
3659 4405 3792 4457 Ilaec
3842 4407 3919 4455 est

2223 4492 2521 4560 generatio
2545 4492 2925 4562 quaerentium
2957 4492 3279 4555 Dominum,
3303 4491 3690 4562 querentium
3720 4490 3914 4544 faciem

2223 4579 2323 4632 Dei
2373 4580 2590 4633 Jacob:
2644 4579 2744 4649 qui
2789 4580 3040 4633 viventes
3099 4579 3159 4633 in
3210 4580 3459 4646 Christo,
3512 4579 3775 4633 membra
3824 4594 3916 4631 sua

2223 4667 2632 4721 mortiﬁcantes
2669 4672 2906 4738 propter
2954 4667 3258 4732 Christum,
3304 4684 3476 4738 super
3525 4672 3742 4722 terram
3803 4683 3915 4720 mo-

2221 4755 2452 4821 rientes,
2499 4754 2672 4809 modo
2726 4761 3034 4825 regnantes
3075 4771 3208 4810 cum
3248 4756 3466 4810 Christo
3500 4756 3653 4809 bona
3695 4753 3917 4809 Domini

2220 4843 2309 4897 sui
2340 4844 2535 4897 vident
2565 4843 2626 4897 in
2654 4844 2890 4914 regione
2921 4843 3261 4899 viventium.

2291 4936 2347 4985 5.
2386 4933 2592 4986 Auctor
2620 4931 2950 5000 aggreditur
2977 4934 3148 4986 vitam
3197 4936 3397 4986 sancta.v
3425 4931 3799 5000 Cunegundis.
3857 4959 3920 4969 —

2219 5020 2504 5084 Quoniam
2535 5020 2604 5074 de
2642 5019 2758 5074 vita
2779 5025 2836 5074 et
2891 5019 3198 5074 virtutibus
3243 5019 3324 5090 pii
3372 5023 3431 5073 et
3459 5019 3641 5072 sancti
3689 5017 3921 5073 Henrici

2220 5107 2692 5163 Christianissimi
2738 5108 3180 5178 imperatoribus
3221 5107 3686 5161 miserationibus
3745 5106 3920 5160 variis

2220 5213 2361 5268 quas
2383 5197 2516 5252 fecit
2541 5197 2604 5250 in
2627 5196 2799 5251 domo
2838 5195 3091 5258 Domini,
3140 5195 3208 5249 de
3241 5195 3418 5264 signis
3447 5211 3680 5266 quoque
3712 5200 3774 5248 et
3817 5193 3918 5247 mi-

2220 5285 2428 5340 raculis
2459 5302 2586 5358 quas
2645 5291 2776 5356 post
2819 5284 3122 5338 transitum
3169 5283 3350 5353 ipsius
3419 5300 3519 5354 per
3587 5299 3720 5338 eum
3789 5281 3922 5336 fecit

2222 5375 2396 5443 Deus,
2425 5376 2563 5429 satis
2596 5391 2660 5427 ac
2690 5374 2863 5444 digne
2893 5373 3106 5444 scripta
3158 5378 3351 5426 sancta
3397 5371 3611 5442 recepit
3646 5371 3916 5436 Ecclesia,

2313 5480 2398 5548 Ἡ)
2424 5479 2611 5533 Codex
2639 5478 2981 5532 Bodecensis
3001 5477 3172 5531 habet
3195 5477 3586 5546 quadraginta.
