4016 6202
83 255 185 305 209

1075 246 1239 301 VITA
1281 250 1337 301 S.
1380 247 1838 314 CUNEGUNDIS,
1882 249 1999 303 UBl
2042 250 2131 305 DE
2172 251 2227 305 S.
2272 249 2605 306 HENRICO.

3503 252 3609 304 210

80 393 231 431 nunc
291 374 556 429 animum
618 372 851 442 pungit,
896 387 960 425 ac
1015 371 1076 426 in
1132 376 1385 426 mentem
1417 371 1594 437 venit,
1625 372 1799 426 vitam
1838 376 1884 426 A
1921 395 1940 419 ι
1987 374 2073 426 hic
2134 376 2319 427 salvus
2365 375 2471 426 erit
2520 373 2734 441 (Matth.
2802 390 2859 439 x,
2912 377 3027 435 22.)
3074 376 3260 444 Atque
3314 375 3499 428 bonus
3546 375 3608 428 in

78 463 477 518 memoranda:
535 460 776 531 virginis
831 466 1045 514 nostrae
1120 460 1492 529 Cunegundis
1549 460 1801 515 breviter

81 554 387 623 explicare,
434 556 493 605 et
519 549 816 604 memoriae
884 548 1095 618 scripto
1145 549 1582 614 commendare;
1624 554 1685 602 ut
1728 549 1799 603 ad

81 642 414 711 exemplum
439 640 563 708 ejus
594 639 900 699 intuentes,
938 653 1297 707 qumeunque
1331 637 1601 706 virgines,
1637 654 1797 707 φηρ-

82 746 307 800 cunque
356 744 492 781 vere
554 727 765 789 viduae,
816 726 1081 795 perfectae
1134 725 1264 777 vitae
1323 741 1587 778 normam
1647 726 1797 778 arbi-

81 822 303 871 trentur
332 814 835 869 conversationem
862 813 1040 867 illius.
1081 813 1390 882 Indignum
1424 812 1579 865 enim
1615 813 1796 877 nobis,

80 907 175 959 sed
214 905 422 974 ’magis
460 919 654 973 operae
688 902 935 972 pretium
970 900 1259 964 duximus,
1295 909 1360 954 ut
1412 900 1498 952 illi
1541 900 1795 953 ofﬁcium

81 1012 187 1047 non
238 994 656 1046 subtrahamus
709 991 844 1056 oris,
904 992 1065 1058 cujus
1118 989 1484 1056 providentia
1538 990 1794 1059 quotidie

80 1082 357 1134 alimenta
390 1080 747 1149 percipimus
785 1076 1068 1147 corporis.

147 1173 199 1222 6.
259 1171 530 1233 Defuncto
596 1169 817 1231 marito,
901 1169 1012 1234 piis
1060 1166 1312 1233 operibus
1389 1167 1598 1217 insistit
1664 1180 1791 1218 san—

80 1264 164 1311 cta
224 1256 602 1324 Cunegundis.
676 1257 815 1323 Ejus
877 1255 1120 1322 epistola.
1179 1283 1249 1291 —
1310 1253 1550 1306 Henrico
1597 1252 1793 1322 itaque

81 1364 182 1399 suo
240 1362 361 1398 suae
423 1343 701 1396 castitatis
757 1341 1181 1410 patientissimo
1236 1356 1468 1409 semper
1532 1340 1793 1407 custode,

79 1435 171 1487 ubi
240 1449 370 1486 eam
445 1432 566 1484 suis
624 1430 933 1500 virginem,
988 1428 1070 1481 uti
1126 1428 1462 1480 traduxerat
1514 1427 1571 1480 in
1630 1427 1791 1481 Chri-

80 1528 181 1587 sto,
240 1521 304 1574 in
364 1520 577 1573 ultimo
656 1518 865 1588 spiritu
920 1516 1262 1569 constitutus
1358 1514 1669 1583 resiguavit
1724 1515 1790 1567 ad

80 1608 347 1675 coelestia,
408 1622 541 1676 quae
613 1604 832 1674 jcgiter
888 1603 1228 1672 suspirabat,
1316 1601 1525 1672 gaudia
1604 1606 1790 1655 trans-

80 1699 206 1761 lato,
261 1696 363 1749 illa
434 1711 494 1747 se
576 1694 646 1747 ad
732 1692 1059 1751 Dominum,
1146 1697 1212 1745 ut
1276 1707 1524 1760 semper,
1606 1695 1788 1743 totam

80 1782 360 1847 contulit;
424 1781 595 1833 illum
674 1795 792 1831 suae
863 1777 1120 1842 castitati,
1202 1778 1552 1843 necessitati,
1620 1778 1790 1831 saluti

81 1872 293 1937 adesse,
331 1869 504 1923 illum
530 1868 648 1920 suis
693 1865 970 1929 ecclesiis;
1028 1865 1188 1919 illum
1226 1865 1384 1931 ﬁliis,
1442 1882 1585 1936 quos
1646 1866 1697 1919 ei
1731 1866 1789 1918 in

80 1960 303 2014 Christo
364 1960 801 2028 aggregaverat,
860 1959 1199 2024 prasentem
1254 1953 1471 2018 adfore,
1514 1954 1790 2007 advocare

80 2048 308 2119 vigiliis,
372 2044 734 2099 orationibus
793 2044 1023 2107 instare,
1120 2042 1215 2096 die
1280 2042 1589 2112 practicam
1659 2058 1789 2095 cum

80 2138 316 2201 Martha,
386 2139 564 2188 noctu
612 2131 1112 2200 contemplativam
1172 2147 1308 2185 cum
1386 2131 1560 2185 Maria
1615 2132 1793 2184 vitam

80 2242 247 2296 agere
304 2240 430 2277 non
492 2222 764 2275 cessabat.
823 2220 1037 2282 Quanta
1091 2235 1230 2272 vero
1295 2221 1793 2290 eleemosynarum

82 2314 371 2384 largitate,
405 2314 622 2381 quanta
651 2306 924 2362 orationis
971 2308 1264 2365 instantia.
1300 2323 1403 2377 pro
1452 2308 1604 2361 beati
1648 2313 1791 2361 eon-

76 2403 227 2472 jugis
258 2399 521 2454 defuncti
580 2398 777 2451 anima
822 2396 1205 2457 desudaverit,
1250 2396 1309 2448 in
1339 2397 1655 2466 subscripta
1698 2412 1794 2466 pa-

85 2490 235 2558 gina,
263 2503 447 2558 quam
478 2486 604 2555 ipsa
659 2499 764 2554 per
819 2498 875 2535 se
921 2482 1076 2550 (nam
1134 2482 1486 2550 litterarum,
1545 2483 1690 2536 sicut
1740 2486 1797 2535 et

87 2578 330 2630 aliarum
367 2575 600 2637 artium,
653 2571 1001 2641 distinguere
1028 2587 1171 2624 auro
1217 2571 1576 2641 gemmisque
1609 2586 1795 2623 sacras

87 2671 265 2718 vestes
322 2664 436 2717 fuit
490 2659 858 2732 peritissime)
916 2658 1241 2728 composuit
1295 2658 1383 2727 aet
1434 2656 1792 2727 conscripsit,

89 2755 442 2826 quicumque
478 2750 620 2803 scire
653 2746 897 2802 voluerit
916 2762 1259 2817 cognoscere
1288 2746 1518 2814 poterit.
1548 2765 1575 2796 «
1618 2747 1798 2799 Cune-

96 2862 118 2891 s
156 2841 391 2913 gundis,
434 2838 629 2893 divina
667 2836 1094 2906 dispensatione
1121 2834 1244 2888 solo
1284 2834 1518 2887 nomine
1549 2834 1797 2903 impera—

1920 482 1939 509 »
1984 467 2288 532 conspectu
2320 462 2492 514 etiam
2526 461 2625 515 Dei
2658 462 2931 529 placitum
2965 479 3084 515 esse
3116 462 3365 526 cernitis,
3419 464 3465 515 si
3493 480 3606 517 non

1914 570 1941 597 ι
1983 551 2168 603 solum
2200 567 2303 619 pro
2347 550 2458 602 illis
2484 550 2583 620 qui
2620 549 2679 602 in
2711 550 2817 601 hac
2846 549 2962 603 vita
3016 550 3185 620 positi
3216 550 3398 602 multa
3450 550 3609 603 vobis

1915 659 1938 686 ι
1980 639 2151 704 bona,
2192 639 2288 692 sed
2323 655 2424 708 pro
2465 639 2576 690 illis
2607 638 2779 690 etiam
2813 638 2912 707 qui
2960 638 3120 691 nulla
3151 639 3429 703 fecerunt,
3479 654 3607 690 ora-

1910 746 1938 776 »
1979 727 2191 780 veritis.
2246 727 2490 780 Obsecro
2541 742 2678 795 ergo
2725 730 2784 777 ut
2815 742 2944 778 eum
3008 743 3039 777 a
3093 725 3361 778 cordibus
3406 726 3607 778 vestris

1908 834 1936 865 υ
1977 831 2274 885 nunquam
2334 815 2641 884 abjiciatisf,
2697 814 2795 883 qui
2854 830 2953 865 vos
3010 819 3285 883 tanquam
3343 815 3603 883 proprias

1911 923 1931 950 ι
1977 904 2208 964 amavit,
2241 908 2414 972 atque
2448 903 2598 955 hunc
2649 904 2834 954 locum
2869 908 3053 955 vestra
3096 902 3367 955 servitute
3402 902 3608 956 ﬂorere

1906 1013 1934 1040 ››
1976 992 2176 1045 voluit.
2224 994 2411 1045 Estote
2443 1008 2672 1061 quoque
2716 1008 2859 1043 mere
2915 991 3262 1043 necessitatis
3297 1008 3603 1057 memores,

1906 1102 1934 1127 ››
1978 1096 2204 1149 semper
2268 1081 2323 1131 in
2381 1080 2668 1132 hilaritate
2726 1079 2911 1131 cordis
2936 1079 3346 1145 misericordes,
3410 1096 3609 1133 secun-

1910 1191 1930 1216 ι
1976 1168 2112 1221 dum
2173 1168 2312 1220 illud
2386 1166 2640 1235 Apostoli
2696 1184 2708 1219 :
2776 1168 2999 1220 Dilectio
3062 1170 3178 1221 sine
3260 1170 3610 1222 simulatione

1906 1276 1933 1305 »
1976 1256 2151 1325 (Rom.
2187 1272 2285 1317 xu,
2319 1254 2391 1323 9).
2438 1255 2663 1307 Necnon
2698 1258 2896 1306 vcstrze
2954 1261 3171 1307 mentes
3202 1255 3260 1307 in
3296 1257 3604 1325 quamdam

1910 1366 1931 1390 ι
1979 1348 2192 1395 mutum
2224 1342 2513 1395 charitatis
2558 1342 2907 1394 soliditatem
2938 1345 3120 1411 magis
3162 1359 3224 1396 ac
3260 1345 3442 1411 magis
3472 1361 3606 1397 con-

1911 1454 1932 1478 -
1973 1438 2247 1493 crescant,
2289 1436 2571 1500 quatenus
2617 1430 2678 1482 in
2731 1430 2822 1482 die
2873 1430 3260 1483 tribulationis
3298 1432 3606 1485 clamorem

1902 1542 1928 1567 η
1974 1526 2226 1571 vestrum
2276 1518 2455 1588 ipsius
2508 1534 2676 1571 aures
2722 1518 3049 1580 exaudiant,
3115 1518 3215 1587 qui
3264 1520 3394 1571 dicit
3452 1536 3463 1571 :
3509 1522 3610 1573 Ubi

1906 1627 1933 1655 ››
1974 1608 2080 1661 duo
2106 1611 2188 1660 rei
2210 1613 2314 1660 tres
2364 1609 2679 1672 congregati
2704 1608 2916 1672 fuerint
2974 1609 3030 1660 in
3085 1610 3297 1661 nomine
3351 1623 3484 1673 meo,
3550 1610 3609 1660 in

1902 1718 1930 1743 ››
1972 1695 2148 1749 medio
2188 1710 2367 1748 eorum
2420 1710 2539 1749 sum
2571 1695 2787 1759 (Matth.
2831 1711 2907 1761 x1,
2954 1695 3072 1764 20).
3113 1695 3272 1758 Quod
3306 1712 3402 1748 vos
3448 1696 3611 1749 omni

1899 1803 1927 1834 ι)
1970 1783 2142 1836 modo
2188 1784 2510 1851 promereri
2570 1783 2787 1843 hortor,
2843 1784 3043 1836 eodem
3112 1789 3445 1852 praestante,
3504 1784 3606 1853 qui

1900 1890 1928 1922 »
1970 1887 2101 1924 cum
2142 1872 2308 1923 Patre
2351 1876 2409 1923 et
2440 1870 2657 1940 Spiritu
2706 1875 2903 1923 sancto
2954 1871 3091 1924 vivit
3145 1875 3199 1924 et
3262 1876 3466 1942 regnat
3506 1887 3611 1941 per

1904 1981 1926 2006 ι
1971 1958 2167 2012 omnia
2198 1958 2406 2011 saecula
2435 1959 2800 2011 saeculorum.
2842 1962 3043 2012 Amen.
3074 1981 3102 2007 ι)

1967 2052 2021 2100 7.
2058 2049 2413 2101 Monasticam
2454 2052 2649 2100 vestem
2670 2046 2873 2099 induit.
2907 2050 3007 2100 Pia
3044 2048 3159 2114 ejus
3209 2050 3489 2102 exercitia.
3541 2076 3610 2085 ——

1902 2135 2160 2205 Denique
2189 2134 2449 2189 Conrado
2490 2134 2596 2187 sibi
2631 2136 2967 2188 succedente
2998 2136 3058 2187 in
3091 2151 3266 2204 regno
3300 2136 3431 2205 (72),
3486 2136 3612 2205 ipsa

1898 2224 2052 2275 curis
2109 2222 2494 2283 saecularibus,
2558 2222 2701 2275 sicut
2725 2222 2846 2290 jam
2891 2222 2985 2275 diu
3031 2222 3475 2288 desideraverat,
3508 2239 3610 2276 ex—

1900 2314 2159 2374 onerata,
2214 2310 2273 2361 in
2325 2309 2448 2379 ipso
2499 2307 2888 2361 anniversario
2949 2308 3039 2362 die
3079 2309 3357 2363 transitus
3429 2308 3607 2362 sancti

1902 2397 2609 2468 Henriciarchiepiscopos
2652 2412 2782 2449 cum
2837 2397 3119 2467 episcopis
3171 2398 3241 2451 ad
3299 2396 3607 2451 dedicatio-

1900 2502 2036 2539 nem
2070 2484 2465 2555 Confugiensis
2496 2484 2747 2538 ecclesia:
2777 2490 3045 2538 convocat
3079 2502 3091 2537 :
3151 2485 3251 2539 ubi
3282 2487 3430 2539 inter
3463 2486 3610 2539 mis—

1902 2588 2097 2625 sarum
2129 2571 2431 2639 solemnia,
2467 2572 2754 2640 imperiali
2804 2572 3203 2626 decentissime
3235 2575 3393 2627 omni
3442 2575 3601 2627 cultu

1905 2665 2128 2725 ornata,
2201 2664 2329 2712 ante
2391 2659 2703 2729 principale
2779 2660 2959 2713 altare
3015 2661 3173 2730 virgo
3237 2664 3350 2715 Deo
3400 2662 3606 2715 devota

1902 2748 2204 2817 processit,
2253 2747 2451 2817 ibique
2508 2748 2845 2801 thesaurum
2879 2749 3410 2819 incomparabilem.
3464 2750 3609 2818 ligni

1906 2836 2194 2890 Dominici
2245 2852 2490 2900 crucem,
2527 2851 2757 2905 parvam
2791 2837 3021 2907 quidem
3073 2838 3130 2890 in
3190 2838 3449 2903 materia,
3511 2839 3608 2892 sed

95 2952 112 2977 ι
154 2931 283 2996 trix,
318 2926 648 2996 specialiter
686 2924 907 2978 dilecta:
935 2921 1372 2994 congregationi
1411 2924 1470 2975 in
1503 2920 1800 2991 Confugia,
1834 2925 1873 2979 Ο
1913 2924 2224 2977 maximam
2255 2924 2316 2977 in
2344 2923 2572 2987 virtute,
2610 2925 2724 2976 Deo
2753 2924 2979 2979 obtulit.
3005 2929 3078 2978 At
3106 2926 3206 2979 ubi
3236 2926 3402 2979 lectio
3435 2942 3609 2980 evan-

94 3040 117 3068 ν
158 3015 449 3088 quidquid
477 3015 647 3083 justte
674 3010 939 3065 convenit
961 3009 1274 3064 dilectioni.
1312 3010 1566 3080 Propriae
1596 3010 1795 3063 adver-

95 3128 118 3156 n
158 3105 347 3159 sitatis
376 3103 682 3167 sarcinam,
716 3099 889 3153 veluti
920 3099 1162 3160 aestimo,
1212 3097 1433 3152 facilius
1466 3101 1795 3165 tolerarem,

98 3220 115 3241 ι
158 3196 202 3247 si
234 3197 465 3247 vestras
506 3207 593 3243 res
646 3189 826 3241 salvas
883 3187 1315 3255 incolumesque
1348 3187 1587 3240 existere
1628 3185 1790 3239 vide-

100 3306 115 3330 ι
157 3298 303 3336 rem-
381 3277 655 3343 Quamvis
714 3276 868 3330 enim
924 3291 1085 3329 mens
1144 3275 1470 3344 procellosis
1524 3290 1797 3328 curarum

100 3391 121 3419 ο
160 3369 441 3425 fluctibus
474 3365 731 3435 undique
783 3363 1095 3434 quatiatur,
1152 3367 1351 3415 vestrae
1382 3367 1575 3417 tamen
1602 3376 1797 3415 recor-

102 3482 119 3507 »
161 3456 420 3514 dationis
452 3455 702 3508 anchora
730 3468 763 3505 a
792 3451 974 3505 cordis
1004 3450 1395 3522 profunditate
1428 3469 1543 3504 non
1602 3449 1799 3504 evelli-

96 3568 122 3596 ι
160 3552 278 3600 tur.
304 3546 378 3598 Et
406 3544 542 3597 licet
561 3544 729 3612 longe
757 3545 991 3594 remotae
1018 3540 1088 3593 ab
1111 3538 1290 3592 oculis
1338 3540 1477 3603 sitis,
1502 3539 1571 3592 ab
1604 3537 1800 3591 animo

100 3657 123 3685 υ
162 3642 364 3689 tamen
396 3646 681 3701 nusquam
729 3628 1012 3683 receditis.
1080 3626 1218 3691 Quis
1273 3643 1377 3680 nos
1430 3626 1722 3698 separabit
1770 3642 1802 3677 a

100 3743 124 3775 ι
163 3722 450 3777 cbaritate
505 3718 748 3774 Christi?
805 3733 966 3771 casus
1021 3714 1257 3781 doloris,
1287 3733 1357 3768 an
1409 3713 1805 3785 longinquitas

104 3835 124 3857 ι
166 3808 554 3865 remotionis?
586 3807 732 3872 Quin
779 3806 948 3859 etiam
1004 3805 1051 3857 si
1100 3803 1323 3857 amissae
1355 3803 1637 3858 facultatis
1670 3818 1804 3855 usus

102 3922 127 3950 η
167 3899 603 3961 concederetur,
663 3895 924 3948 voluntas
1006 3894 1131 3947 haec
1183 3892 1372 3961 operis
1449 3890 1805 3945 exhibitione

106 4008 129 4037 ι
170 3985 669 4057 comprobaretur.
731 3984 925 4052 Ipsum
988 3986 1184 4034 tamen
1250 3980 1564 4045 modicum,
1652 3978 1807 4049 quod

110 4098 131 4122 η
172 4075 386 4138 adhuc,
447 4074 559 4125 Deo
614 4070 856 4135 volente,
913 4070 1203 4139 reliquum
1244 4073 1526 4133 tenemus,
1604 4071 1807 4120 vestras

106 4182 129 4211 ι
167 4158 615 4216 commonitioni
634 4159 885 4212 alienum
915 4172 1037 4210 esse
1070 4155 1361 4221 nolumus,
1394 4160 1459 4210 ut
1488 4153 1803 4225 participa-

106 4275 125 4299 σ
188 4251 350 4303 tione
405 4247 698 4317 parvitatis
742 4246 1025 4299 relevetur
1063 4243 1402 4313 magnitudo
1457 4242 1794 4296 devotionis.

108 4338 338 4392 rlater
368 4350 618 4404 namque
650 4333 697 4386 si
734 4348 939 4402 parum
970 4330 1254 4391 habuerit,
1298 4347 1499 4401 parum
1541 4329 1675 4384 filiis
1705 4328 1801 4381 tri-

104 4449 129 4472 »
175 4425 325 4479 buit.
394 4423 529 4475 Ecce
575 4422 698 4475 haec
756 4419 966 4473 modici
1025 4423 1286 4487 sumptus
1330 4419 1671 4472 munuscula
1730 4416 1800 4470 ad

104 4538 127 4559 ιι
190 4510 568 4566 refectionem
616 4509 774 4562 vobis
826 4507 1135 4560 mittuntur
1185 4506 1390 4570 carnis,
1441 4512 1505 4559 ut
1550 4506 1800 4557 animam

108 4623 130 4650 ι
164 4600 411 4655 senioris
443 4598 622 4653 Patris
661 4597 831 4651 vestri
883 4595 1156 4649 continua
1202 4595 1477 4648 orationis
1528 4594 1803 4647 alimonia

108 4712 135 4740 ιδ
166 4688 471 4753 reﬁciatis;
510 4686 782 4756 quoniam
822 4689 907 4739 tot
938 4685 1227 4754 justorum
1264 4699 1461 4753 preces
1491 4683 1806 4737 umanimi-

110 4798 134 4827 ιο
175 4784 267 4831 ter
296 4777 649 4830 continuatae
678 4774 829 4843 apud
872 4774 1048 4826 Deum
1084 4773 1327 4825 multum
1361 4777 1603 4841 possunt
1632 4772 1806 4841 proﬁ-

116 4890 134 4911 -
176 4881 331 4931 cere,
393 4862 565 4917 Jacob
594 4867 938 4915 attestante:
994 4860 1233 4914 Multum
1300 4861 1443 4913 valet
1502 4859 1809 4927 deprecatio

115 4974 137 5003 ι
168 4956 318 5023 justi
365 4951 593 5005 assidua
614 4950 747 5020 (Jac.
806 4948 998 5016 v,16).
1046 4947 1145 5000 Ille
1183 4946 1352 5000 etiam
1407 4950 1577 5015 atque
1635 4945 1808 4998 etiam

118 5064 140 5089 υ
173 5043 366 5111 justus
428 5039 721 5105 Dominus,
757 5036 859 5107 qui
901 5034 1151 5105 justitias
1199 5034 1417 5097 dilexit,
1476 5033 1811 5103 aequitatem

116 5149 140 5178 ιι
178 5126 619 5199 supplicationis
675 5123 945 5178 exaudire
1002 5138 1120 5176 non
1170 5123 1424 5192 respuit:
1487 5121 1581 5174 sed
1652 5120 1812 5172 vobis

120 5236 143 5266 1
180 5215 484 5270 indefessis
514 5211 1026 5267 intercessionibus
1056 5210 1367 5280 supradicti
1407 5208 1563 5261 chari
1600 5224 1815 5261 memo-

125 5326 148 5351 ro
187 5305 333 5357 riam
362 5302 701 5356 facientibus
732 5300 932 5353 salutis
964 5298 1120 5352 dabit
1145 5298 1475 5369 praemium,
1514 5297 1665 5366 quod
1698 5296 1817 5366 ipse

127 5413 148 5442 ι
188 5392 456 5462 promisit
482 5390 676 5444 dicens
709 5407 721 5443 :
771 5391 880 5453 Qui
905 5389 1326 5457 perseveraverit
1376 5401 1545 5452 usque
1573 5388 1631 5437 in
1661 5387 1819 5452 ﬁnem

189 5500 304 5563 (7'2)
338 5499 503 5549 Anno
535 5495 663 5564 ipso
692 5496 847 5569 l021i,
881 5509 994 5563 quo
1020 5493 1203 5545 fuerat
1226 5490 1529 5543 defunctus
1561 5489 1854 5542 Henricus.

1907 3013 2063 3083 gelii,
2098 3012 2158 3065 in
2192 3028 2307 3082 qua
2331 3028 2501 3080 supra
2542 3011 2805 3065 arborem
2838 3013 3020 3065 crucis
3064 3014 3377 3067 ascendens
3419 3014 3609 3083 suspi-

1905 3101 2153 3154 cientem
2197 3116 2255 3152 se
2283 3101 2474 3153 Jesum
2507 3099 2816 3169 suscipere,
2851 3105 2908 3153 et
2934 3101 3005 3153 ab
3036 3117 3104 3154 eo
3147 3101 3606 3157 benedictionem

1905 3189 2151 3259 pusillus
2192 3188 2407 3242 meruit
2434 3188 2713 3258 accipere,
2757 3188 2902 3242 lecta
2929 3188 3056 3255 fuit,
3092 3191 3346 3259 regalem
3377 3205 3601 3259 purpu-

1906 3296 2029 3333 ram
2062 3296 2296 3344 exuens,
2348 3280 2603 3333 tunicam
2635 3280 2962 3346 fusciorem,
2992 3297 3164 3350 quam
3195 3281 3321 3350 ipsa
3353 3280 3461 3334 sibi
3491 3281 3608 3334 suis

1908 3369 2174 3422 manibus
2203 3373 2435 3437 operata
2463 3369 2667 3433 fuerat,
2717 3373 2926 3422 vestem
2975 3369 3289 3440 religionis,
3342 3369 3475 3422 data
3528 3386 3609 3422 sa-

1907 3452 2179 3506 cerdotali
2205 3452 2625 3518 benedictione,
2667 3450 2871 3505 induit.
2907 3453 2993 3518 Et,
3026 3454 3221 3506 multis
3262 3469 3367 3522 pro
3394 3469 3453 3506 se
3476 3452 3607 3522 qui-

1908 3542 2039 3595 dem
2072 3539 2363 3606 ﬂentibus,
2389 3556 2494 3610 pro
2526 3539 2625 3591 illa
2651 3544 2839 3592 autem
2868 3541 3271 3609 gaudentibus,
3305 3556 3433 3609 qua:
3485 3541 3608 3609 jam

1911 3629 2185 3682 saeculum
2228 3628 2554 3681 damnasset
2582 3626 2639 3679 in
2709 3627 2978 3691 vestibus,
3038 3627 3279 3696 capillis,
3340 3627 3440 3696 qui
3496 3628 3609 3681 huc

1915 3732 2095 3785 usque
2138 3715 2198 3768 in
2249 3716 2449 3768 eodem
2524 3715 2875 3767 monasterio
2922 3732 3024 3784 pro
3072 3715 3253 3783 ipsius
3312 3718 3611 3767 servantur

1913 3805 2150 3869 honore,
2198 3801 2474 3871 praecisis,
2527 3801 2798 3870 imposito
2843 3802 2949 3854 sibi
3011 3804 3082 3855 ab
3122 3801 3404 3871 episcopis
3459 3803 3606 3867 velo,

1915 3892 2128 3946 annulo
2176 3889 2309 3944 ﬁdei
2367 3887 2721 3955 subarrbata,
2778 3890 3197 3957 gratulabunda
3257 3888 3534 3942 succinuit
3595 3906 3609 3943 :

1916 3980 2112 4034 Posuit
2139 3981 2355 4044 signum
2384 3979 2443 4029 in
2481 3977 2679 4041 faciem
2706 3991 2899 4041 meam,
2932 3982 2982 4030 et
3031 3978 3235 4030 annulo
3268 3991 3365 4030 suo
3416 3977 3610 4030 subar-

1915 4069 2102 4123 rhavit
2123 4083 2205 4120 me
2253 4067 2510 4121 Dominus
2568 4080 2713 4117 meus
2742 4067 2894 4117 Jesus
2944 4066 3225 4118 Christus.
3278 4065 3358 4117 Ita
3386 4065 3611 4119 Christo

1920 4173 2128 4227 sponso
2155 4156 2279 4225 ipsa
2316 4169 2528 4223 sponsa
2583 4158 2931 4217 consecrata,
2990 4154 3125 4207 dum
3180 4152 3429 4206 ﬁliarum
3478 4169 3609 4207 sua-

1915 4261 2042 4298 rum
2076 4261 2133 4297 se
2166 4241 2523 4296 sanctissimo
2566 4240 2943 4294 contubernio
2968 4241 3354 4311 applicuisset,
3389 4257 3501 4295 non
3550 4248 3614 4295 ut

1910 4337 2092 4384 mater
2122 4328 2347 4382 ﬁliabus
2369 4343 2427 4379 se
2457 4326 2826 4396 praeferebat;
2876 4328 2977 4381 sed
3010 4328 3091 4381 .iu
3146 4328 3413 4381 omnibus
3443 4328 3615 4381 servi-

1909 4419 2003 4473 tiis
2032 4418 2295 4472 servilem
2337 4432 2396 4469 se
2424 4430 2730 4485 personam
2763 4416 3130 4481 ostendebat;
3160 4416 3239 4469 ita
3276 4420 3471 4470 tamen
3524 4422 3610 4484 ut,

1911 4524 2039 4561 cum
2078 4506 2275 4561 omnia
2326 4506 2556 4571 faceret,
2600 4504 3037 4557 ostentationem
3096 4504 3320 4575 fugeret
3350 4505 3614 4573 singulo-

1914 4613 2066 4665 rum,
2126 4611 2197 4648 ne
2242 4595 2300 4648 in
2354 4592 2624 4663 praesenti
2689 4593 2898 4645 saeculo
2960 4592 3235 4662 reciperet
3291 4595 3613 4648 mercedem

1915 4699 2100 4736 suam.
2137 4681 2493 4751 Operabatur
2519 4679 2784 4733 manibus
2814 4679 3105 4749 suis(nulli
3138 4681 3290 4734 enim
3322 4681 3379 4734 in
3412 4681 3614 4735 distin—

1917 4770 2158 4841 guendis
2189 4785 2329 4821 auro
2353 4768 2712 4838 gemmisque
2742 4767 2991 4821 vestibus
3038 4768 3375 4837 plurimum,
3431 4776 3528 4822 aut
3556 4769 3616 4822 in

1919 4859 2075 4913 stolis
2110 4863 2207 4911 aut
2236 4856 2295 4910 in
2350 4856 2598 4925 cingulis
2641 4854 3037 4910 aestimabatur
3092 4856 3376 4923 inferior),
3433 4856 3616 4910 sciens

1921 4947 2197 5016 scriptum
2254 4960 2375 4998 esse
2437 4959 2449 4996 :
2501 4942 2612 5007 Qui
2664 4958 2772 4996 non
2838 4948 3115 5011 operatur,
3180 4958 3287 4996 non
3331 4944 3617 4998 manducet

1922 5031 2010 5101 (II
2039 5031 2226 5084 Thess.
2266 5044 2346 5091 ιιι,
2386 5028 2487 5092 10).
2547 5026 2768 5096 Sponso
2797 5032 2897 5080 aut
2951 5044 3121 5081 orans
3151 5027 3489 5097 loquebatur
3518 5030 3619 5079 aut

1922 5118 2192 5189 psallens.
2218 5116 2298 5169 Ad
2330 5113 2582 5167 ecclesias
2624 5114 2823 5168 limina
2850 5131 2999 5184 pene
3032 5114 3216 5167 invisa
3253 5115 3613 5185 properabat.

1926 5205 2074 5260 Nihil
2117 5201 2414 5255 severitate
2463 5200 2619 5254 illius
2660 5202 2991 5271 jucundius,
3035 5201 3175 5253 nihil
3259 5201 3618 5271 jucunditate

1926 5293 2193 5347 severius.
2228 5289 2425 5343 Tristis
2473 5289 2531 5342 in
2563 5289 2703 5353 risu,
2763 5290 2820 5342 in
2880 5289 3115 5342 tristitia
3170 5290 3375 5342 suavis.
3444 5290 3618 5343 Breve

1930 5383 2061 5435 vitae
2097 5378 2344 5449 spatium
2371 5384 2582 5431 aeterna
2630 5376 2910 5431 memoria
2965 5379 3393 5447 compensabat.
3458 5379 3618 5431 Idem
