4016 6202
358 262 455 315 2H

1340 260 1500 316 VITA
1539 263 1593 317 S.
1636 258 2117 322 CUNEGUNDIS,
2158 259 2279 317 UBl
2318 261 2407 316 DE
2446 261 2502 316 S.
2547 259 2874 315 HENRICO.

3779 266 3880 316 212

358 385 444 440 illi
474 385 632 439 locus
671 384 944 440 orationis
970 389 1027 439 et
1046 384 1256 456 quietis
1284 384 1415 450 fuit,
1447 385 1600 440 idem
1630 399 1858 454 semper
1886 382 2058 438 habi-
2086 385 2132 439 Α
2171 383 2359 438 monis
2381 385 2854 440 monumentum:
2888 379 3110 436 lumina
3137 397 3240 434 sua
3269 379 3329 436 in
3354 382 3457 437 Dei
3479 382 3658 450 ﬁgere
3713 400 3875 454 aspe-

360 479 471 540 tus,
504 473 789 528 incultum
819 490 1027 544 corpus
1059 490 1072 528 :
1106 474 1244 528 dum
1303 473 1472 528 sciret
1521 471 1863 543 rejiciendas
1910 471 2056 526 deli-

360 563 475 618 cias
495 562 772 633 corporis,
796 563 949 633 quod
978 563 1150 633 paulo
1198 568 1330 633 post
1357 561 1646 616 vermibus
1705 560 2059 614 exarandum

362 651 434 705 sit
466 667 733 720 :semper
756 667 883 704 eam
916 652 1123 721 legere,
1159 655 1257 704 aut
1307 651 1590 720 legentem
1647 649 1848 703 audire
1899 649 2059 702 uide-

364 757 473 794 res.
508 740 682 794 Multa
709 738 796 792 illi
839 739 987 792 circa
1035 739 1473 792 contubernales
1502 737 1749 803 devotio,
1793 737 2063 808 frequens

367 827 770 882 decubantium
822 827 1087 891 visitatio,
1147 825 1394 879 sollicita
1433 841 1756 895 pauperum
1789 824 2062 878 consola-

366 917 466 971 tio.
501 918 783 970 Praeterea
812 915 977 985 plura
1009 930 1135 968 eam
1167 914 1444 968 miracula
1500 913 1697 967 fecisse
1749 913 2061 978 credimus,

370 1004 488 1072 sed,
520 1003 676 1074 quod
701 1003 947 1073 gratiam
1005 1001 1310 1056 heminum
1367 1005 1424 1054 et
1467 1001 1656 1054 oleum
1717 999 2065 1053 adulationis

372 1107 599 1161 semper
627 1091 868 1159 fugeret,
905 1107 1026 1143 esse
1059 1106 1362 1160 suppressa
1398 1105 1411 1142 :
1447 1088 1600 1158 quod
1652 1092 1847 1142 tamen
1897 1087 2064 1140 incu-

375 1179 472 1231 riae
502 1178 843 1249 scriptorum
876 1194 978 1231 seu
1016 1177 1359 1230 revolutioni
1417 1181 1767 1246 temporum,
1801 1191 1917 1228 non
1973 1175 2065 1228 de-

375 1266 545 1320 fectui
572 1266 965 1337 deputandum
999 1271 1084 1318 est
1114 1265 1408 1318 virtutum.
1461 1265 1646 1317 Pauca
1691 1269 1884 1316 tamen
1932 1277 2061 1332 quas

374 1352 432 1405 in
458 1353 682 1422 scriptis
707 1353 1044 1422 reperimus,
1077 1357 1175 1405 aut
1222 1351 1474 1404 veridica
1515 1350 2061 1414 sanctimonialium,

376 1441 473 1493 ubi
501 1441 602 1494 illa
631 1441 854 1495 Christo
884 1441 1187 1505 militabat,
1217 1440 1495 1493 relatione
1545 1439 1939 1508 cognovimus,
1977 1440 2070 1493 hic

378 1527 628 1581 inserere
658 1528 898 1596 dignum
941 1528 1227 1582 duximus.

449 1619 500 1670 8.
536 1618 820 1670 Miracutis
839 1618 1025 1670 claret.
1062 1615 1382 1670 Incendium
1434 1617 1753 1683 exstinguit.
1804 1644 1873 1655 —
1927 1615 2070 1668 Cum

378 1707 510 1772 post
547 1702 820 1756 orationis
848 1703 1231 1773 frequentiam
1286 1703 1436 1755 inter
1474 1701 1734 1756 lectionis
1788 1701 2072 1756 lassitudi-

381 1806 513 1843 nem
545 1790 748 1843 ancilla
778 1790 984 1845 Christi
1015 1791 1075 1844 in
1128 1791 1294 1856 lecto,
1327 1807 1444 1844 non
1501 1790 1712 1860 plumis
1767 1794 2069 1858 exstructo,

379 1879 476 1931 sed
515 1877 696 1931 cilicio
736 1883 932 1944 strato,
959 1879 1218 1932 membra
1247 1895 1450 1948 sopore
1481 1883 1710 1948 gravata
1739 1877 2071 1944 remisisset,

381 1967 570 2036 puella
615 1972 834 2020 sacrata
890 1983 1018 2037 qua:
1075 1967 1144 2021 de
1202 1982 1362 2020 more
1417 1967 1502 2019 illi
1551 1965 1855 2033 assidebat,
1888 1982 2075 2020 sacros

381 2055 618 2121 codices,
657 2057 871 2126 legens,
895 2071 1024 2109 cum
1045 2055 1162 2109 fere
1192 2057 1260 2109 ad
1286 2055 1538 2109 medium
1568 2056 1748 2108 noctis
1776 2056 2075 2110 lectionem

384 2143 734 2211 extenderet,
779 2144 1088 2214 caligantes
1162 2144 1358 2197 oculos
1409 2143 1631 2210 clausit,
1685 2144 1998 2213 lumenque
2045 2159 2075 2198 e

381 2231 646 2285 manibus
675 2231 829 2284 illius
856 2230 1193 2300 prolapsum
1222 2231 1415 2300 paleas
1445 2231 1783 2301 corripiens,
1845 2231 1933 2284 sui
1961 2231 2078 2285 fra-

383 2335 518 2388 gore
564 2319 1031 2388 circumjecentes
1096 2335 1317 2372 sorores
1360 2320 1643 2373 excitavit.
1695 2320 1953 2374 Clamore
2011 2334 2079 2372 ex

383 2423 660 2461 concursu
710 2408 879 2475 facto,
963 2407 1122 2476 virgo
1177 2405 1385 2460 Christi
1449 2407 1518 2460 de
1578 2422 1778 2460 somno
1825 2422 2076 2472 excussa,

383 2496 520 2550 dum
550 2495 922 2548 colluctantes
977 2495 1126 2548 inter
1155 2510 1216 2548 se
1274 2501 1328 2548 et
1360 2499 1766 2565 concrepantes
1821 2494 2083 2548 ﬂammas

385 2585 531 2638 circa
561 2599 621 2636 se
651 2583 890 2653 aspexit,
951 2582 1018 2636 ad
1049 2582 1326 2635 orationis
1379 2598 1538 2636 arma
1600 2598 1658 2636 se
1704 2583 2001 2649 convertit,
2027 2586 2084 2636 et

383 2672 550 2742 signo
590 2672 771 2724 crucis
810 2671 1171 2724 adustionem
1204 2671 1361 2724 illam
1387 2671 1601 2741 absque
1651 2671 1812 2724 omni
1844 2687 2078 2726 suarum

385 2759 617 2814 lmsione
648 2759 888 2813 vestium
919 2759 1138 2812 avertit.
1173 2760 1291 2812 Tua
1321 2765 1454 2812 sunt
1484 2759 1626 2824 haec,
1658 2759 1896 2825 Christe,
1940 2776 2080 2830 ope-

385 2863 469 2913 ra,
501 2847 602 2918 qui
639 2847 778 2900 olim
811 2846 1186 2916 Babylonium
1220 2861 1416 2916 regem
1467 2845 1527 2900 in
1575 2862 1677 2899 suo
1708 2846 1898 2899 furore
1941 2861 2082 2899 con-

388 2935 609 3002 fudisti,
633 2940 686 2988 et
721 2935 1050 2988 Chaldaicos
1106 2934 1290 3004 ignes,
1318 2940 1384 2987 ut
1435 2934 1599 3004 pueri
1657 2935 1742 2988 tui
1769 2935 2082 2988 liberaren-
2118 2933 2158 2987 C

389 3029 485 3076 tur
513 3021 697 3086 illaesi,
731 3027 828 3074 tua
861 3021 1070 3074 virtute
1099 3021 1436 3074 exstinxisti.

407 3122 416 3128 '
462 3115 512 3164 9.
550 3113 619 3164 De
675 3113 827 3164 Jutta
876 3111 994 3179 ejus
1041 3117 1212 3178 nepte,
1256 3111 1556 3164 abbatissa.
1613 3137 1684 3149 —
1712 3109 1879 3163 Aliud
1913 3109 2086 3163 mira-

392 3200 584 3253 culum
617 3205 733 3252 tam
771 3198 1119 3268 stupendum
1152 3213 1325 3267 quam
1375 3197 1696 3250 mirandum
1753 3196 1845 3250 hic
1876 3198 2092 3267 placuit

393 3287 770 3348 subscribere,
801 3287 862 3339 in
888 3302 1003 3356 quo
1035 3285 1214 3338 animi
1247 3285 1399 3338 illius
1437 3285 1822 3339 constantiam
1853 3290 1908 3339 et
1931 3285 2089 3356 rigo-

393 3376 472 3430 ris
499 3377 856 3429 severitatem
887 3374 1102 3427 discere
1129 3373 1361 3443 poteris.
1410 3373 1618 3427 Habuit
1650 3388 1844 3426 secum
1877 3375 2092 3427 sororis

395 3481 513 3518 suae
545 3465 745 3527 tiliam,
776 3465 988 3518 Juttam
1019 3464 1133 3531 (73)
1158 3462 1408 3515 nomine.
1443 3461 1596 3514 Hanc
1625 3478 1658 3514 a
1689 3461 1890 3530 primis
1924 3462 2093 3516 annis

398 3553 719 3618 educatam,
746 3550 904 3605 omni
933 3550 1256 3620 disciplina,
1293 3550 1655 3603 saecularium
1684 3565 1916 3620 quoque
1938 3550 2090 3605 litte-

395 3657 592 3696 rarum
645 3640 880 3694 scientia
936 3640 1303 3694 instruxerat.
1355 3639 1482 3692 Haec
1539 3643 1903 3692 materteram
1973 3655 2093 3694 non

395 3731 586 3785 minus
617 3728 911 3799 religionis
968 3744 1140 3799 quam
1191 3727 1513 3781 dilectionis
1565 3743 1756 3782 amore
1804 3733 1994 3782 secuta
2039 3733 2097 3782 et

395 3822 725 3872 consecrata
754 3817 879 3871 fuit.
920 3817 1101 3880 Quam
1151 3817 1209 3870 in
1233 3817 1500 3870 omnibus
1534 3817 1701 3886 plene
1732 3816 2090 3885 instructam,

394 3905 493 3960 ubi
523 3907 647 3977 ejus
689 3907 748 3960 in
801 3905 1152 3960 orationibus
1204 3905 1578 3975 vigilantiam,
1612 3905 1672 3958 in
1695 3905 1932 3975 jejuniis
1962 3920 2092 3974 per-

394 3994 792 4059 severantiam,
825 3999 883 4047 et
913 3993 980 4047 ad
1012 3993 1206 4046 omnia
1238 3993 1572 4062 patientiam
1616 3993 1927 4062 perspexit,
1975 4010 2096 4047 om-

395 4082 558 4136 nium
588 4098 820 4135 assensu
846 4086 903 4134 et
931 4087 1157 4148 rogatu,
1218 4080 1466 4148 primam
1526 4079 1586 4132 in
1646 4080 1772 4148 ipso
1829 4081 2091 4135 cmnobio

2168 475 2344 536 ctum,
2378 470 2626 540 primam
2657 461 2786 540 quae
2814 469 3042 524 doceret
3069 469 3275 534 facere,
3337 476 3403 525 ut
3431 471 3684 526 fructum
3777 474 3883 526 do-

2169 559 2369 612 ctrina:
2398 575 2516 612 suae
2550 559 2674 630 ipsa
2701 557 2764 612 in
2805 559 2980 624 caelis,
3040 559 3156 612 Deo
3210 559 3540 628 adjuvante,
3571 561 3762 631 possit
3793 561 3884 615 in-

2169 647 2381 700 venire.
2417 648 2544 701 Haec
2594 651 2651 701 et
2679 646 2960 716 ejusmodi
3005 647 3216 701 iterum
3249 653 3306 702 et
3343 648 3556 702 iterum
3616 655 3886 702 materno

2172 734 2358 788 studio
2390 734 2444 789 ei
2477 735 2789 794 inculcans.
2819 734 2982 805 quasi
3015 736 3073 789 in
3106 736 3372 790 omnibus
3397 737 3522 806 jam
3564 736 3887 806 perfectam

2172 828 2228 876 et
2255 823 2378 893 ipsa
2419 825 2746 893 magistram
2788 825 3043 877 venerari
3090 825 3280 894 caspit.
3337 825 3459 890 llla,
3514 825 3615 878 ubi
3671 825 3887 877 imma-

2173 916 2301 965 tura
2343 911 2604 966 libertate
2633 913 2808 982 potita
2842 918 2943 980 est,
2979 912 3254 980 paulatim
3285 927 3319 965 a
3363 912 3556 982 rigore
3593 929 3700 965 suo
3737 912 3900 966 deﬁ-‘

2173 1016 2319 1068 cere,
2352 1001 2677 1055 molliorem
2707 1001 2945 1066 cultum,
2979 1000 3280 1054 lautiorem
3302 1000 3517 1067 cibum,
3547 1017 3681 1070 quae
3717 1001 3886 1053 vitio-

2175 1103 2307 1140 rum
2356 1087 2633 1142 alimenta
2685 1093 2838 1154 sunt,
2890 1087 3248 1141 desiderare:
3302 1088 3511 1141 ultima
3558 1088 3621 1140 in
3680 1087 3886 1153 choro,

2177 1176 2363 1245 prima
2403 1177 2462 1230 in
2508 1176 2792 1244 convivio,
2839 1177 3161 1246 puellarum
3197 1176 3410 1230 fabulis
3481 1176 3794 1242 interesse,
3825 1191 3888 1228 ac

2178 1264 2237 1317 in
2264 1264 2530 1318 omnibus
2557 1264 2741 1318 laxius
2777 1280 2944 1335 agere
2974 1265 3161 1332 coapit.
3195 1266 3304 1318 Pro
3345 1264 3688 1335 hujusmodi
3740 1265 3883 1318 levi-

2179 1352 2391 1406 tatibus
2440 1351 2578 1406 dum
2639 1367 2766 1406 eam
2839 1351 3172 1422 frequenter
3233 1358 3429 1405 sancta
3496 1352 3595 1405 Dei
3645 1351 3805 1404 inter
3830 1369 3886 1406 se

2181 1440 2470 1510 privatim,
2501 1440 2729 1510 publice
2753 1455 2944 1493 coram
2970 1440 3237 1493 omnibus
3267 1440 3588 1493 secundum
3620 1440 3890 1510 Apostoli

2181 1533 2486 1598 praecepta,
2519 1527 2729 1597 saepius
2788 1533 3076 1597 argueret,
3131 1528 3476 1595 obsecraret,
3534 1529 3891 1600 increparet,

2183 1632 2288 1670 nec
2316 1616 2414 1670 illa
2444 1621 2765 1670 matertera;
2805 1617 2958 1670 velut
2987 1616 3304 1686 patrocinio
3352 1622 3453 1670 aut
3490 1614 3893 1670 familiaritate

2182 1721 2326 1758 vane
2355 1705 2563 1759 conﬁsa
2603 1705 2720 1758 ullo
2779 1705 2949 1759 modo
2996 1704 3439 1770 emendaretur;
3501 1704 3768 1774 quadam
3808 1703 3895 1756 die

2182 1793 2320 1847 dum
2351 1793 2473 1864 ipsa
2502 1808 2632 1846 cum
2679 1797 2963 1847 conventu
3011 1808 3259 1858 crucem,
3291 1808 3422 1846 nam
3453 1792 3575 1846 dies
3628 1791 3896 1846 Domini-

2184 1897 2283 1934 cus
2307 1886 2449 1946 erat,
2481 1879 2756 1950 sequitur,
2807 1880 3092 1934 abbatissa
3142 1879 3324 1934 defuit
3382 1880 3516 1950 (74).
3567 1881 3770 1944 Quam
3803 1880 3897 1933 illa

2186 1968 2504 2039 inquirens.
2562 1974 2618 2022 et
2669 1969 3001 2038 epulantem
3067 1984 3198 2022 cum
3249 1969 3454 2022 coasvis
3516 1968 3576 2022 in
3633 1967 3899 2022 conclavi

2185 2057 2498 2128 reperiens,
2531 2057 2650 2110 zelo
2709 2057 2936 2127 pietatis
2985 2061 3226 2123 armata,
3279 2073 3410 2110 cum
3469 2056 3648 2110 verbo
3704 2072 3899 2110 corre-

2185 2145 2398 2216 ptionis
2428 2146 2662 2199 dextera
2700 2145 2994 2199 maxillam
3027 2145 3150 2215 ejus
3172 2145 3478 2214 percussit;
3532 2161 3665 2215 quas
3734 2145 3900 2216 quasi

2187 2234 2441 2306 sigillum
2481 2233 2768 2305 quoddam
2810 2233 3056 2287 formam
3099 2233 3415 2304 digitorum
3453 2233 3580 2303 ejus
3641 2234 3895 2304 accepit,

2188 2339 2302 2394 qua
2332 2322 2492 2376 omni
2512 2327 2774 2391 tempore
2801 2324 2930 2376 vitm
2992 2337 3110 2375 suae
3154 2338 3271 2376 non
3294 2321 3496 2376 caruit.
3543 2323 3625 2376 De
3653 2338 3782 2393 quo
3815 2323 3902 2375 ni-

2189 2411 2404 2464 mirum
2437 2410 2583 2464 facto
2613 2415 2854 2474 constat,
2887 2410 3022 2480 quia
3078 2427 3189 2464 non
3242 2416 3466 2464 tantum
3499 2427 3608 2480 pro
3657 2427 3749 2477 se,
3807 2410 3904 2464 sed

2190 2502 2247 2553 et
2287 2514 2392 2568 pro
2424 2497 2667 2552 aliorum
2713 2498 3114 2552 emendatione
3144 2499 3255 2552 hoc
3289 2499 3545 2568 pertulit,
3613 2503 3676 2552 ut
3735 2499 3908 2567 hujus

2193 2586 2331 2639 visio
2366 2585 2492 2639 aliis
2538 2586 2862 2656 proﬁceret,
2897 2593 2954 2640 et
2981 2587 3052 2640 ad
3107 2587 3360 2641 melioris
3415 2587 3545 2640 vitm
3603 2592 3835 2641 statum
3878 2601 3910 2638 a

2191 2672 2347 2726 vitiis
2402 2673 2518 2726 suis
2549 2679 2930 2744 retorqueret.

2268 2763 2351 2815 to.
2385 2762 2766 2816 Chirotecham
2795 2763 2912 2830 ejus
2942 2763 3137 2818 radius
3168 2763 3297 2817 solis
3345 2765 3594 2817 sustinet.
3625 2793 3698 2802 —-
3739 2764 3912 2818 Forte

2195 2852 2251 2901 et
2275 2848 2428 2902 istud
2461 2848 2876 2903 detractoribus
2907 2849 3231 2903 fabulosum
3273 2855 3330 2904 et
3355 2849 3690 2904 infidelibus
3725 2850 3913 2904 incre-

2197 2934 2370 2989 dibile
2398 2935 2712 3006 putabitur,
2748 2938 2900 3007 quod
2953 2937 3315 2991 sanctitatem
3347 2937 3524 3004 illius,
3576 2954 3767 3009 quam
3801 2939 3911 2993 hu-

2199 3023 2456 3078 militatis
2509 3024 2693 3094 gratia
2739 3025 2866 3095 ipsa
2912 3025 3173 3080 homines
3228 3026 3402 3080 latere
3471 3027 3673 3090 voluit,
3744 3033 3914 3082 muta

2200 3111 2483 3166 elementa
2540 3113 2874 3183 loquuntur.
2931 3113 3186 3184 Denique
3233 3131 3366 3168 cum
3422 3120 3550 3184 post
3585 3115 3908 3169 lectionem

2201 3201 2504 3270 evangelii,
2541 3217 2644 3254 suo
2698 3201 2942 3254 solemni
2991 3217 3150 3256 more
3183 3201 3568 3255 sacriﬁcatura
3599 3203 3911 3257 accederet

2201 3286 2272 3340 ad
2319 3287 2518 3352 altare,
2576 3287 2790 3342 dextrae
2837 3303 3042 3342 manus
3094 3304 3213 3342 suae
3263 3288 3651 3342 cbirothecam
3715 3289 3914 3343 detra-

2201 3375 2363 3443 hens,
2398 3391 2529 3429 cum
2551 3377 2742 3429 nullus
2770 3377 2869 3446 qui
2907 3377 3187 3448 reciperet
3215 3377 3456 3444 adesset,
3489 3393 3523 3430 a
3551 3393 3610 3430 se
3668 3379 3915 3447 rejecit;

2201 3479 2375 3534 quam
2405 3463 2599 3518 radius
2629 3464 2764 3517 solis
2801 3479 2907 3534 per
2929 3465 3194 3519 fenestra:
3225 3464 3463 3518 rimulas
3518 3464 3751 3518 intrans
3793 3482 3914 3518 sus-

2201 3551 2372 3621 cepit,
2417 3557 2472 3606 et
2525 3552 2727 3606 tandiu
2783 3553 2948 3623 quasi
3003 3553 3334 3607 famulando
3389 3553 3680 3616 sustinuit,
3724 3553 3913 3607 donec

2203 3639 2322 3708 illa,
2361 3645 2489 3710 post
2534 3640 2875 3694 sacrificium
2927 3640 3174 3706 rediens,
3229 3656 3357 3694 eam
3414 3640 3720 3710 reciperet.
3779 3642 3914 3695 Tale

2203 3729 2375 3782 etiam
2408 3727 2546 3798 quid
2573 3730 2632 3782 in
2658 3727 2810 3782 beati
2843 3728 2950 3782 viri
2976 3729 3172 3783 Goaris
3203 3734 3353 3782 veste
3411 3728 3731 3800 aliquando
3765 3729 3912 3783 divi-

2204 3831 2278 3869 na
2305 3816 2514 3869 virtute
2537 3821 2828 3868 ostensum
2863 3815 3034 3869 fuisse
3089 3815 3299 3884 legitur
3345 3815 3496 3884 (75);
3545 3814 3649 3886 qui
3696 3815 3846 3869 dum
3881 3832 3914 3868 a

2204 3903 2334 3957 sede
2365 3903 2580 3957 Rustici
2610 3903 2958 3957 Trevirensis
2985 3904 3272 3973 pontiﬁcis
3299 3903 3632 3973 despicitur,
3670 3919 3707 3956 a
3757 3920 3912 3957 sum-

2207 4008 2300 4045 ma
2333 3991 2626 4061 majestate
2659 4007 2761 4061 per
2787 3990 3038 4062 [majoris
3083 3991 3382 4044 luminaris
3435 3992 3766 4045 honoratur
3821 3991 3908 4046 fa-

2205 4081 2510 4134 mulatum.
2535 4080 2802 4135 Omnium
2828 4081 3022 4150 itaque
3053 4096 3232 4150 capax
3260 4086 3382 4133 erat
3409 4081 3778 4147 meritorum,
3808 4081 3909 4152 qui

397 4185 522 4222 eam
553 4168 894 4223 abbatissam
929 4167 1202 4238 praefecit.
1260 4168 1402 4221 Tum
1447 4167 1608 4236 virgo
1676 4172 1858 4221 mater
1912 4166 2091 4222 tiliam
2133 4205 2175 4260 Β
2199 4169 2450 4238 judicem
2479 4174 2812 4222 cunctarum
2846 4167 3057 4222 meruit
3083 4167 3295 4222 habere
3324 4167 3629 4220 virtutum.

397 4256 730 4326 suscipiens,
789 4257 951 4325 juxta
1005 4255 1518 4308 commonitionem
1567 4260 1823 4309 sanctam
1874 4255 2092 4311 dudum

396 4344 672 4407 habitam,
708 4343 1154 4412 prascedentium
1198 4341 1282 4395 illi
1339 4344 1574 4396 Patrum
1638 4349 1902 4414 repetens
1951 4343 2091 4397 allo-

397 4431 552 4500 quia,
587 4435 782 4484 mouet
805 4431 877 4484 ob
897 4429 1094 4484 salutis
1124 4429 1388 4484 affectum
1419 4428 1584 4483 utilia
1623 4446 1686 4484 ac
1720 4432 1835 4484 Deo
1886 4430 2094 4500 placita

396 4535 547 4589 sepe
579 4519 783 4578 dicere.
831 4520 1161 4588 frequenter
1199 4517 1420 4583 audire,
1449 4517 1644 4572 solitas
1674 4518 1972 4589 religionis
1997 4519 2092 4573 iti-

397 4610 552 4661 neris
581 4607 700 4660 vias
747 4624 861 4662 non
915 4608 1196 4672 deserere,
1247 4607 1432 4677 magis
1480 4607 1776 4677 magisque
1830 4622 2089 4661 errorum

399 4696 565 4750 devia
594 4700 651 4749 et
691 4695 972 4750 diabolica
999 4696 1214 4750 calcare
1244 4695 1557 4766 ﬁgmenta;
1615 4695 1836 4749 nullam
1884 4695 1998 4750 luci
2028 4713 2092 4750 ac

398 4784 668 4849 tenebris,
701 4785 923 4837 veritati
953 4789 1126 4854 atque
1173 4784 1492 4848 mendacio,
1543 4782 1891 4854 turpitudini
1919 4789 2091 4854 atque

396 4873 683 4928 honestati
713 4872 863 4942 apud
907 4872 1007 4926 Dei
1029 4888 1219 4925 servos
1249 4874 1412 4926 docet
1441 4887 1562 4926 esse
1587 4871 2086 4937 communionem;

397 4962 635 5016 sollicite
655 4960 974 5016 cavendum
1007 4976 1078 5013 ne
1111 4977 1255 5014 vana
1299 4959 1570 5014 sectando
1627 4961 1913 5015 desineret
1968 4977 2090 5015 esse

397 5051 678 5122 templum
710 5049 833 5110 Dei,
879 5055 934 5103 et
964 5047 1240 5102 habitatio
1293 5049 1622 5103 daemonum
1655 5048 1837 5116 ﬁeret,
1880 5053 1937 5102 et
1977 5049 2090 5103 da:-

467 5158 579 5225 (73)
618 5156 850 5210 Variant
881 5155 1101 5209 codices
1147 5154 1206 5207 in
1257 5154 1428 5223 hujus
1478 5155 1710 5208 nomine
1766 5153 2084 5210 scribendo.

400 5227 546 5280 Editi
578 5232 796 5280 veteres
846 5226 1063 5280 habent
1099 5226 1349 5290 Vitham;
1393 5240 1528 5277 mss.
1557 5228 1611 5289 2,
1665 5226 1863 5279 Vtham
1896 5240 1911 5292 ;
1955 5226 2088 5278 Hof-

400 5311 668 5364 manuus,
720 5297 1026 5352 Juditham.
1083 5295 1356 5361 Juitham,
1391 5294 1758 5364 Cunegundis
1803 5311 2084 5357 sororem,

400 5367 604 5428 Wolfo.
639 5373 903 5436 nuptam,
930 5373 988 5422 et
1012 5367 1201 5421 Jutam
1249 5381 1351 5420 seu
1380 5365 1591 5420 Mutam
1620 5365 1800 5436 ipsius
1853 5371 2082 5436 neptem

399 5436 626 5509 comitis
658 5437 1084 5509 Limburgensis
1121 5452 1360 5509 uxorem
1413 5441 1698 5509 memorat
1743 5436 1966 5490 Miratus
2023 5437 2084 5490 in

402 5506 614 5562 Notitia
649 5506 1015 5562 ecclesiarum
1048 5508 1247 5578 Belgii,
1298 5522 1432 5578 pag.
1471 5507 1590 5560 148.

2281 4259 2362 4310 lt.
2387 4257 2604 4311 Morbus
2634 4257 2751 4326 ejus
2780 4261 3069 4311 extremus.
3102 4258 3325 4325 Respuit
3353 4257 3562 4323 regales
3583 4259 3908 4326 exsequias.

2204 4345 2351 4399 Obit.
2409 4372 2479 4384 —
2533 4344 2867 4409 Quindecim
2913 4344 2971 4397 in
3012 4351 3206 4397 sancto
3253 4345 3547 4413 proposito
3586 4344 3916 4412 supervixit

2202 4447 2404 4497 annos,
2427 4435 2542 4486 tam
2574 4431 2913 4486 humilitatis
2952 4431 3134 4502 gratia
3179 4447 3352 4502 quam
3398 4431 3699 4502 religionis
3749 4448 3916 4486 reve-

2205 4519 2388 4574 rentia
2417 4521 2685 4574 omnibus
2735 4520 3088 4576 admiranda.
3139 4519 3390 4574 Tandem
3440 4535 3545 4590 pro
3595 4519 3786 4574 nimia
3844 4520 3915 4573 ci-

2201 4608 2408 4662 borum
2454 4607 2818 4676 abstinentia,
2867 4607 3140 4662 orationis
3173 4612 3230 4662 et
3283 4607 3609 4678 vigiliarum
3661 4607 3918 4662 incredi-

2202 4695 2299 4748 bili
2366 4696 2804 4766 perseverantia.
2859 4695 3030 4767 ccepit
3097 4711 3332 4766 corpore
3396 4695 3799 4765 languescere,
3864 4701 3918 4749 et

2201 4784 2626 4854 ingravescente
2685 4785 2882 4839 morbo
2932 4783 3214 4855 paulatim
3275 4783 3538 4837 deﬁcere.
3601 4784 3716 4837 Sed
3771 4784 3915 4838 dum

2201 4871 2460 4925 membra
2505 4872 2701 4926 dolore
2738 4871 3210 4926 contraherentur
3256 4872 3532 4939 exterius,
3575 4871 3789 4940 spiritu
3826 4878 3916 4926 ta-

2201 4975 2353 5025 men,
2383 4976 2516 5014 nam
2545 4961 2669 5014 laus
2701 4962 2801 5015 Dei
2838 4976 3066 5031 semper
3121 4960 3178 5013 in
3233 4975 3332 5013 ore
3363 4960 3488 5030 ejus
3515 4959 3643 5026 fuit,
3676 4960 3920 5014 confor-

2198 5049 2517 5103 i‘ortabatur
2554 5049 2817 5105 interius.
2852 5049 3098 5104 Vocabat
3128 5055 3351 5103 sanctos
3371 5050 3626 5119 angelos,
3651 5065 3919 5120 quorum

2271 5155 2386 5222 (74)
2419 5154 2481 5227 ld
2514 5159 2598 5209 est
2625 5155 2975 5227 processioni
2997 5172 3126 5227 qum
3159 5155 3330 5227 etiam
3350 5171 3523 5227 nunc
3551 5161 3683 5227 ante
3718 5157 3920 5226 majus

2199 5226 2516 5307 sacrum-in
2545 5227 2818 5281 caenobiis
2844 5225 3048 5281 diebus
3078 5225 3392 5281 Dominicis
3439 5226 3565 5280 fieri
3591 5226 3761 5294 solet,
3788 5225 3917 5280 non

2197 5297 2588 5433 mlgglmltieati
2617 5367 2814 5421 Goaris
2851 5366 3056 5429 Vitam.
3093 5366 3194 5421 ubi
3254 5366 3366 5422 hoc
3391 5367 3739 5421 miraculum
3807 5367 3917 5421 de—

2195 5437 2490 5502 scribitur,
2543 5437 2718 5492 habes
2769 5439 2986 5493 Saecqu
3045 5439 3091 5491 ll
3154 5437 3520 5491 Benedictino
3562 5437 3632 5490 ad
3682 5454 3914 5493 annum

2194 5506 2421 5562 circiter
2449 5509 2554 5562 649
2586 5507 2930 5578 (Pati-alogias
2969 5509 3143 5575 CXXI,
3177 5508 3236 5562 in
3273 5508 3738 5577 Wmnsmaaro).
