4016 6202
112 175 211 226 213

1121 168 1280 222 νιΤΑ
1320 169 1375 222 8.
1415 166 1889 232 CUNEGUNDIS,
1935 168 2053 224 UBI
2092 172 2183 227 DE
2225 170 2284 225 S.
2327 170 2666 226 HENRICO.
3136 214 3158 233 .

3590 181 3697 234 2H:

106 294 195 347 hic
225 292 371 357 vita,
404 290 525 384 illic
537 292 661 362 jam
690 290 975 345 consortio
1009 289 1252 355 fruitur;
1287 290 1583 358 apostolos
1609 294 1667 343 et
1696 306 1838 344 con-
1869 294 1910 345 A
1952 293 2083 361 sito,
2144 312 2246 349 suo
2300 295 2487 348 loculo
2544 294 2605 348 in
2652 294 2864 350 dextro
2948 299 3150 371 latere,
3209 305 3361 360 sicut
3415 308 3697 363 hactenus

104 384 376 446 lessores,
462 377 715 451 quorum
763 380 938 435 ﬁdem
1013 384 1070 433 et
1129 377 1551 431 confessionem
1609 394 1844 450 semper

102 470 319 533 tenuit,
350 469 764 539 interpellabat
795 486 807 523 :
836 468 1121 538 virginum
1150 466 1359 521 Christi
1416 466 1479 519 in
1529 482 1637 519 suo
1683 467 1839 521 exitu

105 560 399 613 invitabat
457 559 726 624 chorum,
768 574 1010 629 quarum
1076 556 1465 621 aemulatione,
1518 555 1579 608 in
1641 572 1835 625 carne,

110 648 246 700 dum
308 651 535 717 prater
582 661 813 700 carnem
850 645 1082 710 viveret,
1117 643 1557 697 immaculatum
1608 642 1837 696 Christo

107 740 564 790 conservaverat
617 736 871 801 thorum,
928 734 1186 788 omnium
1252 733 1365 786 Deo
1428 731 1839 785 famulantium

104 825 213 878 sibi
245 825 485 890 adesse,
548 823 659 877 sibi
706 839 1000 877 occurrere
1054 822 1251 876 orabat
1320 820 1631 873 auxilium.
1696 820 1837 872 Vere

103 914 263 985 quod
290 919 384 967 est
410 912 696 982 scriptum
766 928 780 965 :
818 911 1144 965 Timentibus
1205 913 1367 963 Deum
1399 910 1586 961 omnia
1642 922 1835 975 coope-

103 1008 311 1057 rantur
343 1004 419 1056 in
474 1001 669 1054 bonum
708 1000 882 1069 (Rom.
933 1015 1048 1063 VIII,
1080 997 1191 1066 28),
1224 997 1283 1050 in
1314 995 1473 1050 obitu
1501 998 1679 1048 tanta
1719 994 1835 1048 vir-

102 1091 259 1160 ginis
311 1088 583 1143 vidimus
631 1087 1082 1157 comprobatum.
1127 1085 1377 1139 Necdum
1436 1083 1707 1155 spiritum
1738 1098 1836 1136 ex-

104 1178 440 1242 halaverat,
474 1175 721 1229 necdum
754 1175 979 1229 Christo
1024 1174 1274 1228 debitam
1313 1171 1646 1225 reddiderat
1710 1169 1833 1223 ani-

108 1282 293 1330 mam,
329 1269 397 1318 et
437 1264 555 1333 jam
604 1264 759 1317 fama
806 1263 1003 1317 volans
1034 1261 1177 1315 tanti
1232 1260 1560 1330 pranuntia
1627 1259 1835 1327 luctus,

108 1368 225 1406 non
276 1355 511 1405 tantum
568 1355 823 1403 sacratas
884 1348 1133 1418 virgines
1181 1352 1281 1401 aut
1343 1347 1563 1402 diversi
1614 1346 1837 1400 ordinis

112 1443 289 1506 viros,
346 1455 542 1493 verum
623 1438 804 1491 etiam
866 1438 1044 1491 totius
1096 1437 1341 1507 populos
1400 1437 1469 1490 ad
1538 1434 1841 1506 exsequias

112 1529 290 1581 unius
332 1527 740 1597 congregabat.
812 1525 1108 1580 Sonabant
1142 1525 1367 1594 psalmi,
1406 1528 1460 1577 et
1502 1529 1683 1579 totam
1725 1525 1835 1577 do-
1869 1565 1909 1617 Β

114 1632 298 1681 mum,
366 1615 459 1669 ubi
513 1620 785 1667 sanctum
839 1613 1243 1682 corpusculum
1292 1613 1349 1665 in
1404 1612 1597 1667 medio
1660 1627 1837 1682 super

111 1705 208 1757 illo
244 1719 354 1755 suo
384 1702 556 1756 nobili
584 1701 779 1755 cilicio
812 1700 1196 1770 compositum
1212 1699 1461 1768 jacebat,
1494 1699 1556 1752 in
1588 1699 1836 1753 sublime

109 1807 389 1846 resonans
416 1790 623 1844 letania
681 1806 794 1860 pro
841 1796 1084 1842 exeunte
1134 1788 1324 1841 anima
1356 1787 1674 1858 quatiebat.
1740 1790 1835 1842 ln-

107 1882 277 1934 terim
311 1897 383 1933 ex
412 1896 567 1933 more
608 1879 841 1949 regales
871 1883 1143 1947 tanquam
1173 1877 1555 1947 imperatrici,
1601 1894 1718 1931 non
1776 1881 1841 1930 ut

105 1969 490 2039 paupercula
537 1967 824 2021 debentur
910 1965 1107 2026 sorori,
1178 1970 1465 2034 parantur
1522 1965 1837 2034 exsequia,

105 2074 284 2113 aurea
370 2057 571 2111 feretro
627 2054 1004 2110 obtendenda
1080 2054 1456 2123 proferuntur
1524 2053 1835 2108 velamina.

105 2148 249 2201 Tum
286 2147 399 2199 illa
452 2144 715 2215 pallentes
756 2142 975 2208 vultus,
1036 2156 1177 2211 quos
1218 2147 1369 2206 ante,
1405 2141 1475 2194 ad
1515 2157 1574 2193 se
1625 2157 1841 2211 sponso

106 2234 381 2288 venienti
412 2234 570 2289 latos
599 2231 961 2296 exhibuerat,
1009 2228 1228 2283 videres
1258 2229 1328 2283 ad
1370 2245 1433 2281 os
1474 2234 1837 2299 retorquere,

111 2340 296 2379 manu
356 2324 602 2377 abnuere
636 2338 648 2375 :
683 2339 710 2371 ι(
762 2317 1026 2374 Amictus
1054 2318 1179 2386 iste,
1222 2318 1320 2385 ait,
1353 2333 1469 2371 non
1516 2322 1601 2370 est
1629 2332 1836 2381 meus;

114 2414 352 2468 auferte
395 2411 547 2476 hinc,
602 2414 842 2463 ornatus
902 2405 995 2460 hic
1022 2406 1239 2459 alienus
1289 2410 1391 2459 est.
1450 2406 1547 2459 His
1606 2410 1841 2458 terreno

116 2518 368 2574 sponso,
410 2499 533 2553 istis
560 2497 772 2552 calesti
831 2495 1100 2565 copulata
1127 2511 1280 2557 sum;
1335 2494 1487 2548 nuda
1552 2494 1622 2548 de
1674 2500 1841 2547 utero

118 2591 334 2645 matris
366 2604 512 2642 mea
543 2602 788 2656 egressa,
842 2583 1002 2637 nuda
1054 2583 1341 2653 regrediar
1392 2582 1564 2636 illuc:
1611 2582 1702 2635 his
1759 2582 1843 2634 vi-

118 2682 231 2733 lem
270 2678 513 2731 misera
544 2674 725 2728 carnis
757 2672 1062 2727 materiam
1094 2671 1380 2738 involvite,
1429 2676 1486 2724 et
1525 2685 1844 2740 corpuscu-

119 2770 240 2822 lum
305 2781 510 2819 meum
562 2764 720 2833 juxta
771 2761 1066 2815 tumulum
1106 2759 1296 2813 fratris
1351 2758 1464 2812 mei
1511 2775 1576 2812 ac
1622 2757 1843 2812 domini

126 2848 768 2921 Henriciimperatoris,
828 2863 1005 2919 quem
1036 2862 1128 2900 me
1160 2847 1280 2916 jam
1312 2850 1609 2899 vocantem
1649 2843 1840 2908 video,
1878 2841 1918 2894 C

123 2945 180 2997 in
240 2941 497 3013 proprio
554 2939 751 2993 locello
808 2936 1093 3007 reponite.
1156 2956 1178 2983 ι
1216 2937 1309 2989 His
1355 2934 1518 2989 dictis
1547 2935 1609 2988 in
1640 2949 1845 2987 manus

130 3030 371 3085 Domini
403 3028 671 3098 spiritum
720 3041 889 3079 suum
922 3023 1353 3087 commendans,
1404 3022 1475 3077 ad
1521 3038 1690 3076 suum
1716 3020 1844 3073 ani-

128 3136 219 3173 ma
272 3116 565 3171 revolavit
617 3120 934 3174 auctorem,
989 3117 1046 3165 et
1091 3110 1151 3165 in
1178 3110 1474 3181 antiquam
1527 3108 1846 3180 possessio-

128 3223 261 3261 nem
292 3205 396 3259 diu
412 3203 782 3275 peregrinata
802 3199 1170 3255 conscendit:
1201 3200 1365 3252 terris
1398 3203 1641 3251 matrem
1688 3213 1845 3250 com-

133 3309 380 3349 munem
430 3309 490 3346 se
520 3292 777 3345 amisisse
818 3289 1116 3353 ﬂentibus,
1149 3287 1302 3341 calis
1336 3293 1527 3340 autem
1557 3285 1849 3339 concivem

134 3384 190 3437 in
212 3398 393 3436 suum
418 3380 769 3434 consortium
803 3395 862 3431 se
887 3376 1202 3446 suscepisse
1232 3374 1631 3445 gaudentibus.

207 3473 302 3525 l2.
360 3470 677 3533 Bamberga
740 3467 1018 3535 sepelitur.
1049 3464 1119 3504 -ῖ-
1151 3464 1232 3517 Ita
1289 3462 1521 3517 demum
1557 3476 1717 3515 sacro
1747 3460 1849 3515 illo

134 3574 385 3631 corpore
416 3557 627 3611 feretro
673 3554 1066 3625 superposito,
1101 3553 1274 3621 longo
1322 3550 1610 3604 nobilium
1649 3548 1849 3603 ordine

134 3652 460 3719 praeeunte,
517 3644 712 3699 multis
741 3643 878 3697 hinc
922 3642 1055 3696 inde
1114 3639 1560 3704 conﬂuentibus,
1590 3652 1718 3691 cum
1750 3638 1850 3693 illo

135 3738 244 3791 sibi
308 3750 541 3804 semper
588 3731 1038 3787 familiarissimo
1079 3743 1399 3800 pauperum
1445 3726 1849 3793 contubernio,

136 3827 207 3879 ad
236 3826 437 3879 locum
491 3821 826 3891 Babenberg
853 3818 1167 3889 sepultura
1223 3831 1340 3869 sua
1378 3813 1853 3884 praedestinatum

138 3914 334 3968 felices
360 3910 649 3981 exsequiae
682 3925 866 3979 usque
898 3909 1102 3961 delata
1155 3909 1307 3958 sunt.
1364 3905 1509 3957 Tum
1559 3918 1693 3954 vero
1759 3918 1852 3956 re-

138 4002 305 4057 lictas
336 4000 532 4059 urbes,
563 4014 742 4051 vacua
765 4013 923 4063 rura,
960 3994 1245 4048 desolatas
1275 3991 1552 4055 civitates,
1598 3988 1855 4060 undique

141 4103 488 4143 concurrere
526 4086 769 4157 populos
828 4083 1083 4147 videres;
1137 4085 1347 4132 matres
1394 4076 1667 4149 parvulos
1722 4094 1857 4132 suos

142 4178 204 4231 in
236 4176 493 4231 brachiis
524 4178 832 4245 gestantes,
864 4172 1127 4224 inﬁrmos
1178 4168 1237 4221 in
1293 4164 1548 4238 grabatis
1594 4165 1856 4234 jacentes

146 4264 411 4319 sanitatis
438 4263 685 4333 gratiam
725 4276 975 4332 sperare,
1009 4256 1233 4311 felicem
1282 4271 1341 4309 se
1377 4254 1630 4317 credere,
1672 4253 1718 4307 si
1761 4256 1856 4309 cui

147 4358 247 4407 aut
273 4353 490 4407 feretro
516 4349 710 4421 jungi,
756 4349 844 4403 vel
867 4348 935 4402 ab
965 4347 1090 4418 ipso
1119 4343 1450 4414 contigisset
1495 4341 1850 4398 obumbrari.

148 4442 409 4496 Tandem
436 4439 497 4492 in
524 4436 819 4492 ecclesiam
849 4436 1002 4490 beati
1030 4433 1184 4489 Petri
1221 4430 1469 4502 apostoli
1497 4445 1707 4499 corpus
1736 4445 1855 4485 non

152 4530 275 4583 sine
332 4527 527 4581 labore
580 4527 967 4597 deportatum,
1019 4523 1315 4577 triduanas
1372 4518 1454 4573 ibi
1484 4517 1705 4571 meritis
1739 4519 1856 4572 suis

152 4634 217 4671 ac
244 4616 545 4672 beneﬁciis
566 4614 878 4685 condignas
930 4611 1133 4667 habuit
1161 4609 1488 4678 exsequias;
1535 4605 1669 4660 ﬁliis
1712 4622 1857 4676 quos

151 4705 276 4775 ipsa
306 4703 425 4757 illic
448 4702 509 4756 in
536 4700 755 4757 Christo
787 4701 1158 4760 adunaverat,
1193 4696 1261 4750 de
1312 4695 1508 4749 matris
1552 4708 1691 4763 pace
1731 4693 1856 4765 jam

152 4792 361 4858 securi,
390 4807 498 4861 pro
547 4806 606 4844 se
641 4794 833 4844 autem
864 4786 1094 4842 solliciti
1139 4786 1489 4839 incessanter
1518 4780 1857 4852 psallebant,

155 4881 295 4935 dum
351 4895 481 4933 eam
536 4877 646 4931 sibi
700 4877 771 4931 ad
819 4876 1022 4930 horam
1067 4873 1414 4927 subtractam
1469 4870 1592 4923 sine
1652 4868 1857 4925 timore

157 4966 506 5033 amissionis,
566 4966 628 5019 in
686 4982 786 5035 spe
831 4967 1126 5035 perpetua
1184 4958 1517 5014 incessionis
1578 4958 1856 5027 recepisse

154 5055 512 5126 plaudebant
570 5071 582 5108 :
645 5059 829 5108 mater
876 5053 945 5107 de
993 5052 1135 5106 calo
1180 5049 1431 5104 ﬁliorum
1484 5051 1858 5117 prospectans

158 5145 427 5200 affectum
486 5141 796 5212 gaudebat.
861 5142 946 5195 Ita
1012 5140 1261 5193 velatum
1341 5150 1562 5189 sacrum
1630 5150 1854 5205 corpus,

160 5233 335 5287 sacris
381 5231 651 5295 vestibus,
716 5230 1041 5285 diademate
1081 5224 1290 5281 Christi
1350 5223 1522 5295 capiti
1576 5238 1858 5294 superpo-

233 5340 351 5407 (76)
404 5338 577 5392 Multa
625 5337 720 5391 hic
767 5335 1189 5407 interseruntur
1239 5330 1300 5385 in
1325 5329 1692 5407 _ltruxel_lensi
1739 5330 1859 5407 edi:

168 5400 345 5473 tione,
429 5407 499 5462 de
554 5423 691 5462 voce
742 5406 957 5461 scilicet
1007 5403 1204 5460 audita
1239 5400 1459 5456 coalitus
1536 5401 1595 5454 in
1649 5401 1859 5455 tumuli

1883 4137 1926 4190 Ι)

1952 388 2282 449 veneratur,
2315 382 2640 451 repositum
2696 389 2786 437 est
2832 387 2969 457 (76).
3012 390 3054 444 Ο
3085 390 3218 445 felix
3254 394 3698 466 Babenbergen-

1903 470 2030 523 .sis
2084 472 2349 526 ecclesia!
2418 470 2687 540 recepisti
2756 473 3100 532 thesaurum
3158 498 3335 550 quem
3394 484 3690 537 amiseras.

1953 559 2171 614 Procax
2216 564 2274 613 et
2329 557 2591 611 maleﬁca
2643 558 2855 630 lingua
2913 566 3324 634 detractorum,
3390 573 3696 625 oculorum

1953 646 2291 702 testimonio
2313 645 2609 699 confutata
2658 654 2765 713 est,
2802 651 2944 706 dum
2996 654 3296 724 virginitas
3357 660 3484 728 ejus
3523 660 3696 715 rebus

1951 736 2295 804 approbata,
2369 733 2646 787 sanctitas
2709 737 3158 797 clarescentibus
3232 746 3420 821 signis
3468 747 3696 803 videtur

1950 822 2280 876 testiﬁcata.

2026 913 2114 964 13.
2145 912 2420 965 Μίναοιιια
2442 915 2569 979 post
2623 913 2851 970 obitum.
2911 947 2979 958 —
3035 918 3380 975 Christiana
3422 923 3696 994 religioni

1947 997 2270 1064 proﬁciens
2300 997 2556 1051 Ecclesia
2587 998 2773 1055 ﬁdelis
2822 1004 2983 1075 (qua
3041 1005 3102 1058 in
3165 1009 3506 1078 Evangelio,
3557 1029 3697 1070 voce

1951 1085 2195 1139 Domini
2224 1091 2476 1139 testante
2504 1088 2720 1154 (Matth.
2764 1098 2885 1162 xu),
2946 1096 3044 1148 Dei
3118 1100 3303 1150 mater
3339 1102 3400 1152 et
3444 1098 3565 1154 ﬁlia
3595 1119 3699 1173 per

1948 1173 2211 1241 gratiam
2239 1176 2617 1231 nominatur:
2654 1185 2837 1234 mater
2882 1184 3018 1253 quia
3068 1190 3281 1238 sancta
3341 1187 3698 1255 operationis

1950 1263 2234 1347 exemplo
2266 1264 2418 1316 ﬁlios
2461 1264 2705 1321 Domino
2774 1276 3041 1339 generat;
3074 1272 3218 1340 ﬁlio,
3272 1273 3418 1342 quia
3450 1275 3699 1347 Virginis

1952 1346 2109 1400 Filio
2146 1366 2249 1420 pro
2277 1352 2463 1405 salute
2486 1356 2689 1409 mundi
2723 1356 3041 1424 incarnato,
3084 1360 3422 1417 eruditione
3473 1372 3697 1422 sancto-

1949 1448 2099 1488 rum
2134 1439 2365 1492 Patrum
2398 1442 2664 1509 quotidie
2721 1447 3058 1515 generatur)
3095 1450 3342 1503 salutem
3398 1452 3631 1510 missam
3664 1475 3697 1512 a

1955 1526 2240 1593 Domino,
2270 1529 2517 1583 calestis
2547 1534 2817 1588 archiatri
2870 1535 3168 1589 effectibus
3223 1538 3535 1596 medicina
3566 1547 3693 1614 ple-

1948 1619 2265 1693 nam,‘tam
2299 1619 2511 1671 mentis
2539 1637 2715 1690 quam
2741 1623 3001 1693 corporis
3046 1622 3286 1676 auribus
3327 1628 3692 1685 animadver-

1948 1706 2049 1756 tat.
2089 1702 2390 1757 Mundaua
2416 1707 2701 1761 machina
2732 1710 3001 1762 conditor
3040 1709 3296 1763 humano
3348 1717 3549 1783 generi
3586 1734 3692 1787 per

1950 1790 2412 1844 inobedientiam
2493 1794 2652 1864 lapso
2727 1795 3069 1858 condolens,
3143 1800 3207 1849 ut
3260 1804 3501 1856 aeterna
3558 1804 3689 1857 vita

1949 1878 2173 1932 fructus
2225 1878 2533 1939 facientem
2573 1898 2778 1936 novam
2831 1882 3275 1953 plantationsm,
3318 1890 3534 1945 scilicet
3566 1891 3686 1960 pri-

1952 1964 2215 2019 mitivam
2249 1967 2561 2022 Ecclesiam
2589 1970 2892 2035 insereret,
2941 1970 3297 2039 patriarchas
3348 1981 3406 2031 et
3434 1980 3684 2048 prophe-

1952 2059 2040 2107 tas
2070 2052 2130 2105 in
2161 2054 2446 2108 mundum
2488 2056 2722 2111 mittere
2754 2059 3028 2127 dignatus
3060 2064 3142 2111 est
3172 2075 3187 2112 :
3243 2063 3347 2131 qui
3401 2066 3684 2119 creditum

1955 2140 2063 2193 sibi
2110 2141 2365 2195 ofﬁcium
2413 2144 2679 2214 quinque
2731 2146 2990 2215 corporis
3047 2148 3332 2215 sensibus,
3383 2158 3679 2223 sextoque,

1957 2228 2057 2299 qui
2088 2239 2172 2309 est
2202 2229 2440 2299 spiritus
2468 2233 2816 2303 prophetia,
2869 2233 3209 2303 mysterium
3264 2238 3682 2293 incarnationis

1958 2317 2186 2382 Christi,
2218 2323 2275 2371 et
2304 2319 2506 2373 omnia
2576 2338 2707 2392 qua
2763 2322 2833 2375 de
2879 2321 3006 2391 ipso
3054 2326 3457 2381 annuntianda
3515 2332 3684 2380 erant

1958 2406 2351 2475 pradicantes,
2383 2407 2483 2460 alii
2507 2409 2819 2479 asperitate
2851 2409 3004 2475 vita,
3038 2409 3166 2463 aliis
3200 2413 3444 2467 diversis
3474 2431 3678 2484 pana-

1959 2509 2088 2547 rum
2120 2493 2417 2560 mortibus,
2452 2494 2565 2563 ipsi
2603 2512 2779 2566 quem
2838 2496 3291 2566 prophetabaut,
3334 2502 3678 2556 famulatum

1958 2597 2127 2635 suum
2172 2581 2418 2635 ﬁdeliter
2450 2582 2857 2652 impleverunt.
2918 2586 3131 2639 Horum
3200 2588 3366 2643 limes
3419 2590 3677 2645 Christus

1959 2668 2161 2723 aterni
2197 2669 2379 2722 Patris
2408 2671 2676 2739 consilio,
2717 2688 2823 2741 pro
2854 2671 3164 2726 liberandis
3206 2675 3543 2731 hominibus
3604 2679 3674 2732 de

1955 2758 2312 2810 intemerata
2369 2757 2627 2828 Virginis
2698 2766 2859 2815 utero
2928 2762 3225 2831 processit,
3289 2770 3349 2818 ut
3404 2768 3526 2836 jam
3584 2767 3673 2820 in-

1956 2845 2169 2899 choata
2199 2846 2569 2915 plantationi,
2595 2848 2783 2902 missis
2816 2865 2921 2918 per
2945 2850 3144 2903 orbem
3176 2853 3472 2922 apostolis,
3500 2860 3673 2925 atque

1957 2932 2026 2987 de
2079 2949 2183 2986 suo
2245 2948 2486 3001 corpore
2546 2935 2672 2989 fuso
2723 2952 2928 2991 cruore
2978 2937 3333 3006 fabricatam,
3386 2942 3671 2995 novellam

1958 3021 2445 3091 superadiﬁcaret
2523 3024 2851 3092 Ecclesiam,
2934 3042 3064 3095 qua
3121 3032 3330 3082 sancta
3378 3029 3672 3084 Trinitatis

1958 3108 2070 3162 ﬁde
2101 3108 2345 3174 imbuta,
2394 3114 2452 3163 et
2500 3113 2779 3167 mundata
2824 3113 3098 3183 baptismi
3121 3116 3323 3185 gratia,
3361 3122 3660 3187 martyres,

1957 3197 2329 3264 confessores,
2373 3202 2429 3251 et
2458 3198 2676 3254 inﬁrmi
2728 3218 2892 3255 sexus
2941 3202 3191 3271 virgines
3222 3205 3417 3258 animo
3473 3211 3668 3260 tamen

1957 3290 2301 3350 constantes,
2334 3285 2622 3355 primitias
2653 3290 2883 3344 obtulit.
2918 3290 3074 3344 Inter
3111 3307 3254 3361 quas
3285 3293 3452 3346 beata
3478 3294 3670 3348 Cune-

1958 3373 2190 3445 gundis,
2240 3374 2346 3427 llos
2405 3376 2899 3450 Babenbergensis
2947 3380 3232 3449 Ecclesia,
3297 3399 3426 3435 cum
3474 3386 3668 3435 sancto

1961 3461 2223 3526 Henrico,
2254 3463 2353 3531 qui
2386 3462 2779 3520 Romanorum
2811 3466 3123 3535 imperium
3150 3469 3356 3535 tenuit,
3385 3470 3491 3523 sub
3535 3485 3667 3522 con-

1955 3549 2102 3620 jugii
2175 3549 2381 3619 specie,
2431 3550 2746 3607 immortali
2808 3570 3018 3624 sponso
3088 3561 3257 3610 casta
3322 3556 3667 3626 virginitatis

1961 3639 2178 3692 honore
2237 3638 2506 3691 deservit.
2574 3643 2729 3696 Unde
2758 3643 2881 3711 jam
2922 3644 3045 3712 ejus
3085 3644 3399 3698 sanctitatis
3465 3644 3668 3699 merita

1962 3739 2065 3794 per
2116 3724 2316 3776 orbem
2376 3726 2677 3781 manifesta
2723 3729 3106 3784 declaratione
3162 3735 3482 3799 apparent:
3531 3731 3666 3801 quia

1963 3814 2022 3868 in
2053 3812 2178 3866 loco
2220 3812 2322 3865 ubi
2379 3818 2639 3868 sanctum
2691 3818 2814 3886 ejus
2860 3832 3070 3887 corpus
3125 3817 3387 3887 quiescit,
3448 3818 3667 3871 inﬁrmi

1964 3915 2305 3973 quacunque
2352 3900 2683 3957 laborantes
2733 3903 3073 3973 agritudine
3132 3905 3441 3959 sanitatem
3523 3905 3665 3959 reci-

1962 3990 2156 4061 piunt.
2189 3989 2258 4042 Ut
2287 3993 2481 4042 autem
2542 3991 2611 4044 ad
2642 3992 2837 4046 omnia
2888 3996 3060 4047 testes
3106 3992 3424 4047 cautissimi
3462 3993 3663 4061 simus,

1968 4076 2222 4132 veritatis
2255 4076 2606 4132 amatoribus
2655 4078 2809 4133 atati
2862 4085 3071 4134 nostra
3106 4080 3561 4145 succedentibus,
3595 4082 3665 4135 de

1965 4166 2054 4220 his
2076 4182 2207 4237 qua
2233 4165 2532 4220 scribimus
2566 4168 2791 4222 curiose
2821 4168 3250 4238 indagantibus,
3301 4168 3520 4223 scilicet
3550 4185 3664 4240 quo

1963 4260 2226 4325 tempore
2297 4271 2471 4324 opera
2530 4256 2894 4311 curationum
2973 4258 3227 4328 prafata
3286 4256 3665 4328 imperatricis

1964 4343 2195 4397 initium
2226 4342 2551 4412 habuerint,
2575 4344 2851 4414 largiente
2880 4346 3119 4400 Domino
3152 4348 3664 4415 proutpossumus,

1964 4432 2230 4486 volumus
2260 4430 2569 4501 eXplicare.

2040 4521 2123 4575 14.
2152 4521 2557 4586 Energumenus
2588 4520 2871 4575 liberatur.
2906 4524 2975 4576 Et
3000 4521 3103 4576 alii
3130 4522 3199 4575 ab
3253 4522 3382 4576 aliis
3437 4522 3659 4576 morbis.

1965 4612 2130 4663 Anno
2195 4608 2501 4661 Dominica
2565 4609 2973 4663 incarnationis
3026 4613 3179 4675 H89,
3236 4609 3550 4664 indictione
3612 4623 3664 4677 ιι,

1966 4696 2237 4751 Tiemone
2315 4695 2483 4749 tertio
2572 4696 2793 4750 decimo
2863 4697 3350 4768 Babenbergensis
3408 4696 3667 4752 Ecclesia

1970 4785 2263 4855 episcOpo,
2306 4788 2513 4853 quarto
2553 4784 2921 4853 pontiﬁcatus
2950 4786 3039 4839 sui
3085 4802 3260 4852 anno,
3302 4786 3371 4839 ad
3429 4784 3667 4838 Vincula

1967 4872 2145 4926 sancti
2178 4870 2348 4936 Petri,
2391 4887 2462 4925 ne
2493 4871 2563 4924 de
2599 4872 2897 4926 sanctitate
2945 4875 3397 4942 pramemorata
3426 4870 3665 4940 virginis

1968 4959 2415 5030 ambigeremus,
2470 4959 2768 5029 signorum
2844 4959 3195 5029 experientia
3255 4957 3546 5012 certiﬁcati
3568 4974 3661 5011 su-

1970 5064 2116 5102 mus.
2142 5048 2283 5102 Nam
2322 5047 2460 5101 dum
2490 5048 2655 5102 solito
2681 5065 2840 5103 more
2896 5049 3142 5118 populus
3189 5047 3260 5101 ad
3324 5045 3665 5116 pradictum

1966 5137 2155 5191 locum
2184 5135 2509 5189 orationum
2564 5141 2620 5191 et
2672 5137 2999 5208 vigiliarum
3056 5151 3223 5189 causa
3287 5134 3664 5201 convenisset,

1969 5223 2151 5278 adfuit
2218 5222 2452 5293 quidam
2532 5224 2915 5279 damoniacus
2961 5224 3030 5277 de
3089 5222 3221 5276 villa
3281 5238 3411 5294 qua
3461 5221 3668 5277 dicitur

1969 5329 2283 5399 apertione,
2315 5345 2429 5398 qua
2466 5330 2708 5385 Henrico
2758 5327 3196 5399 pracipiebatur
3249 5332 3313 5380 ut
3350 5330 3536 5383 locum
3568 5344 3664 5380 ce-

1972 5401 2136 5455 deret
2164 5400 2524 5469 Cunegundi.
