  <div class='ocr_page' id='page_1' title='image "/cluster/home/n/w/nwhite01/storage/ocr_20150623/140/hvd.32044054760004/113.png"; bbox 0 0 4016 6202; ppageno 0'>
   <div class='ocr_carea' id='block_1_1' title="bbox 330 161 433 212">
    <p class='ocr_par' dir='ltr' id='par_1_1' title="bbox 330 161 433 212">
     <span class='ocr_line' id='line_1_1' title="bbox 330 161 433 212; baseline -0.01 0"><span class='ocrx_word' id='word_1_1' title='bbox 330 161 433 212; x_wconf 76' lang='grc'><strong>215</strong></span> 
     </span>
    </p>
   </div>
   <div class='ocr_carea' id='block_1_2' title="bbox 1318 145 2844 217">
    <p class='ocr_par' dir='ltr' id='par_1_2' title="bbox 1318 145 2844 217">
     <span class='ocr_line' id='line_1_2' title="bbox 1318 145 2844 217; baseline -0.006 -10"><span class='ocrx_word' id='word_1_2' title='bbox 1318 156 1472 210; x_wconf 82' lang='lat' dir='ltr'><strong>VITA</strong></span> <span class='ocrx_word' id='word_1_3' title='bbox 1512 154 1570 207; x_wconf 91' lang='lat' dir='ltr'><strong>S.</strong></span> <span class='ocrx_word' id='word_1_4' title='bbox 1611 152 2076 217; x_wconf 70' lang='lat' dir='ltr'><strong>CUNEGUNDIS,</strong></span> <span class='ocrx_word' id='word_1_5' title='bbox 2121 149 2239 205; x_wconf 86' lang='lat' dir='ltr'><strong>UBI</strong></span> <span class='ocrx_word' id='word_1_6' title='bbox 2282 148 2371 204; x_wconf 91' lang='lat' dir='ltr'><strong>DE</strong></span> <span class='ocrx_word' id='word_1_7' title='bbox 2412 147 2468 200; x_wconf 90' lang='lat' dir='ltr'><strong>S.</strong></span> <span class='ocrx_word' id='word_1_8' title='bbox 2514 145 2844 203; x_wconf 80' lang='lat' dir='ltr'><strong>HENRICO.</strong></span> 
     </span>
    </p>
   </div>
   <div class='ocr_carea' id='block_1_3' title="bbox 3762 146 3875 197">
    <p class='ocr_par' dir='ltr' id='par_1_3' title="bbox 3762 146 3875 197">
     <span class='ocr_line' id='line_1_3' title="bbox 3762 146 3875 197; baseline 0.009 -1"><span class='ocrx_word' id='word_1_9' title='bbox 3762 146 3875 197; x_wconf 73' lang='grc'><strong>216</strong></span> 
     </span>
    </p>
   </div>
   <div class='ocr_carea' id='block_1_4' title="bbox 331 267 3877 346">
    <p class='ocr_par' dir='ltr' id='par_1_4' title="bbox 331 267 3877 346">
     <span class='ocr_line' id='line_1_4' title="bbox 331 267 3877 346; baseline -0.003 -15"><span class='ocrx_word' id='word_1_10' title='bbox 331 277 561 331; x_wconf 86' lang='lat' dir='ltr'><strong>Dierrut</strong></span> <span class='ocrx_word' id='word_1_11' title='bbox 589 277 718 345; x_wconf 89' lang='lat'><strong>(‘77),</strong></span> <span class='ocrx_word' id='word_1_12' title='bbox 747 277 846 346; x_wconf 88' lang='lat' dir='ltr'><strong>qui</strong></span> <span class='ocrx_word' id='word_1_13' title='bbox 877 291 980 330; x_wconf 85' lang='lat' dir='ltr'><strong>nec</strong></span> <span class='ocrx_word' id='word_1_14' title='bbox 1009 275 1280 346; x_wconf 82' lang='lat' dir='ltr'><strong>pietatem</strong></span> <span class='ocrx_word' id='word_1_15' title='bbox 1304 291 1636 345; x_wconf 81' lang='lat' dir='ltr'><strong>agnoscens,</strong></span> <span class='ocrx_word' id='word_1_16' title='bbox 1696 289 1804 328; x_wconf 90' lang='lat' dir='ltr'><strong>nec</strong></span> <span class='ocrx_word' id='word_1_17' title='bbox 1849 273 2031 326; x_wconf 82' lang='lat' dir='ltr'><strong>scelus</strong></span> <span class='ocrx_word' id='word_1_18' title='bbox 2061 274 2104 325; x_wconf 78' lang='grc' dir='ltr'>Λ</span> <span class='ocrx_word' id='word_1_19' title='bbox 2143 271 2359 341; x_wconf 90' lang='lat' dir='ltr'><strong>ptismo</strong></span> <span class='ocrx_word' id='word_1_20' title='bbox 2415 268 2768 332; x_wconf 86' lang='lat' dir='ltr'><strong>defunctum,</strong></span> <span class='ocrx_word' id='word_1_21' title='bbox 2827 282 3002 330; x_wconf 82' lang='lat' dir='ltr'><strong>supra</strong></span> <span class='ocrx_word' id='word_1_22' title='bbox 3057 267 3318 322; x_wconf 84' lang='lat' dir='ltr'><strong>tumbam</strong></span> <span class='ocrx_word' id='word_1_23' title='bbox 3361 268 3546 323; x_wconf 64' lang='lat' dir='ltr'><strong>beatae</strong></span> <span class='ocrx_word' id='word_1_24' title='bbox 3601 268 3877 338; x_wconf 85' lang='lat' dir='ltr'><strong>virginis</strong></span> 
     </span>
    </p>
   </div>
   <div class='ocr_carea' id='block_1_5' title="bbox 331 359 2034 435">
    <p class='ocr_par' dir='ltr' id='par_1_5' title="bbox 331 359 2034 435">
     <span class='ocr_line' id='line_1_5' title="bbox 331 359 2034 435; baseline -0.005 -16"><span class='ocrx_word' id='word_1_25' title='bbox 331 366 670 432; x_wconf 81' lang='lat' dir='ltr'><strong>abhorrens,</strong></span> <span class='ocrx_word' id='word_1_26' title='bbox 700 364 888 418; x_wconf 88' lang='lat' dir='ltr'><strong>ﬁlium</strong></span> <span class='ocrx_word' id='word_1_27' title='bbox 921 376 1090 418; x_wconf 84' lang='lat' dir='ltr'><strong>suum</strong></span> <span class='ocrx_word' id='word_1_28' title='bbox 1145 365 1278 435; x_wconf 88' lang='lat' dir='ltr'><strong>igne</strong></span> <span class='ocrx_word' id='word_1_29' title='bbox 1308 365 1676 416; x_wconf 87' lang='lat' dir='ltr'><strong>cremaverat.</strong></span> <span class='ocrx_word' id='word_1_30' title='bbox 1729 361 1830 414; x_wconf 88' lang='lat' dir='ltr'><strong>Hic</strong></span> <span class='ocrx_word' id='word_1_31' title='bbox 1873 359 2034 413; x_wconf 90' lang='lat' dir='ltr'><strong>duris</strong></span> 
     </span>
    </p>
   </div>
   <div class='ocr_carea' id='block_1_6' title="bbox 332 447 2034 522">
    <p class='ocr_par' dir='ltr' id='par_1_6' title="bbox 332 447 2034 522">
     <span class='ocr_line' id='line_1_6' title="bbox 332 447 2034 522; baseline -0.005 -14"><span class='ocrx_word' id='word_1_32' title='bbox 332 453 565 508; x_wconf 86' lang='lat' dir='ltr'><strong>funibus</strong></span> <span class='ocrx_word' id='word_1_33' title='bbox 597 453 859 506; x_wconf 83' lang='lat' dir='ltr'><strong>astrictus</strong></span> <span class='ocrx_word' id='word_1_34' title='bbox 889 453 955 506; x_wconf 90' lang='lat' dir='ltr'><strong>ad</strong></span> <span class='ocrx_word' id='word_1_35' title='bbox 1027 453 1353 522; x_wconf 86' lang='lat' dir='ltr'><strong>sepulcrum</strong></span> <span class='ocrx_word' id='word_1_36' title='bbox 1415 455 1623 503; x_wconf 77' lang='lat' dir='ltr'><strong>sanctae</strong></span> <span class='ocrx_word' id='word_1_37' title='bbox 1665 447 2034 518; x_wconf 88' lang='lat' dir='ltr'><strong>Cuuegundis</strong></span> 
     </span>
    </p>
   </div>
   <div class='ocr_carea' id='block_1_7' title="bbox 335 535 2033 610">
    <p class='ocr_par' dir='ltr' id='par_1_7' title="bbox 335 535 2033 610">
     <span class='ocr_line' id='line_1_7' title="bbox 335 535 2033 610; baseline -0.004 -16"><span class='ocrx_word' id='word_1_38' title='bbox 335 541 414 594; x_wconf 92' lang='lat' dir='ltr'><strong>ita</strong></span> <span class='ocrx_word' id='word_1_39' title='bbox 448 555 844 594; x_wconf 78' lang='lat' dir='ltr'><strong>mansuescere</strong></span> <span class='ocrx_word' id='word_1_40' title='bbox 895 539 1084 610; x_wconf 67' lang='lat' dir='ltr'><strong>coepit,</strong></span> <span class='ocrx_word' id='word_1_41' title='bbox 1148 545 1207 592; x_wconf 91' lang='lat' dir='ltr'><strong>ut</strong></span> <span class='ocrx_word' id='word_1_42' title='bbox 1237 538 1431 592; x_wconf 88' lang='lat' dir='ltr'><strong>furiali</strong></span> <span class='ocrx_word' id='word_1_43' title='bbox 1480 536 1679 590; x_wconf 89' lang='lat' dir='ltr'><strong>morbo</strong></span> <span class='ocrx_word' id='word_1_44' title='bbox 1738 535 2033 589; x_wconf 89' lang='lat' dir='ltr'><strong>absolutus</strong></span> 
     </span>
    </p>
   </div>
   <div class='ocr_carea' id='block_1_8' title="bbox 337 623 2036 696">
    <p class='ocr_par' dir='ltr' id='par_1_8' title="bbox 337 623 2036 696">
     <span class='ocr_line' id='line_1_8' title="bbox 337 623 2036 696; baseline -0.004 -15"><span class='ocrx_word' id='word_1_45' title='bbox 337 629 514 682; x_wconf 84' lang='lat' dir='ltr'><strong>Deum</strong></span> <span class='ocrx_word' id='word_1_46' title='bbox 543 627 999 696; x_wconf 83' lang='lat' dir='ltr'><strong>omnipotentem</strong></span> <span class='ocrx_word' id='word_1_47' title='bbox 1035 627 1323 692; x_wconf 82' lang='lat' dir='ltr'><strong>laudaret;</strong></span> <span class='ocrx_word' id='word_1_48' title='bbox 1378 625 1545 695; x_wconf 87' lang='lat' dir='ltr'><strong>eique</strong></span> <span class='ocrx_word' id='word_1_49' title='bbox 1585 625 1749 694; x_wconf 84' lang='lat' dir='ltr'><strong>cujus</strong></span> <span class='ocrx_word' id='word_1_50' title='bbox 1797 623 2036 693; x_wconf 86' lang='lat' dir='ltr'><strong>patroci-</strong></span> 
     </span>
    </p>
   </div>
   <div class='ocr_carea' id='block_1_9' title="bbox 336 711 2036 782">
    <p class='ocr_par' dir='ltr' id='par_1_9' title="bbox 336 711 2036 782">
     <span class='ocr_line' id='line_1_9' title="bbox 336 711 2036 782; baseline -0.004 -12"><span class='ocrx_word' id='word_1_51' title='bbox 336 717 609 770; x_wconf 87' lang='lat' dir='ltr'><strong>nantibus</strong></span> <span class='ocrx_word' id='word_1_52' title='bbox 651 715 867 768; x_wconf 91' lang='lat' dir='ltr'><strong>meritis</strong></span> <span class='ocrx_word' id='word_1_53' title='bbox 926 715 1047 768; x_wconf 65' lang='lat' dir='ltr'><strong>haec</strong></span> <span class='ocrx_word' id='word_1_54' title='bbox 1099 715 1204 768; x_wconf 87' lang='lat' dir='ltr'><strong>sibi</strong></span> <span class='ocrx_word' id='word_1_55' title='bbox 1262 712 1529 767; x_wconf 88' lang='lat' dir='ltr'><strong>accidisse</strong></span> <span class='ocrx_word' id='word_1_56' title='bbox 1588 711 1875 782; x_wconf 89' lang='lat' dir='ltr'><strong>cognovit,</strong></span> <span class='ocrx_word' id='word_1_57' title='bbox 1904 726 2036 764; x_wconf 90' lang='lat' dir='ltr'><strong>cum</strong></span> 
     </span>
    </p>
   </div>
   <div class='ocr_carea' id='block_1_10' title="bbox 337 798 2041 873">
    <p class='ocr_par' dir='ltr' id='par_1_10' title="bbox 337 798 2041 873">
     <span class='ocr_line' id='line_1_10' title="bbox 337 798 2041 873; baseline -0.004 -16"><span class='ocrx_word' id='word_1_58' title='bbox 337 809 582 868; x_wconf 82' lang='lat' dir='ltr'><strong>caterva,</strong></span> <span class='ocrx_word' id='word_1_59' title='bbox 624 818 753 873; x_wconf 60' lang='lat' dir='ltr'><strong>quae</strong></span> <span class='ocrx_word' id='word_1_60' title='bbox 807 818 1061 872; x_wconf 75' lang='lat' dir='ltr'><strong>praesens</strong></span> <span class='ocrx_word' id='word_1_61' title='bbox 1099 804 1376 866; x_wconf 90' lang='lat' dir='ltr'><strong>astiterat,</strong></span> <span class='ocrx_word' id='word_1_62' title='bbox 1422 799 1640 854; x_wconf 88' lang='lat' dir='ltr'><strong>debitas</strong></span> <span class='ocrx_word' id='word_1_63' title='bbox 1691 798 2041 852; x_wconf 88' lang='lat' dir='ltr'><strong>acclamabat</strong></span> 
     </span>
    </p>
   </div>
   <div class='ocr_carea' id='block_1_11' title="bbox 338 885 2039 958">
    <p class='ocr_par' dir='ltr' id='par_1_11' title="bbox 338 885 2039 958">
     <span class='ocr_line' id='line_1_11' title="bbox 338 885 2039 958; baseline -0.004 -13"><span class='ocrx_word' id='word_1_64' title='bbox 338 891 554 945; x_wconf 89' lang='lat' dir='ltr'><strong>laudes.</strong></span> <span class='ocrx_word' id='word_1_65' title='bbox 616 890 796 958; x_wconf 80' lang='lat' dir='ltr'><strong>Igitur</strong></span> <span class='ocrx_word' id='word_1_66' title='bbox 854 890 989 943; x_wconf 89' lang='lat' dir='ltr'><strong>dum</strong></span> <span class='ocrx_word' id='word_1_67' title='bbox 1043 890 1165 942; x_wconf 60' lang='lat' dir='ltr'><strong>haec</strong></span> <span class='ocrx_word' id='word_1_68' title='bbox 1223 895 1339 942; x_wconf 91' lang='lat' dir='ltr'><strong>tam</strong></span> <span class='ocrx_word' id='word_1_69' title='bbox 1392 888 1529 941; x_wconf 89' lang='lat' dir='ltr'><strong>cleri</strong></span> <span class='ocrx_word' id='word_1_70' title='bbox 1610 903 1783 958; x_wconf 90' lang='lat' dir='ltr'><strong>quam</strong></span> <span class='ocrx_word' id='word_1_71' title='bbox 1839 885 2039 957; x_wconf 86' lang='lat' dir='ltr'><strong>populi</strong></span> 
     </span>
    </p>
   </div>
   <div class='ocr_carea' id='block_1_12' title="bbox 339 973 2038 1048">
    <p class='ocr_par' dir='ltr' id='par_1_12' title="bbox 339 973 2038 1048">
     <span class='ocr_line' id='line_1_12' title="bbox 339 973 2038 1048; baseline -0.004 -16"><span class='ocrx_word' id='word_1_72' title='bbox 339 979 582 1032; x_wconf 89' lang='lat' dir='ltr'><strong>solemni</strong></span> <span class='ocrx_word' id='word_1_73' title='bbox 622 978 924 1031; x_wconf 84' lang='lat' dir='ltr'><strong>devotione</strong></span> <span class='ocrx_word' id='word_1_74' title='bbox 955 982 1280 1048; x_wconf 84' lang='lat' dir='ltr'><strong>agerentur,</strong></span> <span class='ocrx_word' id='word_1_75' title='bbox 1321 981 1435 1029; x_wconf 91' lang='lat' dir='ltr'><strong>tres</strong></span> <span class='ocrx_word' id='word_1_76' title='bbox 1465 975 1763 1040; x_wconf 90' lang='lat' dir='ltr'><strong>contracti,</strong></span> <span class='ocrx_word' id='word_1_77' title='bbox 1797 991 1944 1027; x_wconf 90' lang='lat' dir='ltr'><strong>unus</strong></span> <span class='ocrx_word' id='word_1_78' title='bbox 1979 973 2038 1026; x_wconf 91' lang='lat' dir='ltr'><strong>in</strong></span> 
     </span>
    </p>
   </div>
   <div class='ocr_carea' id='block_1_13' title="bbox 340 1060 2039 1135">
    <p class='ocr_par' dir='ltr' id='par_1_13' title="bbox 340 1060 2039 1135">
     <span class='ocr_line' id='line_1_13' title="bbox 340 1060 2039 1135; baseline -0.004 -17"><span class='ocrx_word' id='word_1_79' title='bbox 340 1065 613 1120; x_wconf 91' lang='lat' dir='ltr'><strong>suburbio</strong></span> <span class='ocrx_word' id='word_1_80' title='bbox 644 1066 714 1119; x_wconf 92' lang='lat' dir='ltr'><strong>de</strong></span> <span class='ocrx_word' id='word_1_81' title='bbox 747 1065 1014 1135; x_wconf 87' lang='lat' dir='ltr'><strong>hospitali</strong></span> <span class='ocrx_word' id='word_1_82' title='bbox 1062 1065 1241 1117; x_wconf 87' lang='lat' dir='ltr'><strong>sancti</strong></span> <span class='ocrx_word' id='word_1_83' title='bbox 1283 1064 1487 1133; x_wconf 66' lang='lat' dir='ltr'><strong>Egidii</strong></span> <span class='ocrx_word' id='word_1_84' title='bbox 1516 1063 1647 1133; x_wconf 88' lang='grc'>(78),</span> <span class='ocrx_word' id='word_1_85' title='bbox 1716 1062 1817 1132; x_wconf 88' lang='lat' dir='ltr'><strong>qui</strong></span> <span class='ocrx_word' id='word_1_86' title='bbox 1854 1060 2039 1130; x_wconf 90' lang='lat' dir='ltr'><strong>magis</strong></span> 
     </span>
    </p>
   </div>
   <div class='ocr_carea' id='block_1_14' title="bbox 340 1150 2040 1224">
    <p class='ocr_par' dir='ltr' id='par_1_14' title="bbox 340 1150 2040 1224">
     <span class='ocr_line' id='line_1_14' title="bbox 340 1150 2040 1224; baseline -0.003 -17"><span class='ocrx_word' id='word_1_87' title='bbox 340 1155 617 1224; x_wconf 90' lang='lat' dir='ltr'><strong>reptando</strong></span> <span class='ocrx_word' id='word_1_88' title='bbox 657 1169 829 1223; x_wconf 89' lang='lat' dir='ltr'><strong>quam</strong></span> <span class='ocrx_word' id='word_1_89' title='bbox 856 1153 1114 1206; x_wconf 89' lang='lat' dir='ltr'><strong>scabellis</strong></span> <span class='ocrx_word' id='word_1_90' title='bbox 1145 1152 1506 1216; x_wconf 88' lang='lat' dir='ltr'><strong>volvebatur;</strong></span> <span class='ocrx_word' id='word_1_91' title='bbox 1565 1152 1707 1204; x_wconf 88' lang='lat' dir='ltr'><strong>alter</strong></span> <span class='ocrx_word' id='word_1_92' title='bbox 1736 1150 1806 1203; x_wconf 91' lang='lat' dir='ltr'><strong>de</strong></span> <span class='ocrx_word' id='word_1_93' title='bbox 1867 1150 2040 1203; x_wconf 89' lang='lat' dir='ltr'><strong>domo</strong></span> 
     </span>
    </p>
   </div>
   <div class='ocr_carea' id='block_1_15' title="bbox 341 1237 2041 1310">
    <p class='ocr_par' dir='ltr' id='par_1_15' title="bbox 341 1237 2041 1310">
     <span class='ocr_line' id='line_1_15' title="bbox 341 1237 2041 1310; baseline -0.004 -13"><span class='ocrx_word' id='word_1_94' title='bbox 341 1242 633 1297; x_wconf 88' lang='lat' dir='ltr'><strong>Chunradi</strong></span> <span class='ocrx_word' id='word_1_95' title='bbox 689 1242 925 1310; x_wconf 87' lang='lat' dir='ltr'><strong>majoris</strong></span> <span class='ocrx_word' id='word_1_96' title='bbox 955 1240 1208 1294; x_wconf 78' lang='lat' dir='ltr'><strong>ecclesiae</strong></span> <span class='ocrx_word' id='word_1_97' title='bbox 1266 1238 1590 1309; x_wconf 61' lang='lat' dir='ltr'><strong>praepositi;</strong></span> <span class='ocrx_word' id='word_1_98' title='bbox 1643 1238 1844 1292; x_wconf 89' lang='lat' dir='ltr'><strong>tertius</strong></span> <span class='ocrx_word' id='word_1_99' title='bbox 1903 1237 2041 1291; x_wconf 90' lang='lat' dir='ltr'><strong>item</strong></span> 
     </span>
    </p>
   </div>
   <div class='ocr_carea' id='block_1_16' title="bbox 344 1326 2043 1396">
    <p class='ocr_par' dir='ltr' id='par_1_16' title="bbox 344 1326 2043 1396">
     <span class='ocr_line' id='line_1_16' title="bbox 344 1326 2043 1396; baseline -0.004 -12"><span class='ocrx_word' id='word_1_100' title='bbox 344 1331 413 1384; x_wconf 89' lang='lat' dir='ltr'><strong>de</strong></span> <span class='ocrx_word' id='word_1_101' title='bbox 443 1331 616 1384; x_wconf 92' lang='lat' dir='ltr'><strong>domo</strong></span> <span class='ocrx_word' id='word_1_102' title='bbox 673 1329 892 1384; x_wconf 88' lang='lat' dir='ltr'><strong>Ottonis</strong></span> <span class='ocrx_word' id='word_1_103' title='bbox 924 1329 983 1382; x_wconf 92' lang='lat' dir='ltr'><strong>in</strong></span> <span class='ocrx_word' id='word_1_104' title='bbox 1015 1329 1216 1381; x_wconf 91' lang='lat' dir='ltr'><strong>eadem</strong></span> <span class='ocrx_word' id='word_1_105' title='bbox 1247 1327 1483 1381; x_wconf 88' lang='lat' dir='ltr'><strong>ecclesia</strong></span> <span class='ocrx_word' id='word_1_106' title='bbox 1525 1326 1808 1392; x_wconf 89' lang='lat' dir='ltr'><strong>canonici,</strong></span> <span class='ocrx_word' id='word_1_107' title='bbox 1869 1341 2043 1396; x_wconf 90' lang='lat' dir='ltr'><strong>super</strong></span> 
     </span>
    </p>
   </div>
   <div class='ocr_carea' id='block_1_17' title="bbox 343 1414 2043 1488">
    <p class='ocr_par' dir='ltr' id='par_1_17' title="bbox 343 1414 2043 1488">
     <span class='ocr_line' id='line_1_17' title="bbox 343 1414 2043 1488; baseline -0.003 -16"><span class='ocrx_word' id='word_1_108' title='bbox 343 1421 669 1488; x_wconf 88' lang='lat' dir='ltr'><strong>sepulcrum</strong></span> <span class='ocrx_word' id='word_1_109' title='bbox 729 1419 911 1470; x_wconf 61' lang='lat' dir='ltr'><strong>beatae</strong></span> <span class='ocrx_word' id='word_1_110' title='bbox 957 1417 1196 1486; x_wconf 86' lang='lat' dir='ltr'><strong>virginis</strong></span> <span class='ocrx_word' id='word_1_111' title='bbox 1225 1415 1418 1486; x_wconf 84' lang='lat' dir='ltr'><strong>positi,</strong></span> <span class='ocrx_word' id='word_1_112' title='bbox 1491 1416 1561 1468; x_wconf 91' lang='lat' dir='ltr'><strong>ab</strong></span> <span class='ocrx_word' id='word_1_113' title='bbox 1628 1415 1800 1467; x_wconf 90' lang='lat' dir='ltr'><strong>unius</strong></span> <span class='ocrx_word' id='word_1_114' title='bbox 1848 1414 2043 1468; x_wconf 88' lang='lat' dir='ltr'><strong>dolore</strong></span> 
     </span>
    </p>
   </div>
   <div class='ocr_carea' id='block_1_18' title="bbox 342 1502 2038 1576">
    <p class='ocr_par' dir='ltr' id='par_1_18' title="bbox 342 1502 2038 1576">
     <span class='ocr_line' id='line_1_18' title="bbox 342 1502 2038 1576; baseline -0.001 -18"><span class='ocrx_word' id='word_1_115' title='bbox 342 1505 625 1576; x_wconf 88' lang='lat' dir='ltr'><strong>passionis</strong></span> <span class='ocrx_word' id='word_1_116' title='bbox 675 1521 791 1558; x_wconf 91' lang='lat' dir='ltr'><strong>una</strong></span> <span class='ocrx_word' id='word_1_117' title='bbox 839 1505 1010 1558; x_wconf 87' lang='lat' dir='ltr'><strong>erecti</strong></span> <span class='ocrx_word' id='word_1_118' title='bbox 1058 1509 1192 1557; x_wconf 88' lang='lat' dir='ltr'><strong>sunt</strong></span> <span class='ocrx_word' id='word_1_119' title='bbox 1224 1519 1398 1556; x_wconf 90' lang='lat' dir='ltr'><strong>manu</strong></span> <span class='ocrx_word' id='word_1_120' title='bbox 1453 1503 1663 1556; x_wconf 68' lang='lat' dir='ltr'><strong>divina:</strong></span> <span class='ocrx_word' id='word_1_121' title='bbox 1709 1502 2038 1556; x_wconf 87' lang='lat' dir='ltr'><strong>curationis.</strong></span> 
     </span>
    </p>
   </div>
   <div class='ocr_carea' id='block_1_19' title="bbox 347 1590 2043 1662">
    <p class='ocr_par' dir='ltr' id='par_1_19' title="bbox 347 1590 2043 1662">
     <span class='ocr_line' id='line_1_19' title="bbox 347 1590 2043 1662; baseline -0.002 -15"><span class='ocrx_word' id='word_1_122' title='bbox 347 1594 548 1647; x_wconf 87' lang='lat' dir='ltr'><strong>Mulier</strong></span> <span class='ocrx_word' id='word_1_123' title='bbox 566 1592 899 1662; x_wconf 86' lang='lat' dir='ltr'><strong>paralytica,</strong></span> <span class='ocrx_word' id='word_1_124' title='bbox 927 1598 984 1646; x_wconf 89' lang='lat' dir='ltr'><strong>et</strong></span> <span class='ocrx_word' id='word_1_125' title='bbox 1004 1592 1181 1645; x_wconf 89' lang='lat' dir='ltr'><strong>altera</strong></span> <span class='ocrx_word' id='word_1_126' title='bbox 1210 1591 1658 1645; x_wconf 87' lang='lat' dir='ltr'><strong>sanctimonialis</strong></span> <span class='ocrx_word' id='word_1_127' title='bbox 1687 1592 1798 1658; x_wconf 84' lang='grc'>(79)</span> <span class='ocrx_word' id='word_1_128' title='bbox 1829 1590 2043 1644; x_wconf 88' lang='lat' dir='ltr'><strong>femina</strong></span> 
     </span>
    </p>
   </div>
   <div class='ocr_carea' id='block_1_20' title="bbox 347 1678 2042 1750">
    <p class='ocr_par' dir='ltr' id='par_1_20' title="bbox 347 1678 2042 1750">
     <span class='ocr_line' id='line_1_20' title="bbox 347 1678 2042 1750; baseline -0.001 -16"><span class='ocrx_word' id='word_1_129' title='bbox 347 1697 461 1734; x_wconf 91' lang='lat' dir='ltr'><strong>uno</strong></span> <span class='ocrx_word' id='word_1_130' title='bbox 486 1681 632 1750; x_wconf 89' lang='lat' dir='ltr'><strong>pede</strong></span> <span class='ocrx_word' id='word_1_131' title='bbox 663 1681 1007 1743; x_wconf 90' lang='lat' dir='ltr'><strong>claudicans,</strong></span> <span class='ocrx_word' id='word_1_132' title='bbox 1041 1685 1095 1734; x_wconf 89' lang='lat' dir='ltr'><strong>et</strong></span> <span class='ocrx_word' id='word_1_133' title='bbox 1134 1681 1370 1734; x_wconf 91' lang='lat' dir='ltr'><strong>claudus</strong></span> <span class='ocrx_word' id='word_1_134' title='bbox 1398 1680 1466 1734; x_wconf 90' lang='lat' dir='ltr'><strong>de</strong></span> <span class='ocrx_word' id='word_1_135' title='bbox 1521 1684 1704 1732; x_wconf 90' lang='lat' dir='ltr'><strong>castro</strong></span> <span class='ocrx_word' id='word_1_136' title='bbox 1765 1678 1918 1750; x_wconf 90' lang='lat' dir='ltr'><strong>quod</strong></span> <span class='ocrx_word' id='word_1_137' title='bbox 1958 1679 2042 1733; x_wconf 91' lang='lat' dir='ltr'><strong>di-</strong></span> 
     </span>
    </p>
   </div>
   <div class='ocr_carea' id='block_1_21' title="bbox 344 1766 2047 1837">
    <p class='ocr_par' dir='ltr' id='par_1_21' title="bbox 344 1766 2047 1837">
     <span class='ocr_line' id='line_1_21' title="bbox 344 1766 2047 1837; baseline -0.002 -15"><span class='ocrx_word' id='word_1_138' title='bbox 344 1769 493 1822; x_wconf 89' lang='lat' dir='ltr'><strong>citur</strong></span> <span class='ocrx_word' id='word_1_139' title='bbox 522 1769 663 1830; x_wconf 88' lang='lat' dir='ltr'><strong>Giet,</strong></span> <span class='ocrx_word' id='word_1_140' title='bbox 697 1773 825 1837; x_wconf 88' lang='lat' dir='ltr'><strong>post</strong></span> <span class='ocrx_word' id='word_1_141' title='bbox 859 1773 1328 1822; x_wconf 91' lang='lat' dir='ltr'><strong>momentaneam</strong></span> <span class='ocrx_word' id='word_1_142' title='bbox 1391 1766 1714 1820; x_wconf 90' lang='lat' dir='ltr'><strong>orationem</strong></span> <span class='ocrx_word' id='word_1_143' title='bbox 1777 1766 1866 1819; x_wconf 84' lang='lat' dir='ltr'><strong>vix</strong></span> <span class='ocrx_word' id='word_1_144' title='bbox 1896 1782 2047 1819; x_wconf 90' lang='lat' dir='ltr'><strong>com-</strong></span> 
     </span>
    </p>
   </div>
   <div class='ocr_carea' id='block_1_22' title="bbox 347 1854 2047 1926">
    <p class='ocr_par' dir='ltr' id='par_1_22' title="bbox 347 1854 2047 1926">
     <span class='ocr_line' id='line_1_22' title="bbox 347 1854 2047 1926; baseline -0.001 -18"><span class='ocrx_word' id='word_1_145' title='bbox 347 1857 581 1926; x_wconf 91' lang='lat' dir='ltr'><strong>pletam,</strong></span> <span class='ocrx_word' id='word_1_146' title='bbox 623 1855 684 1908; x_wconf 91' lang='lat' dir='ltr'><strong>in</strong></span> <span class='ocrx_word' id='word_1_147' title='bbox 732 1855 856 1924; x_wconf 90' lang='lat' dir='ltr'><strong>ipsa</strong></span> <span class='ocrx_word' id='word_1_148' title='bbox 905 1860 1070 1908; x_wconf 90' lang='lat' dir='ltr'><strong>nocte</strong></span> <span class='ocrx_word' id='word_1_149' title='bbox 1119 1857 1297 1907; x_wconf 83' lang='lat' dir='ltr'><strong>curati</strong></span> <span class='ocrx_word' id='word_1_150' title='bbox 1331 1859 1482 1907; x_wconf 90' lang='lat' dir='ltr'><strong>sunt.</strong></span> <span class='ocrx_word' id='word_1_151' title='bbox 1547 1855 1697 1907; x_wconf 88' lang='lat' dir='ltr'><strong>Puer</strong></span> <span class='ocrx_word' id='word_1_152' title='bbox 1736 1854 1830 1907; x_wconf 92' lang='lat' dir='ltr'><strong>cui</strong></span> <span class='ocrx_word' id='word_1_153' title='bbox 1887 1859 2047 1907; x_wconf 89' lang='lat' dir='ltr'><strong>tanta</strong></span> 
     </span>
    </p>
   </div>
   <div class='ocr_carea' id='block_1_23' title="bbox 347 1941 2046 2011">
    <p class='ocr_par' dir='ltr' id='par_1_23' title="bbox 347 1941 2046 2011">
     <span class='ocr_line' id='line_1_23' title="bbox 347 1941 2046 2011; baseline -0.001 -15"><span class='ocrx_word' id='word_1_154' title='bbox 347 1945 742 1997; x_wconf 86' lang='lat' dir='ltr'><strong>membrorum</strong></span> <span class='ocrx_word' id='word_1_155' title='bbox 791 1943 1061 1996; x_wconf 89' lang='lat' dir='ltr'><strong>mollities</strong></span> <span class='ocrx_word' id='word_1_156' title='bbox 1093 1943 1295 2008; x_wconf 90' lang='lat' dir='ltr'><strong>inerat,</strong></span> <span class='ocrx_word' id='word_1_157' title='bbox 1329 1947 1393 1996; x_wconf 88' lang='lat' dir='ltr'><strong>ut</strong></span> <span class='ocrx_word' id='word_1_158' title='bbox 1422 1958 1568 2011; x_wconf 82' lang='lat' dir='ltr'><strong>pene</strong></span> <span class='ocrx_word' id='word_1_159' title='bbox 1597 1941 1820 1995; x_wconf 91' lang='lat' dir='ltr'><strong>ossibus</strong></span> <span class='ocrx_word' id='word_1_160' title='bbox 1853 1959 2046 1996; x_wconf 86' lang='lat' dir='ltr'><strong>carere</strong></span> 
     </span>
    </p>
   </div>
   <div class='ocr_carea' id='block_1_24' title="bbox 352 2029 2048 2106">
    <p class='ocr_par' dir='ltr' id='par_1_24' title="bbox 352 2029 2048 2106">
     <span class='ocr_line' id='line_1_24' title="bbox 352 2029 2048 2106; baseline -0.001 -22"><span class='ocrx_word' id='word_1_161' title='bbox 352 2036 678 2101; x_wconf 88' lang='lat' dir='ltr'><strong>putaretur;</strong></span> <span class='ocrx_word' id='word_1_162' title='bbox 704 2033 848 2085; x_wconf 89' lang='lat' dir='ltr'><strong>alter</strong></span> <span class='ocrx_word' id='word_1_163' title='bbox 877 2031 947 2084; x_wconf 92' lang='lat' dir='ltr'><strong>de</strong></span> <span class='ocrx_word' id='word_1_164' title='bbox 1006 2030 1366 2106; x_wconf 85' lang='lat' dir='ltr'><strong>Lincendorf,</strong></span> <span class='ocrx_word' id='word_1_165' title='bbox 1399 2030 1579 2084; x_wconf 89' lang='lat' dir='ltr'><strong>macie</strong></span> <span class='ocrx_word' id='word_1_166' title='bbox 1635 2029 1880 2083; x_wconf 87' lang='lat' dir='ltr'><strong>deformi</strong></span> <span class='ocrx_word' id='word_1_167' title='bbox 1910 2047 2048 2082; x_wconf 87' lang='lat' dir='ltr'><strong>con-</strong></span> 
     </span>
    </p>
   </div>
   <div class='ocr_carea' id='block_1_25' title="bbox 348 2116 2049 2188">
    <p class='ocr_par' dir='ltr' id='par_1_25' title="bbox 348 2116 2049 2188">
     <span class='ocr_line' id='line_1_25' title="bbox 348 2116 2049 2188; baseline -0.001 -18"><span class='ocrx_word' id='word_1_168' title='bbox 348 2123 628 2188; x_wconf 89' lang='lat' dir='ltr'><strong>sumptus,</strong></span> <span class='ocrx_word' id='word_1_169' title='bbox 691 2134 952 2188; x_wconf 81' lang='lat' dir='ltr'><strong>gressum</strong></span> <span class='ocrx_word' id='word_1_170' title='bbox 1017 2122 1074 2170; x_wconf 91' lang='lat' dir='ltr'><strong>et</strong></span> <span class='ocrx_word' id='word_1_171' title='bbox 1156 2116 1431 2186; x_wconf 90' lang='lat' dir='ltr'><strong>loquendi</strong></span> <span class='ocrx_word' id='word_1_172' title='bbox 1515 2117 1792 2180; x_wconf 75' lang='lat' dir='ltr'><strong>officium,</strong></span> <span class='ocrx_word' id='word_1_173' title='bbox 1838 2116 2049 2186; x_wconf 86' lang='lat' dir='ltr'><strong>quibus</strong></span> 
     </span>
    </p>
   </div>
   <div class='ocr_carea' id='block_1_26' title="bbox 348 2205 2047 2274">
    <p class='ocr_par' dir='ltr' id='par_1_26' title="bbox 348 2205 2047 2274">
     <span class='ocr_line' id='line_1_26' title="bbox 348 2205 2047 2274; baseline -0.002 -14"><span class='ocrx_word' id='word_1_174' title='bbox 348 2207 584 2260; x_wconf 91' lang='lat' dir='ltr'><strong>omnino</strong></span> <span class='ocrx_word' id='word_1_175' title='bbox 611 2222 866 2274; x_wconf 89' lang='lat' dir='ltr'><strong>caruere,</strong></span> <span class='ocrx_word' id='word_1_176' title='bbox 900 2211 1257 2274; x_wconf 90' lang='lat' dir='ltr'><strong>receperunt.</strong></span> <span class='ocrx_word' id='word_1_177' title='bbox 1288 2205 1483 2258; x_wconf 90' lang='lat' dir='ltr'><strong>Puella</strong></span> <span class='ocrx_word' id='word_1_178' title='bbox 1512 2205 1742 2258; x_wconf 90' lang='lat' dir='ltr'><strong>sciatica</strong></span> <span class='ocrx_word' id='word_1_179' title='bbox 1790 2206 1859 2258; x_wconf 88' lang='lat' dir='ltr'><strong>de</strong></span> <span class='ocrx_word' id='word_1_180' title='bbox 1893 2205 2047 2258; x_wconf 88' lang='lat' dir='ltr'><strong>Gise-</strong></span> 
     </span>
    </p>
   </div>
   <div class='ocr_carea' id='block_1_27' title="bbox 355 2293 2051 2367">
    <p class='ocr_par' dir='ltr' id='par_1_27' title="bbox 355 2293 2051 2367">
     <span class='ocr_line' id='line_1_27' title="bbox 355 2293 2051 2367; baseline -0.002 -19"><span class='ocrx_word' id='word_1_181' title='bbox 355 2297 515 2348; x_wconf 90' lang='lat' dir='ltr'><strong>nuelt</strong></span> <span class='ocrx_word' id='word_1_182' title='bbox 547 2293 672 2367; x_wconf 82' lang='grc' dir='ltr'><strong>[αι.,</strong></span> <span class='ocrx_word' id='word_1_183' title='bbox 731 2293 993 2365; x_wconf 86' lang='lat' dir='ltr'><strong>Gisfeld],</strong></span> <span class='ocrx_word' id='word_1_184' title='bbox 1041 2294 1286 2348; x_wconf 89' lang='lat' dir='ltr'><strong>necdum</strong></span> <span class='ocrx_word' id='word_1_185' title='bbox 1342 2293 1556 2346; x_wconf 68' lang='lat' dir='ltr'><strong>tumbas</strong></span> <span class='ocrx_word' id='word_1_186' title='bbox 1600 2293 1822 2363; x_wconf 89' lang='lat' dir='ltr'><strong>ingesta</strong></span> <span class='ocrx_word' id='word_1_187' title='bbox 1878 2309 2051 2345; x_wconf 75' lang='lat' dir='ltr'><strong>sacrae</strong></span> 
     </span>
    </p>
   </div>
   <div class='ocr_carea' id='block_1_28' title="bbox 348 2379 2052 2453">
    <p class='ocr_par' dir='ltr' id='par_1_28' title="bbox 348 2379 2052 2453">
     <span class='ocr_line' id='line_1_28' title="bbox 348 2379 2052 2453; baseline -0.002 -18"><span class='ocrx_word' id='word_1_188' title='bbox 348 2388 582 2453; x_wconf 88' lang='lat' dir='ltr'><strong>propter</strong></span> <span class='ocrx_word' id='word_1_189' title='bbox 628 2383 856 2436; x_wconf 90' lang='lat' dir='ltr'><strong>turbam</strong></span> <span class='ocrx_word' id='word_1_190' title='bbox 907 2399 919 2435; x_wconf 92' lang='lat'>:</span> <span class='ocrx_word' id='word_1_191' title='bbox 978 2398 1122 2452; x_wconf 90' lang='lat' dir='ltr'><strong>puer</strong></span> <span class='ocrx_word' id='word_1_192' title='bbox 1166 2398 1232 2434; x_wconf 82' lang='lat' dir='ltr'><strong>ex</strong></span> <span class='ocrx_word' id='word_1_193' title='bbox 1290 2379 1676 2434; x_wconf 77' lang='lat' dir='ltr'><strong>contractione</strong></span> <span class='ocrx_word' id='word_1_194' title='bbox 1744 2396 2052 2434; x_wconf 85' lang='lat' dir='ltr'><strong>nervorum</strong></span> 
     </span>
    </p>
   </div>
   <div class='ocr_carea' id='block_1_29' title="bbox 352 2467 2052 2538">
    <p class='ocr_par' dir='ltr' id='par_1_29' title="bbox 352 2467 2052 2538">
     <span class='ocr_line' id='line_1_29' title="bbox 352 2467 2052 2538; baseline -0.001 -16"><span class='ocrx_word' id='word_1_195' title='bbox 352 2486 551 2523; x_wconf 87' lang='lat' dir='ltr'><strong>carens</strong></span> <span class='ocrx_word' id='word_1_196' title='bbox 600 2469 789 2523; x_wconf 90' lang='lat' dir='ltr'><strong>oflicio</strong></span> <span class='ocrx_word' id='word_1_197' title='bbox 866 2470 1108 2538; x_wconf 87' lang='lat' dir='ltr'><strong>pedum;</strong></span> <span class='ocrx_word' id='word_1_198' title='bbox 1168 2468 1361 2538; x_wconf 92' lang='lat' dir='ltr'><strong>puella</strong></span> <span class='ocrx_word' id='word_1_199' title='bbox 1433 2469 1502 2522; x_wconf 91' lang='lat' dir='ltr'><strong>de</strong></span> <span class='ocrx_word' id='word_1_200' title='bbox 1566 2467 1894 2521; x_wconf 89' lang='lat' dir='ltr'><strong>Nuornberc</strong></span> <span class='ocrx_word' id='word_1_201' title='bbox 1943 2467 2052 2537; x_wconf 89' lang='lat'><strong>(80)</strong></span> 
     </span>
    </p>
   </div>
   <div class='ocr_carea' id='block_1_30' title="bbox 354 2556 2051 2627">
    <p class='ocr_par' dir='ltr' id='par_1_30' title="bbox 354 2556 2051 2627">
     <span class='ocr_line' id='line_1_30' title="bbox 354 2556 2051 2627; baseline -0.001 -17"><span class='ocrx_word' id='word_1_202' title='bbox 354 2559 547 2627; x_wconf 88' lang='lat' dir='ltr'><strong>planta</strong></span> <span class='ocrx_word' id='word_1_203' title='bbox 604 2557 766 2626; x_wconf 89' lang='lat' dir='ltr'><strong>pedis</strong></span> <span class='ocrx_word' id='word_1_204' title='bbox 812 2573 1038 2609; x_wconf 86' lang='lat' dir='ltr'><strong>sursum</strong></span> <span class='ocrx_word' id='word_1_205' title='bbox 1103 2572 1355 2623; x_wconf 82' lang='lat' dir='ltr'><strong>recurva,</strong></span> <span class='ocrx_word' id='word_1_206' title='bbox 1430 2556 1690 2627; x_wconf 84' lang='lat' dir='ltr'><strong>geniculo</strong></span> <span class='ocrx_word' id='word_1_207' title='bbox 1735 2558 2051 2621; x_wconf 86' lang='lat' dir='ltr'><strong>contracto;</strong></span> 
     </span>
    </p>
   </div>
   <div class='ocr_carea' id='block_1_31' title="bbox 356 2643 2057 2715">
    <p class='ocr_par' dir='ltr' id='par_1_31' title="bbox 356 2643 2057 2715">
     <span class='ocr_line' id='line_1_31' title="bbox 356 2643 2057 2715; baseline -0.001 -17"><span class='ocrx_word' id='word_1_208' title='bbox 356 2645 494 2699; x_wconf 91' lang='lat' dir='ltr'><strong>item</strong></span> <span class='ocrx_word' id='word_1_209' title='bbox 525 2645 594 2698; x_wconf 88' lang='lat' dir='ltr'><strong>de</strong></span> <span class='ocrx_word' id='word_1_210' title='bbox 626 2646 830 2699; x_wconf 93' lang='lat' dir='ltr'><strong>eodem</strong></span> <span class='ocrx_word' id='word_1_211' title='bbox 881 2661 1028 2715; x_wconf 87' lang='lat' dir='ltr'><strong>pago</strong></span> <span class='ocrx_word' id='word_1_212' title='bbox 1055 2645 1244 2714; x_wconf 89' lang='lat' dir='ltr'><strong>puella</strong></span> <span class='ocrx_word' id='word_1_213' title='bbox 1297 2660 1534 2697; x_wconf 89' lang='lat' dir='ltr'><strong>manum</strong></span> <span class='ocrx_word' id='word_1_214' title='bbox 1587 2643 1806 2697; x_wconf 84' lang='lat' dir='ltr'><strong>aridam</strong></span> <span class='ocrx_word' id='word_1_215' title='bbox 1838 2643 2057 2697; x_wconf 89' lang='lat' dir='ltr'><strong>habens</strong></span> 
     </span>
    </p>
   </div>
   <div class='ocr_carea' id='block_1_32' title="bbox 356 2731 1554 2802">
    <p class='ocr_par' dir='ltr' id='par_1_32' title="bbox 356 2731 1554 2802">
     <span class='ocr_line' id='line_1_32' title="bbox 356 2731 1554 2802; baseline -0.001 -17"><span class='ocrx_word' id='word_1_216' title='bbox 356 2733 506 2786; x_wconf 90' lang='lat' dir='ltr'><strong>inter</strong></span> <span class='ocrx_word' id='word_1_217' title='bbox 535 2733 825 2786; x_wconf 90' lang='lat' dir='ltr'><strong>orationes</strong></span> <span class='ocrx_word' id='word_1_218' title='bbox 856 2739 914 2787; x_wconf 89' lang='lat' dir='ltr'><strong>et</strong></span> <span class='ocrx_word' id='word_1_219' title='bbox 944 2733 1161 2802; x_wconf 83' lang='lat' dir='ltr'><strong>vigilias</strong></span> <span class='ocrx_word' id='word_1_220' title='bbox 1185 2731 1370 2786; x_wconf 83' lang='lat' dir='ltr'><strong>curati</strong></span> <span class='ocrx_word' id='word_1_221' title='bbox 1400 2737 1554 2786; x_wconf 92' lang='lat' dir='ltr'><strong>sunt.</strong></span> 
     </span>
    </p>
   </div>
   <div class='ocr_carea' id='block_1_33' title="bbox 2145 354 3880 429">
    <p class='ocr_par' dir='ltr' id='par_1_33' title="bbox 2145 354 3880 429">
     <span class='ocr_line' id='line_1_33' title="bbox 2145 354 3880 429; baseline -0.002 -16"><span class='ocrx_word' id='word_1_222' title='bbox 2145 375 2262 413; x_wconf 90' lang='lat' dir='ltr'><strong>non</strong></span> <span class='ocrx_word' id='word_1_223' title='bbox 2283 358 2406 411; x_wconf 90' lang='lat' dir='ltr'><strong>sine</strong></span> <span class='ocrx_word' id='word_1_224' title='bbox 2433 375 2530 429; x_wconf 88' lang='lat' dir='ltr'><strong>spe</strong></span> <span class='ocrx_word' id='word_1_225' title='bbox 2569 356 3004 412; x_wconf 88' lang='lat' dir='ltr'><strong>resurrectionis</strong></span> <span class='ocrx_word' id='word_1_226' title='bbox 3051 357 3262 426; x_wconf 87' lang='lat' dir='ltr'><strong>posuit.</strong></span> <span class='ocrx_word' id='word_1_227' title='bbox 3295 354 3718 422; x_wconf 77' lang='lat' dir='ltr'><strong>Testor’eum,</strong></span> <span class='ocrx_word' id='word_1_228' title='bbox 3768 356 3880 426; x_wconf 90' lang='lat' dir='ltr'><strong>qui</strong></span> 
     </span>
    </p>
   </div>
   <div class='ocr_carea' id='block_1_34' title="bbox 2119 444 3880 521">
    <p class='ocr_par' dir='ltr' id='par_1_34' title="bbox 2119 444 3880 521">
     <span class='ocr_line' id='line_1_34' title="bbox 2119 444 3880 521; baseline -0.003 -19"><span class='ocrx_word' id='word_1_229' title='bbox 2119 453 2234 521; x_wconf 81' lang='lat' dir='ltr'><strong>est</strong></span> <span class='ocrx_word' id='word_1_230' title='bbox 2278 446 2700 517; x_wconf 87' lang='lat' dir='ltr'><strong>primogenitus</strong></span> <span class='ocrx_word' id='word_1_231' title='bbox 2727 450 3104 512; x_wconf 91' lang='lat' dir='ltr'><strong>mortuorum,</strong></span> <span class='ocrx_word' id='word_1_232' title='bbox 3139 444 3239 516; x_wconf 93' lang='lat' dir='ltr'><strong>qui</strong></span> <span class='ocrx_word' id='word_1_233' title='bbox 3276 451 3540 500; x_wconf 89' lang='lat' dir='ltr'><strong>mortuos</strong></span> <span class='ocrx_word' id='word_1_234' title='bbox 3594 447 3880 504; x_wconf 86' lang='lat' dir='ltr'><strong>suscitat,</strong></span> 
     </span>
    </p>
   </div>
   <div class='ocr_carea' id='block_1_35' title="bbox 2148 534 3880 600">
    <p class='ocr_par' dir='ltr' id='par_1_35' title="bbox 2148 534 3880 600">
     <span class='ocr_line' id='line_1_35' title="bbox 2148 534 3880 600; baseline -0.001 -12"><span class='ocrx_word' id='word_1_235' title='bbox 2148 535 2248 588; x_wconf 92' lang='lat' dir='ltr'><strong>ubi</strong></span> <span class='ocrx_word' id='word_1_236' title='bbox 2306 534 2648 588; x_wconf 82' lang='lat' dir='ltr'><strong>miserabilis</strong></span> <span class='ocrx_word' id='word_1_237' title='bbox 2712 534 2981 588; x_wconf 89' lang='lat' dir='ltr'><strong>omnibus</strong></span> <span class='ocrx_word' id='word_1_238' title='bbox 3045 539 3228 586; x_wconf 89' lang='lat' dir='ltr'><strong>mater</strong></span> <span class='ocrx_word' id='word_1_239' title='bbox 3303 534 3588 600; x_wconf 81' lang='lat' dir='ltr'><strong>exstincti,</strong></span> <span class='ocrx_word' id='word_1_240' title='bbox 3643 538 3880 587; x_wconf 67' lang='lat' dir='ltr'><strong>sanctae</strong></span> 
     </span>
    </p>
   </div>
   <div class='ocr_carea' id='block_1_36' title="bbox 2147 621 3880 692">
    <p class='ocr_par' dir='ltr' id='par_1_36' title="bbox 2147 621 3880 692">
     <span class='ocr_line' id='line_1_36' title="bbox 2147 621 3880 692; baseline -0.002 -17"><span class='ocrx_word' id='word_1_241' title='bbox 2147 621 2389 692; x_wconf 86' lang='lat' dir='ltr'><strong>virginis</strong></span> <span class='ocrx_word' id='word_1_242' title='bbox 2457 637 2663 674; x_wconf 90' lang='lat' dir='ltr'><strong>nomen</strong></span> <span class='ocrx_word' id='word_1_243' title='bbox 2721 621 3087 690; x_wconf 86' lang='lat' dir='ltr'><strong>Cunegundis</strong></span> <span class='ocrx_word' id='word_1_244' title='bbox 3161 621 3576 691; x_wconf 88' lang='lat' dir='ltr'><strong>ingeminando</strong></span> <span class='ocrx_word' id='word_1_245' title='bbox 3638 622 3880 674; x_wconf 86' lang='lat' dir='ltr'><strong>multos</strong></span> 
     </span>
    </p>
   </div>
   <div class='ocr_carea' id='block_1_37' title="bbox 2149 709 3881 780">
    <p class='ocr_par' dir='ltr' id='par_1_37' title="bbox 2149 709 3881 780">
     <span class='ocr_line' id='line_1_37' title="bbox 2149 709 3881 780; baseline -0.002 -15"><span class='ocrx_word' id='word_1_246' title='bbox 2149 711 2318 765; x_wconf 88' lang='lat' dir='ltr'><strong>ﬂetus</strong></span> <span class='ocrx_word' id='word_1_247' title='bbox 2345 709 2573 779; x_wconf 79' lang='lat' dir='ltr'><strong>etfudit;</strong></span> <span class='ocrx_word' id='word_1_248' title='bbox 2606 727 2774 778; x_wconf 72' lang='lat' dir='ltr'><strong>quem</strong></span> <span class='ocrx_word' id='word_1_249' title='bbox 2809 709 3125 763; x_wconf 65' lang='lat' dir='ltr'><strong>exanimem</strong></span> <span class='ocrx_word' id='word_1_250' title='bbox 3157 715 3456 780; x_wconf 86' lang='lat' dir='ltr'><strong>posuerat,</strong></span> <span class='ocrx_word' id='word_1_251' title='bbox 3489 709 3558 762; x_wconf 90' lang='lat' dir='ltr'><strong>de</strong></span> <span class='ocrx_word' id='word_1_252' title='bbox 3591 709 3881 780; x_wconf 89' lang='lat' dir='ltr'><strong>sepulcro</strong></span> 
     </span>
    </p>
   </div>
   <div class='ocr_carea' id='block_1_38' title="bbox 2149 796 3881 867">
    <p class='ocr_par' dir='ltr' id='par_1_38' title="bbox 2149 796 3881 867">
     <span class='ocr_line' id='line_1_38' title="bbox 2149 796 3881 867; baseline -0.002 -16"><span class='ocrx_word' id='word_1_253' title='bbox 2149 799 2342 852; x_wconf 90' lang='lat' dir='ltr'><strong>vivum</strong></span> <span class='ocrx_word' id='word_1_254' title='bbox 2394 797 2615 850; x_wconf 87' lang='lat' dir='ltr'><strong>levavit.</strong></span> <span class='ocrx_word' id='word_1_255' title='bbox 2652 796 2788 860; x_wconf 88' lang='lat' dir='ltr'><strong>Quis</strong></span> <span class='ocrx_word' id='word_1_256' title='bbox 2821 815 2878 850; x_wconf 91' lang='lat' dir='ltr'><strong>se</strong></span> <span class='ocrx_word' id='word_1_257' title='bbox 2908 814 2941 850; x_wconf 87' lang='lat' dir='ltr'><strong>a</strong></span> <span class='ocrx_word' id='word_1_258' title='bbox 2994 797 3282 867; x_wconf 73' lang='lat' dir='ltr'><strong>lacrymis,</strong></span> <span class='ocrx_word' id='word_1_259' title='bbox 3310 797 3443 867; x_wconf 90' lang='lat' dir='ltr'><strong>quis</strong></span> <span class='ocrx_word' id='word_1_260' title='bbox 3503 813 3538 849; x_wconf 92' lang='lat' dir='ltr'><strong>a</strong></span> <span class='ocrx_word' id='word_1_261' title='bbox 3583 796 3881 850; x_wconf 87' lang='lat' dir='ltr'><strong>laudibus</strong></span> 
     </span>
    </p>
   </div>
   <div class='ocr_carea' id='block_1_39' title="bbox 2151 883 3882 956">
    <p class='ocr_par' dir='ltr' id='par_1_39' title="bbox 2151 883 3882 956">
     <span class='ocr_line' id='line_1_39' title="bbox 2151 883 3882 956; baseline -0.003 -16"><span class='ocrx_word' id='word_1_262' title='bbox 2151 885 2508 940; x_wconf 75' lang='lat' dir='ltr'><strong>contineret?</strong></span> <span class='ocrx_word' id='word_1_263' title='bbox 2533 886 2654 939; x_wconf 89' lang='lat' dir='ltr'><strong>Una</strong></span> <span class='ocrx_word' id='word_1_264' title='bbox 2682 901 2786 938; x_wconf 86' lang='lat' dir='ltr'><strong>vox</strong></span> <span class='ocrx_word' id='word_1_265' title='bbox 2805 884 3087 951; x_wconf 89' lang='lat' dir='ltr'><strong>omnium,</strong></span> <span class='ocrx_word' id='word_1_266' title='bbox 3121 891 3183 938; x_wconf 93' lang='lat' dir='ltr'><strong>ut</strong></span> <span class='ocrx_word' id='word_1_267' title='bbox 3210 884 3486 956; x_wconf 87' lang='lat' dir='ltr'><strong>frequens</strong></span> <span class='ocrx_word' id='word_1_268' title='bbox 3518 884 3699 938; x_wconf 89' lang='lat' dir='ltr'><strong>turba</strong></span> <span class='ocrx_word' id='word_1_269' title='bbox 3732 883 3882 938; x_wconf 81' lang='lat' dir='ltr'><strong>Sab-</strong></span> 
     </span>
    </p>
   </div>
   <div class='ocr_carea' id='block_1_40' title="bbox 2151 972 3880 1042">
    <p class='ocr_par' dir='ltr' id='par_1_40' title="bbox 2151 972 3880 1042">
     <span class='ocr_line' id='line_1_40' title="bbox 2151 972 3880 1042; baseline -0.002 -15"><span class='ocrx_word' id='word_1_270' title='bbox 2151 973 2286 1028; x_wconf 89' lang='lat' dir='ltr'><strong>bato</strong></span> <span class='ocrx_word' id='word_1_271' title='bbox 2308 973 2688 1027; x_wconf 84' lang='lat' dir='ltr'><strong>confluxerat.</strong></span> <span class='ocrx_word' id='word_1_272' title='bbox 2711 972 2905 1036; x_wconf 82' lang='lat' dir='ltr'><strong>Qualis</strong></span> <span class='ocrx_word' id='word_1_273' title='bbox 2925 978 3011 1025; x_wconf 92' lang='lat' dir='ltr'><strong>est</strong></span> <span class='ocrx_word' id='word_1_274' title='bbox 3036 972 3194 1025; x_wconf 77' lang='lat' dir='ltr'><strong>haec?</strong></span> <span class='ocrx_word' id='word_1_275' title='bbox 3219 988 3397 1042; x_wconf 91' lang='lat' dir='ltr'><strong>quam</strong></span> <span class='ocrx_word' id='word_1_276' title='bbox 3429 978 3646 1031; x_wconf 87' lang='lat' dir='ltr'><strong>sancta,</strong></span> <span class='ocrx_word' id='word_1_277' title='bbox 3680 985 3880 1040; x_wconf 89' lang='lat' dir='ltr'><strong>quam</strong></span> 
     </span>
    </p>
   </div>
   <div class='ocr_carea' id='block_1_41' title="bbox 2156 1059 3881 1132">
    <p class='ocr_par' dir='ltr' id='par_1_41' title="bbox 2156 1059 3881 1132">
     <span class='ocr_line' id='line_1_41' title="bbox 2156 1059 3881 1132; baseline -0.003 -17"><span class='ocrx_word' id='word_1_278' title='bbox 2156 1063 2269 1116; x_wconf 92' lang='lat' dir='ltr'><strong>Deo</strong></span> <span class='ocrx_word' id='word_1_279' title='bbox 2289 1062 2488 1115; x_wconf 83' lang='lat' dir='ltr'><strong>chara!</strong></span> <span class='ocrx_word' id='word_1_280' title='bbox 2521 1077 2650 1132; x_wconf 77' lang='lat' dir='ltr'><strong>quae</strong></span> <span class='ocrx_word' id='word_1_281' title='bbox 2681 1061 2912 1116; x_wconf 89' lang='lat' dir='ltr'><strong>claudos</strong></span> <span class='ocrx_word' id='word_1_282' title='bbox 2941 1077 3190 1126; x_wconf 90' lang='lat' dir='ltr'><strong>currere,</strong></span> <span class='ocrx_word' id='word_1_283' title='bbox 3223 1076 3407 1114; x_wconf 69' lang='lat' dir='ltr'><strong>caecos</strong></span> <span class='ocrx_word' id='word_1_284' title='bbox 3427 1059 3641 1127; x_wconf 89' lang='lat' dir='ltr'><strong>videre,</strong></span> <span class='ocrx_word' id='word_1_285' title='bbox 3668 1063 3881 1112; x_wconf 87' lang='lat' dir='ltr'><strong>mutos</strong></span> 
     </span>
    </p>
   </div>
   <div class='ocr_carea' id='block_1_42' title="bbox 2153 1146 3870 1221">
    <p class='ocr_par' dir='ltr' id='par_1_42' title="bbox 2153 1146 3870 1221">
     <span class='ocr_line' id='line_1_42' title="bbox 2153 1146 3870 1221; baseline -0.003 -18"><span class='ocrx_word' id='word_1_286' title='bbox 2153 1150 2332 1221; x_wconf 91' lang='lat' dir='ltr'><strong>loqui,</strong></span> <span class='ocrx_word' id='word_1_287' title='bbox 2375 1149 2648 1203; x_wconf 80' lang='lat' dir='ltr'><strong>exstincta</strong></span> <span class='ocrx_word' id='word_1_288' title='bbox 2688 1165 2920 1220; x_wconf 90' lang='lat' dir='ltr'><strong>quoque</strong></span> <span class='ocrx_word' id='word_1_289' title='bbox 2969 1149 3226 1202; x_wconf 88' lang='lat' dir='ltr'><strong>membra</strong></span> <span class='ocrx_word' id='word_1_290' title='bbox 3285 1147 3633 1201; x_wconf 84' lang='lat' dir='ltr'><strong>reviviscere</strong></span> <span class='ocrx_word' id='word_1_291' title='bbox 3692 1146 3870 1199; x_wconf 83' lang='lat' dir='ltr'><strong>facit!</strong></span> 
     </span>
    </p>
   </div>
   <div class='ocr_carea' id='block_1_43' title="bbox 2157 1235 3874 1309">
    <p class='ocr_par' dir='ltr' id='par_1_43' title="bbox 2157 1235 3874 1309">
     <span class='ocr_line' id='line_1_43' title="bbox 2157 1235 3874 1309; baseline -0.004 -16"><span class='ocrx_word' id='word_1_292' title='bbox 2157 1240 2356 1293; x_wconf 85' lang='lat' dir='ltr'><strong>Beatus</strong></span> <span class='ocrx_word' id='word_1_293' title='bbox 2404 1242 2601 1291; x_wconf 88' lang='lat' dir='ltr'><strong>venter</strong></span> <span class='ocrx_word' id='word_1_294' title='bbox 2659 1238 2762 1309; x_wconf 91' lang='lat' dir='ltr'><strong>qui</strong></span> <span class='ocrx_word' id='word_1_295' title='bbox 2809 1238 2955 1291; x_wconf 89' lang='lat' dir='ltr'><strong>hanc</strong></span> <span class='ocrx_word' id='word_1_296' title='bbox 3010 1236 3286 1307; x_wconf 84' lang='lat' dir='ltr'><strong>portavit;</strong></span> <span class='ocrx_word' id='word_1_297' title='bbox 3320 1235 3627 1289; x_wconf 87' lang='lat' dir='ltr'><strong>benedicta</strong></span> <span class='ocrx_word' id='word_1_298' title='bbox 3659 1251 3692 1288; x_wconf 86' lang='lat' dir='ltr'><strong>a</strong></span> <span class='ocrx_word' id='word_1_299' title='bbox 3762 1236 3874 1288; x_wconf 89' lang='lat' dir='ltr'><strong>Do-</strong></span> 
     </span>
    </p>
   </div>
   <div class='ocr_carea' id='block_1_44' title="bbox 2152 1322 3876 1397">
    <p class='ocr_par' dir='ltr' id='par_1_44' title="bbox 2152 1322 3876 1397">
     <span class='ocr_line' id='line_1_44' title="bbox 2152 1322 3876 1397; baseline -0.004 -16"><span class='ocrx_word' id='word_1_300' title='bbox 2152 1327 2313 1381; x_wconf 88' lang='lat' dir='ltr'><strong>mino</strong></span> <span class='ocrx_word' id='word_1_301' title='bbox 2346 1327 2524 1380; x_wconf 90' lang='lat' dir='ltr'><strong>ubera</strong></span> <span class='ocrx_word' id='word_1_302' title='bbox 2548 1342 2673 1396; x_wconf 69' lang='lat' dir='ltr'><strong>qua:</strong></span> <span class='ocrx_word' id='word_1_303' title='bbox 2711 1326 2859 1380; x_wconf 89' lang='lat' dir='ltr'><strong>hanc</strong></span> <span class='ocrx_word' id='word_1_304' title='bbox 2911 1326 3292 1390; x_wconf 88' lang='lat' dir='ltr'><strong>lactaverunt;</strong></span> <span class='ocrx_word' id='word_1_305' title='bbox 3343 1325 3411 1378; x_wconf 89' lang='lat' dir='ltr'><strong>de</strong></span> <span class='ocrx_word' id='word_1_306' title='bbox 3439 1322 3876 1397; x_wconf 65' lang='lat' dir='ltr'><strong>benedictione</strong></span> 
     </span>
    </p>
   </div>
   <div class='ocr_carea' id='block_1_45' title="bbox 2148 1412 3876 1485">
    <p class='ocr_par' dir='ltr' id='par_1_45' title="bbox 2148 1412 3876 1485">
     <span class='ocr_line' id='line_1_45' title="bbox 2148 1412 3876 1485; baseline -0.003 -17"><span class='ocrx_word' id='word_1_307' title='bbox 2148 1415 2269 1485; x_wconf 90' lang='lat' dir='ltr'><strong>jam</strong></span> <span class='ocrx_word' id='word_1_308' title='bbox 2292 1413 2500 1468; x_wconf 61' lang='lat' dir='ltr'><strong>saeculo</strong></span> <span class='ocrx_word' id='word_1_309' title='bbox 2528 1413 2792 1484; x_wconf 91' lang='lat' dir='ltr'><strong>pereunti</strong></span> <span class='ocrx_word' id='word_1_310' title='bbox 2822 1419 2980 1467; x_wconf 88' lang='lat' dir='ltr'><strong>tanta</strong></span> <span class='ocrx_word' id='word_1_311' title='bbox 3008 1413 3323 1484; x_wconf 88' lang='lat' dir='ltr'><strong>gratiarum</strong></span> <span class='ocrx_word' id='word_1_312' title='bbox 3354 1428 3600 1466; x_wconf 90' lang='lat' dir='ltr'><strong>munera</strong></span> <span class='ocrx_word' id='word_1_313' title='bbox 3633 1412 3876 1465; x_wconf 80' lang='lat' dir='ltr'><strong>efﬂuxe-</strong></span> 
     </span>
    </p>
   </div>
   <div class='ocr_carea' id='block_1_46' title="bbox 2153 1508 2307 1557">
    <p class='ocr_par' dir='ltr' id='par_1_46' title="bbox 2153 1508 2307 1557">
     <span class='ocr_line' id='line_1_46' title="bbox 2153 1508 2307 1557; baseline 0.006 -1"><span class='ocrx_word' id='word_1_314' title='bbox 2153 1508 2307 1557; x_wconf 90' lang='lat' dir='ltr'><strong>runt.</strong></span> 
     </span>
    </p>
   </div>
   <div class='ocr_carea' id='block_1_47' title="bbox 2233 1586 3876 1657">
    <p class='ocr_par' dir='ltr' id='par_1_47' title="bbox 2233 1586 3876 1657">
     <span class='ocr_line' id='line_1_47' title="bbox 2233 1586 3876 1657; baseline -0.004 -14"><span class='ocrx_word' id='word_1_315' title='bbox 2233 1593 2314 1643; x_wconf 84' lang='grc'><strong>17.</strong></span> <span class='ocrx_word' id='word_1_316' title='bbox 2349 1591 2486 1645; x_wconf 82' lang='lat' dir='ltr'><strong>Item</strong></span> <span class='ocrx_word' id='word_1_317' title='bbox 2535 1589 2850 1657; x_wconf 76' lang='lat' dir='ltr'><strong>suffocatus.</strong></span> <span class='ocrx_word' id='word_1_318' title='bbox 2883 1618 2952 1628; x_wconf 93' lang='lat'><strong><em>—</em></strong></span> <span class='ocrx_word' id='word_1_319' title='bbox 3001 1588 3170 1644; x_wconf 84' lang='lat' dir='ltr'><strong>Aliud</strong></span> <span class='ocrx_word' id='word_1_320' title='bbox 3214 1603 3335 1641; x_wconf 91' lang='lat' dir='ltr'><strong>non</strong></span> <span class='ocrx_word' id='word_1_321' title='bbox 3390 1587 3530 1641; x_wconf 89' lang='lat' dir='ltr'><strong>huic</strong></span> <span class='ocrx_word' id='word_1_322' title='bbox 3589 1586 3876 1641; x_wconf 90' lang='lat' dir='ltr'><strong>dissimili</strong></span> 
     </span>
    </p>
   </div>
   <div class='ocr_carea' id='block_1_48' title="bbox 2156 1675 3876 1748">
    <p class='ocr_par' dir='ltr' id='par_1_48' title="bbox 2156 1675 3876 1748">
     <span class='ocr_line' id='line_1_48' title="bbox 2156 1675 3876 1748; baseline -0.002 -18"><span class='ocrx_word' id='word_1_323' title='bbox 2156 1677 2408 1748; x_wconf 90' lang='lat' dir='ltr'><strong>signum,</strong></span> <span class='ocrx_word' id='word_1_324' title='bbox 2443 1676 2555 1729; x_wconf 89' lang='lat' dir='ltr'><strong>alio</strong></span> <span class='ocrx_word' id='word_1_325' title='bbox 2602 1692 2737 1730; x_wconf 90' lang='lat' dir='ltr'><strong>vero</strong></span> <span class='ocrx_word' id='word_1_326' title='bbox 2769 1686 2976 1730; x_wconf 86' lang='lat' dir='ltr'><strong>eventu</strong></span> <span class='ocrx_word' id='word_1_327' title='bbox 3009 1677 3068 1730; x_wconf 92' lang='lat' dir='ltr'><strong>in</strong></span> <span class='ocrx_word' id='word_1_328' title='bbox 3121 1675 3335 1729; x_wconf 89' lang='lat' dir='ltr'><strong>trienni</strong></span> <span class='ocrx_word' id='word_1_329' title='bbox 3383 1691 3590 1746; x_wconf 90' lang='lat' dir='ltr'><strong>puero,</strong></span> <span class='ocrx_word' id='word_1_330' title='bbox 3626 1675 3690 1728; x_wconf 89' lang='lat' dir='ltr'><strong>in</strong></span> <span class='ocrx_word' id='word_1_331' title='bbox 3745 1675 3876 1728; x_wconf 84' lang='lat' dir='ltr'><strong>vico</strong></span> 
     </span>
    </p>
   </div>
   <div class='ocr_carea' id='block_1_49' title="bbox 2158 1763 3874 1835">
    <p class='ocr_par' dir='ltr' id='par_1_49' title="bbox 2158 1763 3874 1835">
     <span class='ocr_line' id='line_1_49' title="bbox 2158 1763 3874 1835; baseline -0.002 -16"><span class='ocrx_word' id='word_1_332' title='bbox 2158 1766 2452 1820; x_wconf 90' lang='lat' dir='ltr'><strong>Grunberc</strong></span> <span class='ocrx_word' id='word_1_333' title='bbox 2498 1765 2849 1818; x_wconf 89' lang='lat' dir='ltr'><strong>celebratum</strong></span> <span class='ocrx_word' id='word_1_334' title='bbox 2901 1769 3004 1830; x_wconf 90' lang='lat' dir='ltr'><strong>est,</strong></span> <span class='ocrx_word' id='word_1_335' title='bbox 3066 1764 3166 1835; x_wconf 90' lang='lat' dir='ltr'><strong>qui</strong></span> <span class='ocrx_word' id='word_1_336' title='bbox 3219 1781 3254 1818; x_wconf 92' lang='lat' dir='ltr'><strong>a</strong></span> <span class='ocrx_word' id='word_1_337' title='bbox 3335 1780 3504 1817; x_wconf 89' lang='lat' dir='ltr'><strong>mane</strong></span> <span class='ocrx_word' id='word_1_338' title='bbox 3543 1781 3739 1835; x_wconf 89' lang='lat' dir='ltr'><strong>usque</strong></span> <span class='ocrx_word' id='word_1_339' title='bbox 3803 1763 3874 1816; x_wconf 88' lang='lat' dir='ltr'><strong>ad</strong></span> 
     </span>
    </p>
   </div>
   <div class='ocr_carea' id='block_1_50' title="bbox 2156 1851 3880 1924">
    <p class='ocr_par' dir='ltr' id='par_1_50' title="bbox 2156 1851 3880 1924">
     <span class='ocr_line' id='line_1_50' title="bbox 2156 1851 3880 1924; baseline -0.002 -18"><span class='ocrx_word' id='word_1_340' title='bbox 2156 1870 2456 1924; x_wconf 88' lang='lat' dir='ltr'><strong>vesperam</strong></span> <span class='ocrx_word' id='word_1_341' title='bbox 2510 1853 2568 1906; x_wconf 93' lang='lat' dir='ltr'><strong>in</strong></span> <span class='ocrx_word' id='word_1_342' title='bbox 2628 1853 2829 1907; x_wconf 90' lang='lat' dir='ltr'><strong>limoso</strong></span> <span class='ocrx_word' id='word_1_343' title='bbox 2883 1854 3010 1906; x_wconf 90' lang='lat' dir='ltr'><strong>lacu</strong></span> <span class='ocrx_word' id='word_1_344' title='bbox 3062 1853 3371 1907; x_wconf 81' lang='lat' dir='ltr'><strong>suffocatus</strong></span> <span class='ocrx_word' id='word_1_345' title='bbox 3438 1852 3640 1921; x_wconf 88' lang='lat' dir='ltr'><strong>jacuit.</strong></span> <span class='ocrx_word' id='word_1_346' title='bbox 3673 1851 3787 1904; x_wconf 89' lang='lat' dir='ltr'><strong>ubi</strong></span> <span class='ocrx_word' id='word_1_347' title='bbox 3848 1868 3880 1902; x_wconf 91' lang='lat' dir='ltr'><strong>a</strong></span> 
     </span>
    </p>
   </div>
   <div class='ocr_carea' id='block_1_51' title="bbox 2159 1930 3877 2011">
    <p class='ocr_par' dir='ltr' id='par_1_51' title="bbox 2159 1930 3877 2011">
     <span class='ocr_line' id='line_1_51' title="bbox 2159 1930 3877 2011; baseline -0.003 -15"><span class='ocrx_word' id='word_1_348' title='bbox 2159 1943 2496 1996; x_wconf 89' lang='lat' dir='ltr'><strong>mulieribus</strong></span> <span class='ocrx_word' id='word_1_349' title='bbox 2519 1942 2623 1994; x_wconf 92' lang='lat' dir='ltr'><strong>sub</strong></span> <span class='ocrx_word' id='word_1_350' title='bbox 2646 1930 2758 1994; x_wconf 90' lang='lat' dir='ltr'><strong>lini</strong></span> <span class='ocrx_word' id='word_1_351' title='bbox 2809 1941 3092 1995; x_wconf 78' lang='lat' dir='ltr'><strong>fasciculis</strong></span> <span class='ocrx_word' id='word_1_352' title='bbox 3123 1945 3385 2011; x_wconf 87' lang='lat' dir='ltr'><strong>repertus</strong></span> <span class='ocrx_word' id='word_1_353' title='bbox 3416 1944 3474 1991; x_wconf 93' lang='lat' dir='ltr'><strong>et</strong></span> <span class='ocrx_word' id='word_1_354' title='bbox 3503 1938 3877 2004; x_wconf 79' lang='lat' dir='ltr'><strong>sublevatus,</strong></span> 
     </span>
    </p>
   </div>
   <div class='ocr_carea' id='block_1_52' title="bbox 2160 2028 3879 2100">
    <p class='ocr_par' dir='ltr' id='par_1_52' title="bbox 2160 2028 3879 2100">
     <span class='ocr_line' id='line_1_52' title="bbox 2160 2028 3879 2100; baseline -0.003 -16"><span class='ocrx_word' id='word_1_355' title='bbox 2160 2031 2340 2084; x_wconf 87' lang='lat' dir='ltr'><strong>multo</strong></span> <span class='ocrx_word' id='word_1_356' title='bbox 2389 2029 2731 2100; x_wconf 89' lang='lat' dir='ltr'><strong>ejulantium</strong></span> <span class='ocrx_word' id='word_1_357' title='bbox 2787 2031 3066 2083; x_wconf 91' lang='lat' dir='ltr'><strong>comitatu</strong></span> <span class='ocrx_word' id='word_1_358' title='bbox 3098 2029 3334 2082; x_wconf 87' lang='lat' dir='ltr'><strong>domum</strong></span> <span class='ocrx_word' id='word_1_359' title='bbox 3392 2043 3578 2098; x_wconf 89' lang='lat' dir='ltr'><strong>usque</strong></span> <span class='ocrx_word' id='word_1_360' title='bbox 3639 2028 3879 2080; x_wconf 86' lang='lat' dir='ltr'><strong>delatus</strong></span> 
     </span>
    </p>
   </div>
   <div class='ocr_carea' id='block_1_53' title="bbox 2159 2115 3878 2188">
    <p class='ocr_par' dir='ltr' id='par_1_53' title="bbox 2159 2115 3878 2188">
     <span class='ocr_line' id='line_1_53' title="bbox 2159 2115 3878 2188; baseline -0.004 -14"><span class='ocrx_word' id='word_1_361' title='bbox 2159 2125 2263 2174; x_wconf 91' lang='lat' dir='ltr'><strong>est.</strong></span> <span class='ocrx_word' id='word_1_362' title='bbox 2296 2118 2416 2173; x_wconf 90' lang='lat' dir='ltr'><strong>Illic</strong></span> <span class='ocrx_word' id='word_1_363' title='bbox 2438 2135 2540 2187; x_wconf 87' lang='lat' dir='ltr'><strong>per</strong></span> <span class='ocrx_word' id='word_1_364' title='bbox 2570 2123 2798 2172; x_wconf 89' lang='lat' dir='ltr'><strong>noctem</strong></span> <span class='ocrx_word' id='word_1_365' title='bbox 2832 2117 3105 2188; x_wconf 87' lang='lat' dir='ltr'><strong>lugubres</strong></span> <span class='ocrx_word' id='word_1_366' title='bbox 3158 2115 3501 2186; x_wconf 84' lang='lat' dir='ltr'><strong>parentibus</strong></span> <span class='ocrx_word' id='word_1_367' title='bbox 3556 2115 3878 2186; x_wconf 80' lang='lat' dir='ltr'><strong>exsequias</strong></span> 
     </span>
    </p>
   </div>
   <div class='ocr_carea' id='block_1_54' title="bbox 2160 2204 3877 2273">
    <p class='ocr_par' dir='ltr' id='par_1_54' title="bbox 2160 2204 3877 2273">
     <span class='ocr_line' id='line_1_54' title="bbox 2160 2204 3877 2273; baseline -0.003 -12"><span class='ocrx_word' id='word_1_368' title='bbox 2160 2207 2601 2273; x_wconf 88' lang='lat' dir='ltr'><strong>celebrantibus,</strong></span> <span class='ocrx_word' id='word_1_369' title='bbox 2661 2206 2760 2260; x_wconf 92' lang='lat' dir='ltr'><strong>ubi</strong></span> <span class='ocrx_word' id='word_1_370' title='bbox 2823 2222 2990 2259; x_wconf 91' lang='lat' dir='ltr'><strong>mane</strong></span> <span class='ocrx_word' id='word_1_371' title='bbox 3048 2205 3307 2258; x_wconf 89' lang='lat' dir='ltr'><strong>sacerdos</strong></span> <span class='ocrx_word' id='word_1_372' title='bbox 3346 2204 3605 2258; x_wconf 91' lang='lat' dir='ltr'><strong>debitum</strong></span> <span class='ocrx_word' id='word_1_373' title='bbox 3653 2204 3877 2257; x_wconf 85' lang='lat' dir='ltr'><strong>huma-</strong></span> 
     </span>
    </p>
   </div>
   <div class='ocr_carea' id='block_1_55' title="bbox 2161 2292 3882 2364">
    <p class='ocr_par' dir='ltr' id='par_1_55' title="bbox 2161 2292 3882 2364">
     <span class='ocr_line' id='line_1_55' title="bbox 2161 2292 3882 2364; baseline -0.003 -16"><span class='ocrx_word' id='word_1_374' title='bbox 2161 2295 2360 2349; x_wconf 89' lang='lat' dir='ltr'><strong>nitatis</strong></span> <span class='ocrx_word' id='word_1_375' title='bbox 2416 2296 2706 2364; x_wconf 85' lang='lat' dir='ltr'><strong>complere</strong></span> <span class='ocrx_word' id='word_1_376' title='bbox 2765 2295 2965 2358; x_wconf 87' lang='lat' dir='ltr'><strong>astitit,</strong></span> <span class='ocrx_word' id='word_1_377' title='bbox 3020 2295 3267 2363; x_wconf 91' lang='lat' dir='ltr'><strong>populus</strong></span> <span class='ocrx_word' id='word_1_378' title='bbox 3324 2293 3424 2362; x_wconf 90' lang='lat' dir='ltr'><strong>qui</strong></span> <span class='ocrx_word' id='word_1_379' title='bbox 3483 2294 3708 2356; x_wconf 86' lang='lat' dir='ltr'><strong>aderat,</strong></span> <span class='ocrx_word' id='word_1_380' title='bbox 3778 2292 3882 2362; x_wconf 88' lang='lat' dir='ltr'><strong>qui</strong></span> 
     </span>
    </p>
   </div>
   <div class='ocr_carea' id='block_1_56' title="bbox 2155 2381 3883 2454">
    <p class='ocr_par' dir='ltr' id='par_1_56' title="bbox 2155 2381 3883 2454">
     <span class='ocr_line' id='line_1_56' title="bbox 2155 2381 3883 2454; baseline -0.003 -17"><span class='ocrx_word' id='word_1_381' title='bbox 2155 2385 2278 2454; x_wconf 89' lang='lat' dir='ltr'><strong>jam</strong></span> <span class='ocrx_word' id='word_1_382' title='bbox 2309 2385 2493 2436; x_wconf 91' lang='lat' dir='ltr'><strong>multa</strong></span> <span class='ocrx_word' id='word_1_383' title='bbox 2521 2384 2591 2437; x_wconf 91' lang='lat' dir='ltr'><strong>de</strong></span> <span class='ocrx_word' id='word_1_384' title='bbox 2636 2383 2816 2453; x_wconf 88' lang='lat' dir='ltr'><strong>signis</strong></span> <span class='ocrx_word' id='word_1_385' title='bbox 2865 2383 3046 2436; x_wconf 61' lang='lat' dir='ltr'><strong>beatas</strong></span> <span class='ocrx_word' id='word_1_386' title='bbox 3105 2381 3475 2450; x_wconf 82' lang='lat' dir='ltr'><strong>Cunegundis</strong></span> <span class='ocrx_word' id='word_1_387' title='bbox 3531 2381 3768 2433; x_wconf 84' lang='lat' dir='ltr'><strong>viderat</strong></span> <span class='ocrx_word' id='word_1_388' title='bbox 3825 2384 3883 2431; x_wconf 93' lang='lat' dir='ltr'><strong>et</strong></span> 
     </span>
    </p>
   </div>
   <div class='ocr_carea' id='block_1_57' title="bbox 2163 2469 3881 2542">
    <p class='ocr_par' dir='ltr' id='par_1_57' title="bbox 2163 2469 3881 2542">
     <span class='ocr_line' id='line_1_57' title="bbox 2163 2469 3881 2542; baseline -0.003 -17"><span class='ocrx_word' id='word_1_389' title='bbox 2163 2471 2442 2536; x_wconf 88' lang='lat' dir='ltr'><strong>audierat,</strong></span> <span class='ocrx_word' id='word_1_390' title='bbox 2478 2472 2845 2542; x_wconf 68' lang='lat' dir='ltr'><strong>praesentiam</strong></span> <span class='ocrx_word' id='word_1_391' title='bbox 2878 2471 3009 2524; x_wconf 88' lang='lat' dir='ltr'><strong>illus</strong></span> <span class='ocrx_word' id='word_1_392' title='bbox 3047 2471 3154 2523; x_wconf 91' lang='lat' dir='ltr'><strong>sibi</strong></span> <span class='ocrx_word' id='word_1_393' title='bbox 3204 2470 3402 2522; x_wconf 90' lang='lat' dir='ltr'><strong>adesse</strong></span> <span class='ocrx_word' id='word_1_394' title='bbox 3429 2469 3489 2522; x_wconf 90' lang='lat' dir='ltr'><strong>iu</strong></span> <span class='ocrx_word' id='word_1_395' title='bbox 3522 2469 3711 2521; x_wconf 84' lang='lat' dir='ltr'><strong>multa</strong></span> <span class='ocrx_word' id='word_1_396' title='bbox 3779 2484 3881 2537; x_wconf 89' lang='lat' dir='ltr'><strong>spe</strong></span> 
     </span>
    </p>
   </div>
   <div class='ocr_carea' id='block_1_58' title="bbox 2165 2558 3881 2629">
    <p class='ocr_par' dir='ltr' id='par_1_58' title="bbox 2165 2558 3881 2629">
     <span class='ocr_line' id='line_1_58' title="bbox 2165 2558 3881 2629; baseline -0.003 -15"><span class='ocrx_word' id='word_1_397' title='bbox 2165 2559 2542 2614; x_wconf 83' lang='lat' dir='ltr'><strong>exauditionis</strong></span> <span class='ocrx_word' id='word_1_398' title='bbox 2573 2559 2876 2629; x_wconf 88' lang='lat' dir='ltr'><strong>rogitabat.</strong></span> <span class='ocrx_word' id='word_1_399' title='bbox 2912 2560 3111 2613; x_wconf 82' lang='lat' dir='ltr'><strong>Mirum</strong></span> <span class='ocrx_word' id='word_1_400' title='bbox 3139 2558 3198 2611; x_wconf 91' lang='lat' dir='ltr'><strong>in</strong></span> <span class='ocrx_word' id='word_1_401' title='bbox 3228 2558 3465 2612; x_wconf 91' lang='lat' dir='ltr'><strong>modum</strong></span> <span class='ocrx_word' id='word_1_402' title='bbox 3499 2573 3646 2626; x_wconf 89' lang='lat' dir='ltr'><strong>puer</strong></span> <span class='ocrx_word' id='word_1_403' title='bbox 3674 2572 3881 2609; x_wconf 87' lang='lat' dir='ltr'><strong>annu-</strong></span> 
     </span>
    </p>
   </div>
   <div class='ocr_carea' id='block_1_59' title="bbox 2165 2645 3882 2718">
    <p class='ocr_par' dir='ltr' id='par_1_59' title="bbox 2165 2645 3882 2718">
     <span class='ocr_line' id='line_1_59' title="bbox 2165 2645 3882 2718; baseline -0.003 -16"><span class='ocrx_word' id='word_1_404' title='bbox 2165 2649 2344 2702; x_wconf 88' lang='lat' dir='ltr'><strong>larem</strong></span> <span class='ocrx_word' id='word_1_405' title='bbox 2363 2647 2606 2718; x_wconf 86' lang='lat' dir='ltr'><strong>digitum</strong></span> <span class='ocrx_word' id='word_1_406' title='bbox 2632 2663 2858 2701; x_wconf 87' lang='lat' dir='ltr'><strong>movere</strong></span> <span class='ocrx_word' id='word_1_407' title='bbox 2875 2647 3063 2717; x_wconf 86' lang='lat' dir='ltr'><strong>coepit,</strong></span> <span class='ocrx_word' id='word_1_408' title='bbox 3083 2651 3156 2712; x_wconf 91' lang='lat' dir='ltr'><strong>et,</strong></span> <span class='ocrx_word' id='word_1_409' title='bbox 3185 2645 3547 2714; x_wconf 90' lang='lat' dir='ltr'><strong>stupentibus</strong></span> <span class='ocrx_word' id='word_1_410' title='bbox 3567 2645 3882 2710; x_wconf 89' lang='lat' dir='ltr'><strong>omnibus,</strong></span> 
     </span>
    </p>
   </div>
   <div class='ocr_carea' id='block_1_60' title="bbox 2167 2733 3882 2807">
    <p class='ocr_par' dir='ltr' id='par_1_60' title="bbox 2167 2733 3882 2807">
     <span class='ocr_line' id='line_1_60' title="bbox 2167 2733 3882 2807; baseline -0.002 -18"><span class='ocrx_word' id='word_1_411' title='bbox 2167 2740 2297 2807; x_wconf 93' lang='lat' dir='ltr'><strong>post</strong></span> <span class='ocrx_word' id='word_1_412' title='bbox 2325 2735 2575 2805; x_wconf 89' lang='lat' dir='ltr'><strong>spatium</strong></span> <span class='ocrx_word' id='word_1_413' title='bbox 2605 2736 2776 2789; x_wconf 91' lang='lat' dir='ltr'><strong>unius</strong></span> <span class='ocrx_word' id='word_1_414' title='bbox 2825 2737 2978 2790; x_wconf 79' lang='lat' dir='ltr'><strong>horae</strong></span> <span class='ocrx_word' id='word_1_415' title='bbox 3009 2751 3178 2788; x_wconf 90' lang='lat' dir='ltr'><strong>sanus</strong></span> <span class='ocrx_word' id='word_1_416' title='bbox 3210 2735 3471 2788; x_wconf 81' lang='lat' dir='ltr'><strong>surrexit.</strong></span> <span class='ocrx_word' id='word_1_417' title='bbox 3516 2733 3704 2804; x_wconf 85' lang='lat' dir='ltr'><strong>Hujus</strong></span> <span class='ocrx_word' id='word_1_418' title='bbox 3741 2733 3882 2787; x_wconf 89' lang='lat' dir='ltr'><strong>facti</strong></span> 
     </span>
    </p>
   </div>
   <div class='ocr_carea' id='block_1_61' title="bbox 431 2819 3880 2895">
    <p class='ocr_par' dir='ltr' id='par_1_61' title="bbox 431 2819 3880 2895">
     <span class='ocr_line' id='line_1_61' title="bbox 431 2819 3880 2895; baseline 0 -21"><span class='ocrx_word' id='word_1_419' title='bbox 431 2825 514 2874; x_wconf 77' lang='grc'><strong>15.</strong></span> <span class='ocrx_word' id='word_1_420' title='bbox 551 2820 792 2883; x_wconf 90' lang='lat' dir='ltr'><strong>Quidam</strong></span> <span class='ocrx_word' id='word_1_421' title='bbox 821 2837 925 2890; x_wconf 87' lang='lat' dir='ltr'><strong>pro</strong></span> <span class='ocrx_word' id='word_1_422' title='bbox 957 2837 1102 2890; x_wconf 92' lang='lat' dir='ltr'><strong>equo</strong></span> <span class='ocrx_word' id='word_1_423' title='bbox 1135 2821 1334 2874; x_wconf 88' lang='lat' dir='ltr'><strong>furtim</strong></span> <span class='ocrx_word' id='word_1_424' title='bbox 1365 2820 1586 2873; x_wconf 88' lang='lat' dir='ltr'><strong>sublato</strong></span> <span class='ocrx_word' id='word_1_425' title='bbox 1617 2819 1772 2889; x_wconf 88' lang='lat' dir='ltr'><strong>apud</strong></span> <span class='ocrx_word' id='word_1_426' title='bbox 1800 2821 2054 2873; x_wconf 87' lang='lat' dir='ltr'><strong>Werram</strong></span> <span class='ocrx_word' id='word_1_427' title='bbox 2086 2823 2126 2876; x_wconf 89' lang='lat' dir='ltr'>C</span> <span class='ocrx_word' id='word_1_428' title='bbox 2163 2825 2416 2895; x_wconf 90' lang='lat' dir='ltr'><strong>primum</strong></span> <span class='ocrx_word' id='word_1_429' title='bbox 2446 2825 2566 2894; x_wconf 90' lang='lat' dir='ltr'><strong>ipse</strong></span> <span class='ocrx_word' id='word_1_430' title='bbox 2596 2824 2854 2878; x_wconf 88' lang='lat' dir='ltr'><strong>sacerdos</strong></span> <span class='ocrx_word' id='word_1_431' title='bbox 2883 2823 2987 2876; x_wconf 89' lang='lat' dir='ltr'><strong>sub</strong></span> <span class='ocrx_word' id='word_1_432' title='bbox 3019 2823 3185 2888; x_wconf 88' lang='lat' dir='ltr'><strong>stola,</strong></span> <span class='ocrx_word' id='word_1_433' title='bbox 3230 2822 3437 2876; x_wconf 90' lang='lat' dir='ltr'><strong>deinde</strong></span> <span class='ocrx_word' id='word_1_434' title='bbox 3486 2821 3703 2875; x_wconf 88' lang='lat' dir='ltr'><strong>milites</strong></span> <span class='ocrx_word' id='word_1_435' title='bbox 3745 2827 3880 2875; x_wconf 89' lang='lat' dir='ltr'><strong>octo</strong></span> 
     </span>
    </p>
   </div>
   <div class='ocr_carea' id='block_1_62' title="bbox 362 2907 2051 2977">
    <p class='ocr_par' dir='ltr' id='par_1_62' title="bbox 362 2907 2051 2977">
     <span class='ocr_line' id='line_1_62' title="bbox 362 2907 2051 2977; baseline 0.001 -18"><span class='ocrx_word' id='word_1_436' title='bbox 362 2907 620 2972; x_wconf 76' lang='lat' dir='ltr'><strong>fluvium,</strong></span> <span class='ocrx_word' id='word_1_437' title='bbox 676 2909 735 2960; x_wconf 88' lang='lat' dir='ltr'><strong>in</strong></span> <span class='ocrx_word' id='word_1_438' title='bbox 790 2907 909 2959; x_wconf 90' lang='lat' dir='ltr'><strong>vico</strong></span> <span class='ocrx_word' id='word_1_439' title='bbox 957 2907 1059 2977; x_wconf 89' lang='lat' dir='ltr'><strong>qui</strong></span> <span class='ocrx_word' id='word_1_440' title='bbox 1114 2907 1322 2961; x_wconf 90' lang='lat' dir='ltr'><strong>dicitur</strong></span> <span class='ocrx_word' id='word_1_441' title='bbox 1375 2908 1670 2976; x_wconf 90' lang='lat' dir='ltr'><strong>Wasegen,</strong></span> <span class='ocrx_word' id='word_1_442' title='bbox 1745 2907 2051 2976; x_wconf 87' lang='lat' dir='ltr'><strong>suspendio</strong></span> 
     </span>
    </p>
   </div>
   <div class='ocr_carea' id='block_1_63' title="bbox 357 2994 2054 3065">
    <p class='ocr_par' dir='ltr' id='par_1_63' title="bbox 357 2994 2054 3065">
     <span class='ocr_line' id='line_1_63' title="bbox 357 2994 2054 3065; baseline 0.002 -19"><span class='ocrx_word' id='word_1_443' title='bbox 357 2994 618 3047; x_wconf 88' lang='lat' dir='ltr'><strong>addictus</strong></span> <span class='ocrx_word' id='word_1_444' title='bbox 644 3000 747 3048; x_wconf 90' lang='lat' dir='ltr'><strong>est.</strong></span> <span class='ocrx_word' id='word_1_445' title='bbox 781 2995 889 3057; x_wconf 93' lang='lat' dir='ltr'><strong>Qui</strong></span> <span class='ocrx_word' id='word_1_446' title='bbox 911 2995 970 3047; x_wconf 91' lang='lat' dir='ltr'><strong>in</strong></span> <span class='ocrx_word' id='word_1_447' title='bbox 1001 2999 1286 3048; x_wconf 89' lang='lat' dir='ltr'><strong>tormento</strong></span> <span class='ocrx_word' id='word_1_448' title='bbox 1346 2994 1586 3064; x_wconf 86' lang='lat' dir='ltr'><strong>positus,</strong></span> <span class='ocrx_word' id='word_1_449' title='bbox 1642 3010 1774 3048; x_wconf 91' lang='lat' dir='ltr'><strong>voce</strong></span> <span class='ocrx_word' id='word_1_450' title='bbox 1802 3011 1918 3065; x_wconf 91' lang='lat' dir='ltr'><strong>qua</strong></span> <span class='ocrx_word' id='word_1_451' title='bbox 1957 3012 2054 3065; x_wconf 92' lang='lat' dir='ltr'><strong>po-</strong></span> 
     </span>
    </p>
   </div>
   <div class='ocr_carea' id='block_1_64' title="bbox 359 3082 2049 3153">
    <p class='ocr_par' dir='ltr' id='par_1_64' title="bbox 359 3082 2049 3153">
     <span class='ocr_line' id='line_1_64' title="bbox 359 3082 2049 3153; baseline 0.001 -19"><span class='ocrx_word' id='word_1_452' title='bbox 359 3087 525 3145; x_wconf 85' lang='lat' dir='ltr'><strong>terat,</strong></span> <span class='ocrx_word' id='word_1_453' title='bbox 583 3082 765 3136; x_wconf 57' lang='lat' dir='ltr'><strong>beatae</strong></span> <span class='ocrx_word' id='word_1_454' title='bbox 797 3082 1165 3152; x_wconf 91' lang='lat' dir='ltr'><strong>Cunegundis</strong></span> <span class='ocrx_word' id='word_1_455' title='bbox 1207 3082 1444 3152; x_wconf 84' lang='lat' dir='ltr'><strong>virginis</strong></span> <span class='ocrx_word' id='word_1_456' title='bbox 1499 3098 1666 3135; x_wconf 91' lang='lat' dir='ltr'><strong>aures</strong></span> <span class='ocrx_word' id='word_1_457' title='bbox 1724 3084 2049 3153; x_wconf 88' lang='lat' dir='ltr'><strong>appellavit,</strong></span> 
     </span>
    </p>
   </div>
   <div class='ocr_carea' id='block_1_65' title="bbox 360 3169 2050 3240">
    <p class='ocr_par' dir='ltr' id='par_1_65' title="bbox 360 3169 2050 3240">
     <span class='ocr_line' id='line_1_65' title="bbox 360 3169 2050 3240; baseline 0.002 -17"><span class='ocrx_word' id='word_1_458' title='bbox 360 3170 522 3239; x_wconf 85' lang='lat' dir='ltr'><strong>cujus</strong></span> <span class='ocrx_word' id='word_1_459' title='bbox 551 3171 724 3223; x_wconf 91' lang='lat' dir='ltr'><strong>etiam</strong></span> <span class='ocrx_word' id='word_1_460' title='bbox 755 3170 1083 3223; x_wconf 88' lang='lat' dir='ltr'><strong>festinatam</strong></span> <span class='ocrx_word' id='word_1_461' title='bbox 1109 3186 1278 3240; x_wconf 88' lang='lat' dir='ltr'><strong>opem</strong></span> <span class='ocrx_word' id='word_1_462' title='bbox 1335 3169 1444 3224; x_wconf 91' lang='lat' dir='ltr'><strong>sibi</strong></span> <span class='ocrx_word' id='word_1_463' title='bbox 1474 3171 1671 3224; x_wconf 90' lang='lat' dir='ltr'><strong>adesse</strong></span> <span class='ocrx_word' id='word_1_464' title='bbox 1730 3171 2050 3239; x_wconf 62' lang='lat' dir='ltr'><strong>praesensit,</strong></span> 
     </span>
    </p>
   </div>
   <div class='ocr_carea' id='block_1_66' title="bbox 363 3257 2054 3328">
    <p class='ocr_par' dir='ltr' id='par_1_66' title="bbox 363 3257 2054 3328">
     <span class='ocr_line' id='line_1_66' title="bbox 363 3257 2054 3328; baseline 0.001 -16"><span class='ocrx_word' id='word_1_465' title='bbox 363 3257 564 3312; x_wconf 85' lang='lat' dir='ltr'><strong>Divina</strong></span> <span class='ocrx_word' id='word_1_466' title='bbox 593 3258 749 3311; x_wconf 91' lang='lat' dir='ltr'><strong>enim</strong></span> <span class='ocrx_word' id='word_1_467' title='bbox 805 3258 1030 3320; x_wconf 86' lang='lat' dir='ltr'><strong>virtute,</strong></span> <span class='ocrx_word' id='word_1_468' title='bbox 1077 3259 1173 3311; x_wconf 92' lang='lat' dir='ltr'><strong>ubi</strong></span> <span class='ocrx_word' id='word_1_469' title='bbox 1208 3259 1458 3328; x_wconf 89' lang='lat' dir='ltr'><strong>populus</strong></span> <span class='ocrx_word' id='word_1_470' title='bbox 1511 3259 1876 3326; x_wconf 89' lang='lat' dir='ltr'><strong>abscesserat,</strong></span> <span class='ocrx_word' id='word_1_471' title='bbox 1924 3259 2054 3314; x_wconf 90' lang='lat' dir='ltr'><strong>vin-</strong></span> 
     </span>
    </p>
   </div>
   <div class='ocr_carea' id='block_1_67' title="bbox 360 3346 2056 3418">
    <p class='ocr_par' dir='ltr' id='par_1_67' title="bbox 360 3346 2056 3418">
     <span class='ocr_line' id='line_1_67' title="bbox 360 3346 2056 3418; baseline 0.002 -19"><span class='ocrx_word' id='word_1_472' title='bbox 360 3347 487 3400; x_wconf 90' lang='lat' dir='ltr'><strong>cula</strong></span> <span class='ocrx_word' id='word_1_473' title='bbox 516 3362 790 3400; x_wconf 91' lang='lat' dir='ltr'><strong>manuum</strong></span> <span class='ocrx_word' id='word_1_474' title='bbox 836 3347 1110 3400; x_wconf 90' lang='lat' dir='ltr'><strong>dissoluta</strong></span> <span class='ocrx_word' id='word_1_475' title='bbox 1159 3351 1314 3411; x_wconf 88' lang='lat' dir='ltr'><strong>sunt,</strong></span> <span class='ocrx_word' id='word_1_476' title='bbox 1356 3351 1410 3400; x_wconf 91' lang='lat' dir='ltr'><strong>et</strong></span> <span class='ocrx_word' id='word_1_477' title='bbox 1442 3346 1562 3418; x_wconf 90' lang='lat' dir='ltr'><strong>ipse</strong></span> <span class='ocrx_word' id='word_1_478' title='bbox 1620 3347 1728 3400; x_wconf 91' lang='lat' dir='ltr'><strong>sibi</strong></span> <span class='ocrx_word' id='word_1_479' title='bbox 1785 3348 2056 3418; x_wconf 90' lang='lat' dir='ltr'><strong>laqueum</strong></span> 
     </span>
    </p>
   </div>
   <div class='ocr_carea' id='block_1_68' title="bbox 359 3434 2053 3506">
    <p class='ocr_par' dir='ltr' id='par_1_68' title="bbox 359 3434 2053 3506">
     <span class='ocr_line' id='line_1_68' title="bbox 359 3434 2053 3506; baseline 0 -17"><span class='ocrx_word' id='word_1_480' title='bbox 359 3436 672 3505; x_wconf 88' lang='lat' dir='ltr'><strong>deponens,</strong></span> <span class='ocrx_word' id='word_1_481' title='bbox 736 3434 796 3487; x_wconf 92' lang='lat' dir='ltr'><strong>in</strong></span> <span class='ocrx_word' id='word_1_482' title='bbox 835 3434 1120 3488; x_wconf 90' lang='lat' dir='ltr'><strong>civitatem</strong></span> <span class='ocrx_word' id='word_1_483' title='bbox 1179 3451 1455 3502; x_wconf 89' lang='lat' dir='ltr'><strong>reversus,</strong></span> <span class='ocrx_word' id='word_1_484' title='bbox 1525 3435 1742 3489; x_wconf 87' lang='lat' dir='ltr'><strong>cunctis</strong></span> <span class='ocrx_word' id='word_1_485' title='bbox 1799 3437 2053 3506; x_wconf 90' lang='lat' dir='ltr'><strong>ereptio-</strong></span> 
     </span>
    </p>
   </div>
   <div class='ocr_carea' id='block_1_69' title="bbox 362 3523 2053 3594">
    <p class='ocr_par' dir='ltr' id='par_1_69' title="bbox 362 3523 2053 3594">
     <span class='ocr_line' id='line_1_69' title="bbox 362 3523 2053 3594; baseline 0.002 -19"><span class='ocrx_word' id='word_1_486' title='bbox 362 3539 496 3576; x_wconf 89' lang='lat' dir='ltr'><strong>nem</strong></span> <span class='ocrx_word' id='word_1_487' title='bbox 528 3523 634 3588; x_wconf 88' lang='lat' dir='ltr'><strong>sui,</strong></span> <span class='ocrx_word' id='word_1_488' title='bbox 666 3523 807 3576; x_wconf 88' lang='lat' dir='ltr'><strong>dans</strong></span> <span class='ocrx_word' id='word_1_489' title='bbox 836 3523 1080 3593; x_wconf 91' lang='lat' dir='ltr'><strong>gloriam</strong></span> <span class='ocrx_word' id='word_1_490' title='bbox 1136 3524 1251 3576; x_wconf 91' lang='lat' dir='ltr'><strong>Deo</strong></span> <span class='ocrx_word' id='word_1_491' title='bbox 1301 3527 1357 3576; x_wconf 90' lang='lat' dir='ltr'><strong>et</strong></span> <span class='ocrx_word' id='word_1_492' title='bbox 1383 3539 1500 3576; x_wconf 76' lang='lat' dir='ltr'><strong>suae</strong></span> <span class='ocrx_word' id='word_1_493' title='bbox 1556 3523 1837 3577; x_wconf 90' lang='lat' dir='ltr'><strong>salvatrici</strong></span> <span class='ocrx_word' id='word_1_494' title='bbox 1881 3540 2053 3594; x_wconf 84' lang='lat' dir='ltr'><strong>expo-</strong></span> 
     </span>
    </p>
   </div>
   <div class='ocr_carea' id='block_1_70' title="bbox 362 3611 2051 3682">
    <p class='ocr_par' dir='ltr' id='par_1_70' title="bbox 362 3611 2051 3682">
     <span class='ocr_line' id='line_1_70' title="bbox 362 3611 2051 3682; baseline 0 -18"><span class='ocrx_word' id='word_1_495' title='bbox 362 3612 495 3664; x_wconf 89' lang='lat' dir='ltr'><strong>suit.</strong></span> <span class='ocrx_word' id='word_1_496' title='bbox 529 3611 786 3675; x_wconf 91' lang='lat' dir='ltr'><strong>Quorum</strong></span> <span class='ocrx_word' id='word_1_497' title='bbox 816 3611 971 3664; x_wconf 76' lang='lat' dir='ltr'><strong>fideli</strong></span> <span class='ocrx_word' id='word_1_498' title='bbox 1003 3611 1333 3666; x_wconf 88' lang='lat' dir='ltr'><strong>testimonio</strong></span> <span class='ocrx_word' id='word_1_499' title='bbox 1364 3611 1429 3665; x_wconf 89' lang='lat' dir='ltr'><strong>ad</strong></span> <span class='ocrx_word' id='word_1_500' title='bbox 1463 3628 1570 3664; x_wconf 88' lang='lat' dir='ltr'><strong>nos</strong></span> <span class='ocrx_word' id='word_1_501' title='bbox 1601 3629 1779 3682; x_wconf 91' lang='lat' dir='ltr'><strong>usque</strong></span> <span class='ocrx_word' id='word_1_502' title='bbox 1810 3611 2051 3677; x_wconf 91' lang='lat' dir='ltr'><strong>delatus,</strong></span> 
     </span>
    </p>
   </div>
   <div class='ocr_carea' id='block_1_71' title="bbox 361 3699 2050 3771">
    <p class='ocr_par' dir='ltr' id='par_1_71' title="bbox 361 3699 2050 3771">
     <span class='ocr_line' id='line_1_71' title="bbox 361 3699 2050 3771; baseline -0.001 -17"><span class='ocrx_word' id='word_1_503' title='bbox 361 3701 433 3754; x_wconf 88' lang='lat' dir='ltr'><strong>ad</strong></span> <span class='ocrx_word' id='word_1_504' title='bbox 463 3716 696 3753; x_wconf 81' lang='lat' dir='ltr'><strong>censum</strong></span> <span class='ocrx_word' id='word_1_505' title='bbox 720 3700 974 3771; x_wconf 89' lang='lat' dir='ltr'><strong>quinque</strong></span> <span class='ocrx_word' id='word_1_506' title='bbox 1024 3699 1396 3754; x_wconf 66' lang='lat' dir='ltr'><strong>denariorum</strong></span> <span class='ocrx_word' id='word_1_507' title='bbox 1453 3717 1487 3753; x_wconf 92' lang='lat' dir='ltr'><strong>a</strong></span> <span class='ocrx_word' id='word_1_508' title='bbox 1525 3700 1641 3753; x_wconf 89' lang='lat' dir='ltr'><strong>suis</strong></span> <span class='ocrx_word' id='word_1_509' title='bbox 1701 3701 2050 3771; x_wconf 90' lang='lat' dir='ltr'><strong>parentibus.</strong></span> 
     </span>
    </p>
   </div>
   <div class='ocr_carea' id='block_1_72' title="bbox 363 3789 2051 3859">
    <p class='ocr_par' dir='ltr' id='par_1_72' title="bbox 363 3789 2051 3859">
     <span class='ocr_line' id='line_1_72' title="bbox 363 3789 2051 3859; baseline -0.001 -17"><span class='ocrx_word' id='word_1_510' title='bbox 363 3794 427 3843; x_wconf 88' lang='lat' dir='ltr'><strong>ut</strong></span> <span class='ocrx_word' id='word_1_511' title='bbox 467 3789 691 3858; x_wconf 88' lang='lat' dir='ltr'><strong>pridem</strong></span> <span class='ocrx_word' id='word_1_512' title='bbox 749 3789 886 3842; x_wconf 93' lang='lat' dir='ltr'><strong>dum</strong></span> <span class='ocrx_word' id='word_1_513' title='bbox 945 3789 1334 3854; x_wconf 85' lang='lat' dir='ltr'><strong>damnaretur,</strong></span> <span class='ocrx_word' id='word_1_514' title='bbox 1368 3805 1472 3858; x_wconf 86' lang='lat' dir='ltr'><strong>pro</strong></span> <span class='ocrx_word' id='word_1_515' title='bbox 1528 3789 1652 3859; x_wconf 89' lang='lat' dir='ltr'><strong>ipso</strong></span> <span class='ocrx_word' id='word_1_516' title='bbox 1689 3789 2051 3851; x_wconf 88' lang='lat' dir='ltr'><strong>devoverant,</strong></span> 
     </span>
    </p>
   </div>
   <div class='ocr_carea' id='block_1_73' title="bbox 361 3876 2057 3947">
    <p class='ocr_par' dir='ltr' id='par_1_73' title="bbox 361 3876 2057 3947">
     <span class='ocr_line' id='line_1_73' title="bbox 361 3876 2057 3947; baseline -0.002 -15"><span class='ocrx_word' id='word_1_517' title='bbox 361 3878 668 3947; x_wconf 88' lang='lat' dir='ltr'><strong>inscriptus</strong></span> <span class='ocrx_word' id='word_1_518' title='bbox 699 3883 803 3930; x_wconf 85' lang='lat' dir='ltr'><strong>est.</strong></span> <span class='ocrx_word' id='word_1_519' title='bbox 860 3878 1030 3946; x_wconf 82' lang='lat' dir='ltr'><strong>Apud</strong></span> <span class='ocrx_word' id='word_1_520' title='bbox 1062 3894 1163 3929; x_wconf 87' lang='lat' dir='ltr'><strong>nos</strong></span> <span class='ocrx_word' id='word_1_521' title='bbox 1195 3892 1426 3946; x_wconf 91' lang='lat' dir='ltr'><strong>quoque</strong></span> <span class='ocrx_word' id='word_1_522' title='bbox 1457 3893 1570 3929; x_wconf 90' lang='lat' dir='ltr'><strong>non</strong></span> <span class='ocrx_word' id='word_1_523' title='bbox 1609 3877 1742 3930; x_wconf 92' lang='lat' dir='ltr'><strong>huic</strong></span> <span class='ocrx_word' id='word_1_524' title='bbox 1778 3876 2057 3930; x_wconf 88' lang='lat' dir='ltr'><strong>dissimile</strong></span> 
     </span>
    </p>
   </div>
   <div class='ocr_carea' id='block_1_74' title="bbox 363 3963 2057 4036">
    <p class='ocr_par' dir='ltr' id='par_1_74' title="bbox 363 3963 2057 4036">
     <span class='ocr_line' id='line_1_74' title="bbox 363 3963 2057 4036; baseline -0.002 -15"><span class='ocrx_word' id='word_1_525' title='bbox 363 3968 432 4021; x_wconf 90' lang='lat' dir='ltr'><strong>de</strong></span> <span class='ocrx_word' id='word_1_526' title='bbox 463 3967 686 4020; x_wconf 86' lang='lat' dir='ltr'><strong>servulo</strong></span> <span class='ocrx_word' id='word_1_527' title='bbox 718 3965 992 4036; x_wconf 89' lang='lat' dir='ltr'><strong>quodam,</strong></span> <span class='ocrx_word' id='word_1_528' title='bbox 1054 3966 1189 4018; x_wconf 88' lang='lat' dir='ltr'><strong>dum</strong></span> <span class='ocrx_word' id='word_1_529' title='bbox 1244 3965 1588 4033; x_wconf 85' lang='lat' dir='ltr'><strong>illaqueatus</strong></span> <span class='ocrx_word' id='word_1_530' title='bbox 1664 3964 1734 4016; x_wconf 91' lang='lat' dir='ltr'><strong>ab</strong></span> <span class='ocrx_word' id='word_1_531' title='bbox 1790 3963 2057 4017; x_wconf 89' lang='lat' dir='ltr'><strong>omnibus</strong></span> 
     </span>
    </p>
   </div>
   <div class='ocr_carea' id='block_1_75' title="bbox 2160 2911 3880 2982">
    <p class='ocr_par' dir='ltr' id='par_1_75' title="bbox 2160 2911 3880 2982">
     <span class='ocr_line' id='line_1_75' title="bbox 2160 2911 3880 2982; baseline -0.002 -16"><span class='ocrx_word' id='word_1_532' title='bbox 2160 2913 2265 2967; x_wconf 92' lang='lat' dir='ltr'><strong>sub</strong></span> <span class='ocrx_word' id='word_1_533' title='bbox 2321 2917 2698 2980; x_wconf 88' lang='lat' dir='ltr'><strong>sacramento,</strong></span> <span class='ocrx_word' id='word_1_534' title='bbox 2768 2913 2894 2982; x_wconf 91' lang='lat' dir='ltr'><strong>ipso</strong></span> <span class='ocrx_word' id='word_1_535' title='bbox 2946 2927 3128 2982; x_wconf 91' lang='lat' dir='ltr'><strong>puero</strong></span> <span class='ocrx_word' id='word_1_536' title='bbox 3205 2911 3266 2965; x_wconf 92' lang='lat' dir='ltr'><strong>in</strong></span> <span class='ocrx_word' id='word_1_537' title='bbox 3326 2911 3580 2964; x_wconf 91' lang='lat' dir='ltr'><strong>medium</strong></span> <span class='ocrx_word' id='word_1_538' title='bbox 3658 2911 3880 2973; x_wconf 89' lang='lat' dir='ltr'><strong>locato,</strong></span> 
     </span>
    </p>
   </div>
   <div class='ocr_carea' id='block_1_76' title="bbox 2161 2999 3878 3072">
    <p class='ocr_par' dir='ltr' id='par_1_76' title="bbox 2161 2999 3878 3072">
     <span class='ocr_line' id='line_1_76' title="bbox 2161 2999 3878 3072; baseline -0.002 -18"><span class='ocrx_word' id='word_1_539' title='bbox 2161 3017 2293 3054; x_wconf 92' lang='lat' dir='ltr'><strong>cum</strong></span> <span class='ocrx_word' id='word_1_540' title='bbox 2350 3001 2510 3055; x_wconf 90' lang='lat' dir='ltr'><strong>omni</strong></span> <span class='ocrx_word' id='word_1_541' title='bbox 2564 3001 2890 3072; x_wconf 89' lang='lat' dir='ltr'><strong>frequentia</strong></span> <span class='ocrx_word' id='word_1_542' title='bbox 2936 3017 3054 3054; x_wconf 62' lang='lat' dir='ltr'><strong>sua;</strong></span> <span class='ocrx_word' id='word_1_543' title='bbox 3110 2999 3314 3070; x_wconf 91' lang='lat' dir='ltr'><strong>plebis,</strong></span> <span class='ocrx_word' id='word_1_544' title='bbox 3380 3005 3552 3053; x_wconf 90' lang='lat' dir='ltr'><strong>testes</strong></span> <span class='ocrx_word' id='word_1_545' title='bbox 3625 2999 3698 3052; x_wconf 90' lang='lat' dir='ltr'><strong>ad</strong></span> <span class='ocrx_word' id='word_1_546' title='bbox 3770 3014 3878 3052; x_wconf 91' lang='lat' dir='ltr'><strong>nos</strong></span> 
     </span>
    </p>
   </div>
   <div class='ocr_carea' id='block_1_77' title="bbox 2161 3096 2463 3144">
    <p class='ocr_par' dir='ltr' id='par_1_77' title="bbox 2161 3096 2463 3144">
     <span class='ocr_line' id='line_1_77' title="bbox 2161 3096 2463 3144; baseline -0.007 0"><span class='ocrx_word' id='word_1_547' title='bbox 2161 3096 2463 3144; x_wconf 87' lang='lat' dir='ltr'><strong>venerunt.</strong></span> 
     </span>
    </p>
   </div>
   <div class='ocr_carea' id='block_1_78' title="bbox 2238 3176 3879 3248">
    <p class='ocr_par' dir='ltr' id='par_1_78' title="bbox 2238 3176 3879 3248">
     <span class='ocr_line' id='line_1_78' title="bbox 2238 3176 3879 3248; baseline -0.004 -16"><span class='ocrx_word' id='word_1_548' title='bbox 2238 3183 2322 3232; x_wconf 82' lang='grc'><strong>18.</strong></span> <span class='ocrx_word' id='word_1_549' title='bbox 2360 3181 2497 3232; x_wconf 84' lang='lat' dir='ltr'><strong>Item</strong></span> <span class='ocrx_word' id='word_1_550' title='bbox 2529 3179 2731 3247; x_wconf 78' lang='lat' dir='ltr'><strong>puella.</strong></span> <span class='ocrx_word' id='word_1_551' title='bbox 2766 3206 2834 3218; x_wconf 89' lang='lat'><strong>--</strong></span> <span class='ocrx_word' id='word_1_552' title='bbox 2883 3179 3080 3232; x_wconf 88' lang='lat' dir='ltr'><strong>Puella</strong></span> <span class='ocrx_word' id='word_1_553' title='bbox 3139 3176 3430 3248; x_wconf 89' lang='lat' dir='ltr'><strong>septennis</strong></span> <span class='ocrx_word' id='word_1_554' title='bbox 3480 3176 3540 3230; x_wconf 91' lang='lat' dir='ltr'><strong>in</strong></span> <span class='ocrx_word' id='word_1_555' title='bbox 3586 3176 3879 3246; x_wconf 82' lang='lat' dir='ltr'><strong>parochia</strong></span> 
     </span>
    </p>
   </div>
   <div class='ocr_carea' id='block_1_79' title="bbox 2165 3262 3878 3330">
    <p class='ocr_par' dir='ltr' id='par_1_79' title="bbox 2165 3262 3878 3330">
     <span class='ocr_line' id='line_1_79' title="bbox 2165 3262 3878 3330; baseline -0.003 -11"><span class='ocrx_word' id='word_1_556' title='bbox 2165 3266 2500 3327; x_wconf 87' lang='lat' dir='ltr'><strong>Liuberstat,</strong></span> <span class='ocrx_word' id='word_1_557' title='bbox 2537 3265 2674 3318; x_wconf 91' lang='lat' dir='ltr'><strong>dum</strong></span> <span class='ocrx_word' id='word_1_558' title='bbox 2703 3264 2775 3318; x_wconf 90' lang='lat' dir='ltr'><strong>ad</strong></span> <span class='ocrx_word' id='word_1_559' title='bbox 2805 3265 3021 3318; x_wconf 89' lang='lat' dir='ltr'><strong>fontem</strong></span> <span class='ocrx_word' id='word_1_560' title='bbox 3050 3265 3277 3318; x_wconf 88' lang='lat' dir='ltr'><strong>incaute</strong></span> <span class='ocrx_word' id='word_1_561' title='bbox 3315 3263 3593 3330; x_wconf 90' lang='lat' dir='ltr'><strong>hauriret,</strong></span> <span class='ocrx_word' id='word_1_562' title='bbox 3651 3262 3878 3317; x_wconf 90' lang='lat' dir='ltr'><strong>infelici</strong></span> 
     </span>
    </p>
   </div>
   <div class='ocr_carea' id='block_1_80' title="bbox 2164 3351 3878 3416">
    <p class='ocr_par' dir='ltr' id='par_1_80' title="bbox 2164 3351 3878 3416">
     <span class='ocr_line' id='line_1_80' title="bbox 2164 3351 3878 3416; baseline -0.003 -8"><span class='ocrx_word' id='word_1_563' title='bbox 2164 3371 2296 3408; x_wconf 88' lang='lat' dir='ltr'><strong>casu</strong></span> <span class='ocrx_word' id='word_1_564' title='bbox 2327 3354 2622 3407; x_wconf 85' lang='lat' dir='ltr'><strong>submersa</strong></span> <span class='ocrx_word' id='word_1_565' title='bbox 2655 3358 2758 3406; x_wconf 89' lang='lat' dir='ltr'><strong>est.</strong></span> <span class='ocrx_word' id='word_1_566' title='bbox 2811 3353 2994 3416; x_wconf 92' lang='lat' dir='ltr'><strong>Quam</strong></span> <span class='ocrx_word' id='word_1_567' title='bbox 3051 3368 3181 3406; x_wconf 91' lang='lat' dir='ltr'><strong>cum</strong></span> <span class='ocrx_word' id='word_1_568' title='bbox 3241 3353 3312 3406; x_wconf 91' lang='lat' dir='ltr'><strong>ad</strong></span> <span class='ocrx_word' id='word_1_569' title='bbox 3358 3369 3461 3405; x_wconf 91' lang='lat' dir='ltr'><strong>sua</strong></span> <span class='ocrx_word' id='word_1_570' title='bbox 3511 3368 3545 3404; x_wconf 90' lang='lat' dir='ltr'><strong>a</strong></span> <span class='ocrx_word' id='word_1_571' title='bbox 3599 3351 3878 3404; x_wconf 88' lang='lat' dir='ltr'><strong>crucibus</strong></span> 
     </span>
    </p>
   </div>
   <div class='ocr_carea' id='block_1_81' title="bbox 2164 3439 3879 3512">
    <p class='ocr_par' dir='ltr' id='par_1_81' title="bbox 2164 3439 3879 3512">
     <span class='ocr_line' id='line_1_81' title="bbox 2164 3439 3879 3512; baseline -0.002 -16"><span class='ocrx_word' id='word_1_572' title='bbox 2164 3443 2439 3512; x_wconf 43' lang='lat' dir='ltr'><strong>homines.</strong></span> <span class='ocrx_word' id='word_1_573' title='bbox 2466 3441 2707 3495; x_wconf 85' lang='lat' dir='ltr'><strong>fuissent</strong></span> <span class='ocrx_word' id='word_1_574' title='bbox 2736 3441 2968 3508; x_wconf 86' lang='lat' dir='ltr'><strong>reversi,</strong></span> <span class='ocrx_word' id='word_1_575' title='bbox 3001 3457 3135 3494; x_wconf 89' lang='lat' dir='ltr'><strong>nam</strong></span> <span class='ocrx_word' id='word_1_576' title='bbox 3175 3441 3296 3494; x_wconf 89' lang='lat' dir='ltr'><strong>dies</strong></span> <span class='ocrx_word' id='word_1_577' title='bbox 3356 3439 3750 3511; x_wconf 83' lang='lat' dir='ltr'><strong>Rogationum</strong></span> <span class='ocrx_word' id='word_1_578' title='bbox 3788 3440 3879 3492; x_wconf 86' lang='lat' dir='ltr'><strong>in—</strong></span> 
     </span>
    </p>
   </div>
   <div class='ocr_carea' id='block_1_82' title="bbox 2165 3528 3874 3598">
    <p class='ocr_par' dir='ltr' id='par_1_82' title="bbox 2165 3528 3874 3598">
     <span class='ocr_line' id='line_1_82' title="bbox 2165 3528 3874 3598; baseline -0.003 -13"><span class='ocrx_word' id='word_1_579' title='bbox 2165 3531 2410 3595; x_wconf 89' lang='lat' dir='ltr'><strong>stabant,</strong></span> <span class='ocrx_word' id='word_1_580' title='bbox 2459 3530 2528 3583; x_wconf 91' lang='lat' dir='ltr'><strong>de</strong></span> <span class='ocrx_word' id='word_1_581' title='bbox 2579 3529 2734 3582; x_wconf 90' lang='lat' dir='ltr'><strong>fonte</strong></span> <span class='ocrx_word' id='word_1_582' title='bbox 2792 3528 3122 3582; x_wconf 83' lang='lat' dir='ltr'><strong>exstinctam</strong></span> <span class='ocrx_word' id='word_1_583' title='bbox 3173 3529 3445 3593; x_wconf 87' lang='lat' dir='ltr'><strong>levantes,</strong></span> <span class='ocrx_word' id='word_1_584' title='bbox 3488 3533 3616 3598; x_wconf 90' lang='lat' dir='ltr'><strong>post</strong></span> <span class='ocrx_word' id='word_1_585' title='bbox 3664 3533 3874 3581; x_wconf 90' lang='lat' dir='ltr'><strong>votum</strong></span> 
     </span>
    </p>
   </div>
   <div class='ocr_carea' id='block_1_83' title="bbox 2166 3617 3874 3688">
    <p class='ocr_par' dir='ltr' id='par_1_83' title="bbox 2166 3617 3874 3688">
     <span class='ocr_line' id='line_1_83' title="bbox 2166 3617 3874 3688; baseline -0.002 -16"><span class='ocrx_word' id='word_1_586' title='bbox 2166 3620 2237 3672; x_wconf 89' lang='lat' dir='ltr'><strong>ad</strong></span> <span class='ocrx_word' id='word_1_587' title='bbox 2301 3618 2642 3673; x_wconf 88' lang='lat' dir='ltr'><strong>memoriam</strong></span> <span class='ocrx_word' id='word_1_588' title='bbox 2700 3618 2882 3671; x_wconf 83' lang='lat' dir='ltr'><strong>beatae</strong></span> <span class='ocrx_word' id='word_1_589' title='bbox 2968 3618 3339 3688; x_wconf 87' lang='lat' dir='ltr'><strong>Cunegundis</strong></span> <span class='ocrx_word' id='word_1_590' title='bbox 3404 3617 3642 3683; x_wconf 85' lang='lat' dir='ltr'><strong>factum,</strong></span> <span class='ocrx_word' id='word_1_591' title='bbox 3689 3632 3874 3686; x_wconf 88' lang='lat' dir='ltr'><strong>quam</strong></span> 
     </span>
    </p>
   </div>
   <div class='ocr_carea' id='block_1_84' title="bbox 2164 3704 3875 3771">
    <p class='ocr_par' dir='ltr' id='par_1_84' title="bbox 2164 3704 3875 3771">
     <span class='ocr_line' id='line_1_84' title="bbox 2164 3704 3875 3771; baseline -0.002 -10"><span class='ocrx_word' id='word_1_592' title='bbox 2164 3709 2384 3762; x_wconf 91' lang='lat' dir='ltr'><strong>dudum</strong></span> <span class='ocrx_word' id='word_1_593' title='bbox 2414 3706 2834 3760; x_wconf 88' lang='lat' dir='ltr'><strong>lamentabatur</strong></span> <span class='ocrx_word' id='word_1_594' title='bbox 2901 3711 3211 3771; x_wconf 90' lang='lat' dir='ltr'><strong>mortuam,</strong></span> <span class='ocrx_word' id='word_1_595' title='bbox 3270 3721 3385 3758; x_wconf 91' lang='lat' dir='ltr'><strong>non</strong></span> <span class='ocrx_word' id='word_1_596' title='bbox 3439 3704 3562 3758; x_wconf 89' lang='lat' dir='ltr'><strong>sine</strong></span> <span class='ocrx_word' id='word_1_597' title='bbox 3602 3704 3875 3758; x_wconf 90' lang='lat' dir='ltr'><strong>laudibus</strong></span> 
     </span>
    </p>
   </div>
   <div class='ocr_carea' id='block_1_85' title="bbox 2167 3793 3870 3850">
    <p class='ocr_par' dir='ltr' id='par_1_85' title="bbox 2167 3793 3870 3850">
     <span class='ocr_line' id='line_1_85' title="bbox 2167 3793 3870 3850; baseline -0.002 0"><span class='ocrx_word' id='word_1_598' title='bbox 2167 3796 2373 3850; x_wconf 91' lang='lat' dir='ltr'><strong>divinis</strong></span> <span class='ocrx_word' id='word_1_599' title='bbox 2403 3795 2684 3849; x_wconf 86' lang='lat' dir='ltr'><strong>viventem</strong></span> <span class='ocrx_word' id='word_1_600' title='bbox 2729 3794 3180 3848; x_wconf 88' lang='lat' dir='ltr'><strong>admirabantur.</strong></span> <span class='ocrx_word' id='word_1_601' title='bbox 3215 3795 3279 3847; x_wconf 89' lang='lat' dir='ltr'><strong>In</strong></span> <span class='ocrx_word' id='word_1_602' title='bbox 3325 3794 3432 3848; x_wconf 89' lang='lat' dir='ltr'><strong>hac</strong></span> <span class='ocrx_word' id='word_1_603' title='bbox 3463 3793 3639 3846; x_wconf 89' lang='lat' dir='ltr'><strong>trium</strong></span> <span class='ocrx_word' id='word_1_604' title='bbox 3696 3808 3870 3847; x_wconf 85' lang='lat' dir='ltr'><strong>resu-</strong></span> 
     </span>
    </p>
   </div>
   <div class='ocr_carea' id='block_1_86' title="bbox 2165 3880 3871 3950">
    <p class='ocr_par' dir='ltr' id='par_1_86' title="bbox 2165 3880 3871 3950">
     <span class='ocr_line' id='line_1_86' title="bbox 2165 3880 3871 3950; baseline -0.001 -13"><span class='ocrx_word' id='word_1_605' title='bbox 2165 3884 2460 3938; x_wconf 88' lang='lat' dir='ltr'><strong>scitatione</strong></span> <span class='ocrx_word' id='word_1_606' title='bbox 2487 3889 2869 3947; x_wconf 90' lang='lat' dir='ltr'><strong>mortuorum,</strong></span> <span class='ocrx_word' id='word_1_607' title='bbox 2903 3897 3032 3934; x_wconf 87' lang='lat' dir='ltr'><strong>cum</strong></span> <span class='ocrx_word' id='word_1_608' title='bbox 3082 3887 3139 3934; x_wconf 89' lang='lat' dir='ltr'><strong>et</strong></span> <span class='ocrx_word' id='word_1_609' title='bbox 3193 3881 3306 3934; x_wconf 89' lang='lat' dir='ltr'><strong>alia</strong></span> <span class='ocrx_word' id='word_1_610' title='bbox 3334 3880 3448 3933; x_wconf 91' lang='lat' dir='ltr'><strong>duo</strong></span> <span class='ocrx_word' id='word_1_611' title='bbox 3498 3897 3746 3950; x_wconf 89' lang='lat' dir='ltr'><strong>corpora</strong></span> <span class='ocrx_word' id='word_1_612' title='bbox 3808 3881 3871 3935; x_wconf 87' lang='lat' dir='ltr'><strong>ad</strong></span> 
     </span>
    </p>
   </div>
   <div class='ocr_carea' id='block_1_87' title="bbox 2165 3968 3874 4040">
    <p class='ocr_par' dir='ltr' id='par_1_87' title="bbox 2165 3968 3874 4040">
     <span class='ocr_line' id='line_1_87' title="bbox 2165 3968 3874 4040; baseline -0.002 -14"><span class='ocrx_word' id='word_1_613' title='bbox 2165 3972 2582 4027; x_wconf 78' lang='lat' dir='ltr'><strong>invocationem</strong></span> <span class='ocrx_word' id='word_1_614' title='bbox 2618 3977 2826 4024; x_wconf 71' lang='lat' dir='ltr'><strong>sanctas</strong></span> <span class='ocrx_word' id='word_1_615' title='bbox 2852 3969 3230 4040; x_wconf 88' lang='lat' dir='ltr'><strong>imperatricis</strong></span> <span class='ocrx_word' id='word_1_616' title='bbox 3269 3969 3522 4038; x_wconf 88' lang='lat' dir='ltr'><strong>ejusdem</strong></span> <span class='ocrx_word' id='word_1_617' title='bbox 3555 3968 3689 4022; x_wconf 71' lang='lat' dir='ltr'><strong>vitae</strong></span> <span class='ocrx_word' id='word_1_618' title='bbox 3743 3969 3874 4023; x_wconf 85' lang='lat' dir='ltr'><strong>red-</strong></span> 
     </span>
    </p>
   </div>
   <div class='ocr_carea' id='block_1_88' title="bbox 366 4051 3870 4142">
    <p class='ocr_par' dir='ltr' id='par_1_88' title="bbox 366 4051 3870 4142">
     <span class='ocr_line' id='line_1_88' title="bbox 366 4051 3870 4142; baseline 0.001 -34"><span class='ocrx_word' id='word_1_619' title='bbox 366 4060 626 4108; x_wconf 86' lang='lat' dir='ltr'><strong>mortuus</strong></span> <span class='ocrx_word' id='word_1_620' title='bbox 671 4058 991 4142; x_wconf 82' lang='lat' dir='ltr'><strong>putaretur,</strong></span> <span class='ocrx_word' id='word_1_621' title='bbox 1049 4053 1278 4142; x_wconf 76' lang='lat' dir='ltr'><strong>signum</strong></span> <span class='ocrx_word' id='word_1_622' title='bbox 1340 4051 1625 4142; x_wconf 64' lang='lat' dir='ltr'><strong>apparuit,</strong></span> <span class='ocrx_word' id='word_1_623' title='bbox 1703 4052 1846 4142; x_wconf 72' lang='lat' dir='ltr'><strong>Nam</strong></span> <span class='ocrx_word' id='word_1_624' title='bbox 1929 4057 2057 4121; x_wconf 83' lang='lat' dir='ltr'><strong>post</strong></span> <span class='ocrx_word' id='word_1_625' title='bbox 2089 4090 2132 4142; x_wconf 70' lang='grc' dir='ltr'><strong>Β</strong></span> <span class='ocrx_word' id='word_1_626' title='bbox 2172 4063 2311 4127; x_wconf 90' lang='lat' dir='ltr'><strong>dita,</strong></span> <span class='ocrx_word' id='word_1_627' title='bbox 2372 4060 2666 4113; x_wconf 88' lang='lat' dir='ltr'><strong>verissima</strong></span> <span class='ocrx_word' id='word_1_628' title='bbox 2737 4059 2970 4112; x_wconf 90' lang='lat' dir='ltr'><strong>testium</strong></span> <span class='ocrx_word' id='word_1_629' title='bbox 3020 4057 3437 4127; x_wconf 88' lang='lat' dir='ltr'><strong>approbatione</strong></span> <span class='ocrx_word' id='word_1_630' title='bbox 3484 4072 3549 4110; x_wconf 91' lang='lat' dir='ltr'><strong>ac</strong></span> <span class='ocrx_word' id='word_1_631' title='bbox 3605 4055 3870 4126; x_wconf 90' lang='lat' dir='ltr'><strong>ipsorum</strong></span> 
     </span>
    </p>
   </div>
   <div class='ocr_carea' id='block_1_89' title="bbox 364 4138 2057 4213">
    <p class='ocr_par' dir='ltr' id='par_1_89' title="bbox 364 4138 2057 4213">
     <span class='ocr_line' id='line_1_89' title="bbox 364 4138 2057 4213; baseline -0.003 -16"><span class='ocrx_word' id='word_1_632' title='bbox 364 4144 602 4213; x_wconf 73' lang='lat' dir='ltr'><strong>ejectum</strong></span> <span class='ocrx_word' id='word_1_633' title='bbox 630 4141 874 4200; x_wconf 90' lang='lat' dir='ltr'><strong>urinam,</strong></span> <span class='ocrx_word' id='word_1_634' title='bbox 916 4140 1066 4211; x_wconf 89' lang='lat' dir='ltr'><strong>quod</strong></span> <span class='ocrx_word' id='word_1_635' title='bbox 1097 4140 1326 4208; x_wconf 90' lang='lat' dir='ltr'><strong>signum</strong></span> <span class='ocrx_word' id='word_1_636' title='bbox 1357 4138 1560 4192; x_wconf 89' lang='lat' dir='ltr'><strong>mortis</strong></span> <span class='ocrx_word' id='word_1_637' title='bbox 1610 4138 1664 4191; x_wconf 93' lang='lat' dir='ltr'><strong>in</strong></span> <span class='ocrx_word' id='word_1_638' title='bbox 1696 4139 1904 4192; x_wconf 87' lang='lat' dir='ltr'><strong>talibus</strong></span> <span class='ocrx_word' id='word_1_639' title='bbox 1933 4145 2057 4193; x_wconf 87' lang='lat' dir='ltr'><strong>tor-</strong></span> 
     </span>
    </p>
   </div>
   <div class='ocr_carea' id='block_1_90' title="bbox 367 4226 2059 4296">
    <p class='ocr_par' dir='ltr' id='par_1_90' title="bbox 367 4226 2059 4296">
     <span class='ocr_line' id='line_1_90' title="bbox 367 4226 2059 4296; baseline -0.002 -10"><span class='ocrx_word' id='word_1_640' title='bbox 367 4231 578 4285; x_wconf 89' lang='lat' dir='ltr'><strong>mentis</strong></span> <span class='ocrx_word' id='word_1_641' title='bbox 627 4235 731 4296; x_wconf 91' lang='lat' dir='ltr'><strong>est,</strong></span> <span class='ocrx_word' id='word_1_642' title='bbox 789 4227 1007 4281; x_wconf 89' lang='lat' dir='ltr'><strong>cunctis</strong></span> <span class='ocrx_word' id='word_1_643' title='bbox 1065 4227 1382 4279; x_wconf 87' lang='lat' dir='ltr'><strong>astantibus</strong></span> <span class='ocrx_word' id='word_1_644' title='bbox 1438 4226 1732 4296; x_wconf 69' lang='lat' dir='ltr'><strong>inspirata:</strong></span> <span class='ocrx_word' id='word_1_645' title='bbox 1779 4228 1949 4281; x_wconf 89' lang='lat' dir='ltr'><strong>saluti</strong></span> <span class='ocrx_word' id='word_1_646' title='bbox 1995 4245 2059 4282; x_wconf 90' lang='lat' dir='ltr'><strong>ac</strong></span> 
     </span>
    </p>
   </div>
   <div class='ocr_carea' id='block_1_91' title="bbox 367 4314 2054 4385">
    <p class='ocr_par' dir='ltr' id='par_1_91' title="bbox 367 4314 2054 4385">
     <span class='ocr_line' id='line_1_91' title="bbox 367 4314 2054 4385; baseline 0 -13"><span class='ocrx_word' id='word_1_647' title='bbox 367 4320 496 4372; x_wconf 62' lang='lat' dir='ltr'><strong>vitae</strong></span> <span class='ocrx_word' id='word_1_648' title='bbox 555 4317 850 4372; x_wconf 88' lang='lat' dir='ltr'><strong>restitutus</strong></span> <span class='ocrx_word' id='word_1_649' title='bbox 906 4321 1007 4369; x_wconf 85' lang='lat' dir='ltr'><strong>est.</strong></span> <span class='ocrx_word' id='word_1_650' title='bbox 1065 4314 1184 4368; x_wconf 87' lang='lat' dir='ltr'><strong>Tali</strong></span> <span class='ocrx_word' id='word_1_651' title='bbox 1253 4315 1420 4368; x_wconf 91' lang='lat' dir='ltr'><strong>modo</strong></span> <span class='ocrx_word' id='word_1_652' title='bbox 1474 4316 1626 4385; x_wconf 90' lang='lat' dir='ltr'><strong>apud</strong></span> <span class='ocrx_word' id='word_1_653' title='bbox 1680 4316 2054 4383; x_wconf 86' lang='lat' dir='ltr'><strong>Rottenburc,</strong></span> 
     </span>
    </p>
   </div>
   <div class='ocr_carea' id='block_1_92' title="bbox 365 4402 2054 4476">
    <p class='ocr_par' dir='ltr' id='par_1_92' title="bbox 365 4402 2054 4476">
     <span class='ocr_line' id='line_1_92' title="bbox 365 4402 2054 4476; baseline -0.001 -16"><span class='ocrx_word' id='word_1_654' title='bbox 365 4407 662 4476; x_wconf 87' lang='lat' dir='ltr'><strong>imperiale</strong></span> <span class='ocrx_word' id='word_1_655' title='bbox 709 4409 981 4472; x_wconf 89' lang='lat' dir='ltr'><strong>castrum,</strong></span> <span class='ocrx_word' id='word_1_656' title='bbox 1047 4404 1161 4456; x_wconf 93' lang='lat' dir='ltr'><strong>duo</strong></span> <span class='ocrx_word' id='word_1_657' title='bbox 1192 4402 1439 4458; x_wconf 90' lang='lat' dir='ltr'><strong>absoluti</strong></span> <span class='ocrx_word' id='word_1_658' title='bbox 1470 4404 1782 4458; x_wconf 90' lang='lat' dir='ltr'><strong>multorum</strong></span> <span class='ocrx_word' id='word_1_659' title='bbox 1826 4410 2054 4460; x_wconf 87' lang='lat' dir='ltr'><strong>attesta-</strong></span> 
     </span>
    </p>
   </div>
   <div class='ocr_carea' id='block_1_93' title="bbox 366 4494 1374 4564">
    <p class='ocr_par' dir='ltr' id='par_1_93' title="bbox 366 4494 1374 4564">
     <span class='ocr_line' id='line_1_93' title="bbox 366 4494 1374 4564; baseline -0.005 -15"><span class='ocrx_word' id='word_1_660' title='bbox 366 4497 520 4549; x_wconf 86' lang='lat' dir='ltr'><strong>tione</strong></span> <span class='ocrx_word' id='word_1_661' title='bbox 535 4510 714 4564; x_wconf 88' lang='lat' dir='ltr'><strong>usque</strong></span> <span class='ocrx_word' id='word_1_662' title='bbox 741 4494 808 4546; x_wconf 91' lang='lat' dir='ltr'><strong>ad</strong></span> <span class='ocrx_word' id='word_1_663' title='bbox 841 4509 941 4546; x_wconf 89' lang='lat' dir='ltr'><strong>nos</strong></span> <span class='ocrx_word' id='word_1_664' title='bbox 973 4497 1374 4562; x_wconf 88' lang='lat' dir='ltr'><strong>pervenerunt.</strong></span> 
     </span>
    </p>
   </div>
   <div class='ocr_carea' id='block_1_94' title="bbox 443 4582 2057 4649">
    <p class='ocr_par' dir='ltr' id='par_1_94' title="bbox 443 4582 2057 4649">
     <span class='ocr_line' id='line_1_94' title="bbox 443 4582 2057 4649; baseline 0 -13"><span class='ocrx_word' id='word_1_665' title='bbox 443 4586 525 4636; x_wconf 82' lang='grc'><strong>16.</strong></span> <span class='ocrx_word' id='word_1_666' title='bbox 562 4585 701 4636; x_wconf 83' lang='lat' dir='ltr'><strong>Puer</strong></span> <span class='ocrx_word' id='word_1_667' title='bbox 734 4587 975 4635; x_wconf 81' lang='lat' dir='ltr'><strong>mortuus</strong></span> <span class='ocrx_word' id='word_1_668' title='bbox 1000 4583 1370 4636; x_wconf 70' lang='lat' dir='ltr'><strong>resuscitatus.</strong></span> <span class='ocrx_word' id='word_1_669' title='bbox 1431 4611 1499 4622; x_wconf 94' lang='lat'>—</span> <span class='ocrx_word' id='word_1_670' title='bbox 1556 4582 1712 4649; x_wconf 87' lang='lat' dir='ltr'><strong>Mira,</strong></span> <span class='ocrx_word' id='word_1_671' title='bbox 1749 4587 1806 4634; x_wconf 86' lang='lat' dir='ltr'><strong>at</strong></span> <span class='ocrx_word' id='word_1_672' title='bbox 1835 4583 1911 4635; x_wconf 91' lang='lat' dir='ltr'><strong>nil</strong></span> <span class='ocrx_word' id='word_1_673' title='bbox 1944 4584 2057 4636; x_wconf 90' lang='lat' dir='ltr'><strong>Deo</strong></span> 
     </span>
    </p>
   </div>
   <div class='ocr_carea' id='block_1_95' title="bbox 366 4669 2063 4740">
    <p class='ocr_par' dir='ltr' id='par_1_95' title="bbox 366 4669 2063 4740">
     <span class='ocr_line' id='line_1_95' title="bbox 366 4669 2063 4740; baseline -0.001 -15"><span class='ocrx_word' id='word_1_674' title='bbox 366 4670 684 4740; x_wconf 90' lang='lat' dir='ltr'><strong>impossibil</strong></span> <span class='ocrx_word' id='word_1_675' title='bbox 715 4685 765 4734; x_wconf 91' lang='lat' dir='ltr'><strong>e,</strong></span> <span class='ocrx_word' id='word_1_676' title='bbox 797 4675 854 4722; x_wconf 92' lang='lat' dir='ltr'><strong>et</strong></span> <span class='ocrx_word' id='word_1_677' title='bbox 880 4669 1066 4723; x_wconf 86' lang='lat' dir='ltr'><strong>forsan</strong></span> <span class='ocrx_word' id='word_1_678' title='bbox 1089 4675 1299 4722; x_wconf 78' lang='lat' dir='ltr'><strong>nostrae</strong></span> <span class='ocrx_word' id='word_1_679' title='bbox 1319 4670 1473 4724; x_wconf 72' lang='lat' dir='ltr'><strong>aetati</strong></span> <span class='ocrx_word' id='word_1_680' title='bbox 1504 4669 1860 4723; x_wconf 90' lang='lat' dir='ltr'><strong>incredibilia</strong></span> <span class='ocrx_word' id='word_1_681' title='bbox 1886 4669 2063 4723; x_wconf 87' lang='lat' dir='ltr'><strong>dictu-</strong></span> 
     </span>
    </p>
   </div>
   <div class='ocr_carea' id='block_1_96' title="bbox 370 4758 2062 4828">
    <p class='ocr_par' dir='ltr' id='par_1_96' title="bbox 370 4758 2062 4828">
     <span class='ocr_line' id='line_1_96' title="bbox 370 4758 2062 4828; baseline 0 -18"><span class='ocrx_word' id='word_1_682' title='bbox 370 4775 466 4812; x_wconf 89' lang='lat' dir='ltr'><strong>rus</strong></span> <span class='ocrx_word' id='word_1_683' title='bbox 495 4775 642 4825; x_wconf 91' lang='lat' dir='ltr'><strong>sum,</strong></span> <span class='ocrx_word' id='word_1_684' title='bbox 677 4759 774 4813; x_wconf 89' lang='lat' dir='ltr'><strong>sed</strong></span> <span class='ocrx_word' id='word_1_685' title='bbox 803 4763 920 4810; x_wconf 86' lang='lat' dir='ltr'><strong>tota</strong></span> <span class='ocrx_word' id='word_1_686' title='bbox 962 4758 1580 4828; x_wconf 85' lang='lat' dir='ltr'><strong>Bambenbergensium</strong></span> <span class='ocrx_word' id='word_1_687' title='bbox 1643 4758 1836 4810; x_wconf 89' lang='lat' dir='ltr'><strong>civitas</strong></span> <span class='ocrx_word' id='word_1_688' title='bbox 1892 4758 2062 4826; x_wconf 88' lang='lat' dir='ltr'><strong>hujus</strong></span> 
     </span>
    </p>
   </div>
   <div class='ocr_carea' id='block_1_97' title="bbox 371 4845 2059 4918">
    <p class='ocr_par' dir='ltr' id='par_1_97' title="bbox 371 4845 2059 4918">
     <span class='ocr_line' id='line_1_97' title="bbox 371 4845 2059 4918; baseline -0.001 -17"><span class='ocrx_word' id='word_1_689' title='bbox 371 4847 498 4901; x_wconf 89' lang='lat' dir='ltr'><strong>facti</strong></span> <span class='ocrx_word' id='word_1_690' title='bbox 533 4863 732 4918; x_wconf 84' lang='lat' dir='ltr'><strong>expers</strong></span> <span class='ocrx_word' id='word_1_691' title='bbox 762 4864 879 4900; x_wconf 88' lang='lat' dir='ltr'><strong>non</strong></span> <span class='ocrx_word' id='word_1_692' title='bbox 909 4847 1033 4900; x_wconf 91' lang='lat' dir='ltr'><strong>fuit.</strong></span> <span class='ocrx_word' id='word_1_693' title='bbox 1075 4847 1272 4900; x_wconf 84' lang='lat' dir='ltr'><strong>Mulier</strong></span> <span class='ocrx_word' id='word_1_694' title='bbox 1302 4847 1371 4900; x_wconf 91' lang='lat' dir='ltr'><strong>de</strong></span> <span class='ocrx_word' id='word_1_695' title='bbox 1400 4845 1660 4916; x_wconf 86' lang='lat' dir='ltr'><strong>proxima</strong></span> <span class='ocrx_word' id='word_1_696' title='bbox 1717 4845 1850 4899; x_wconf 89' lang='lat' dir='ltr'><strong>villa</strong></span> <span class='ocrx_word' id='word_1_697' title='bbox 1911 4847 2059 4900; x_wconf 89' lang='lat' dir='ltr'><strong>Elrin</strong></span> 
     </span>
    </p>
   </div>
   <div class='ocr_carea' id='block_1_98' title="bbox 369 4933 2063 5006">
    <p class='ocr_par' dir='ltr' id='par_1_98' title="bbox 369 4933 2063 5006">
     <span class='ocr_line' id='line_1_98' title="bbox 369 4933 2063 5006; baseline 0 -18"><span class='ocrx_word' id='word_1_698' title='bbox 369 4935 688 5006; x_wconf 84' lang='lat' dir='ltr'><strong>vagientem</strong></span> <span class='ocrx_word' id='word_1_699' title='bbox 745 4951 937 5001; x_wconf 90' lang='lat' dir='ltr'><strong>suum,</strong></span> <span class='ocrx_word' id='word_1_700' title='bbox 987 4935 1136 4988; x_wconf 86' lang='lat' dir='ltr'><strong>infra</strong></span> <span class='ocrx_word' id='word_1_701' title='bbox 1187 4935 1566 5004; x_wconf 71' lang='lat' dir='ltr'><strong>quadraginta</strong></span> <span class='ocrx_word' id='word_1_702' title='bbox 1600 4933 1720 4987; x_wconf 89' lang='lat' dir='ltr'><strong>dies</strong></span> <span class='ocrx_word' id='word_1_703' title='bbox 1785 4933 1906 4987; x_wconf 90' lang='lat' dir='ltr'><strong>sine</strong></span> <span class='ocrx_word' id='word_1_704' title='bbox 1962 4934 2063 4988; x_wconf 87' lang='lat' dir='ltr'><strong>ba-</strong></span> 
     </span>
    </p>
   </div>
   <div class='ocr_carea' id='block_1_99' title="bbox 440 5090 1953 5161">
    <p class='ocr_par' dir='ltr' id='par_1_99' title="bbox 440 5090 1953 5161">
     <span class='ocr_line' id='line_1_99' title="bbox 440 5090 1953 5161; baseline -0.001 -16"><span class='ocrx_word' id='word_1_705' title='bbox 440 5093 548 5160; x_wconf 81' lang='lat'><strong>(77)</strong></span> <span class='ocrx_word' id='word_1_706' title='bbox 589 5094 776 5148; x_wconf 87' lang='lat' dir='ltr'><strong>Editio</strong></span> <span class='ocrx_word' id='word_1_707' title='bbox 812 5091 1175 5146; x_wconf 80' lang='lat' dir='ltr'><strong>Lovaniensis</strong></span> <span class='ocrx_word' id='word_1_708' title='bbox 1207 5092 1456 5158; x_wconf 81' lang='lat' dir='ltr'><strong>Beyrent.</strong></span> <span class='ocrx_word' id='word_1_709' title='bbox 1498 5090 1640 5161; x_wconf 83' lang='lat' dir='ltr'><strong>Aliis</strong></span> <span class='ocrx_word' id='word_1_710' title='bbox 1671 5094 1953 5161; x_wconf 76' lang='lat' dir='ltr'><strong>Beyrrent.</strong></span> 
     </span>
    </p>
   </div>
   <div class='ocr_carea' id='block_1_100' title="bbox 443 5160 2063 5233">
    <p class='ocr_par' dir='ltr' id='par_1_100' title="bbox 443 5160 2063 5233">
     <span class='ocr_line' id='line_1_100' title="bbox 443 5160 2063 5233; baseline -0.001 -17"><span class='ocrx_word' id='word_1_711' title='bbox 443 5165 554 5233; x_wconf 80' lang='lat'><strong>(78)</strong></span> <span class='ocrx_word' id='word_1_712' title='bbox 583 5164 891 5218; x_wconf 88' lang='lat' dir='ltr'><strong>Conditum</strong></span> <span class='ocrx_word' id='word_1_713' title='bbox 927 5163 1032 5215; x_wconf 84' lang='lat' dir='ltr'><strong>fuit</strong></span> <span class='ocrx_word' id='word_1_714' title='bbox 1063 5161 1132 5214; x_wconf 88' lang='lat' dir='ltr'><strong>ad</strong></span> <span class='ocrx_word' id='word_1_715' title='bbox 1185 5162 1355 5233; x_wconf 82' lang='lat' dir='ltr'><strong>pedes</strong></span> <span class='ocrx_word' id='word_1_716' title='bbox 1405 5160 1606 5233; x_wconf 77' lang='lat' dir='ltr'><strong>Montis</strong></span> <span class='ocrx_word' id='word_1_717' title='bbox 1659 5160 2063 5214; x_wconf 83' lang='lat' dir='ltr'><strong>Monachorum</strong></span> 
     </span>
    </p>
   </div>
   <div class='ocr_carea' id='block_1_101' title="bbox 369 5231 2068 5300">
    <p class='ocr_par' dir='ltr' id='par_1_101' title="bbox 369 5231 2068 5300">
     <span class='ocr_line' id='line_1_101' title="bbox 369 5231 2068 5300; baseline -0.001 -13"><span class='ocrx_word' id='word_1_718' title='bbox 369 5251 401 5287; x_wconf 89' lang='lat' dir='ltr'><strong>a</strong></span> <span class='ocrx_word' id='word_1_719' title='bbox 432 5231 598 5288; x_wconf 86' lang='lat' dir='ltr'><strong>beato</strong></span> <span class='ocrx_word' id='word_1_720' title='bbox 631 5234 838 5288; x_wconf 85' lang='lat' dir='ltr'><strong>Ottone</strong></span> <span class='ocrx_word' id='word_1_721' title='bbox 873 5231 1276 5300; x_wconf 89' lang='lat' dir='ltr'><strong>Bambergeusi</strong></span> <span class='ocrx_word' id='word_1_722' title='bbox 1342 5231 1628 5299; x_wconf 87' lang='lat' dir='ltr'><strong>episcopo,</strong></span> <span class='ocrx_word' id='word_1_723' title='bbox 1689 5237 1748 5283; x_wconf 90' lang='lat' dir='ltr'><strong>ut</strong></span> <span class='ocrx_word' id='word_1_724' title='bbox 1802 5238 2068 5285; x_wconf 86' lang='lat' dir='ltr'><strong>narratur</strong></span> 
     </span>
    </p>
   </div>
   <div class='ocr_carea' id='block_1_102' title="bbox 369 5301 2063 5373">
    <p class='ocr_par' dir='ltr' id='par_1_102' title="bbox 369 5301 2063 5373">
     <span class='ocr_line' id='line_1_102' title="bbox 369 5301 2063 5373; baseline -0.002 -16"><span class='ocrx_word' id='word_1_725' title='bbox 369 5305 428 5357; x_wconf 91' lang='lat' dir='ltr'><strong>in</strong></span> <span class='ocrx_word' id='word_1_726' title='bbox 457 5303 638 5373; x_wconf 89' lang='lat' dir='ltr'><strong>ipsius</strong></span> <span class='ocrx_word' id='word_1_727' title='bbox 668 5304 805 5357; x_wconf 71' lang='lat' dir='ltr'><strong>Vita:</strong></span> <span class='ocrx_word' id='word_1_728' title='bbox 847 5303 941 5356; x_wconf 90' lang='lat' dir='ltr'><strong>lib.</strong></span> <span class='ocrx_word' id='word_1_729' title='bbox 982 5318 1025 5369; x_wconf 85' lang='lat'><strong>1,</strong></span> <span class='ocrx_word' id='word_1_730' title='bbox 1059 5318 1180 5373; x_wconf 79' lang='lat' dir='ltr'><strong>cap.</strong></span> <span class='ocrx_word' id='word_1_731' title='bbox 1210 5304 1299 5363; x_wconf 75' lang='lat'><strong>27,</strong></span> <span class='ocrx_word' id='word_1_732' title='bbox 1331 5301 1420 5354; x_wconf 91' lang='lat' dir='ltr'><strong>cui</strong></span> <span class='ocrx_word' id='word_1_733' title='bbox 1473 5301 1820 5354; x_wconf 82' lang='lat' dir='ltr'><strong>monasterio</strong></span> <span class='ocrx_word' id='word_1_734' title='bbox 1870 5302 2063 5356; x_wconf 80' lang='lat' dir='ltr'><strong>subdi-</strong></span> 
     </span>
    </p>
   </div>
   <div class='ocr_carea' id='block_1_103' title="bbox 371 5372 1199 5443">
    <p class='ocr_par' dir='ltr' id='par_1_103' title="bbox 371 5372 1199 5443">
     <span class='ocr_line' id='line_1_103' title="bbox 371 5372 1199 5443; baseline -0.005 -15"><span class='ocrx_word' id='word_1_735' title='bbox 371 5372 495 5428; x_wconf 84' lang='lat' dir='ltr'><strong>tum</strong></span> <span class='ocrx_word' id='word_1_736' title='bbox 526 5374 634 5428; x_wconf 90' lang='lat' dir='ltr'><strong>fuit</strong></span> <span class='ocrx_word' id='word_1_737' title='bbox 672 5390 736 5426; x_wconf 85' lang='lat' dir='ltr'><strong>ex</strong></span> <span class='ocrx_word' id='word_1_738' title='bbox 770 5390 893 5443; x_wconf 89' lang='lat' dir='ltr'><strong>cap.</strong></span> <span class='ocrx_word' id='word_1_739' title='bbox 916 5372 1199 5443; x_wconf 86' lang='lat' dir='ltr'><strong>sequenti.</strong></span> 
     </span>
    </p>
   </div>
   <div class='ocr_carea' id='block_1_104' title="bbox 2170 4145 3872 4219">
    <p class='ocr_par' dir='ltr' id='par_1_104' title="bbox 2170 4145 3872 4219">
     <span class='ocr_line' id='line_1_104' title="bbox 2170 4145 3872 4219; baseline -0.003 -17"><span class='ocrx_word' id='word_1_740' title='bbox 2170 4165 2484 4219; x_wconf 90' lang='lat' dir='ltr'><strong>puerorum</strong></span> <span class='ocrx_word' id='word_1_741' title='bbox 2537 4147 2978 4216; x_wconf 73' lang='lat' dir='ltr'><strong>praesentatione</strong></span> <span class='ocrx_word' id='word_1_742' title='bbox 3041 4145 3496 4214; x_wconf 87' lang='lat' dir='ltr'><strong>cognoverimus,</strong></span> <span class='ocrx_word' id='word_1_743' title='bbox 3570 4145 3702 4215; x_wconf 90' lang='lat' dir='ltr'><strong>quis</strong></span> <span class='ocrx_word' id='word_1_744' title='bbox 3762 4145 3872 4198; x_wconf 89' lang='lat' dir='ltr'><strong>nisi</strong></span> 
     </span>
    </p>
   </div>
   <div class='ocr_carea' id='block_1_105' title="bbox 2170 4233 3871 4304">
    <p class='ocr_par' dir='ltr' id='par_1_105' title="bbox 2170 4233 3871 4304">
     <span class='ocr_line' id='line_1_105' title="bbox 2170 4233 3871 4304; baseline -0.002 -14"><span class='ocrx_word' id='word_1_745' title='bbox 2170 4243 2366 4291; x_wconf 90' lang='lat' dir='ltr'><strong>saneta</strong></span> <span class='ocrx_word' id='word_1_746' title='bbox 2428 4236 2671 4290; x_wconf 87' lang='lat' dir='ltr'><strong>Trinitas</strong></span> <span class='ocrx_word' id='word_1_747' title='bbox 2747 4240 2982 4304; x_wconf 85' lang='lat' dir='ltr'><strong>operata</strong></span> <span class='ocrx_word' id='word_1_748' title='bbox 3045 4233 3292 4297; x_wconf 87' lang='lat' dir='ltr'><strong>videtur,</strong></span> <span class='ocrx_word' id='word_1_749' title='bbox 3368 4249 3498 4303; x_wconf 78' lang='lat' dir='ltr'><strong>quae</strong></span> <span class='ocrx_word' id='word_1_750' title='bbox 3551 4234 3871 4288; x_wconf 89' lang='lat' dir='ltr'><strong>secundum</strong></span> 
     </span>
    </p>
   </div>
   <div class='ocr_carea' id='block_1_106' title="bbox 2170 4321 3872 4394">
    <p class='ocr_par' dir='ltr' id='par_1_106' title="bbox 2170 4321 3872 4394">
     <span class='ocr_line' id='line_1_106' title="bbox 2170 4321 3872 4394; baseline -0.002 -16"><span class='ocrx_word' id='word_1_751' title='bbox 2170 4325 2334 4394; x_wconf 91' lang='lat' dir='ltr'><strong>signa</strong></span> <span class='ocrx_word' id='word_1_752' title='bbox 2389 4340 2520 4394; x_wconf 64' lang='lat' dir='ltr'><strong>quas</strong></span> <span class='ocrx_word' id='word_1_753' title='bbox 2565 4323 2691 4394; x_wconf 90' lang='lat' dir='ltr'><strong>ipsa</strong></span> <span class='ocrx_word' id='word_1_754' title='bbox 2728 4324 2878 4391; x_wconf 87' lang='lat' dir='ltr'><strong>facit,</strong></span> <span class='ocrx_word' id='word_1_755' title='bbox 2938 4325 3060 4377; x_wconf 66' lang='lat' dir='ltr'><strong>haec</strong></span> <span class='ocrx_word' id='word_1_756' title='bbox 3117 4327 3174 4376; x_wconf 90' lang='lat' dir='ltr'><strong>et</strong></span> <span class='ocrx_word' id='word_1_757' title='bbox 3239 4321 3329 4376; x_wconf 90' lang='lat' dir='ltr'><strong>his</strong></span> <span class='ocrx_word' id='word_1_758' title='bbox 3387 4322 3610 4392; x_wconf 87' lang='lat' dir='ltr'><strong>majora</strong></span> <span class='ocrx_word' id='word_1_759' title='bbox 3684 4322 3872 4377; x_wconf 85' lang='lat' dir='ltr'><strong>facere</strong></span> 
     </span>
    </p>
   </div>
   <div class='ocr_carea' id='block_1_107' title="bbox 2171 4412 3011 4482">
    <p class='ocr_par' dir='ltr' id='par_1_107' title="bbox 2171 4412 3011 4482">
     <span class='ocr_line' id='line_1_107' title="bbox 2171 4412 3011 4482; baseline -0.001 -16"><span class='ocrx_word' id='word_1_760' title='bbox 2171 4413 2539 4482; x_wconf 89' lang='lat' dir='ltr'><strong>postmodum</strong></span> <span class='ocrx_word' id='word_1_761' title='bbox 2566 4412 2685 4466; x_wconf 90' lang='lat' dir='ltr'><strong>suis</strong></span> <span class='ocrx_word' id='word_1_762' title='bbox 2713 4412 3011 4482; x_wconf 83' lang='lat' dir='ltr'><strong>promisit?</strong></span> 
     </span>
    </p>
   </div>
   <div class='ocr_carea' id='block_1_108' title="bbox 2247 4499 3875 4570">
    <p class='ocr_par' dir='ltr' id='par_1_108' title="bbox 2247 4499 3875 4570">
     <span class='ocr_line' id='line_1_108' title="bbox 2247 4499 3875 4570; baseline -0.001 -16"><span class='ocrx_word' id='word_1_763' title='bbox 2247 4503 2330 4554; x_wconf 79' lang='lat' dir='ltr'><strong>t9.</strong></span> <span class='ocrx_word' id='word_1_764' title='bbox 2387 4501 2567 4554; x_wconf 79' lang='lat' dir='ltr'><strong>Mutus</strong></span> <span class='ocrx_word' id='word_1_765' title='bbox 2596 4515 2774 4554; x_wconf 81' lang='lat' dir='ltr'><strong>vocem</strong></span> <span class='ocrx_word' id='word_1_766' title='bbox 2826 4502 3036 4568; x_wconf 80' lang='lat' dir='ltr'><strong>recipit.</strong></span> <span class='ocrx_word' id='word_1_767' title='bbox 3065 4529 3135 4539; x_wconf 92' lang='lat'><strong><em>—</em></strong></span> <span class='ocrx_word' id='word_1_768' title='bbox 3184 4499 3331 4554; x_wconf 85' lang='lat' dir='ltr'><strong>Illud</strong></span> <span class='ocrx_word' id='word_1_769' title='bbox 3363 4515 3596 4570; x_wconf 88' lang='lat' dir='ltr'><strong>quoque</strong></span> <span class='ocrx_word' id='word_1_770' title='bbox 3625 4499 3875 4553; x_wconf 84' lang='lat' dir='ltr'><strong>clarissi-</strong></span> 
     </span>
    </p>
   </div>
   <div class='ocr_carea' id='block_1_109' title="bbox 2175 4588 3874 4659">
    <p class='ocr_par' dir='ltr' id='par_1_109' title="bbox 2175 4588 3874 4659">
     <span class='ocr_line' id='line_1_109' title="bbox 2175 4588 3874 4659; baseline -0.001 -16"><span class='ocrx_word' id='word_1_771' title='bbox 2175 4605 2353 4656; x_wconf 90' lang='lat' dir='ltr'><strong>mum,</strong></span> <span class='ocrx_word' id='word_1_772' title='bbox 2409 4589 2736 4642; x_wconf 89' lang='lat' dir='ltr'><strong>clarissimis</strong></span> <span class='ocrx_word' id='word_1_773' title='bbox 2788 4589 2950 4658; x_wconf 84' lang='lat' dir='ltr'><strong>regni</strong></span> <span class='ocrx_word' id='word_1_774' title='bbox 3008 4588 3356 4659; x_wconf 89' lang='lat' dir='ltr'><strong>primoribus</strong></span> <span class='ocrx_word' id='word_1_775' title='bbox 3400 4604 3591 4642; x_wconf 88' lang='lat' dir='ltr'><strong>coram</strong></span> <span class='ocrx_word' id='word_1_776' title='bbox 3631 4589 3874 4642; x_wconf 86' lang='lat' dir='ltr'><strong>astanti-</strong></span> 
     </span>
    </p>
   </div>
   <div class='ocr_carea' id='block_1_110' title="bbox 2171 4676 3872 4747">
    <p class='ocr_par' dir='ltr' id='par_1_110' title="bbox 2171 4676 3872 4747">
     <span class='ocr_line' id='line_1_110' title="bbox 2171 4676 3872 4747; baseline -0.001 -15"><span class='ocrx_word' id='word_1_777' title='bbox 2171 4677 2299 4745; x_wconf 89' lang='lat' dir='ltr'><strong>bus,</strong></span> <span class='ocrx_word' id='word_1_778' title='bbox 2331 4677 2550 4732; x_wconf 90' lang='lat' dir='ltr'><strong>celebre</strong></span> <span class='ocrx_word' id='word_1_779' title='bbox 2580 4693 2754 4747; x_wconf 90' lang='lat' dir='ltr'><strong>super</strong></span> <span class='ocrx_word' id='word_1_780' title='bbox 2772 4681 2931 4730; x_wconf 92' lang='lat' dir='ltr'><strong>muto</strong></span> <span class='ocrx_word' id='word_1_781' title='bbox 2976 4677 3187 4730; x_wconf 86' lang='lat' dir='ltr'><strong>factum</strong></span> <span class='ocrx_word' id='word_1_782' title='bbox 3219 4677 3325 4731; x_wconf 90' lang='lat' dir='ltr'><strong>sub</strong></span> <span class='ocrx_word' id='word_1_783' title='bbox 3365 4676 3544 4730; x_wconf 89' lang='lat' dir='ltr'><strong>oculis</strong></span> <span class='ocrx_word' id='word_1_784' title='bbox 3581 4677 3872 4740; x_wconf 89' lang='lat' dir='ltr'><strong>omnium,</strong></span> 
     </span>
    </p>
   </div>
   <div class='ocr_carea' id='block_1_111' title="bbox 2175 4764 3871 4835">
    <p class='ocr_par' dir='ltr' id='par_1_111' title="bbox 2175 4764 3871 4835">
     <span class='ocr_line' id='line_1_111' title="bbox 2175 4764 3871 4835; baseline -0.002 -15"><span class='ocrx_word' id='word_1_785' title='bbox 2175 4766 2468 4820; x_wconf 54' lang='lat' dir='ltr'><strong>memoria</strong></span> <span class='ocrx_word' id='word_1_786' title='bbox 2493 4766 2794 4819; x_wconf 89' lang='lat' dir='ltr'><strong>hominum</strong></span> <span class='ocrx_word' id='word_1_787' title='bbox 2816 4765 3041 4819; x_wconf 91' lang='lat' dir='ltr'><strong>tradere</strong></span> <span class='ocrx_word' id='word_1_788' title='bbox 3074 4781 3191 4818; x_wconf 89' lang='lat' dir='ltr'><strong>non</strong></span> <span class='ocrx_word' id='word_1_789' title='bbox 3223 4764 3530 4835; x_wconf 90' lang='lat' dir='ltr'><strong>indignum</strong></span> <span class='ocrx_word' id='word_1_790' title='bbox 3577 4764 3871 4820; x_wconf 83' lang='lat' dir='ltr'><strong>duximus.</strong></span> 
     </span>
    </p>
   </div>
   <div class='ocr_carea' id='block_1_112' title="bbox 2174 4851 3874 4923">
    <p class='ocr_par' dir='ltr' id='par_1_112' title="bbox 2174 4851 3874 4923">
     <span class='ocr_line' id='line_1_112' title="bbox 2174 4851 3874 4923; baseline -0.002 -16"><span class='ocrx_word' id='word_1_791' title='bbox 2174 4854 2313 4907; x_wconf 86' lang='lat' dir='ltr'><strong>Nam</strong></span> <span class='ocrx_word' id='word_1_792' title='bbox 2345 4869 2467 4907; x_wconf 89' lang='lat' dir='ltr'><strong>rem</strong></span> <span class='ocrx_word' id='word_1_793' title='bbox 2500 4858 2716 4923; x_wconf 88' lang='lat' dir='ltr'><strong>gestam</strong></span> <span class='ocrx_word' id='word_1_794' title='bbox 2774 4852 2852 4906; x_wconf 88' lang='lat' dir='ltr'><strong>ita</strong></span> <span class='ocrx_word' id='word_1_795' title='bbox 2909 4869 3013 4922; x_wconf 91' lang='lat' dir='ltr'><strong>per</strong></span> <span class='ocrx_word' id='word_1_796' title='bbox 3064 4853 3337 4907; x_wconf 86' lang='lat' dir='ltr'><strong>famulam</strong></span> <span class='ocrx_word' id='word_1_797' title='bbox 3393 4867 3554 4905; x_wconf 89' lang='lat' dir='ltr'><strong>suam</strong></span> <span class='ocrx_word' id='word_1_798' title='bbox 3612 4851 3874 4905; x_wconf 88' lang='lat' dir='ltr'><strong>Christus</strong></span> 
     </span>
    </p>
   </div>
   <div class='ocr_carea' id='block_1_113' title="bbox 2172 4939 3871 5012">
    <p class='ocr_par' dir='ltr' id='par_1_113' title="bbox 2172 4939 3871 5012">
     <span class='ocr_line' id='line_1_113' title="bbox 2172 4939 3871 5012; baseline -0.002 -17"><span class='ocrx_word' id='word_1_799' title='bbox 2172 4943 2324 4996; x_wconf 89' lang='lat' dir='ltr'><strong>clare</strong></span> <span class='ocrx_word' id='word_1_800' title='bbox 2350 4940 2577 5012; x_wconf 89' lang='lat' dir='ltr'><strong>operari</strong></span> <span class='ocrx_word' id='word_1_801' title='bbox 2599 4940 2798 5007; x_wconf 80' lang='lat' dir='ltr'><strong>voluit,</strong></span> <span class='ocrx_word' id='word_1_802' title='bbox 2829 4941 2980 5011; x_wconf 91' lang='lat' dir='ltr'><strong>quod</strong></span> <span class='ocrx_word' id='word_1_803' title='bbox 3011 4956 3158 5011; x_wconf 89' lang='lat' dir='ltr'><strong>pene</strong></span> <span class='ocrx_word' id='word_1_804' title='bbox 3189 4942 3415 4995; x_wconf 91' lang='lat' dir='ltr'><strong>nullum</strong></span> <span class='ocrx_word' id='word_1_805' title='bbox 3444 4940 3620 4994; x_wconf 89' lang='lat' dir='ltr'><strong>latere</strong></span> <span class='ocrx_word' id='word_1_806' title='bbox 3662 4939 3871 5010; x_wconf 89' lang='lat' dir='ltr'><strong>potuit,</strong></span> 
     </span>
    </p>
   </div>
   <div class='ocr_carea' id='block_1_114' title="bbox 2246 5095 3875 5168">
    <p class='ocr_par' dir='ltr' id='par_1_114' title="bbox 2246 5095 3875 5168">
     <span class='ocr_line' id='line_1_114' title="bbox 2246 5095 3875 5168; baseline 0 -18"><span class='ocrx_word' id='word_1_807' title='bbox 2246 5096 2355 5166; x_wconf 87' lang='lat'>(79)</span> <span class='ocrx_word' id='word_1_808' title='bbox 2384 5099 2445 5168; x_wconf 10' lang='lat' dir='ltr'><strong>lin</strong></span> <span class='ocrx_word' id='word_1_809' title='bbox 2507 5096 2835 5168; x_wconf 89' lang='lat' dir='ltr'><strong>apographo</strong></span> <span class='ocrx_word' id='word_1_810' title='bbox 2869 5096 3273 5167; x_wconf 86' lang='lat' dir='ltr'><strong>Bambergensi</strong></span> <span class='ocrx_word' id='word_1_811' title='bbox 3321 5112 3437 5150; x_wconf 92' lang='lat' dir='ltr'><strong>non</strong></span> <span class='ocrx_word' id='word_1_812' title='bbox 3496 5095 3708 5150; x_wconf 91' lang='lat' dir='ltr'><strong>dicitur</strong></span> <span class='ocrx_word' id='word_1_813' title='bbox 3745 5113 3875 5150; x_wconf 85' lang='lat' dir='ltr'><strong>san-</strong></span> 
     </span>
    </p>
   </div>
   <div class='ocr_carea' id='block_1_115' title="bbox 2175 5167 3874 5292">
    <p class='ocr_par' dir='ltr' id='par_1_115' title="bbox 2175 5167 3874 5292">
     <span class='ocr_line' id='line_1_115' title="bbox 2175 5167 3874 5236; baseline 0 -16"><span class='ocrx_word' id='word_1_814' title='bbox 2175 5167 2557 5234; x_wconf 33' lang='lat' dir='ltr'><strong>ctimonialis,’</strong></span> <span class='ocrx_word' id='word_1_815' title='bbox 2583 5167 2683 5222; x_wconf 86' lang='lat' dir='ltr'><strong>sed</strong></span> <span class='ocrx_word' id='word_1_816' title='bbox 2748 5183 2866 5236; x_wconf 76' lang='lat' dir='ltr'><strong>quae</strong></span> <span class='ocrx_word' id='word_1_817' title='bbox 2905 5169 3196 5221; x_wconf 81' lang='lat' dir='ltr'><strong>secularem</strong></span> <span class='ocrx_word' id='word_1_818' title='bbox 3225 5168 3470 5221; x_wconf 76' lang='lat' dir='ltr'><strong>habitum</strong></span> <span class='ocrx_word' id='word_1_819' title='bbox 3515 5172 3658 5221; x_wconf 81' lang='lat' dir='ltr'><strong>veste</strong></span> <span class='ocrx_word' id='word_1_820' title='bbox 3708 5169 3874 5236; x_wconf 82' lang='lat' dir='ltr'><strong>lugu-</strong></span> 
     </span>
     <span class='ocr_line' id='line_1_116' title="bbox 2177 5238 2589 5292; baseline 0.005 -2"><span class='ocrx_word' id='word_1_821' title='bbox 2177 5238 2264 5291; x_wconf 81' lang='lat' dir='ltr'><strong>bri</strong></span> <span class='ocrx_word' id='word_1_822' title='bbox 2282 5243 2589 5292; x_wconf 78' lang='lat' dir='ltr'><strong>nutaverat.</strong></span> 
     </span>
    </p>
   </div>
   <div class='ocr_carea' id='block_1_116' title="bbox 2249 5308 3196 5379">
    <p class='ocr_par' dir='ltr' id='par_1_116' title="bbox 2249 5308 3196 5379">
     <span class='ocr_line' id='line_1_117' title="bbox 2249 5308 3196 5379; baseline -0.001 -17"><span class='ocrx_word' id='word_1_823' title='bbox 2249 5311 2351 5377; x_wconf 88' lang='lat'><strong>(80)</strong></span> <span class='ocrx_word' id='word_1_824' title='bbox 2375 5313 2558 5379; x_wconf 89' lang='lat' dir='ltr'><strong>Apog.</strong></span> <span class='ocrx_word' id='word_1_825' title='bbox 2590 5308 2805 5374; x_wconf 90' lang='lat' dir='ltr'><strong>Bamb.,</strong></span> <span class='ocrx_word' id='word_1_826' title='bbox 2832 5309 3196 5375; x_wconf 61' lang='lat' dir='ltr'><strong>Nuremberg.</strong></span> 
     </span>
    </p>
   </div>
  </div>
