3914 6190
163 226 242 275 2t?
1103 217 1263 272 VITA
1301 218 1357 271 8.
1399 216 1855 283 CUNEGUNDIS,
1898 216 2013 271 L'BI
2057 216 2144 270 DE
2185 216 2240 270 8.
2287 216 2618 271 HENRICO.
3510 223 3613 274 2l8

161 341 414 411 Philippus
443 340 550 407 (81)
582 354 680 393 rex
713 342 945 408 propter
965 338 1053 391 sui
1085 337 1605 404 conﬁrmationem,
1656 338 1803 392 inte-
1842 342 1886 395 Α
1915 339 2001 391 vel
2033 338 2203 393 verba
2232 339 2498 404 fundens,
2535 338 2727 393 cibum
2786 345 2889 393 aut
2918 345 3117 410 potum
3163 341 3252 394 vix
3304 341 3612 411 aliquando

159 430 249 483 rim
274 444 411 491 vero,
465 427 616 496 quod
654 426 835 495 magis
868 426 1117 479 favorem
1175 426 1282 479 sibi
1314 432 1583 497 praestare
1612 427 1806 479 crede-
1916 444 2167 493 sumens,
2218 433 2606 497 permaneret.
2664 427 2722 482 Si
2750 428 2980 497 quando
3011 428 3094 480 illi
3142 428 3394 481 dormire
3436 429 3611 482 conti-

158 520 251 579 bat,
298 521 517 586 propter
576 514 1012 567 translationem
1074 515 1249 568 beata:
1298 515 1535 585 virginis
1577 514 1810 569 comitia
1916 516 2109 586 gisset,
2144 517 2260 569 solo
2291 517 2571 585 collapsus
2597 516 2769 569 modo
2816 520 2986 586 caput
3026 521 3257 582 terram,
3315 516 3479 570 modo
3509 533 3614 570 coe-

158 606 421 659 indixerat:
456 608 649 656 mutus
694 603 927 673 quidam
984 604 1237 656 servulus
1270 603 1329 656 in
1374 603 1649 657 comitatu
1678 620 1807 674 pro-
1916 605 2037 657 lum
2068 606 2293 674 pulsare
2343 606 2590 673 videres;
2626 613 2681 660 et
2731 607 2884 677 quod
2914 607 3235 661 miserabile
3267 607 3441 673 dictu,
3474 608 3611 661 dum

160 693 392 747 babilium
446 691 697 743 virorum
755 690 823 744 de
884 692 1072 760 Pogen
1131 696 1493 757 convenerat,
1561 707 1809 761 quorum
1917 694 1987 747 ab
2045 693 2340 761 omnibus,
2399 700 2700 765 propterea
2732 696 2886 766 quod
2934 695 3225 749 horribilis
3276 696 3395 749 visu
3442 695 3609 761 foret,

158 799 281 846 vasa,
312 779 513 849 quiaet
543 779 652 849 ipsi
675 779 1017 848 pmuitentes
1048 783 1229 846 erant,
1272 780 1554 849 portabat.
1590 780 1810 848 Regina
1919 781 2235 850 fugeretur,
2296 798 2325 834 a
2388 782 2623 853 singulis
2693 783 2874 836 videri
2937 784 3261 854 optabatur.
3320 786 3428 837 Iste
3485 789 3614 837 ante

156 871 212 923 ad
239 868 509 922 ecclesiam
542 883 896 938 processura,
942 884 1071 920 cum
1102 867 1170 919 de
1217 883 1373 920 more
1413 867 1748 921 solemuiter
1778 884 1811 920 a
1916 867 2070 921 fama
2100 885 2271 938 quam
2300 876 2532 939 aspectu
2563 875 2747 929 notus.
2811 872 2947 924 dum
2979 872 3051 924 ad
3086 888 3189 925 nos
3240 871 3614 940 pervenisset,

156 961 279 1011 clero
304 956 622 1026 suscipitur,
655 957 923 1009 confusus
953 956 1185 1009 interim
1224 956 1570 1025 populorum
1598 956 1811 1008 clamor
1916 957 2121 1025 stipem
2154 957 2304 1011 inter
2334 958 2535 1011 domos
2587 960 2893 1029 accipiens,
2960 960 3295 1029 aliquandiu
3326 966 3610 1013 sustenta-

156 1046 389 1109 exoritur,
440 1061 558 1097 non
588 1045 796 1097 frustra
837 1044 1115 1097 morituro
1143 1043 1392 1114 denique
1440 1043 1683 1111 homini,
1712 1043 1810 1097 sed
1918 1047 2010 1096 tus
2054 1049 2153 1098 est.
2206 1046 2365 1098 Hunc
2408 1046 2894 1116 archisynagogus
2944 1047 3172 1100 videns:
3239 1070 3260 1096 ι
3314 1048 3372 1101 Si
3431 1052 3615 1101 vestra

154 1134 315 1186 laudes
334 1149 456 1185 cum
495 1132 715 1187 Christo
768 1148 872 1185 suo
897 1132 1018 1202 jam
1064 1131 1273 1185 viventi
1306 1132 1805 1185 conclamantium.
1920 1131 2287 1202 Cunegundis
2330 1133 2398 1185 ad
2430 1134 2776 1187 Christianos
2821 1136 2923 1201 ait,
2970 1134 3141 1187 istum
3173 1134 3478 1197 curaverit,
3522 1151 3613 1187 me

154 1224 320 1275 Testor
372 1220 657 1274 Christum
703 1224 759 1273 et
811 1220 934 1289 ejus
990 1222 1297 1289 apostolos,
1342 1220 1445 1273 iste
1503 1220 1602 1290 qui
1649 1220 1809 1291 prius
1920 1218 2141 1273 Christo
2197 1238 2258 1273 ac
2329 1222 2462 1274 tidei
2519 1228 2719 1275 vestra:
2781 1223 3065 1291 applicare
3124 1223 3350 1292 poterit.
3401 1243 3420 1268 ι
3484 1221 3611 1286 Sed,

154 1310 355 1373 nullam,
404 1313 603 1377 utpote
662 1313 873 1371 mutus,
934 1308 1187 1378 linguam
1253 1314 1509 1373 noverat,
1567 1308 1811 1378 singulis
1919 1307 2076 1377 quod
2124 1308 2262 1362 dicit
2315 1309 2625 1378 Apostolus
2676 1311 2723 1379 (Ι
2769 1311 2887 1365 Cor.
2943 1328 2974 1372 ι,
3030 1310 3153 1378 2'2):
3213 1311 3389 1364 Judaei
3454 1311 3616 1379 signa

152 1397 209 1449 ad
262 1396 599 1466 interrogata
671 1396 907 1466 propria
982 1398 1183 1467 lingua
1258 1398 1503 1450 disertus
1583 1414 1812 1467 respon-
1920 1402 2189 1463 quaerunt,
2246 1396 2304 1449 in
2355 1398 2461 1449 hoc
2512 1396 2709 1450 Judaso
2736 1403 3027 1450 ostensum
3060 1404 3163 1451 est.
3214 1400 3354 1451 Nam
3393 1397 3621 1467 patiens.

152 1484 309 1537 debat.
1918 1484 2085 1537 tertia
2144 1484 2448 1538 Dominicaa
2522 1485 2955 1541 resurrectionis
3013 1486 3174 1550 feria,
3245 1486 3384 1538 dum
3447 1500 3619 1552 super

205 1575 280 1624 '20.
315 1574 489 1640 Lupus
520 1574 687 1625 mitis.
737 1601 809 1612 —
854 1572 996 1636 Quid
1051 1573 1296 1626 referam
1352 1574 1420 1627 de
1471 1574 1637 1627 bruto
1686 1574 1808 1627 ani-
1844 1622 1884 1675 Β
1920 1572 2180 1641 sepulcro
2202 1572 2508 1625 salutiferas
2539 1571 2775 1642 virginis
2806 1573 3021 1625 salubri
3050 1577 3407 1642 premeretur
3455 1587 3618 1639 sopo-

148 1660 279 1721 mali,
328 1660 487 1729 cujus
541 1660 733 1713 innata
788 1661 893 1714 sibi
940 1661 1264 1731 rapacitatis
1319 1661 1624 1732 ingluvies,
1673 1663 1810 1716 dum
1845 1660 1884 1675 ⁸¹
1920 1676 2002 1721 re,
2060 1676 2234 1713 manu
2286 1660 2557 1714 invisibili
2619 1660 2867 1730 quadam
2921 1665 3124 1725 tactus,
3176 1660 3308 1713 inde
3362 1663 3617 1723 sanatus,

149 1748 369 1816 praedam
408 1749 624 1818 rapuit,
676 1749 839 1819 quasi
872 1766 1077 1802 nomen
1126 1752 1492 1821 Cunegundis
1523 1757 1723 1805 contra
1753 1768 1811 1804 se
1922 1765 2051 1803 cum
2105 1765 2329 1815 summa
2360 1750 2621 1802 omnium
2662 1749 3043 1802 admiratione
3092 1765 3156 1801 ac
3194 1748 3357 1801 laude
3391 1748 3619 1801 absces-

148 1835 435 1889 invocatum
496 1836 784 1903 sensisset,
842 1854 876 1890 a
933 1854 1033 1890 suo
1098 1838 1289 1892 furore
1357 1840 1611 1910 quievit?
1672 1840 1812 1893 Nam
1922 1838 2269 1891 sit.Juda3us
2301 1853 2431 1889 vero
2457 1836 2711 1890 infelixa
2750 1837 2994 1907 perlidia
3027 1853 3127 1890 sua
3158 1843 3403 1890 aeternos
3426 1852 3619 1905 passu-

148 1922 291 1991 lupus
333 1924 468 1977 dum
499 1924 650 1977 circa
706 1924 894 1977 caulas
936 1925 1127 1977 ovium
1190 1927 1547 1996 vespertinus
1594 1932 1813 1980 natura;
1923 1943 2019 1979 rus
2039 1926 2200 1997 ignes
2233 1942 2351 1979 non
2376 1925 2628 1978 recessit.

147 2028 242 2064 suae
269 2012 497 2082 ingenio
552 2017 829 2078 versatur,
883 2015 1185 2083 parvulum
1218 2020 1351 2067 ante
1408 2016 1560 2068 fores
1591 2016 1814 2068 incaute

148 2100 375 2153 relictum
408 2102 603 2154 lustris
630 2101 744 2153 suis
793 2102 1007 2154 intulit.
1046 2102 1303 2157 Aliorum
1336 2108 1550 2171 autem,
1584 2104 1683 2174 qui
1708 2111 1814 2157 ter-

146 2187 224 2239 riti
243 2187 457 2240 fuerant
508 2204 612 2256 per
642 2188 864 2258 lupum,
899 2194 1079 2242 mater
1112 2190 1276 2258 pueri
1325 2192 1569 2244 clamore
1600 2191 1813 2244 excita-

146 2280 208 2340 ta,
258 2292 449 2329 omnes
505 2276 658 2329 cives
706 2293 838 2329 suos
888 2278 1154 2330 manibus
1205 2279 1509 2349 complosis
1584 2284 1814 2349 pectora

145 2364 382 2431 tundens,
452 2366 653 2418 multis
710 2366 1012 2435 ejulatibus
1066 2366 1124 2419 in
1165 2366 1423 2420 dolorem
1487 2368 1810 2421 commovit.

145 2452 389 2505 Omnibus
419 2453 662 2507 bestiam
691 2454 939 2523 insequi,
982 2456 1118 2525 quia
1152 2472 1258 2508 nox
1310 2454 1575 2521 instabat,
1631 2456 1815 2509 incas-

144 2554 250 2591 sum
295 2540 709 2609 judicantibus,
759 2548 943 2595 mater
987 2542 1057 2595 ad
1108 2542 1406 2595 ecclesiam
1454 2542 1811 2612 confugiens,

142 2627 294 2696 signis
322 2631 475 2683 velut
515 2634 744 2683 mortuo
783 2630 949 2683 tertio
1002 2631 1394 2700 compulsatis,
1453 2647 1557 2700 pro
1587 2648 1814 2684 conser-

143 2715 333 2770 vatione
364 2718 467 2770 ﬁlii
498 2734 666 2771 aures
689 2718 924 2787 virginis
971 2718 1083 2771 illic
1112 2735 1324 2788 pernox
1364 2720 1655 2788 appellare
1699 2735 1815 2772 non

141 2803 425 2859 desinebat.
458 2807 623 2860 Mane
654 2806 820 2873 facto,
850 2807 1123 2860 nutritius
1177 2807 1273 2860 ille
1308 2808 1449 2860 silva
1482 2824 1812 2878 erumpens,

142 2894 413 2959 parvulum
470 2911 647 2965 quem
702 2900 987 2964 rapuerat,
1050 2895 1296 2949 illaasum
1338 2902 1609 2965 reportat,
1671 2896 1814 2951 etin
1849 2895 1889 2950 C

141 2979 268 3032 sulco
318 2982 413 3035 ubi
480 2983 655 3035 boves
696 2982 880 3052 pridie
929 2988 1247 3049 araverant,
1302 2984 1360 3037 in
1398 2985 1666 3054 pellicula
1713 3002 1815 3039 sua

143 3064 420 3137 diligenter
470 3070 793 3124 involutum
824 3072 1089 3138 collocat;
1143 3072 1263 3143 ipse
1321 3078 1557 3143 propter
1614 3074 1814 3128 sedens

140 3155 393 3209 custodias
450 3158 733 3211 observat.
788 3158 892 3213 Ubi
955 3175 1086 3213 vero
1145 3161 1419 3214 ruricolas
1469 3166 1525 3215 et
1556 3178 1815 3216 vomeres

136 3240 235 3308 jam
299 3246 768 3317 appropinquare
834 3247 942 3301 sibi
1006 3248 1177 3315 videt,
1238 3250 1400 3319 quasi
1463 3250 1533 3304 de
1596 3252 1817 3321 parvuli

139 3331 306 3399 quiete
359 3350 625 3399 securus,
677 3343 1008 3389 mansuetus
1065 3338 1320 3391 discedit.
1370 3338 1549 3401 Quem
1594 3340 1696 3405 illi,
1752 3345 1818 3394 ut

142 3436 246 3473 mos
294 3428 401 3485 est,
465 3424 719 3477 clamore
764 3431 1195 3495 persequentes,
1248 3442 1442 3479 servus
1490 3427 1589 3495 qui
1644 3427 1818 3481 boves

138 3508 457 3578 stimulabat,
505 3512 685 3582 pelles
733 3512 1040 3582 aspiciens:
1079 3532 1105 3563 ‹‹
1142 3515 1299 3580 Ecce,
1354 3514 1454 3581 ait,
1488 3519 1820 3585 tegumenta

138 3600 277 3665 pueri
302 3616 477 3670 quem
529 3601 699 3669 lupus
756 3601 965 3671 rapuit.
1020 3622 1047 3653 »
1102 3604 1476 3655 Accurrentes
1524 3603 1817 3657 dormien-

140 3686 235 3735 tem
262 3687 569 3754 parvulum
596 3687 899 3753 intactum,
924 3687 1084 3741 vultu
1106 3688 1466 3757 splendidum
1500 3690 1817 3758 reperiunt,

139 3775 315 3825 etnon
354 3775 479 3827 sine
539 3775 719 3827 multa
778 3775 1155 3829 admiratione
1207 3776 1329 3829 hasc
1374 3776 1817 3843 considerantes,

138 3857 325 3914 civibus
376 3868 433 3915 et
506 3862 681 3915 matri
731 3863 1016 3917 nuntiant.
1069 3865 1172 3917 Illa
1220 3864 1519 3930 advolans,
1576 3871 1630 3918 et
1694 3882 1816 3935 pra:

140 3949 320 4013 gaudio
354 3949 415 4002 in
476 3949 749 4003 lacrimas
796 3966 1202 4020 prorumpens,
1265 3950 1363 4003 ubi
1420 3960 1477 4004 et
1531 3955 1820 4021 quomodo
1998 3956 2088 4007 23.
2118 3954 2372 4007 Auctoris
2411 3952 2670 4021 epilogus.
2722 3981 2789 3989 —
2819 3951 2948 4004 Haec
2973 3949 3318 4020 paucissima
3350 3949 3417 4003 de
3448 3949 3625 4002 virtu-

142 4033 332 4103 fuisset,
360 4038 627 4109 inquirit.
662 4039 760 4091 Ille
784 4039 953 4107 juxta
982 4043 1211 4093 mtatem
1261 4040 1625 4109 simpliciter:
1664 4061 1691 4092 (ι
1723 4044 1821 4096 Ca—
1929 4040 2081 4095 tibus
2138 4046 2196 4094 et
2259 4040 2435 4111 signi.
2492 4040 2858 4109 Cunegundis
2916 4038 3284 4092 sanctissimm
3364 4038 3626 4106 virginis,

142 4123 232 4188 uis,
271 4127 365 4191 ait,
417 4127 518 4179 ille
559 4126 662 4196 qui
719 4142 810 4179 me
843 4127 1175 4196 asportavit,
1232 4128 1437 4181 blande
1484 4144 1576 4182 me
1608 4131 1821 4200 perlin-
1852 4174 1894 4226 Ο
1932 4129 2389 4200 prudentissim’.
2432 4128 2693 4182 charitati
2751 4132 2951 4181 vestras
3000 4127 3150 4180 inter
3183 4125 3629 4179 innumerabilia

142 4225 258 4279 gens
292 4215 351 4267 in
408 4215 546 4268 sinu
597 4230 700 4268 suo
736 4217 1122 4285 compositum
1179 4221 1298 4269 tota
1357 4221 1521 4269 nocte
1566 4218 1818 4273 dormire
1852 4214 1891 4226 “’
1933 4220 2142 4273 dixisse
2173 4218 2608 4287 sufficiamque:
2653 4216 2700 4269 si
2750 4216 2879 4286 quis
2927 4216 3149 4269 evolute
3198 4214 3627 4284 perstringeret,

142 4299 329 4354 fecit.»
1926 4307 2089 4378 prius
2136 4306 2256 4377 ipsa
2307 4306 2520 4375 pagina
2550 4321 2724 4376 quam
2786 4304 3026 4358 materia
3071 4304 3354 4357 deficeret.
3412 4302 3455 4356 Ο
3504 4303 3632 4355 bea-

198 4392 276 4441 2l.
307 4391 593 4445 Miracula
624 4393 843 4445 omissa.
886 4420 955 4431 —
996 4392 1109 4445 Ista
1155 4407 1284 4462 quas
1332 4392 1500 4446 modo
1535 4393 1819 4448 succincte
1930 4399 2071 4459 tam,
2102 4411 2135 4446 ο
2157 4394 2603 4464 praedicandam,
2639 4408 2768 4462 quae
2808 4408 3048 4461 regnum
3086 4391 3282 4444 mundi
3316 4396 3372 4444 et
3398 4406 3629 4444 omnem

141 4475 388 4531 miracula
444 4478 720 4544 diximus,
754 4484 811 4531 et
850 4478 960 4532 alia
989 4480 1157 4548 plura
1187 4496 1315 4550 qua:
1345 4479 1481 4533 vitio
1524 4481 1818 4550 prolixita-
1929 4486 2196 4535 ornatum
2236 4482 2425 4535 saeculi
2461 4497 2564 4550 pro
2618 4482 2857 4534 cmlestis
2907 4484 3111 4533 ornatu
3143 4478 3429 4548 despexit!
3475 4477 3636 4533 Chri-

143 4562 200 4614 tis
226 4566 556 4629 transimus,
594 4582 664 4618 ne
695 4582 851 4619 more
874 4566 1160 4620 hirudinis
1183 4569 1473 4633 lectorem,
1506 4585 1678 4639 quem
1710 4571 1821 4623 huc
1930 4575 2080 4623 stum
2111 4569 2218 4622 sibi
2245 4586 2516 4639 sponsum
2550 4569 2709 4639 regio
2751 4585 2961 4639 sponso
3008 4568 3271 4637 legaliter
3302 4584 3414 4620 non
3441 4583 3635 4620 carna-

142 4664 295 4720 nsque
346 4654 676 4708 studiosum
730 4654 1041 4717 tenuimus,
1110 4656 1395 4710 effluendo
1464 4658 1820 4719 fastidiosum
1931 4658 2060 4710 liter
2114 4659 2378 4728 copulata
2411 4656 2651 4727 delegit!
2704 4673 2831 4727 quas
2863 4656 3252 4727 virginitatem
3287 4672 3445 4709 suam
3485 4656 3636 4708 inter

141 4738 459 4806 occidamus,
506 4742 735 4811 signum
769 4742 827 4795 in
860 4743 1084 4795 servulo
1151 4743 1315 4813 quasi
1346 4761 1628 4797 annorum
1662 4746 1820 4799 sede-
1933 4747 2152 4815 regales
2182 4746 2465 4799 thalamos
2518 4744 2832 4815 probando,
2866 4749 2927 4798 ut
2954 4744 3208 4799 infamias
3256 4745 3472 4797 malum
3528 4741 3634 4793 sibi

140 4825 230 4879 cim
252 4828 441 4882 divina
472 4828 811 4899 operatione
844 4830 1054 4883 factum
1105 4846 1476 4901 exponamus.
1528 4832 1633 4895 Qui
1662 4837 1824 4885 cmte—
1930 4834 2002 4887 ab
2052 4834 2261 4888 invidis
2293 4834 2579 4903 objectum
2610 4838 2973 4903 expurgaret,
3010 4832 3170 4902 ignes
3210 4829 3471 4885 calcavit!
3505 4844 3634 4897 qum

143 4913 204 4964 ris
232 4917 504 4970 membris
543 4918 859 4971 secundum
900 4918 1161 4971 ordinem
1193 4924 1414 4972 natura:
1444 4920 1589 4973 bene
1626 4920 1823 4989 dispo-
1933 4922 2071 4975 dum
2102 4922 2322 4991 prolem
2355 4922 2695 4975 morituram
2752 4938 2867 4975 non
2900 4918 3264 4990 exspectavit,
3316 4917 3438 4985 ejus
3480 4919 3635 4967 casta

141 5000 261 5068 sitis,
309 5005 369 5058 in
418 5005 752 5076 principali,
805 5006 961 5076 quod
994 5011 1082 5060 est
1109 5012 1301 5076 caput,
1354 5012 1513 5061 tanta
1562 5008 1824 5078 passione
1933 5010 2226 5080 generatio
2268 5026 2567 5080 nunquam
2599 5024 2835 5079 passura
2891 5005 3263 5060 successionis
3315 5002 3626 5057 detrimen-

141 5090 464 5160 agitabatur,
502 5097 568 5145 ut
624 5092 745 5147 sine
786 5093 1213 5148 intermissione
1268 5095 1498 5164 parieti,
1533 5096 1579 5148 si
1626 5096 1825 5165 proxi-
1932 5103 2059 5151 tum
2086 5098 2280 5165 durat;
2312 5097 2541 5168 quando
2601 5097 2846 5151 Ecclesia
2892 5095 2951 5148 in
3005 5093 3138 5147 filiis
3180 5092 3295 5144 suis
3350 5107 3453 5160 per
3481 5091 3631 5144 elee-

142 5190 248 5231 mus
276 5187 445 5246 esset,
497 5180 863 5235 allideretur:
907 5187 1105 5251 pectus
1138 5188 1329 5236 mento
1380 5184 1666 5251 tunderet,
1712 5200 1828 5237 sca—
1934 5200 2200 5255 mosynas
2246 5186 2427 5255 ipsius
2484 5186 2689 5239 divinas
2732 5183 2911 5237 laudis
2959 5195 3186 5249 semper
3233 5179 3438 5247 accipit
3465 5179 3637 5231 incre-

144 5267 281 5331 pulas
305 5275 576 5339 tempore
607 5270 952 5338 verberaret,
986 5287 1285 5342 nunquam
1315 5271 1374 5325 in
1422 5273 1623 5326 eodem
1653 5277 1823 5337 statu,
1935 5279 2225 5326 mentum:
2279 5290 2453 5344 quam
2484 5290 2613 5326 cum
2658 5272 2879 5327 Christo
2918 5286 3041 5335 suo,
3104 5284 3279 5338 quem
3308 5268 3539 5332 amavit,
3574 5267 3633 5319 in

1993 2061 2081 2111 22.
2115 2059 2163 2112 Α
2195 2073 2344 2126 papa
2372 2058 2766 2126 approbantur.
2801 2088 2868 2096 -——
2910 2058 3052 2111 lllud
3080 2063 3271 2111 autem
3303 2058 3361 2111 in
3392 2057 3617 2122 ultimo,

1924 2146 2077 2214 quod
2101 2151 2291 2198 tamen
2332 2146 2622 2215 signorum
2674 2145 2827 2198 illius
2860 2162 2975 2199 non
3007 2147 3274 2199 ultimum
3305 2146 3432 2210 fuit,
3486 2146 3620 2199 sub-

1924 2240 2168 2287 nectam.
2203 2234 2482 2297 Quoniam
2516 2239 2667 2286 terra
2687 2234 2835 2287 circa
2865 2235 3193 2303 sepulcrum
3224 2235 3346 2303 ejus
3373 2251 3406 2287 a
3435 2234 3621 2287 ﬁdeli-

1924 2324 2032 2377 bus
2082 2324 2337 2388 collecta,
2410 2324 2467 2376 in
2540 2322 2783 2393 speciem
2842 2323 3178 2376 lucidissimi
3258 2322 3462 2389 thuris,
3523 2325 3623 2375 aut

1924 2412 2098 2465 etiam
2128 2411 2492 2464 mundissimi
2519 2413 2683 2481 grani
2715 2412 2822 2465 fuit
2869 2412 3200 2481 frequenter
3226 2411 3475 2463 redacta.
3517 2410 3622 2463 Su-

1925 2517 2027 2569 per
2055 2501 2163 2554 hoc
2196 2502 2559 2554 Innocentius
2596 2518 2744 2570 papa
2770 2502 2827 2553 in
2853 2516 3115 2553 sermone
3146 2501 3212 2553 ad
3249 2501 3528 2570 populum
3560 2498 3621 2552 in

1927 2589 2290 2642 Lateraneusi
2356 2589 2565 2659 palatio
2630 2590 2846 2652 habito,
2917 2589 3047 2641 vitae
3098 2590 3251 2641 illius
3307 2588 3513 2641 merita
3568 2592 3626 2639 et

1924 2677 2334 2730 miraculorum
2386 2677 2649 2747 insignia
2714 2676 3224 2730 commemorando
3276 2674 3614 2728 subintulit:

1928 2784 1953 2815 «
2004 2767 2194 2833 Recte,
2255 2766 2456 2818 fratres
2503 2765 2841 2830 charissimi,
2902 2764 3088 2833 pulvis
3130 2765 3244 2827 ille,
3301 2780 3413 2833 quo
3461 2762 3626 2833 gleba

1926 2854 2098 2924 hujus
2122 2854 2493 2907 sanctissimm
2540 2852 2778 2923 virginis
2806 2854 2996 2907 debito
3026 2852 3402 2907 humanitatis
3433 2852 3619 2921 sepul-

1926 2946 1985 2994 ta
2008 2942 2241 3012 tegitur,
2273 2940 2332 2994 in
2376 2942 2507 2994 thus
2535 2946 2704 3011 atque
2743 2956 2987 3008 granum
3032 2940 3331 3009 redigitur,
3382 2956 3511 3009 qua:
3562 2954 3621 2992 se

1925 3030 2028 3084 sub
2088 3045 2225 3083 sexu
2266 3029 2476 3099 fragili,
2527 3030 2665 3083 dum
2714 3030 2945 3096 viveret,
2988 3046 3021 3081 a
3078 3028 3245 3082 licitis
3291 3028 3615 3094 continens,

1926 3120 1995 3173 ab
2022 3118 2232 3171 illicitis
2278 3117 2586 3184 abstinens,
2629 3117 2909 3171 illibatum
2947 3116 3186 3171 Domino
3223 3118 3619 3170 holocaustum

1925 3208 2158 3273 obtulit;
2212 3212 2268 3260 et
2328 3206 2483 3259 dives
2549 3206 2795 3273 Christo,
2854 3222 3072 3276 pauper
3146 3205 3273 3272 sibi,
3344 3221 3626 3276 pauperes

1926 3295 2136 3349 Christi
2165 3296 2270 3349 sub
2318 3295 2526 3349 diversi
2557 3295 2775 3349 ordinis
2838 3300 3009 3366 atque
3058 3311 3222 3348 sexus
3272 3294 3624 3365 professione

1926 3383 2181 3456 quotidie
2210 3385 2409 3453 pascit.
2463 3382 2657 3437 Merito
2701 3399 2837 3453 ergo
2888 3384 2947 3436 in
2995 3385 3254 3453 catalogo
3300 3387 3623 3435 sanctorum

1928 3472 2037 3525 erit
2084 3472 2438 3537 ascribenda,
2479 3487 2607 3541 qua:
2653 3473 2827 3524 vitam
2878 3476 3205 3524 sanctorum
3250 3486 3477 3541 semper
3506 3474 3624 3523 stu-

1928 3559 2055 3612 duit
2084 3559 2321 3613 imitari.
2372 3560 2675 3612 Collectam
2723 3558 2919 3628 itaque
2969 3575 3001 3610 a
3032 3558 3193 3611 nobis
3223 3556 3623 3626 conscriptam,

1928 3663 2057 3700 cum
2090 3646 2278 3700 officio
2326 3648 2501 3700 totius
2526 3647 2713 3700 missas
2746 3646 2877 3700 huic
2919 3653 3113 3699 nostro
3146 3645 3397 3699 sermoni
3445 3660 3624 3714 appo-

1929 3736 2169 3801 suimus,
2211 3740 2269 3788 et
2318 3736 2629 3805 apostolica
2677 3735 3013 3788 auctoritate
3063 3734 3332 3787 omnibus
3375 3732 3627 3785 ecclesiis

1930 3824 1990 3876 in
2023 3824 2241 3876 honore
2272 3828 2442 3875 tanta:
2475 3822 2713 3893 virginis
2744 3822 3033 3875 decantari
3064 3821 3397 3874 direximus.
3431 3842 3452 3867 ι

205 5374 301 5439 (81)
346 5375 396 5429 Is
427 5375 720 5448 Friderico
786 5376 1107 5430 Enobardo
1147 5382 1315 5431 natus
1374 5377 1615 5431 Henrico
1665 5379 1825 5432 fratri
1938 5378 2109 5431 nullis
2158 5378 2255 5448 qui
2309 5379 2571 5433 Ottonem
2617 5379 2933 5445 elegerunt.
2990 5374 3255 5445 Philippo
3288 5391 3438 5429 anno
3502 5375 3636 5428 1209

145 5455 231 5494 suo
260 5446 554 5510 successit,
612 5447 824 5500 electus
854 5463 1006 5500 anno
1043 5450 1196 5511 1198,
1231 5448 1653 5519 refragantibus
1680 5464 1824 5502 non-
1935 5449 2149 5517 occiso,
2172 5446 2415 5518 regnum
2441 5464 2615 5520 penes
2645 5448 2911 5501 Ottonem
2936 5448 3237 5500 remansit.
