4016 6202
294 257 398 308 219

1291 252 1540 307 VlTA-S.
1578 250 2044 315 CUNEGUNDIS,
2087 251 2204 307 UBI
2243 252 2334 306 DE
2375 251 2429 305 S.
2479 249 2805 306 HENRICO.

3704 251 3810 303 220

300 389 415 445 quo
445 373 707 441 credidit,
749 389 924 445 quem
945 372 1165 440 dilexit,
1198 371 1370 429 etiam
1402 378 1531 444 post
1555 377 1800 428 mortem
1832 373 1990 427 vive-
2021 377 2067 428 Α
2106 375 2220 429 Hoc
2248 375 2438 446 potuit
2470 374 2570 446 qui
2599 379 2802 429 cuncta
2830 377 3015 445 potest
3033 374 3170 429 dare
3189 373 3526 446 virginitati,

296 479 358 516 re
411 462 574 533 signa
603 462 802 516 crebra
851 463 1184 533 loquuntur.
1226 461 1312 516 Ad
1351 461 1691 516 memoriam
1741 462 1995 532 ejusdem

297 549 433 604 caeci
480 550 686 617 visum,
735 550 996 604 exstincti
1044 549 1241 615 vitam,
1287 548 1428 604 muti
1479 548 1788 620 loquelam,
1829 564 1996 602 aures

299 638 602 693 obstructa:
627 638 917 709 recipiunt
950 638 1230 693 auditum.

368 727 458 781 24.
493 726 717 791 Quanta
744 728 920 798 igitur
958 726 1055 780 illa
1084 726 1256 780 fuisse
1285 724 1590 792 credimus,
1623 740 1754 795 quae
1801 725 1996 778 vivens

301 815 460 870 nullo
492 821 654 884 teste,
681 816 818 871 dum
857 815 1190 886 jactantiam
1226 816 1381 881 vitat,
1407 816 1529 869 sola
1557 815 1828 880 exercuit,
1865 831 1993 869 cum

301 908 461 958 tanta
514 904 672 958 illam
731 908 860 973 post
909 907 1156 956 mortem
1205 903 1368 972 signa
1403 902 1623 969 fecisse,
1679 903 1783 957 sub
1815 903 1994 957 oculis

299 992 558 1046 omnium
615 992 970 1046 viderimus?
1023 991 1107 1044 Ad
1137 1007 1238 1044 nos
1283 1007 1421 1061 ergo
1481 991 1646 1061 signa
1705 992 1831 1057 ista,
1865 1007 1994 1062 quae

295 1079 433 1134 foris
483 1080 781 1146 miramur,
825 1080 980 1133 intus
1030 1079 1463 1145 transferamus,
1513 1079 1687 1133 vitam
1739 1085 1992 1133 nostram

292 1171 349 1219 et
378 1182 564 1220 mores
609 1167 983 1236 corrigamus,
1018 1170 1082 1218 ut
1123 1166 1172 1218 si
1199 1165 1439 1235 virginis
1493 1167 1844 1220 consortium
1875 1183 1992 1219 non

294 1269 608 1322 meremur,
639 1261 767 1324 post
817 1254 1057 1308 declivia
1089 1253 1360 1308 vitiorum
1392 1255 1464 1306 sit
1495 1253 1659 1308 nobis
1687 1255 1992 1324 praemium

291 1357 397 1411 per
418 1341 701 1412 virginem
723 1347 949 1396 tantum
975 1341 1322 1411 supplicium
1344 1342 1585 1394 evasisse
1605 1347 1988 1411 peccatorum.

299 1446 546 1517 Virginis
573 1446 678 1500 iste
710 1447 874 1500 docet
908 1446 1274 1515 Cunegundis
1304 1452 1465 1517 gesta
1495 1446 1739 1502 libellus.

295 1535 464 1587 Plura
489 1540 685 1588 tamen
707 1534 948 1588 dicenda
976 1540 1143 1603 tacet,
1178 1536 1312 1589 dum
1337 1534 1574 1588 flumine
1596 1536 1800 1605 mergi,

296 1621 510 1691 Cymba
543 1621 731 1689 timet,
757 1623 1000 1676 moritur
1021 1639 1148 1693 qua:
1177 1624 1360 1693 tangit
1391 1623 1571 1677 bestia
1601 1629 1880 1678 montem.

367 1709 476 1763 Sed
507 1725 636 1779 qua:
667 1709 866 1781 lingua
893 1711 1038 1778 silet,
1072 1725 1175 1780 pro
1201 1710 1423 1781 virgine
1451 1711 1614 1782 signa
1657 1712 1992 1782 loquuntur,

298 1797 434 1862 Quae
463 1798 676 1852 famam
703 1798 889 1854 laudis
919 1800 1042 1870 ejus
1073 1805 1190 1854 tam
1215 1801 1414 1854 crebra
1446 1802 1776 1871 loquuntur,

302 1887 447 1940 Dum
479 1885 660 1954 caecis,
694 1886 887 1955 mutis,
923 1888 1160 1954 claudis;
1197 1893 1394 1959 optata
1428 1889 1624 1942 salutis

301 1975 450 2029 Cura
473 1975 660 2042 venit;
696 1975 834 2030 dum
866 1977 1110 2047 languor
1129 1976 1266 2044 abit,
1301 1976 1589 2048 febrisqne
1621 1976 1851 2046 recedit,

301 2061 428 2116 Vita
453 2063 620 2131 redit,
655 2063 973 2134 recipitque
1002 2064 1148 2118 cutis
1173 2081 1476 2135 conspersa
1502 2065 1768 2119 colorem.

2108 463 2216 527 Qui
2245 469 2467 517 montes
2483 463 2791 517 transferre
2814 463 2964 517 valet
2991 462 3335 518 credulitati.

2107 551 2295 621 Nupta
2321 550 2439 604 viro
2466 550 2569 604 sub
2601 551 2727 621 lege
2759 549 2862 603 viri
2891 551 3009 604 vult
3031 550 3190 621 virgo
3221 551 3420 617 latere,

2105 639 2326 708 Sponsa
2359 638 2718 705 subarrhata,
2753 655 2963 708 sponso
2998 644 3189 691 tamen
3219 638 3512 703 inviolata,

2104 729 2174 782 Et
2202 726 2494 782 Christum
2524 726 2630 781 sub
2670 727 2840 780 corde
2869 727 3053 780 virum
3094 726 3200 780 sibi
3231 726 3371 795 legit
3399 726 3636 780 habere.

2103 817 2301 871 Servat
2325 815 2486 886 virgo
2516 815 2692 870 fidem
2725 831 2812 869 res
2843 816 3048 869 claruit
3072 816 3206 884 igne
3236 815 3499 885 probata.

2109 904 2310 958 Discite
2344 903 2677 974 conjugium
2698 903 2922 969 caelebs,
2955 903 3052 957 ubi
3079 904 3238 956 nulla
3265 903 3531 974 voluptas
3564 919 3578 956 :

2102 991 2211 1056 Qui
2248 991 2369 1045 sine
2394 992 2636 1044 mistnra
2664 996 2892 1044 servant
2909 991 3115 1062 legalia
3134 991 3281 1060 jura.

2104 1082 2314 1136 Cuncta
2337 1079 2483 1133 nihil
2515 1083 2756 1150 pensant
2777 1095 2908 1150 quae
2938 1094 3067 1134 mox
3098 1078 3313 1132 fuerint
3340 1077 3589 1146 ruitura,

2103 1169 2203 1223 Hic
2233 1169 2292 1222 iu
2319 1184 2419 1237 spe
2441 1167 2658 1221 fructus
2690 1167 2982 1221 mittentes
3003 1166 3222 1220 semina
3252 1167 3438 1220 luctus

2102 1256 2320 1311 Gaudio
2352 1257 2522 1326 longa
2545 1260 2786 1321 metent,
2813 1258 3154 1326 Agnumque
3187 1259 3508 1326 sequentur
3549 1254 3610 1308 in
3643 1253 3808 1309 albis.

2175 1365 2418 1419 Oramus
2465 1368 2539 1430 te,
2583 1363 2745 1434 virgo
2787 1362 3164 1430 sanctissima,
3205 1361 3545 1433 imperatrix
3584 1361 3812 1433 glorio-

2103 1451 2346 1519 sissima,
2382 1467 2512 1522 qua:
2569 1454 2751 1505 terras
2782 1451 3303 1505 misericordiarum
3355 1456 3594 1504 tuarum
3625 1449 3814 1520 operi-

2102 1541 2230 1606 bus,
2286 1541 2454 1594 oculos
2488 1539 2808 1608 respersisti
2852 1539 3125 1592 virtutum
3158 1539 3418 1604 floribus,
3480 1538 3814 1592 ﬂuctuanti-

2026 1649 2067 1703 Β
2102 1628 2210 1682 bus
2229 1627 2289 1682 in
2326 1628 2541 1682 mundo
2581 1627 2696 1681 tuis
2738 1628 2960 1697 assiste,
3010 1627 3289 1697 procellas
3316 1625 3653 1680 turbinosas
3713 1625 3816 1678 ad-

2103 1716 2453 1770 versantium
2505 1715 2619 1770 tuis
2675 1715 3035 1770 orationibus
3091 1715 3366 1785 propelle,
3417 1720 3659 1768 cunctos
3712 1713 3814 1767 tibi

2107 1803 2362 1870 devotos,
2409 1803 2561 1857 vitiis
2590 1804 2899 1874 propulsis,
2948 1808 3229 1874 perpetuo
3277 1803 3391 1856 tuis
3435 1801 3524 1856 fac
3558 1801 3818 1871 gaudere

2108 1891 2398 1945 beneficiis
2443 1895 2499 1944 et
2547 1891 2786 1953 meritis.
2821 1896 2878 1945 et
2913 1907 3114 1945 omnes
3146 1890 3462 1944 scribentes
3493 1891 3612 1943 sive
3673 1890 3817 1943 fide-

2109 1980 2258 2034 lium
2317 1981 2572 2050 legentes
2622 1981 2798 2050 hujus
2839 1985 3058 2033 textum
3113 1979 3395 2047 lectionis,
3451 1979 3648 2034 fructu
3705 1993 3824 2030 non

2111 2066 2410 2137 priventur
2440 2082 2557 2119 sum
2579 2072 2742 2138 parte
2775 2065 3112 2121 devotionis.
3144 2069 3346 2122 Amen.

667 2273 931 2338 BULLA
990 2275 1450 2340 INNOCENTII
1504 2276 1615 2354 Ill,
1667 2276 1768 2340 DE
1816 2277 2478 2343 CANONIZATIONE
2527 2277 2867 2343 SANCTAE
2918 2277 3446 2344 CUNEGUNDIS.

371 2415 741 2472 Innocentius
781 2415 1105 2485 episcopus,
1141 2431 1336 2470 servus
1367 2431 1664 2469 servorum
1726 2415 1848 2483 Dei,
1905 2432 2000 2472 ve-

296 2505 540 2560 nerabili
593 2504 754 2558 fratri
783 2503 1107 2559 Theumoni
1163 2504 1274 2575 (82)
1327 2504 1611 2574 episcopo,
1672 2509 1730 2558 et
1782 2504 2002 2560 dilectis

299 2593 434 2648 ﬁliis
462 2592 714 2661 capitulo
763 2592 1219 2662 Babenbergensi
1250 2593 1492 2647 salutem
1523 2597 1580 2647 et
1626 2593 2000 2663 apostolicam

299 2680 784 2736 benedictionem.
837 2680 980 2735 Cum
1017 2679 1332 2734 secundum
1377 2679 1763 2749 evangelicam
1793 2679 2000 2734 verita-

301 2774 419 2823 tem
460 2770 674 2831 (Matth.
701 2785 755 2836 v,
789 2770 869 2835 15)
901 2783 1072 2822 nemo
1112 2768 1384 2823 accendat
1420 2769 1714 2822 lucernam
1746 2773 1801 2822 et
1826 2773 2004 2839 ponat

301 2858 461 2912 illam
501 2857 605 2911 sub
633 2856 847 2921 modio,
902 2857 999 2911 sed
1028 2873 1202 2928 super
1248 2857 1678 2926 candelabrum,
1705 2861 1770 2910 ut
1800 2874 2002 2913 omnes

2113 2417 2305 2472 multis
2349 2421 2608 2471 coruscat
2663 2417 2976 2484 miraculis,
3041 2422 3105 2472 ut
3146 2418 3268 2488 ejus
3313 2418 3583 2472 sanctitas
3646 2417 3826 2472 certis

2110 2504 2338 2558 indiciis
2389 2505 2814 2575 comprobetur.
2858 2506 3011 2561 Licet
3058 2507 3211 2560 enim
3242 2507 3308 2559 ad
3343 2507 3448 2560 hoc
3479 2512 3544 2560 ut
3600 2505 3828 2578 aliquis

2111 2597 2341 2647 sanctus
2371 2593 2445 2647 sit
2460 2593 2615 2664 apud
2641 2595 2823 2648 Deum
2851 2594 2912 2648 in
2956 2595 3198 2649 Ecclesia
3237 2594 3660 2665 triumphante,
3700 2594 3829 2648 sola

2111 2681 2355 2736 sufﬁciat
2399 2681 2588 2736 finalis
2618 2681 3066 2752 perseverantia,
3098 2688 3348 2737 testante
3377 2683 3652 2751 Veritate,
3689 2700 3827 2754 quae

2111 2770 2290 2824 dicit:
2323 2770 2604 2834 Quoniam
2650 2773 2749 2840 qui
2770 2774 3199 2840 perseveraverit
3236 2787 3406 2839 usque
3442 2774 3498 2824 in
3533 2774 3704 2840 ﬁnem
3739 2773 3831 2824 hic

2110 2860 2298 2914 salvus
2327 2862 2432 2913 erit
2485 2858 2709 2927 (Matth.
2752 2875 2806 2922 x,
2860 2862 2996 2928 22);
3041 2867 3099 2914 et
3153 2861 3409 2914 iterum:
3470 2863 3602 2914 Esto
3627 2860 3832 2926 ﬁdelis

304 2946 493 3016 quiin
521 2946 691 2999 domo
739 2951 875 2998 sunt
916 2945 1172 3011 videant;
1216 2945 1380 3016 pium
1425 2945 1642 3016 pariter
1700 2951 1756 2999 et
1781 2945 2001 3016 justum
2035 2950 2076 3006 C
2114 2961 2283 3017 usque
2327 2947 2402 3002 ad
2457 2953 2699 3014 mortem,
2735 2954 2788 3003 et
2840 2949 2982 3002 dabo
3013 2948 3114 3003 tibi
3142 2963 3397 3004 coronam
3443 2951 3567 3002 vitae
3619 2947 3829 3018 (Apoc.

304 3039 406 3098 est,
436 3038 501 3087 ut
527 3049 673 3103 quos
727 3033 878 3087 Deus
933 3032 1138 3086 merito
1172 3032 1484 3087 sanctitatis
1537 3038 1774 3088 coronat
1812 3039 1871 3088 et
1905 3035 2006 3088 ho-

2119 3051 2178 3101 ιι,
2217 3035 2333 3106 1Ο);
2366 3037 2438 3090 ad
2468 3036 2574 3090 hoc
2601 3041 2796 3090 tamen
2826 3041 2888 3090 ut
2921 3036 3044 3106 ipse
3083 3041 3311 3090 sanctus
3341 3036 3493 3106 apud
3550 3036 3833 3089 homines

304 3127 474 3176 norat
509 3122 570 3176 in
600 3121 777 3183 caalis,
827 3137 930 3174 nos
960 3121 1345 3174 venerationis
1391 3120 1579 3175 ofﬁcio
1629 3121 1929 3176 laudemus
1954 3128 2010 3177 et
2118 3123 2402 3178 habeatur
2428 3124 2489 3178 in
2540 3126 2781 3179 Ecclesia
2813 3124 3117 3192 militante,
3147 3125 3260 3178 duo
3294 3129 3429 3178 sunt
3471 3125 3829 3186 necessaria,

307 3211 698 3282 glorificamus
735 3209 796 3262 in
834 3207 1031 3262 terris:
1079 3224 1211 3262 eum
1253 3209 1376 3279 ipse
1415 3209 1606 3280 potius
1647 3210 1912 3264 laudetur
1952 3215 2009 3265 et

305 3299 662 3370 gloriﬁcetur
685 3297 747 3352 in
775 3296 910 3363 illis,
958 3295 1058 3366 qui
1101 3302 1186 3350 est
1213 3297 1512 3352 laudabilis
1545 3303 1603 3351 et
1631 3298 1914 3368 gloriosus
1943 3298 2006 3353 in

305 3385 538 3441 sanctis.
577 3385 764 3438 Pietas
801 3383 955 3438 enim
987 3383 1432 3454 promissionem
1477 3384 1650 3439 habet
1699 3384 1825 3438 vitm
1876 3401 2006 3456 quae

305 3491 459 3529 nunc
488 3478 592 3538 est,
624 3478 682 3526 et
713 3473 942 3538 futurae,
966 3472 1187 3526 dicente
1216 3471 1456 3526 Domino
1487 3488 1592 3542 per
1619 3471 1961 3543 Prophetam
1989 3490 2001 3527 :

303 3564 451 3619 Dabo
495 3576 588 3618 vos
635 3564 840 3617 cunctis
868 3561 1089 3630 populis
1130 3563 1188 3614 in
1217 3560 1450 3625 laudem,
1483 3562 1714 3629 gloriam
1761 3565 1812 3616 et
1840 3562 2005 3616 hono-

302 3668 417 3706 rem
443 3652 627 3716 (Deut.
668 3666 817 3716 xxvx,
857 3651 972 3720 l9);
1001 3654 1058 3702 et
1090 3665 1191 3719 per
1213 3665 1270 3702 se
1314 3648 1648 3719 pollicente:
1698 3650 2008 3721 Futgebunt

295 3742 441 3810 justi
471 3742 612 3793 sicut
639 3739 721 3794 sol
749 3741 808 3792 in
833 3754 996 3806 regno
1043 3740 1226 3792 Patris
1256 3752 1444 3792 eorum
1489 3738 1709 3805 (Matth.
1743 3754 1862 3806 Xlll,
1891 3738 2003 3808 43).

306 3830 448 3883 Nam
488 3831 552 3882 ut
580 3843 698 3882 suae
752 3826 972 3881 virtutis
1001 3826 1321 3897 potentiam
1377 3826 1720 3881 mirabiliter
1765 3826 2005 3881 manife-

302 3922 431 3985 stet,
463 3921 518 3971 et
548 3922 758 3970 nostra:
788 3917 987 3970 salutis
1037 3932 1267 3970 causam
1305 3915 1756 3970 misericorditer
1798 3931 2007 3986 Opere-

302 4012 418 4071 tur,
466 4005 666 4059 ﬁdeles
698 4021 849 4070 suos,
901 4020 1043 4076 quos
1075 4019 1303 4073 semper
1331 4009 1567 4058 coronat
1595 4003 1656 4057 in
1685 4005 1845 4069 cmlo,
1893 4004 2003 4058 fre-

305 4097 548 4166 quenter
582 4092 752 4146 etiam
783 4093 1030 4146 honorat
1065 4091 1125 4145 in
1164 4091 1400 4157 mundo,
1453 4091 1521 4146 ad
1552 4107 1750 4145 eorum
1786 4107 2006 4145 memo-

306 4182 420 4234 rias
441 4181 605 4251 signa
633 4180 848 4234 faciens
871 4184 925 4234 et
964 4179 1249 4249 prodigia,
1291 4194 1394 4248 per
1441 4194 1570 4248 quae
1602 4178 1851 4249 pravitas
1875 4195 2005 4232 cou-

309 4267 580 4320 fundatur
636 4265 921 4330 haeretica,
972 4271 1028 4318 et
1092 4264 1232 4318 fides
1284 4264 1561 4318 catholica
1611 4265 2000 4320 confirmetur.

309 4355 421 4409 Nos
464 4369 626 4424 ergo,
657 4352 998 4418 charissimi,
1053 4357 1297 4423 quantas
1355 4368 1681 4422 possumus,
1733 4354 1841 4408 etsi
1887 4370 2006 4409 non

307 4447 550 4513 quantas
587 4441 886 4506 debemus,
939 4440 1319 4510 omnipotenti
1349 4442 1462 4494 Deo
1507 4443 1820 4512 gratiarum
1860 4443 2004 4497 refe-

309 4529 490 4583 rimus
535 4529 809 4595 actiones,
841 4529 943 4600 qui
987 4528 1046 4582 in
1095 4528 1298 4584 diebus
1326 4528 1552 4595 nostris,
1603 4531 1675 4585 ad
1711 4530 2008 4586 confirma-

309 4617 528 4671 tionem
561 4617 696 4672 ﬁdei
725 4616 1018 4672 catholica
1059 4622 1115 4671 et
1141 4617 1538 4672 confusionem
1564 4617 1846 4673 haeretica:
1875 4634 2006 4688 pra-

307 4705 498 4760 vitatis
526 4705 824 4760 evidenter
854 4705 1087 4760 innovat
1116 4705 1300 4777 signa,
1332 4710 1390 4761 et
1441 4706 1717 4761 miracula
1745 4711 2010 4775 potenter

307 4793 597 4861 immutat,
632 4793 845 4848 faciens
894 4810 990 4848 eos
1019 4809 1311 4849 coruscare
1342 4793 1654 4864 miraculis,
1702 4793 1803 4864 qui
1832 4793 2007 4848 ﬁdem

305 4884 648 4938 catholicam
695 4888 813 4937 tam
843 4882 1013 4937 corde
1070 4898 1244 4954 quam
1283 4899 1402 4951 ore,
1454 4898 1677 4938 necnon
1725 4888 1783 4936 et
1833 4897 2008 4953 opere

309 4973 618 5028 tenuerint.

381 5063 542 5118 Inter
567 5080 714 5135 quos
752 5062 934 5117 beatae
967 5061 1262 5116 memoria:
1307 5062 1696 5133 Cunegundis,
1724 5063 2008 5118 Romano-

308 5166 440 5204 rum
467 5151 800 5220 imperatrix
829 5152 1106 5221 Augusta.
1134 5166 1264 5221 quae
1291 5149 1505 5220 degens
1533 5151 1671 5206 olim
1703 5150 1763 5204 in
1793 5151 2010 5205 mundo

313 5237 539 5308 magnis
592 5240 814 5293 meritis
865 5238 1259 5308 praepollebat,
1320 5253 1472 5291 nunc
1522 5239 1714 5292 vivens
1769 5238 1829 5293 in
1868 5240 2010 5295 caalo

387 5341 499 5416 (82)
525 5343 761 5416 Thiemo
793 5360 945 5398 anno
999 5348 1135 5400 H92
1168 5345 1424 5416 Poppoui
1473 5360 1574 5398 seu
1605 5343 1832 5399 Pottoni
1883 5360 2010 5399 suc-

312 5413 501 5486 cessit,
528 5413 835 5486 sedemque
863 5416 1095 5486 reliquit
1122 5413 1274 5470 anno
1288 5413 1432 5470 ’1201
1452 5459 1463 5469 .

383 5484 502 5554 (83)
534 5484 587 5538 ls
627 5490 713 5540 est
742 5484 1096 5541 'Ccelestiuus
1136 5487 1235 5554 ill,
1285 5491 1509 5543 creatus
1550 5485 1642 5541 die
1691 5485 1755 5540 14
1801 5486 2011 5556 Aprilis

2116 3212 2300 3266 virtus
2343 3229 2592 3275 morum,
2638 3217 2695 3267 et
2745 3214 2924 3266 virtus
2958 3213 3277 3284 signorum,
3311 3212 3574 3266 videlicet
3613 3212 3836 3266 merita

2118 3305 2175 3354 et
2197 3300 2492 3368 miracula,
2539 3305 2599 3355 ut
2641 3308 2697 3356 et
2724 3301 2846 3356 haec
2875 3306 2931 3354 et
2961 3301 3057 3355 illa
3082 3301 3188 3355 sibi
3219 3302 3464 3355 invicem
3494 3305 3834 3354 contesten-

2115 3393 2228 3442 tur.
2255 3389 2375 3442 Non
2407 3389 2563 3443 enim
2594 3395 2694 3443 aut
2747 3393 2956 3443 merita
2983 3391 3106 3443 sine
3139 3389 3450 3453 miraculis,
3503 3393 3604 3442 aut
3653 3389 3838 3441 mira-

2116 3477 2245 3530 cula
2283 3477 2404 3530 sine
2461 3477 2680 3532 meritis
2711 3479 2880 3547 plene
2934 3478 3226 3532 sufficiunt
3275 3477 3344 3532 ad
3392 3477 3833 3548 perhibendum

2116 3564 2273 3619 inter
2300 3565 2562 3619 homines
2601 3566 2952 3620 testimonim
2988 3565 3269 3620 sanctitati
3301 3581 3313 3618 :
3345 3581 3475 3619 cum
3526 3565 3832 3619 interdum

2120 3654 2360 3723 angelus
2409 3654 2631 3708 Satanas
2663 3655 3034 3724 transfiguret
3063 3671 3120 3708 se
3149 3653 3208 3707 in
3241 3646 3513 3723 angelum
3553 3653 3724 3719 lucis,
3779 3658 3838 3707 et

2119 3741 2358 3812 quidam
2389 3757 2564 3811 opera
2591 3758 2692 3795 sua
2720 3742 2929 3796 faciant
2975 3748 3040 3795 ut
3078 3743 3149 3794 ab
3195 3741 3529 3795 hominibus
3587 3741 3832 3794 videan-

2117 3833 2232 3883 tur.
2267 3829 2378 3884 Sed
2407 3833 2463 3883 et
2519 3830 2672 3900 magi
2724 3829 3034 3885 Pharaonis
3073 3829 3214 3884 olim
3250 3829 3411 3900 signa
3451 3829 3740 3896 fecerunt,
3774 3834 3836 3883 et

2117 3918 2502 3973 Antichristus
2534 3919 2765 3972 tandem
2812 3918 3073 3988 prodigia
3103 3918 3454 3988 cperabitur,
3487 3922 3572 3984 ut,
3622 3917 3667 3970 si
3697 3917 3835 3972 fieri

2117 4013 2332 4078 posset,
2391 4008 2450 4062 iu
2507 4022 2730 4061 errores
2771 4007 2944 4061 etiam
2973 4007 3320 4060 inducantur
3364 4005 3549 4059 electi.
3612 4005 3834 4059 Verum

2118 4110 2253 4149 cum
2297 4101 2353 4150 et
2392 4095 2595 4149 merita
2645 4111 2784 4149 sana
2829 4095 3180 4165 praecedunt,
3213 4101 3271 4150 et
3324 4095 3474 4149 clara
3507 4094 3830 4148 succedunt

2119 4182 2417 4249 miracula,
2470 4187 2691 4235 certum
2737 4183 3000 4253 praebent
3050 4183 3327 4237 indicium
3387 4181 3730 4242 sanctitatis,
3767 4187 3834 4234 ut

2119 4285 2226 4323 nos
2255 4269 2327 4323 ad
2371 4268 2553 4339 ipsius
2600 4271 3025 4325 venerationem
3080 4270 3352 4325 inducant
3379 4285 3553 4340 quem
3586 4270 3740 4323 Deus
3775 4274 3833 4323 et

2118 4357 2340 4415 meritis
2382 4358 2857 4428 praecedentibus.
2889 4364 2947 4413 et
2999 4357 3294 4414 miraculis
3341 4357 3833 4428 subsequentibus

2119 4444 2347 4499 exhibet
2395 4446 2804 4501 venerandum.
2835 4447 2972 4511 Quae
2993 4447 3107 4501 duo
3147 4463 3215 4500 ex
3246 4445 3430 4500 verbis
3457 4445 3833 4517 evangelista:

2118 4533 2343 4603 plenius
2373 4533 2745 4604 colliguntur,
2777 4534 2876 4606 qui
2911 4535 2981 4588 de
3012 4535 3284 4605 apostolis
3311 4535 3552 4604 loquens
3581 4533 3780 4586 aiebat
3814 4549 3830 4587 :

2118 4623 2212 4676 Illi
2276 4628 2455 4677 autem
2511 4625 2748 4693 profecti
2817 4622 3260 4693 praedicaverunt
3313 4623 3532 4691 ubique,
3601 4625 3834 4676 Domino

2119 4716 2454 4779 cooperante,
2510 4717 2564 4767 et
2613 4726 2913 4766 sermonem
2941 4711 3312 4781 conﬁrmante,
3351 4709 3699 4778 sequentibus
3748 4713 3831 4764 si-

2121 4800 2244 4866 gnis
2270 4800 2467 4868 (Marc.
2493 4815 2582 4854 xvx
2596 4839 2611 4866 ,
2640 4798 2754 4870 20).

2190 4887 2335 4942 Sane
2382 4903 2513 4942 cum
2566 4888 2640 4942 ad
2692 4885 3043 4942 audientiam
3109 4886 3276 4940 bona:
3317 4885 3612 4939 memoriae
3647 4885 3833 4940 Caele-

2120 4975 2256 5028 stini
2287 4991 2452 5046 papa:
2503 4977 2641 5045 (83),
2668 4975 3101 5046 praedecessoris
3153 4975 3289 5039 mei,
3323 4974 3528 5028 merita
3557 4978 3615 5028 et
3646 4976 3832 5029 mira-

2121 5063 2250 5116 cula
2274 5063 2524 5134 praefata
2565 5064 2968 5134 imperatricis,
2992 5062 3152 5117 vobis
3203 5061 3584 5116 referentibus
3616 5078 3835 5132 perve—

2125 5151 2366 5213 nissent,
2426 5157 2492 5206 ut
2519 5152 2642 5223 ipse
2675 5153 2746 5208 de
2774 5153 2887 5207 illis
2935 5151 3195 5206 notitiam
3237 5151 3582 5221 conciperet,
3621 5151 3836 5204 certio-

2122 5254 2266 5307 rem,
2327 5239 2767 5310 inquisitionem
2838 5255 3038 5295 eorum
3103 5238 3526 5293 venerabilibus
3555 5237 3837 5300 fratribus

2124 5359 2276 5398 anno
2319 5347 2445 5398 1191
2477 5361 2492 5410 ;
2551 5345 2673 5399 obit
2729 5346 2821 5399 die
2866 5349 2898 5400 8
2924 5344 3181 5400 Januarii
3209 5360 3364 5399 anno
3401 5345 3558 5408 1198,
3591 5342 3687 5397 cui
3714 5349 3832 5397 sta-

2123 5415 2226 5468 tim
2251 5415 2622 5472 lnnoceutius
2641 5416 2715 5470 ΙΙΙ
2754 5415 2860 5471 fuit
2881 5415 3238 5470 substitutus.
