3914 6190
160 298 233 348 221

1086 287 1246 343 VITA
1284 288 1339 343 S.
1381 286 1848 353 CUNEGUNDIS,
1894 286 2011 343 UBI
2053 287 2142 342 DE
2182 289 2240 343 S.
2286 288 2615 343 HENRICO.

3502 295 3607 346 2‘22

159 410 326 468 nostris
351 408 687 479 Augustensi
726 410 783 462 et
836 406 1138 462 Eistetensi
1186 412 1242 461 et
1286 408 1453 462 bonae
1509 408 1801 463 memoria:
1830 412 1877 463 Α
1914 412 2036 463 tes:
2070 407 2170 462 sed
2191 412 2247 462 et
2275 408 2385 462 alia
2413 408 2663 479 plurima
2695 408 2972 463 beneﬁcia
3001 410 3113 481 piis
3144 410 3281 464 locis
3326 415 3381 465 et
3429 427 3611 465 vene-

160 498 545 567 Wirtzburgensi
577 496 877 567 episcopis,
911 501 968 551 et
997 496 1218 551 dilectis
1254 497 1386 551 ﬁliis
1440 498 1797 563 Eboracensi,

160 586 553 651 Lancheimensi,
585 592 643 639 et
694 585 1124 640 Hailsbrunensi
1166 586 1280 656 (84)
1339 586 1642 639 abbatibus
1699 602 1801 657 per

158 676 413 747 apostolica
431 674 641 743 scripta
668 673 955 728 commisit
986 690 999 728 :
1047 680 1175 743 post
1239 675 1402 745 cujus
1441 674 1664 728 obitum
1701 691 1801 727 us—

159 782 245 837 que
274 765 395 818 adeo
441 763 796 816 manifestari
834 768 1132 832 coeperunt
1181 767 1238 816 et
1295 764 1665 833 multiplicari
1692 763 1800 817 mi-

159 853 325 915 racula,
354 855 411 904 ut
440 866 506 904 ex
526 851 812 905 evidentia
842 852 1058 921 pariter
1101 858 1155 905 et
1193 851 1537 921 frequentia,
1592 849 1797 903 sancti-

159 948 223 995 tas
247 941 351 1009 ejus
376 939 442 992 ab
482 939 748 993 omnibus
779 940 941 1009 quasi
975 940 1203 993 notoria
1251 939 1607 1009 praedicetur,
1658 938 1807 992 sicut

159 1046 209 1082 ex
247 1028 413 1081 multis
468 1027 949 1081 testimonialibus
979 1028 1186 1081 litteris
1216 1028 1639 1099 episcoporum,
1696 1026 1801 1079 ab.

158 1119 335 1180 batum,
366 1115 801 1186 praepositorum
824 1120 881 1169 et
910 1115 1258 1187 principum,
1306 1131 1526 1168 necnon
1572 1120 1629 1167 et
1671 1113 1807 1166 alio-

159 1221 259 1258 rum
327 1204 633 1257 multorum
703 1219 889 1275 nuper
937 1208 1130 1258 nostro
1202 1205 1415 1258 exstitit
1454 1200 1804 1273 apostolatui

158 1297 447 1347 reseratum.

210 1381 480 1433 Venientes
516 1379 693 1449 igitur
732 1380 803 1433 ad
855 1380 1223 1450 apostolicam
1279 1380 1472 1434 sedem
1523 1396 1588 1433 ex
1642 1384 1804 1450 parte

154 1474 302 1521 vestra
349 1467 537 1521 dilecti
617 1467 721 1521 ﬁlii
773 1469 834 1522 D.
895 1468 1068 1522 abbas
1120 1468 1607 1523 Michelveldensis
1671 1468 1803 1537 (85),

156 1556 402 1610 Gundelus
430 1556 702 1624 decanus,
741 1557 1041 1611 Cunradus
1087 1562 1289 1618 custos,
1348 1558 1564 1611 Marcus
1616 1556 1803 1609 archi-

154 1646 399 1710 diaconus,
443 1646 762 1699 Hermanus
809 1646 1191 1699 subdiaconus
1258 1645 1492 1717 majoris
1548 1644 1804 1699 ecclesias
1839 1684 1877 1737 Β

153 1738 334 1796 vestrae,
405 1734 695 1803 Lupoldus
765 1733 1037 1787 diaconus
1086 1734 1263 1787 sancti
1320 1733 1617 1804 Stephani,
1671 1735 1810 1787 Bur-

154 1820 355 1873 chardus
405 1821 681 1875 diaconus
735 1827 939 1875 sanctae
992 1822 1201 1890 Mariae,
1260 1821 1533 1875 Henricus
1577 1822 1809 1891 presby-

154 1913 220 1959 ter
261 1908 426 1961 sancti
479 1910 785 1970 Michaelis.
838 1910 1112 1963 Henricus
1163 1910 1551 1964 subdiaconus
1596 1916 1805 1963 sancta:

154 1996 323 2063 Mariae,
350 1997 510 2051 nobis
541 2003 597 2051 et
624 1998 895 2051 fratribus
934 1998 1139 2052 nostris
1170 1998 1467 2053 humiliter
1524 2000 1805 2069 supplica-

153 2090 278 2149 runt,
340 2091 399 2138 ut
452 2102 521 2139 ex
603 2087 961 2157 plenitudine
1030 2087 1327 2158 potestatis
1400 2104 1572 2158 quam
1648 2089 1810 2141 Jesus

154 2171 369 2226 Christus
424 2173 757 2229 beatissimo
816 2177 984 2229 Petro
1056 2175 1355 2241 concessit,
1419 2176 1806 2246 praenomina-

151 2266 242 2314 tam
272 2262 686 2332 imperatricem
741 2268 1069 2317 sanctorum
1130 2264 1389 2334 catalogo
1440 2263 1812 2332 dignaremur

151 2350 412 2415 ascribere,
474 2350 851 2405 decernentes
906 2353 1030 2422 ejus
1095 2354 1437 2406 memoriam
1486 2352 1638 2405 inter
1679 2368 1809 2405 san-

148 2442 243 2489 ctos
268 2438 333 2491 ab
373 2439 653 2493 universis
695 2438 960 2493 ﬁdelibus
999 2440 1070 2494 de
1120 2445 1326 2493 caetero
1358 2439 1756 2493 celebrandam
1796 2455 1808 2492 :

149 2541 253 2578 cum
282 2528 380 2580 hoc
398 2528 644 2581 sublime
666 2528 946 2597 judicium
977 2528 1043 2582 ad
1077 2544 1209 2582 eum
1254 2534 1479 2582 tantum
1527 2528 1813 2599 pertineat

148 2614 227 2682 qui
249 2621 325 2668 est
351 2615 499 2669 beati
538 2616 687 2670 Petri
737 2632 1029 2670 successor
1054 2622 1111 2671 et
1169 2616 1411 2670 vicarius
1456 2618 1587 2670 Jesu
1646 2615 1811 2669 Chri—

148 2702 221 2753 sti.
245 2702 345 2755 Nos
376 2704 571 2775 itaque
598 2715 1023 2774 cognoscentes,
1057 2705 1213 2776 quod
1268 2707 1375 2759 hoc
1422 2721 1619 2759 revera
1655 2704 1809 2774 judi-

148 2790 274 2844 cium
293 2792 594 2846 sublimius
626 2797 710 2846 est
738 2794 888 2847 inter
916 2800 1124 2847 caetera
1146 2794 1365 2864 judicia
1407 2793 1813 2863 judicandum,

150 2878 195 2928 in
219 2877 381 2946 ipsius
426 2881 848 2935 examinatione
902 2881 1221 2951 plenariam
1275 2883 1542 2935 volumus
1602 2883 1813 2936 habere

148 2968 413 3022 cautelam.
462 2969 536 3021 Et
575 2968 703 3023 ideo
751 2970 1195 3040 praenominatos
1253 2970 1631 3040 jurisjurandi
1677 2969 1808 3023 reli-

149 3053 289 3121 gione
309 3056 774 3125 constrinximus,
827 3054 887 3112 ut
925 3074 1129 3128 puram
1175 3058 1340 3111 nobis
1388 3074 1559 3127 super
1588 3059 1696 3112 hoc
1726 3058 1809 3112 di-

149 3148 311 3196 cerent
347 3146 669 3199 veritatem.
704 3147 812 3210 Qui
835 3147 1014 3215 jurati
1036 3147 1306 3201 dixerunt
1335 3146 1510 3217 quod,
1560 3146 1706 3201 sicut
1749 3163 1813 3200 ex

148 3231 327 3286 celebri
355 3233 511 3287 fama
564 3240 621 3288 et
664 3234 910 3289 solemni
955 3235 1236 3305 scriptura
1290 3241 1596 3298 noverunt,
1650 3235 1815 3288 beata

149 3317 486 3391 Cunegundis
525 3329 718 3376 sancto
779 3323 1015 3377 Henrico
1070 3322 1406 3393 imperatori
1454 3323 1565 3377 fuit
1611 3322 1815 3375 matri-

148 3409 441 3463 monialiter
467 3412 757 3480 copulata,
788 3411 885 3465 sed
917 3412 986 3465 ab
1022 3428 1088 3467 eo
1120 3429 1231 3466 non
1255 3412 1469 3466 exstitit
1513 3412 1817 3465 carnaliter

148 3496 362 3564 cognita.
419 3498 585 3552 Unde
633 3514 763 3552 cum
822 3499 1093 3555 dominus
1155 3501 1470 3571 imperator
1518 3505 1714 3570 ageret
1753 3498 1813 3551 in

147 3585 411 3652 extremis,
453 3586 816 3657 principibus
853 3593 909 3640 et
940 3588 1276 3658 parentibus
1320 3586 1514 3658 inquit
1556 3588 1626 3641 de
1669 3586 1810 3640 illa:

151 3670 419 3734 «Qualem
462 3674 612 3728 mihi
662 3691 789 3729 eam
842 3676 1191 3745 assignastis,
1233 3676 1408 3729 talem
1474 3675 1633 3729 vobis
1690 3690 1817 3728 eam

148 3761 370 3829 resigno.
413 3762 710 3833 Virginem
746 3779 871 3817 eam
894 3764 1153 3831 dedistis,
1177 3770 1233 3817 et
1257 3764 1539 3834 virginem
1570 3764 1762 3817 reddo.
1790 3784 1816 3811 ››

150 3848 293 3901 Suam
332 3865 469 3921 ergo
532 3852 855 3922 virgitatem
916 3853 1156 3907 Domino
1196 3854 1549 3906 consecravit
1605 3857 1661 3905 et
1702 3867 1820 3905 ser-

151 3936 275 3988 vavit
302 3938 576 3993 intactam
610 3956 623 3993 :
653 3940 731 3993 ita
759 3941 910 4011 quod
949 3958 1079 3995 cum
1130 3941 1459 4012 aliquando,
1512 3940 1822 4011 instigante

155 4025 362 4080 humani
405 4028 638 4097 generis
684 4028 935 4094 inimico,
1006 4030 1253 4099 suspicio
1301 4030 1565 4100 quaedam
1627 4035 1825 4084 contra

154 4112 309 4182 ipsam
356 4117 559 4170 fuisset
616 4123 828 4183 exorta,
901 4118 1048 4187 ipsa,
1098 4123 1164 4171 ut
1215 4134 1375 4171 suam
1437 4118 1823 4173 innocentiam

158 4201 545 4259 demonstraret
609 4221 782 4275 super
827 4205 1044 4275 ignitos
1091 4222 1352 4259 vomeres
1398 4206 1567 4260 nudis
1614 4208 1824 4277 plantis

154 4289 370 4361 incessit,
412 4301 472 4349 et
529 4295 806 4365 processit
852 4295 1051 4350 illmsa.
1118 4297 1261 4349 Item
1295 4302 1525 4351 sanctus
1572 4296 1821 4367 impera-

153 4381 226 4430 tor
250 4381 517 4435 Henricus
569 4388 628 4436 et
677 4383 798 4437 haec
842 4383 1178 4454 imperatrix
1218 4384 1450 4454 egregia
1512 4385 1820 4455 Cunegun-

151 4465 223 4520 dis
245 4469 308 4523 de
339 4471 595 4541 propriis
632 4472 999 4526 facultatibus
1058 4473 1645 4542 Bambenbergensem
1690 4475 1820 4528 fun-

151 4557 401 4615 daverunt
439 4561 740 4616 ecclesiam
790 4566 847 4615 et
887 4561 1270 4629 dotaverunt;
1321 4579 1493 4632 quam
1526 4578 1655 4616 cum
1705 4564 1823 4616 suis

151 4643 391 4697 omnibus
444 4644 809 4716 pertinentiis
872 4660 941 4699 ex
994 4644 1217 4698 fervore
1270 4645 1588 4699 devotionis
1647 4661 1822 4716 quam

151 4729 206 4781 ad
264 4733 640 4801 apostolicam
685 4735 881 4788 sedem
922 4732 1233 4800 habebant,
1278 4734 1442 4789 beato
1482 4735 1649 4788 Petro
1683 4750 1821 4805 apo-

150 4818 399 4876 stolorum
426 4822 680 4893 principi
709 4822 1064 4889 obtulerunt,
1099 4838 1358 4876 annuum
1377 4822 1429 4876 ei
1467 4838 1725 4888 censum,
1750 4824 1821 4878 ad

149 4904 399 4963 indicium
444 4910 603 4983 quod
654 4910 801 4981 juris
848 4911 921 4965 sit
971 4911 1231 4965 Ecclesiae
1279 4912 1574 4977 Romanae,
1607 4912 1826 4965 solven-

205 5093 305 5163 (84)
338 5093 658 5147 Eboracum
684 5094 857 5163 vulgo
912 5094 1147 5161 Ebrach,
1180 5092 1605 5148 nobilissimum
1657 5094 1828 5148 Fran-

148 5162 303 5215 coniaa
329 5165 752 5218 monasterium
786 5162 1007 5218 ordinis
1038 5164 1447 5228 Cisterciensis,
1489 5166 1547 5217 in
1591 5164 1823 5219 dioecesi

149 5230 529 5302 Herbipolensi
558 5236 749 5288 situm.
779 5236 1043 5302 Ejusdem
1065 5235 1283 5289 ordinis
1314 5240 1401 5289 est
1437 5235 1820 5300 Lanckheimb,

149 5303 311 5381 sedin
329 5306 467 5381 ipsa
526 5305 753 5381 dioecesi
798 5305 1248 5381 Bambergensi._
1288 5306 1597 5381 conditum
1653 5306 1762 5359 fuit
1791 5322 1825 5359 a

150 5370 293 5447 [cato
321 5370 534 5431 Ottone
554 5377 818 5446 episcopo
848 5370 1274 5447 Bambe'rgensi,
1313 5370 1458 5430 sicu't
1479 5382 1536 5430 et
1580 5392 1825 5447 sequens

149 5443 535 5514 Heﬂbrunnem,
563 5443 701 5502 item
727 5443 946 5502 ordinis
984 5443 1391 5530 Cisterciensip.

1908 495 2187 551 rabilibus
2243 496 2493 550 ecclesiis
2539 498 2929 563 contulerunt,
3002 499 3290 552 Christum
3348 499 3455 552 sibi
3524 500 3606 553 fa-

1910 585 2123 641 cientes
2184 585 2490 640 haaredem.
2542 588 2671 640 Haec
2750 591 2808 640 et
2854 586 2965 639 alia
3023 587 3267 640 retulere
3313 587 3382 641 de
3440 587 3613 641 meri-

1909 674 2030 728 tis:
2090 674 2160 728 de
2213 674 2497 728 miraculis
2580 679 2917 741 asserentes,
2993 676 3146 745 quod
3214 675 3295 728 eis
3352 691 3606 746 praesen-

1910 763 2061 817 tibus
2109 767 2165 816 et
2206 762 2530 816 videntibus
2583 764 2654 816 ad
2720 763 3060 817 memoriam
3130 763 3302 833 hujus
3366 763 3607 834 virginis

1911 853 2043 906 caeci
2066 851 2269 918 visum,
2302 851 2494 905 claudi
2540 867 2801 921 gressum
2837 894 2852 920 ,
2886 852 3030 905 muti
3064 852 3321 917 verbum,
3357 857 3415 906 et
3443 852 3608 905 surdi

1912 945 2396 1010 recuperaveruut
2433 940 2721 1007 auditum,
2774 940 3014 1010 aliisque
3066 941 3441 1010 languoribus
3496 940 3605 994 im-

1913 1028 2077 1098 petiti
2108 1028 2437 1098 frequenter
2468 1031 2525 1081 et
2553 1028 2848 1081 evidenter
2875 1029 3109 1097 plenam
3148 1029 3441 1081 consecuti
3474 1036 3613 1082 sunt

1914 1116 2217 1170 sanitatem
2254 1132 2267 1182 ;
2300 1122 2377 1181 et,
2410 1115 2561 1186 quod
2600 1121 2685 1169 est
2731 1115 3011 1169 mirabilis
3064 1116 3330 1168 novitatis
3366 1120 3422 1168 et
3478 1115 3614 1169 novi

1914 1204 2201 1269 miraculi,
2236 1205 2423 1273 pulvis
2444 1204 2515 1257 de
2547 1205 2771 1257 tumulo
2810 1204 2933 1272 ejus
2960 1204 3265 1273 assumptis
3298 1220 3453 1273 saepe
3476 1219 3615 1256 con-

1914 1309 2107 1346 versus
2138 1296 2223 1345 est
2260 1292 2321 1345 in
2378 1292 2755 1345 frumentum.
2810 1291 2921 1344 Nos
2952 1307 3088 1360 ergo
3142 1291 3211 1345 de
3278 1290 3505 1344 meritis
3554 1297 3613 1344 et

1917 1379 2207 1434 miraculis
2239 1380 2362 1449 ejus
2391 1379 2586 1432 multis
2606 1384 2661 1431 et
2700 1378 2923 1447 magnis
2954 1394 3068 1432 non
3121 1380 3308 1432 solum
3348 1378 3611 1433 testimo-

1915 1469 2047 1535 niis,
2072 1469 2169 1522 sed
2191 1474 2248 1521 et
2293 1468 2533 1521 testibus
2562 1467 2831 1521 certiores
2870 1466 3074 1533 effecti,
3106 1483 3236 1519 cum
3291 1466 3606 1519 secundum

1916 1558 2261 1627 Prophetam
2318 1555 2638 1609 laudandus
2668 1554 2741 1607 sit
2771 1556 2916 1608 Deus
2955 1554 3013 1607 in
3071 1554 3277 1607 sanctis
3320 1554 3476 1619 suis;
3537 1554 3606 1607 de

1915 1646 2159 1700 fratrum
2185 1649 2514 1698 nostrorum
2534 1643 2793 1711 consilio,
2828 1650 2886 1696 et
2917 1642 3256 1713 pontiﬁcum
3288 1642 3608 1695 multorum

1918 1734 2069 1803 apud
2095 1734 2288 1787 sedem
2318 1732 2688 1803 apostolicam
2719 1731 3108 1796 existentium,
3140 1731 3322 1801 ipsam
3380 1730 3608 1784 beatam

1916 1822 2201 1891 virginem
2256 1820 2663 1891 Cunegundem
2712 1820 2970 1890 catalogo
3048 1825 3376 1872 sanctorum
3432 1818 3607 1871 ascri-

1917 1911 2156 1980 psimus,
2198 1910 2436 1980 ejusque
2468 1909 2806 1962 memoriam
2836 1908 2987 1961 inter
3014 1913 3236 1961 sanctos
3260 1906 3611 1960 decrevimus

1916 1999 2336 2054 celebrandam.
2367 1998 2726 2068 Quapropter
2748 1996 3176 2051 universitatem
3208 2001 3453 2049 vestram
3486 2012 3609 2049 mo-

1918 2104 2123 2142 nemus
2144 2094 2201 2141 et
2229 2088 2527 2141 hortamur
2557 2086 2615 2139 in
2664 2085 2926 2149 Domino,
2962 2101 3066 2154 per
3112 2083 3419 2154 apostolica
3474 2083 3609 2137 scri-

1916 2183 2017 2248 pta
2072 2176 2430 2240 mandantes,
2463 2179 2745 2246 quatenus
2810 2173 2963 2243 quod
2990 2190 3092 2226 nos
3151 2173 3490 2226 solemniter
3554 2176 3612 2226 et

1918 2272 2079 2321 caute
2128 2264 2453 2331 statuimus,
2522 2278 2623 2316 vos
2671 2262 2966 2316 humiliter
3014 2266 3071 2315 et
3127 2261 3329 2314 devote
3375 2260 3612 2313 servetis

1922 2361 1985 2410 ut
2015 2354 2234 2409 meritis
2259 2354 2381 2423 ejus
2410 2357 2465 2405 et
2491 2350 2758 2421 precibus
2811 2351 2963 2421 apud
3016 2348 3613 2403 misericordissimum

1916 2444 2170 2514 judicem
2198 2440 2616 2511 indulgentiam
2660 2454 3099 2510 consequamur.
3144 2437 3455 2492 Collectam
3513 2452 3615 2490 au-

1922 2539 2039 2586 tem
2062 2536 2119 2584 et
2153 2531 2295 2583 alias
2342 2528 2628 2584 orationes
2680 2528 2740 2581 in
2789 2525 3338 2580 commemoratione
3386 2524 3508 2594 ejus
3538 2523 3619 2578 di-

1922 2619 2130 2674 cendas
2168 2617 2475 2683 edidimus,
2508 2632 2649 2687 quas
2680 2616 2739 2669 in
2769 2616 2874 2669 hac
2905 2614 3116 2685 pagina
3154 2612 3423 2666 duximus
3458 2611 3618 2664 subs-

1924 2706 2223 2762 cribendas
2250 2723 2262 2759 :

2658 2841 2878 2881 ORATIO.

1852 2963 1892 3016 C
1992 2954 2370 3025 Omnipotens
2403 2956 2459 3005 et
2506 2950 2831 3005 misericors
2875 2950 3042 3013 Deus,
3076 2946 3177 3018 qui
3234 2962 3267 2999 a
3295 2944 3481 3016 gloria
3518 2948 3616 2997 tua

1925 3046 2151 3099 nullum
2172 3041 2382 3112 excipis
2406 3056 2625 3106 sexum,
2653 3040 2988 3109 nullamque
3010 3035 3401 3090 conditionem
3424 3031 3612 3085 exclu-

1924 3134 2032 3199 dis,
2066 3138 2122 3186 te
2178 3129 2511 3202 suppliciter
2548 3143 2870 3192 exoramus,
2923 3127 3161 3179 utsicut
3207 3124 3390 3178 beata:
3433 3121 3615 3175 Cune-

1924 3220 2102 3292 gundi
2133 3219 2494 3291 virginitate,
2537 3224 2662 3288 post
2693 3216 2904 3269 terreni
2935 3215 3163 3267 culmen
3221 3209 3474 3280 imperii,
3507 3224 3619 3262 cce-

1926 3310 2080 3364 lestis
2130 3307 2297 3378 regni
2364 3306 2573 3360 solium
2640 3302 2948 3368 contulisti,
2999 3302 3076 3355 ita
3126 3298 3347 3354 meritis
3410 3298 3535 3367 ejus
3565 3300 3623 3349 et

1926 3397 2212 3469 precibus,
2252 3394 2418 3449 nobis
2466 3409 2697 3464 quoque
2746 3391 2977 3445 famulis
3013 3389 3127 3443 tuis
3164 3400 3391 3442 veterna;
3451 3384 3624 3439 felici-

1927 3486 2057 3540 tatis
2086 3484 2325 3556 praemia
2362 3482 2640 3552 largiaris.
2678 3482 2783 3534 Per
2816 3479 3151 3533 Dominum.

2654 3636 2908 3675 SECRETA.

2000 3757 2351 3815 Sacriﬁcium
2391 3754 2576 3809 laudis
2605 3759 2719 3808 tua:
2751 3752 2876 3817 tibi,
2910 3749 3151 3805 Domine
3210 3751 3359 3803 Deus
3406 3752 3618 3813 noster,

1931 3848 2243 3911 offerimus,
2304 3850 2463 3898 tuam
2518 3841 2885 3897 clementiam
2952 3839 3348 3908 implorantes,
3412 3839 3477 3887 ut
3521 3850 3624 3903 per

1930 3936 2102 4007 hujus
2129 3931 2467 3988 sacramenti
2513 3930 2801 3995 virtutem,
2860 3926 3249 3981 intercedente
3297 3923 3462 3977 beata
3517 3920 3622 3974 Cu-

1932 4023 2197 4095 negunde
2228 4021 2449 4091 virgine
2480 4023 2597 4085 tua,
2644 4033 2748 4071 nos
2794 4021 2850 4070 et
2896 4033 2928 4069 a
2974 4013 3219 4085 peccatis
3248 4009 3533 4081 expedias,
3567 4012 3625 4061 et

1933 4129 1967 4167 a
1995 4111 2263 4183 periculis
2292 4106 2525 4163 tuearis.
2553 4108 2659 4161 Per
2685 4104 3016 4160 Dominum.

1850 4237 1897 4291 D
2618 4262 2956 4301 COHPLENDA.

2002 4379 2432 4435 Sacramentum
2485 4370 2897 4441 redemptionis
2954 4370 3247 4433 humanae,
3328 4366 3483 4438 quod
3561 4366 3621 4420 in

1934 4471 2150 4523 honore
2232 4465 2415 4519 beatae
2485 4459 2856 4531 Cunegundis
2936 4457 3271 4521 obtulimus,
3340 4455 3445 4508 tibi
3496 4471 3621 4518 nos,

1935 4555 2197 4619 Domine,
2230 4553 2429 4607 reddat
2474 4555 2751 4619 acceptos,
2781 4552 2843 4600 ut
2867 4562 2971 4618 per
3001 4546 3113 4599 huc
3160 4544 3315 4615 quod
3347 4549 3405 4598 et
3460 4559 3627 4597 acce-

1932 4646 2124 4716 pimus
2154 4642 2264 4714 ipsi
2302 4642 2373 4696 de
2429 4646 2555 4707 tuo,
2602 4644 2659 4692 et
2709 4635 3008 4706 suscepisti
3054 4634 3125 4689 de
3184 4638 3398 4701 nostro,
3451 4633 3512 4686 in
3542 4631 3627 4685 tui

1934 4748 2162 4805 semper
2182 4731 2399 4786 unione
2431 4729 2687 4782 vivamus
2711 4742 2725 4780 :
2750 4725 2849 4797 qui
2879 4740 3011 4779 cum
3040 4724 3225 4778 Patre.

2010 4823 2212 4876 Datum
2301 4816 2562 4873 Laterani
2620 4831 2679 4869 Ill
2738 4814 2928 4867 Nonas
2980 4812 3214 4883 Aprilis,
3262 4808 3628 4881 pontiﬁcatus

1935 4910 2116 4965 nostri
2158 4923 2311 4962 anno
2329 4906 2497 4960 tertio
2510 4945 2525 4961 .

2007 5092 2117 5161 (85)
2144 5090 2295 5144 Alias
2353 5087 2651 5161 Michaelis
2683 5085 2957 5161 Campus,
3002 5082 3220 5161 illustre
3259 5076 3494 5161 ordinis
3528 5093 3629 5130 no-

1936 5148 2037 5217 stri
2078 5148 2401 5215 emnobium
2431 5160 2503 5213 ab
2550 5158 2751 5212 eodem
2807 5148 3001 5207 s'ancto
3042 5152 3248 5207 Ottone
3309 5148 3627 5210 conditum,

1936 5234 2098 5302 cujus
2128 5232 2398 5285 abbatum
2415 5230 2741 5299 catalogum
2771 5223 3001 5302 exhibet
3032 5221 3333 5302 Bucelinus
3376 5220 3441 5302 in
3487 5219 3627 5302 gler-

1937 5290 2129 5357 mania
2148 5318 2325 5365 sacra,
2384 5317 2451 5355 ex
2491 5290 2635 5370 quo'
2655 5302 2808 5370 patet
2849 5290 3313 5370 tunc___temp_oris
3359 5290 3629 5370 Agathar-

1934 5380 2056 5427 tum
2089 5375 2214 5441 ejus
2266 5360 2375 5426 loci
2413 5360 2676 5425 abbatem
2731 5365 2922 5422 fuisse.
2978 5364 3120 5419 Hinc
3159 5360 3361 5418 littera
3393 5362 3435 5415 D
3478 5360 3628 5416 forte

1936 5445 2028 5500 hic
2048 5445 2303 5499 damnum
2331 5441 2633 5514 signiﬁcat.
