3914 6190
264 264 367 316 223

1561 261 1620 314 8.
1664 259 1949 314 HENRICI
1987 257 2461 313 IMPERATORIS
3638 267 3726 318 224

715 529 916 628 AD
1030 527 1509 629 VITAM
1620 526 2236 629 SANCT£E
2354 525 3338 630 CUNEGUNDIS

1625 694 2412 760 ADDITAMENTUM.

274 835 619 887 Monumenta
674 834 979 886 Germania
1018 833 1295 896 historica,
1350 829 1552 900 Script.
1589 835 1728 884 tom.
1763 832 1848 898 IV,
1909 847 2037 901 pag.

2079 834 2204 885 791.
2241 860 2302 870 -
2347 849 2375 881 ‹‹
2423 831 2486 884 In
2533 830 2729 884 codice
2776 829 3100 883 Monacensi
3156 829 3306 883 inter
3357 829 3736 884 Ranshofenses

344 920 401 957 n.
436 904 526 971 40,
560 903 824 968 membr.,
855 919 984 956 sac.
1017 918 1123 970 xu,
1155 902 1454 971 sequentia
1480 902 1548 955 de
1597 900 1964 972 Cunegunde,
1995 900 2126 972 qua
2181 901 2509 956 Ranshot‘en
2555 901 2830 971 praedium
2861 900 3213 972 possederat,
3253 901 3487 970 ejusque
3529 901 3736 967 familia,

346 975 636 1043 leguntur,
669 990 798 1044 qua
826 990 859 1025 a
891 974 1011 1026 viro
1040 973 1108 1025 cl.
1142 974 1422 1044 Foringer
1447 971 1774 1044 exscripta,
1797 973 1977 1026 multa
2016 971 2321 1026 continent
2359 989 2504 1026 nova
2533 977 2590 1025 et
2628 976 2825 1025 notatu
2857 971 3021 1024 valde
3045 971 3238 1041 digna.
3270 993 3297 1020 ››
3341 1000 3408 1010 -
3440 972 3560 1024 Hac
3589 972 3644 1024 Ι).
3673 973 3731 1026 G.

346 1044 523 1097 Waitz
554 1044 613 1098 in
635 1043 1056 1114 prolegomenis
1087 1043 1156 1096 ad
1186 1043 1246 1097 S.
1287 1043 1612 1096 Henricum.

344 1282 462 1336 XVI
490 1282 612 1335 Kal.
643 1280 826 1335 Martii
879 1279 1162 1334 ordinatio
1209 1278 1457 1334 Heinrici
1509 1278 1872 1350 imperatoris
1915 1284 1973 1332 et
2006 1281 2054 1332 Α
2152 1280 2227 1333 IlI
2251 1279 2382 1332 Idus
2407 1278 2533 1332 Maii
2565 1278 2801 1332 Liukart
2831 1278 3142 1343 comitissa,
3175 1293 3336 1331 soror
3383 1277 3740 1345 Chunigundis

281 1369 679 1439 Cbunigundis
706 1366 1109 1436 imperatricis.

347 1458 434 1510 XV
491 1457 618 1510 Kal.
667 1457 852 1510 Martii
896 1456 1071 1510 Gisila
1127 1455 1486 1526 imperatrix,
1542 1459 1725 1508 mater
1792 1455 1971 1508 sancti

279 1543 527 1597 Heinrici
565 1543 954 1612 imperatoris,
1005 1543 1169 1596 obiit.

348 1631 416 1684 VI
470 1631 592 1684 Kal.
639 1631 823 1685 Martii
861 1631 1138 1685 adventus
1194 1635 1404 1685 sancta
1473 1631 1655 1685 crucis
1716 1631 1774 1684 in
1829 1633 1972 1686 Con-

275 1719 513 1788 fungen.

347 1808 422 1860 lll
450 1806 574 1859 Kal.
611 1807 793 1860 Martii
816 1806 1110 1861 Heinricus
1161 1807 1295 1873 dux,
1348 1807 1522 1860 frater
1577 1807 1972 1877 Chunigundis

273 1893 676 1964 imperatricis,
711 1894 872 1950 obiit.

342 1987 510 2036 Anno
547 1982 854 2036 Dominica
928 1983 1342 2037 incarnationis
1423 1986 1580 2050 1033,
1659 1983 1971 2038 indictione

277 2071 470 2136 tertia,
496 2088 530 2123 v
555 2073 699 2125 Non.
725 2071 932 2138 Martii,
965 2071 1199 2124 domina
1232 2072 1611 2142 Chunigunda
1635 2071 1968 2142 imperatrix

277 2162 538 2226 Augusta
562 2160 752 2228 digna
784 2160 1077 2214 memoria
1099 2160 1258 2214 obiit.

351 2249 414 2302 Vl
478 2249 668 2302 Nonas
716 2248 842 2303 Maii
893 2249 1275 2302 Theodericus
1331 2249 1593 2304 Metensis
1643 2249 1968 2320 episcopus,

275 2336 450 2390 frater
479 2336 877 2406 Chunigundis
901 2337 1300 2408 imperatricis,
1345 2338 1506 2392 obiit.

348 2425 416 2478 VI
471 2425 660 2478 Nonas
709 2424 837 2479 Maii
890 2426 1226 2479 Ermindrut
1279 2426 1582 2492 abbatissa,
1642 2442 1802 2480 soror
1849 2427 1972 2497 ejus

278 2511 442 2566 obiit.

349 2601 437 2653 XV
475 2599 600 2653 Kal.
647 2601 799 2654 Junii
833 2600 1188 2667 Gisilbertus,
1223 2603 1398 2656 frater
1429 2601 1828 2673 Chunigundis
1860 2602 1974 2657 im-

278 2687 596 2755 peratricis,
633 2687 821 2757 Papia
851 2689 1067 2742 occisus
1096 2689 1257 2744 obiit.

346 2775 397 2827 II
423 2775 612 2828 Nonas
679 2775 816 2830 Julii
863 2777 1241 2832 Chuonradus
1303 2778 1620 2850 imperator
1650 2781 1969 2851 Augustus,

277 2867 441 2932 pater
469 2863 716 2918 Heinrici
747 2864 1133 2934 imperatoris,
1179 2866 1342 2922 obiit.

2079 1366 2479 1437 imperatricis,
2514 1366 2677 1420 obiit.

2151 1459 2320 1510 Anno
2379 1455 2699 1508 Dominica
2759 1454 3172 1508 incarnationis
3249 1454 3406 1520 1024,
3469 1453 3742 1507 indictione

2084 1545 2352 1614 septima,
2409 1561 2466 1597 ιιι
2515 1543 2648 1597 Idus
2695 1543 2852 1609 Julii,
2910 1544 3186 1596 transitus
3232 1543 3300 1597 ad
3348 1542 3740 1595 translationem

2081 1632 2260 1686 sancti
2316 1631 2566 1686 Heinrici
2619 1631 3003 1701 imperatoris.
3071 1631 3286 1686 Eodem
3361 1631 3452 1685 die
3497 1630 3743 1684 dedicatio

2082 1720 2507 1790 Confungensis
2583 1720 2852 1788 ecclesia,
2923 1721 3154 1791 quando
3210 1721 3395 1774 velata
3443 1724 3519 1773 est
3545 1719 3746 1772 domina

2081 1808 2478 1879 Chunigundis
2508 1808 2844 1875 imperatrix
2873 1811 3148 1880 Augusta.

2151 1899 2223 1951 IV
2259 1898 2380 1953 Kal.
2417 1897 2630 1968 Aprilis
2669 1897 3011 1965 Dietmarus,
3057 1903 3222 1969 pater
3265 1896 3562 1951 abbatissa
3596 1897 3744 1959 Uota,

2081 1985 2243 2041 obiit.

2152 2075 2271 2128 XIII
2325 2074 2450 2128 Kal.
2493 2074 2750 2129 Octobris
2818 2075 3104 2128 abbatissa
3175 2075 3340 2139 Uota,
3404 2073 3521 2126 ﬁlia
3564 2072 3750 2126 sororis

2083 2161 2482 2233 Chunigundis
2511 2161 2908 2232 imperatricis,
2941 2162 3103 2215 obiit.

2152 2253 2202 2305 II
2257 2251 2389 2304 Idus
2437 2249 2691 2306 Octobris
2748 2249 3062 2317 Heinricus,
3116 2249 3268 2304 ﬁlius
3322 2249 3512 2303 fratris
3566 2248 3749 2302 Chuni-

2081 2340 2292 2411 gundis
2335 2339 2732 2410 imperatricis,
2762 2339 2924 2394 obiit.

2155 2429 2196 2479 V
2225 2428 2348 2482 Kal.
2383 2427 2717 2482 Novembris
2760 2427 3076 2497 Sigefridus
3137 2429 3339 2482 Kunuz
3368 2441 3570 2490 comes,
3611 2428 3752 2495 pater

2085 2516 2486 2587 Chunigundis
2514 2515 2912 2586 imperatricis,
2946 2515 3114 2571 obiit.

2161 2605 2293 2659 Idus
2330 2605 2655 2658 Decembris
2685 2605 2919 2660 domina
2953 2603 3217 2658 Hedwich
3256 2603 3566 2668 comitissa,
3594 2606 3755 2654 maler

2087 2691 2486 2763 Chunigundis
2515 2693 2913 2763 imperatricis,
2946 2691 3106 2746 obiit.

2155 2780 2364 2834 Eodem
2391 2780 2483 2834 die
2513 2783 2705 2850 Agnes
2752 2779 3106 2851 imperatrix,
3153 2779 3275 2849 ejus
3334 2777 3751 2848 consanguinea,

2081 2869 2248 2924 obiit.
2268 2879 2270 2881 '

1403 3180 1931 3277 SANCTI
2045 3184 2663 3279 HENRIGI

1629 3361 2095 3417 IMPERATORIS
2135 3362 2434 3416 AUGUSTI

667 3507 1270 3632 LEGES
1369 3510 1597 3631 ET
1733 3509 3406 3638 CONSTITUTIONES

1368 3703 1577 3772 (Pertz,
1607 3705 1866 3769 Monum,
1898 3707 2073 3758 Germ.
2107 3704 2234 3758 hist.
2267 3706 2393 3771 Leg.
2427 3709 2567 3758 tom.
2604 3704 2698 3771 II.)

292 3861 1012 3934 Codicum_Ambrosiani,
1066 3862 1461 3929 Londinensis,
1507 3863 1840 3930 Florentini,
1895 3863 2370 3930 Vindobonensis,
2404 3863 2747 3919 Veronensis
2794 3869 2852 3919 et
2896 3864 3144 3918 Estensis
3203 3864 3352 3934 apud
3417 3861 3759 3934 Maratorium

359 3948 468 4002 ope
499 3931 746 3988 Heinrici
784 3933 825 3986 Il
868 3934 1022 4003 leges
1071 3934 1529 4003 recognovimus.
1594 3936 1670 3988 De
1725 3951 1878 3988 anno
1907 3935 1999 3988 cui
2042 3935 2390 3989 ascribenda
2419 3941 2610 3990 essent
2659 3935 3057 4001 dubitabatur;
3101 3951 3205 3988 nos
3236 3931 3372 3990 1019

3429 3933 3760 4005 pratulimus

360 4005 696 4057 auctoritate
739 4003 949 4076 codicis
979 4004 1339 4076 Ambrosiani
1364 4004 1738 4058 indictionem
1796 4006 2022 4059 tertiam
2061 4005 2385 4073 indicantis,
2444 4011 2500 4060 et
2536 4007 2716 4060 altero
2747 4007 2848 4076 qui
2877 4006 2936 4060 in
2964 4007 3245 4060 calculum
3299 4003 3498 4060 venire
3541 4008 3758 4075 poterat,

361 4089 512 4128 anno
559 4076 714 4142 1023,
746 4073 1166 4145 expeditionem
1196 4074 1447 4128 Italicam
1478 4091 1764 4128 annorum
1788 4078 1915 4129 1021
1954 4092 1970 4129 ε

2153 4079 2178 4128 2
2200 4077 2434 4147 propius
2463 4073 2860 4148 subsequente.

366 4337 664 4393 Heinricus
703 4340 723 4376 ι
752 4337 852 4392 Dei
881 4337 1065 4411 gratia
1109 4337 1492 4392 miserationis
1521 4336 1544 4371 ²
1597 4339 1989 4394 Romanorum
2024 4340 2065 4395 C
2101 4339 2323 4410 vulgari
2354 4339 2588 4394 nomine
2618 4339 2956 4411 Strasburge
2987 4339 3012 4373 ⁸
3035 4344 3288 4405 vocatur,
3318 4339 3631 4392 multorum
3651 4348 3761 4404 per-

293 4426 606 4496 imperator
627 4430 936 4497 Augustus.
974 4415 1251 4481 omnibus
1308 4427 1516 4481 nostris
1545 4427 1807 4482 ﬁdelibus
1835 4444 1986 4498 pra-

286 4514 544 4569 sentibus
573 4514 747 4569 etiam
778 4521 836 4569 et
863 4515 1068 4570 futuris
1093 4522 1296 4570 notum
1329 4516 1451 4570 ﬁeri
1501 4518 1788 4585 volumus,
1835 4517 1991 4588 quod

287 4619 518 4673 semper
547 4604 631 4658 rei
679 4604 927 4674 publica
991 4605 1384 4675 providentes,
1434 4621 1563 4676 qua
1626 4606 1800 4676 digna
1835 4611 1988 4672 sunt,

288 4691 676 4762 probabilium
715 4697 736 4728 ³
790 4709 1171 4763 personarum
1229 4693 1408 4747 nostri
1462 4693 1692 4764 imperii
1731 4693 1990 4748 ﬁdelium

291 4779 626 4851 acceptione
657 4785 678 4817 ι
721 4780 1101 4851 disponimus.
1159 4783 1299 4837 Cum
1345 4787 1605 4854 tempore
1647 4783 1942 4836 auctumni
1971 4780 1994 4816 ⁵

290 4872 352 4924 in
383 4874 544 4940 parte
577 4869 864 4923 Elisantia
895 4868 938 4935 δ,
970 4870 1154 4924 nostri
1196 4871 1360 4941 regni
1397 4887 1505 4942 pro
1561 4870 1807 4924 utilitate
1841 4871 1989 4924 mul-

292 4958 534 5027 timoda,
590 4973 952 5012 moraremur
989 4955 1011 4991 ⁷
1059 4958 1120 5012 in
1191 4958 1419 5013 civitate
1461 4959 1795 5031 Argentina,
1861 4975 1989 5030 qua

2099 4424 2328 4483 latum9
2382 4432 2467 4481 est
2511 4443 2545 4481 a
2592 4443 2697 4481 nos
2753 4427 3049 4492 relatione,
3110 4426 3264 4497 quod
3341 4424 3580 4494 plurimi
3647 4427 3765 4474 tunc

2099 4520 2286 4583 erant,
2329 4516 2430 4586 qui
2467 4515 2573 4570 sub
2623 4515 2917 4569 occasione
2971 4514 3060 4568 his
3119 4513 3386 4584 periculis
3433 4511 3763 4567 laborabant.

2102 4605 2258 4661 Unde
2297 4605 2469 4659 etiam
2503 4604 2680 4675 digna
2707 4604 3034 4673 provisione
3064 4603 3332 4657 omnibus
3375 4603 3767 4658 succurrentes,

2101 4693 2480 4747 adtestatione
2511 4692 2696 4746 laudis
2719 4707 2893 4762 quam
2941 4691 3197 4762 plurium
3241 4690 3406 4745 nobis
3444 4687 3768 4744 adstantium

2098 4782 2376 4846 ﬁdelium,
2422 4780 2986 4850 archiepiscoporum
3037 4779 3476 4834 Mediolanensis
3531 4774 3772 4830 videlicet

2097 4875 2153 4924 et
2185 4869 2574 4925 Ravennensis
2601 4871 2667 4934 ιο,
2708 4869 3109 4938 episcoporum
3139 4867 3176 4902 "
3209 4882 3441 4937 quoque
3494 4862 3771 4920 Strasbur—

2095 4957 2290 5030 gensis
2355 4955 2426 5022 η,
2499 4955 2834 5024 Placentini,
2883 4955 3126 5010 Cumani
3190 4954 3581 5026 Vercellensis,
3648 4962 3770 5020 par-

1719 5089 1949 5143 VARI/E
1989 5086 2382 5144 LECTIONES.

374 5200 390 5234 ¹
473 5199 668 5253 Versus
698 5206 756 5252 in
785 5200 847 5253 L.
878 5199 942 5253 V.
979 5198 1075 5250 Vn.
1128 5197 1192 5251 E.
1228 5193 1396 5265 Regis
1427 5194 1675 5248 Ileinrici
1710 5196 1976 5248 latantur
2003 5194 2130 5264 lege
2163 5192 2373 5246 mariti.
2406 5193 2668 5265 Praefatio
2720 5195 2833 5265 tota
2859 5189 3005 5265 deest
3057 5190 3118 5242 in
3147 5188 3223 5265 Fl_.
3297 5190 3320 5223 ¹
3351 5178 3771 5265 ἀεςεεφιειέξξίε

302 5267 671 5322 miseratione
707 5271 778 5323 V.
822 5271 924 5323 Vn.
983 5270 1056 5322 E.

305 5497 354 5533 c.
383 5479 747 5534 vercellensis
769 5482 826 5532 in
880 5495 1057 5547 marg.
1114 5494 1276 5550 supp.
1315 5479 1417 5533 Vn.

1139 5247 1672 5336 ῖῂῖὸδᾶὁίιίωῆᾴιςέ
1707 5247 1799 5320 i'.’
1848 5247 2033 5318 ίάηαι
2061 5247 2327 5336 uactione_
2364 5247 2427 5318 L7.
2481 5247 2822 5336 A‘optumni
2853 5263 2912 5314 in
2964 5275 3153 5336 marg._
3199 5259 3308 5336 hoc
3359 5264 3442 5336 est
3488 5247 3654 5336 indic.

300 5339 462 5393 Amo.
540 5339 927 5392 ‘barisantia
972 5340 1076 5394 Vn.
1132 5334 1420 5392 crisantia
1466 5339 1530 5390 E.
1607 5334 1628 5369 ⁷
1655 5336 2089 5389 demoraremur
2128 5336 2196 5390 L.

309 5411 418 5464 Vn.
450 5411 521 5464 Ε.
603 5406 627 5442 9
657 5409 943 5478 prolatum
975 5411 1054 5463 Α.
1095 5411 1317 5478 perlatu
1349 5407 1417 5461 ad
1441 5423 1542 5460 nos
1574 5407 1816 5460 relatum
1845 5412 1929 5460 est
1969 5407 2031 5460 L.
2139 5406 2185 5447 ὀ
2204 5406 2552 5458 trauerensis
2582 5407 2655 5458 Α.
2691 5406 2993 5456 rauenensi

309 5497 354 5533 c.
383 5479 747 5534 vercellensis
769 5482 826 5532 in
880 5495 1057 5547 marg.
1114 5494 1276 5547 supp.
1315 5479 1417 5533 Vn.
1496 5476 1988 5547 “tranburgensis
2015 5477 2091 5530 Α.
2131 5474 2592 5545 transburgensis
2612 5477 2674 5530 L.
2715 5477 2779 5529 V.
2814 5475 2917 5528 ῐή.
2949 5473 2996 5526 Ε

2306 5332 2330 5367 ⁸
2362 5318 2659 5402 straburge
2707 5333 2776 5388 Α.
2829 5318 3311 5402 transburvgiewL.
3366 5325 3674 5402 transburg‘
3716 5318 3770 5382 ν,

2139 5406 2185 5447 ὀ
2204 5404 2552 5458 trauerensis
2582 5397 2655 5458 Ᾰ.
2691 5401 3023 5456 rauenensis
3052 5397 3129 5457 νζ
3195 5401 3297 5454 Vn.
3401 5399 3444 5434 “
3475 5412 3524 5450 e.
3579 5409 3632 5464 q.
3659 5397 3697 5445 t.
3723 5405 3770 5458 ι).
