3914 6190
182 308 265 359 225
1386 300 1515 357 LEG
1524 302 1605 357 ES
1644 302 1732 357 ET
1770 299 2275 357 CONSTITUTION
2282 301 2383 355 ES.

3542 308 3645 359 226

184 426 372 490 mensis,
438 422 730 493 Aquensis,
798 424 1120 487 Januensis,
1167 425 1210 459 ³³
1289 424 1584 489 Lunensis,
1637 425 1910 478 νοω-Α
1949 428 2046 477 aut
2075 429 2316 477 matrem
2374 427 2473 476 aut
2528 423 2763 477 fratrem
2796 426 2894 476 aut
2934 438 3193 476 sororem
3214 424 3301 477 vel
3352 430 3643 495 nepotem,

178 514 341 577 rensis,
371 515 409 547 ¹⁸
448 512 839 565 marcliionum
875 528 1106 582 quoque
1154 518 1210 566 et
1262 513 1539 566 comitum
1599 513 1830 567 Italien-

179 604 315 665 sinm,
353 602 617 654 nobilium
666 617 799 653 vero
849 602 1185 665 multorum,
1247 602 1616 655 vassallorum
1653 604 1712 667 '5,
1740 618 1827 654 sa-

179 689 415 760 pientium
443 693 496 741 et
538 688 819 757 judicum,
851 688 1003 740 inter
1061 687 1241 741 multa
1279 705 1407 759 quae
1459 689 1541 741 rei
1589 689 1829 758 publica:

177 776 535 846 congruebant,
587 774 693 827 tria
740 774 990 843 capitula
1043 774 1432 839 inseruimus;
1488 792 1616 845 quae
1676 780 1741 828 ut
1786 777 1831 811 “

176 865 232 919 ab
270 862 509 917 omnibus
558 864 599 897 ¹⁷
666 867 863 916 nostro
912 862 1181 932 subjectis
1228 864 1474 933 imperio
1536 862 1581 899 ¹⁸
1636 864 1826 917 obser-

176 958 342 1007 ventur
382 951 673 1022 stabilique
723 952 1121 1005 observatioue
1169 957 1495 1019 teneantur,
1544 952 1749 1006 amodo
1777 958 1832 1006 et

176 1042 399 1110 deinceps
447 1041 766 1105 statuimus,
802 1040 1073 1108 jubemus
1132 1037 1175 1073 '9
1223 1046 1279 1093 et
1334 1038 1577 1093 ﬁrmiter
1630 1041 1830 1111 praeci-

175 1132 346 1199 pimus.
382 1129 503 1181 Haec
564 1133 699 1180 sunt
764 1143 893 1197 quae
938 1127 1343 1181 inviolabiliter
1400 1128 1691 1181 observari
1736 1129 1829 1198 ju-

174 1218 357 1271 bemus.

228 1306 342 1374 Cap.
376 1308 422 1358 1.
472 1304 828 1373 Quicumque
858 1319 923 1356 ex
966 1320 1329 1375 quacumque
1368 1304 1601 1358 natione
1639 1304 1829 1374 legiti-

172 1410 297 1446 mam
345 1408 574 1446 uxorem
627 1392 842 1462 accepit
883 1391 952 1457 *0,
1003 1394 1091 1447 vel
1148 1394 1428 1463 acceperit
1484 1397 1543 1459 υ,
1603 1393 1649 1446 si
1704 1410 1831 1447 eam

171 1482 289 1535 mori
324 1482 620 1551 contigerit
661 1483 785 1535 sine
833 1481 965 1535 ﬁliis
1013 1480 1061 1516 ²²
1105 1498 1308 1535 eorum
1376 1483 1701 1548 amborum,
1746 1482 1833 1536 vir

169 1586 264 1623 sum
313 1571 462 1623 uxori
521 1570 782 1624 succedat
859 1576 915 1624 et
980 1570 1174 1623 omnia
1226 1570 1379 1623 bona
1445 1571 1569 1639 ejus
1646 1572 1829 1641 perci-

169 1660 279 1728 piat.

222 1748 264 1799 9.
291 1746 635 1817 Quicumque
675 1752 915 1817 propter
961 1746 1337 1816 cupiditatem
1383 1764 1575 1801 rerum
1609 1751 1828 1818 patrem

1941 513 2025 565 vel
2066 511 2318 582 aliquem
2368 527 2536 564 suum
2584 514 2627 546 ²³
2684 511 3100 581 propinquum,
3158 526 3260 580 per
3317 528 3375 565 se
3407 519 3507 566 aut
3545 529 3649 582 per

1938 601 2117 653 alium
2150 599 2517 664 interfecerit,
2568 598 2855 652 hereditas
2902 599 3185 652 interfecti
3234 600 3303 652 ad
3338 598 3481 653 alios
3519 617 3651 654 suos

1937 688 2229 758 legitimos
2278 688 2516 741 heredes
2568 686 2883 756 perveniat.
2944 688 3328 741 Interfectoris
3382 704 3516 741 vero
3549 688 3649 742 he-

1937 778 2147 830 reditas
2178 776 2234 829 in
2275 776 2410 829 ﬁsco
2470 776 2777 845 redigatur.
2834 775 2957 845 Ipse
3009 791 3140 827 vero
3173 776 3474 829 ordinante
3515 777 3643 847 epi-

1938 882 2109 935 scopo
2160 865 2385 934 publica
2433 864 2768 933 paenitentia
2824 864 3099 916 subdetur
3136 863 3201 918 ".
3254 864 3417 928 Quod
3472 865 3518 918 si
3549 867 3645 919 ille

1938 953 2038 1023 qui
2087 952 2325 1006 crimine
2382 952 2660 1022 arguitur,
2720 968 2929 1021 negare
2986 953 3250 1019 voluerit,
3287 968 3391 1022 per
3447 970 3505 1006 se
3534 970 3643 1023 pu-

1938 1057 2110 1110 gnam
2144 1040 2350 1106 faciat;
2385 1057 2487 1094 nec
2518 1041 2684 1094 liceat
2712 1041 2763 1092 ei
2804 1040 3163 1110 campionem
3191 1040 3238 1076 ²⁸
3280 1057 3384 1110 pro
3417 1058 3475 1094 se
3506 1042 3643 1095 dare

1938 1130 2047 1182 nisi
2100 1129 2388 1198 decrepita
2444 1132 2580 1182 aetas
2636 1134 2735 1182 aut
2784 1128 3079 1198 juvenilis,
3160 1134 3257 1183 aut
3312 1130 3645 1200 inﬁrmitas,

1939 1234 2195 1289 pugnare
2228 1216 2589 1287 prohibuerit
2619 1218 2752 1286 (86).

2010 1309 2061 1359 3.
2093 1305 2199 1369 Qui
2240 1322 2370 1358 vero
2397 1303 2443 1340 ³⁸
2500 1305 2647 1358 infra
2677 1312 2933 1358 treuvam
2989 1305 3078 1359 vel
3126 1308 3170 1341 ³⁷
3222 1306 3422 1360 datum
3491 1307 3651 1375 pacis

1939 1395 2197 1449 osculum
2250 1394 2501 1464 aliquem
2565 1393 2859 1446 hominem
2916 1392 3264 1447 interfecerit
3330 1401 3387 1447 et
3436 1410 3648 1464 negare

1936 1482 2197 1547 voluerit,
2254 1495 2507 1550 pugnam
2562 1496 2664 1550 per
2716 1495 2774 1532 se
2832 1479 3001 1532 faciat
3050 1500 3065 1545 ;
3127 1495 3231 1533 nec
3284 1481 3644 1551 campionem

1938 1587 2042 1640 pro
2072 1586 2130 1622 se
2160 1569 2337 1634 dabit,
2370 1569 2481 1621 nisi
2508 1568 2580 1620 sit
2611 1566 2658 1599 ³⁸
2710 1572 2773 1620 ut
2823 1568 3039 1621 dictum
3088 1574 3173 1621 est
3228 1584 3401 1638 supra
3462 1568 3529 1621 '9.
3583 1569 3643 1623 Si

1941 1674 2073 1711 vero
2105 1657 2397 1711 convictus
2445 1655 2637 1724 fuerit,
2672 1672 2905 1709 manum
2965 1671 3079 1725 qua
3109 1656 3483 1710 homicidium
3514 1654 3651 1710 fecit

1948 1747 2171 1801 amittat
2196 1746 2329 1815 (87).

785 2021 886 2104 S.
1005 2022 1564 2107 HENRICI
1668 2022 2082 2106 LEGES
2190 2020 2990 2105 PAPIENSES.

1586 2177 1721 2241 (An.
1758 2176 1915 2241 102?,
1956 2177 2101 2242 Aug.
2142 2175 2212 2244 1).

192 2301 398 2354 Exstant
426 2299 486 2353 in
508 2299 650 2354 actis
678 2299 883 2371 synodi
914 2299 1210 2369 Papiensis
1240 2316 1273 2371 a
1330 2300 1632 2354 Benedicto
1663 2301 1781 2354 VIII
1831 2301 2064 2369 habitat,
2112 2317 2145 2355 a
2173 2302 2439 2357 Cossarto
2491 2316 2557 2355 ex
2599 2300 2793 2355 codice
2844 2300 2905 2355 in
2945 2300 3061 2357 ﬁne
3099 2318 3332 2356 corroso
3363 2306 3519 2356 tomo
3553 2304 3615 2357 IX

1032 2370 1384 2424 collectionis
1409 2371 1783 2425 conciliorum
1818 2373 2153 2426 Parisiensis
2181 2388 2273 2426 an.
2313 2375 2439 2426 1671
2473 2372 2725 2427 insertis.

692 2492 951 2548 ORATIO
986 2494 1202 2547 ΡΑΡᾸΞ.

214 2667 529 2721 Communis
559 2667 761 2733 honor,
804 2652 1127 2721 communis
1165 2668 1345 2733 dolor,
1404 2675 1582 2724 etc....
1617 2674 1830 2725 Autore

156 2754 303 2824 igitur
356 2758 467 2810 Deo
532 2762 587 2810 et
647 2757 1000 2827 principibus
1049 2758 1255 2810 nostris
1309 2761 1474 2812 Petro
1528 2765 1583 2813 et
1630 2761 1830 2828 Paulo,

156 2842 361 2897 florente
389 2844 805 2915 gloriosissimo
840 2845 959 2898 ﬁlio
990 2851 1185 2899 nostro
1214 2847 1277 2901 H.
1312 2863 1539 2917 semper
1566 2854 1828 2917 augusto,

156 2934 576 3003 approbantibus
606 2934 875 2988 fratribus
910 2934 1117 2988 nostris
1149 2940 1205 2989 et
1234 2937 1504 2990 omnibus
1541 2955 1831 2992 consacer-

1938 2496 2185 2564 dotibns,
2218 2498 2371 2551 hunc
2398 2498 2476 2551 ita
2503 2498 2572 2552 de
2621 2498 2835 2552 mundo
2867 2498 3136 2553 tollamus
3169 2515 3445 2565 errorem,
3488 2505 3543 2553 et
3573 2499 3653 2553 ita

1939 2585 2086 2638 hanc
2113 2585 2551 2656 intelligentiam
2583 2586 2853 2639 omnibus
2886 2588 3126 2655 sazcnlis,
3168 2588 3329 2641 omni
3361 2588 3651 2642 dubietate

1939 2672 2157 2742 fugata,
2202 2673 2593 2738 infundamus,
2649 2678 2712 2727 ut
2751 2673 2925 2726 nullis
2970 2690 3245 2744 umquam
3294 2676 3650 2744 temporibus

1938 2761 2061 2815 haec
2118 2762 2296 2831 pestis
2352 2761 2678 2831 repullulat,
2723 2778 2824 2814 nec
2872 2778 3147 2832 umquam
3197 2764 3257 2816 in
3289 2764 3498 2816 talibus
3530 2764 3651 2816 sine

1938 2867 2108 2903 causa
2177 2854 2440 2904 secutura
2496 2850 2800 2919 posteritas
2876 2850 3116 2904 dubitet.
3178 2852 3243 2905 Et
3299 2857 3364 2905 ut
3415 2850 3649 2904 ﬁrmum

1937 2944 2069 3008 post
2122 2939 2228 2992 hac
2271 2938 2424 3009 quod
2452 2938 2741 2992 sancimus
2792 2945 3146 3009 permaneat,
3189 2946 3245 2993 et
3294 2940 3355 2993 in
3385 2940 3528 2993 fines
3558 2956 3655 2993 or-

1550 3074 1789 3129 VARUE
1840 3076 2131 3130 LECTION
2143 3076 2219 3129 ES

210 3168 431 3225 “vocem
468 3174 649 3240 recepi
694 3187 760 3225 ea:
799 3173 863 3225 L.
931 3170 975 3207 “
1013 3172 1159 3225 deest
1203 3174 1266 3226 E.
1330 3174 1373 3207 ¹³
1412 3189 1555 3226 uas..
1624 3190 1819 3227 sorum
1880 3190 2013 3228 corr.
2084 3190 2486 3228 uasuassorum
2556 3179 2629 3227 Α.
2701 3174 2744 3208 ¹⁶
2782 3176 2839 3225 et
2871 3174 2945 3227 A.
3022 3174 3064 3208 ιτ
3132 3171 3470 3225 hominibus
3518 3174 3629 3226 Vn.

156 3238 191 3271 ⁸⁸
239 3243 403 3295 nostri
456 3238 787 3311 imperiiA.
829 3244 890 3297 V.
934 3244 1033 3295 Vn.
1097 3244 1166 3295 E.
1201 3240 1247 3275 ‘9
1286 3243 1431 3313 deest
1464 3246 1517 3297 L.
1552 3242 1601 3276 ²⁰
1640 3252 1984 3313 acceperunt
2056 3248 2120 3299 Α.
2170 3247 2231 3298 V.
2301 3247 2399 3298 Vn.
2467 3244 2686 3312 accepit
2751 3245 2838 3296 vel
2890 3247 2948 3296 in
2982 3243 3099 3296 cod.
3171 3243 3339 3296 Lond.
3394 3243 3644 3295 secunda

151 3325 289 3364 manu
317 3315 581 3367 insertum
637 3315 679 3348 ²¹
713 3313 1034 3382 acceperint
1068 3314 1132 3367 V.
1171 3316 1276 3366 Vn.
1342 3312 1389 3348 ²²
1457 3313 1609 3378 filiis,
1678 3312 1903 3369 ﬁliabus
1943 3318 2012 3369 A.
2044 3319 2088 3351 ³³
2129 3317 2213 3369 vel
2271 3318 2449 3369 alium

2482 3331 2545 3384 p.
2584 3317 2643 3368 L.
2707 3312 2755 3349 "
2798 3315 3087 3378 publicam
3153 3319 3285 3382 agat
3351 3314 3645 3382 paeniten-

151 3382 265 3461 tiam
293 3382 419 3463 ²⁵
484 3382 909 3463 campbi-onemn
951 3382 1013 3436 L.
1058 3385 1126 3463 V.
1162 3386 1264 3463 Vn:
1326 3384 1411 3437 hic
1472 3390 1521 3438 et
1574 3385 1744 3455 infra.
1783 3384 1832 3421 ²⁶
1893 3386 2039 3441 deest
2070 3391 2133 3442 Α.
2195 3385 2240 3420 ³⁷
2305 3402 2354 3440 v.
2388 3382 2517 3456 post
2581 3385 2638 3440 d.
2682 3386 2742 3440 L.
2775 3384 2823 3421 ’⁸
2879 3385 3026 3438 deest
3064 3386 3151 3449 V.,
3224 3385 3325 3438 Vn.
3390 3384 3533 3436 sicut
3574 3386 3649 3437 E.

1836 3526 2040 3581 NOTAE

209 3621 303 3693 (86)
328 3622 496 3691 Apud
538 3622 913 3676 Muratorium
964 3622 1137 3691 capiti
1192 3624 1244 3675 2.
1297 3621 1682 3691 subjiciuntur
1711 3623 1821 3676 for-
1856 3624 1895 3677 C
1934 3639 2045 3693 que
2098 3623 2273 3676 talis:
2333 3624 2607 3678 advocato
2658 3623 2803 3677 victo
2874 3627 2935 3675 ut
2992 3637 3251 3693 manumr
3294 3621 3517 3690 perdat,
3551 3626 3652 3673 aut

154 3450 330 3505 nisicut
350 3469 493 3509 corr.
527 3450 641 3507 nisi
672 3458 735 3507 ut
762 3457 838 3507 Α.
862 3450 909 3489 ³9
940 3453 1201 3524 superius
1232 3456 1290 3508 L.

156 3690 296 3763 mulae
320 3690 535 3747 veteres
566 3709 708 3763 quas
752 3694 842 3747 hic
886 3690 1295 3762 repraesentare
1342 3690 1528 3762 operae
1580 3694 1830 3763 pretium

153 3760 384 3833 duximus
416 3779 429 3816 :
460 3793 536 3802 —
588 3760 621 3810 ἱ(
652 3765 833 3829 Petre,
864 3768 921 3817 te
948 3760 1231 3833 _appellat
1283 3760 1719 3833 Martinusfqui
1749 3770 1832 3817 est

154 3830 427 3885 advocatus
476 3834 549 3887 de
581 3839 741 3903 parte
794 3830 1237 3903 publica—[quod
1296 3838 1354 3885 tu
1406 3830 1830 3887 occidistiMar-

154 3903 405 3974 quardum
441 3910 614 3957 tuum
668 3910 885 3972 patrem
947 3920 1049 3974 per
1104 3904 1493 3973 cupiditatem,
1530 3906 1830 3958 antinter-

156 3970 443 4044 ticifecisti.
484 3976 612 4028 Non
643 3970 827 4044 placet
874 3970 1006 4028 Deo.
1071 3970 1194 4027 Vis'
1221 3976 1273 4027 ei
1322 3976 1583 4028 adardire
1610 3977 1639 4029 ?
1673 3977 1827 4029 Volo.

157 4039 351 4115 Yadiate
400 4039 681 4115 pugnam.
724 4046 862 4109 Quae
914 4046 1238 4099 vadimonia
1285 4046 1497 4099 debent
1534 4062 1656 4099 esse
1701 4063 1830 4099 cum

158 4112 562 4188 tidejussoribus
591 4116 757 4169 tacita
804 4132 994 4185 poena.
1036 4118 1208 4188 cujus
1254 4116 1449 4188 placiti
1466 4123 1831 4188 sacramenta

158 4187 347 4238 itaesse
402 4188 636 4240 debent.
702 4188 1017 4240 Advocatus
1065 4187 1273 4255 juret:
1328 4187 1407 4239 De
1465 4187 1573 4239 hoc
1605 4188 1754 4241 unde
1776 4193 1831 4241 te

157 4256 426 4327 appellavi,
486 4274 582 4311 me
613 4257 827 4310 sciente
858 4258 927 4309 de
957 4262 1107 4310 torto
1136 4262 1189 4309 te
1216 4272 1328 4308 non
1379 4258 1679 4326 appellavi.
1723 4262 1833 4327 Ap-

156 4325 367 4390 pellatus
396 4329 479 4381 ita
509 4345 521 4381 :
560 4329 635 4382 De
658 4328 781 4393 hoc,
808 4328 959 4381 unde
1002 4332 1063 4380 tu
1098 4343 1187 4379 me
1217 4325 1542 4395 appellasti,
1584 4328 1653 4381 de
1684 4325 1831 4381 torto

155 4408 230 4468 me
258 4399 572 4466 appellasti.
632 4398 698 4450 Et
724 4399 843 4451 haec
892 4398 1184 4468 responsio
1231 4397 1403 4451 debet
1428 4414 1549 4451 esse
1584 4403 1830 4464 tantum,

154 4464 628 4522 dum—advocatus
676 4468 935 4522 adardiat
982 4464 1035 4521 ei
1093 4469 1325 4521 bellum.
1374 4468 1433 4521 Si
1484 4484 1611 4522 vero
1660 4469 1831 4523 advo-

155 4541 287 4609 catus
315 4555 428 4591 non
484 4539 609 4591 vult
644 4539 695 4591 ei
726 4539 1010 4603 adardire,
1066 4544 1200 4592 tunc
1247 4539 1566 4608 appellatus
1606 4540 1831 4609 jureju-

155 4607 306 4678 rando
359 4610 680 4663 secundum
738 4626 905 4662 suam
960 4610 1144 4678 legem
1202 4607 1621 4677 se’defendat,
1653 4607 1834 4663 ita'ut

154 4676 426 4748 advocatus
475 4684 647 4733 antea
679 4696 795 4732 non
836 4676 1105 4748 juretht
1135 4680 1242 4732 hoc
1275 4695 1376 4747 per
1400 4676 1595 4732 usum.
1641 4680 1707 4733 Et
1727 4680 1833 4733 hoc

155 4746 299 4801 debet
325 4766 446 4803 esse
475 4752 540 4803 in
588 4746 856 4803 omnibus
904 4746 1403 4819 appellationibus.
1461 4750 1543 4803 lbi
1589 4758 1832 4819 utraque

153 4831 253 4889 esse
296 4827 553 4889 possunt.
616 4820 673 4874 Si
720 4836 853 4874 vero
902 4826 1126 4873 tantum
1185 4826 1540 4874 sacramenta
1580 4836 1701 4873 esse
1730 4820 1832 4875 de-

153 4885 462 4961 bgnt,'tunc
533 4891 851 4959 appellatus
884 4892 1040 4960 juret
1086 4890 1396 4944 secundum
1452 4906 1614 4944 suam
1645 4892 1832 4960 legem
1859 4908 1902 4961 ι)

156 4956 341 5031 absque
364 4956 724 5015 sacramento
758 4956 1033 5015 advocati.
1068 4962 1254 5026 Petre,
1308 4966 1363 5014 te
1395 4963 1645 5031 appellat
1696 4956 1834 5015 ﬂar-

152 5028 305 5098 tinus,
352 5033 515 5102 quod
568 5032 821 5085 occidisti
864 5032 1254 5102 Marculphum
1298 5028 1490 5085 suurif
1527 5038 1747 5102 patrem
1779 5037 1835 5086 et

154 5102 296 5153 tuum
335 5118 439 5171 per
467 5102 861 5171 cupiditatem,
890 5108 988 5155 ant
1020 5102 1262 5155 interﬁci
1315 5102 1517 5155 fecisti.
1553 5103 1629 5156 De
1682 5107 1833 5156 torto

154 5182 233 5243 me
281 5173 604 5243 appellasti.
664 5172 756 5226 Vis
824 5173 874 5226 ei
929 5173 1189 5227 adardire
1224 5172 1251 5225 ?
1280 5172 1431 5226 Volo.
1466 5174 1530 5226 Et
1561 5178 1625 5226 tu
1652 5173 1736 5226 vis
1779 5178 1835 5227 te

154 5238 435 5314 defendere
464 5243 495 5297 ?
543 5244 697 5297 Volo.
755 5243 993 5314 Vadiate
1040 5259 1316 5313 pugnam.
1370 5243 1429 5297 Si
1453 5253 1587 5296 vero
1638 5245 1837 5314 appel-

156 5307 281 5363 lator
307 5314 351 5366 is
390 5315 649 5367 noluerit
698 5313 977 5379 adardire,
1012 5307 1153 5367 tunc
1200 5314 1375 5383 juret,
1420 5319 1481 5367 ut
1529 5307 1837 5383 supra'di-

156 5385 287 5436 ctum
323 5391 427 5438 est.
483 5385 553 5437 Et
598 5385 923 5454 appellatus
976 5384 1261 5450 similiter,
1310 5389 1375 5437 ut
1419 5400 1609 5453 supra.
1644 5384 1835 5438 Sacra-

158 5456 411 5507 mentales
440 5471 576 5526 vero
620 5456 839 5526 jurent.
902 5456 1035 5519 Hoc,
1080 5456 1231 5526 quod
1270 5456 1587 5526 appellatus
1628 5454 1845 5524 juravit

159 5534 333 5577 verum
348 5525 569 5595 juravit
606 5525 704 5579 :Si
736 5526 905 5582 Deus.
966 5526 1139 5579 Poena
1188 5541 1318 5579 vero
1377 5525 1643 5579 imminet
1672 5526 1843 5579 utris-

1942 3692 2205 3758 redimat,
2242 3700 2298 3747 et
2326 3695 2652 3763 propinquo
2703 3693 2968 3746 similiter
3000 3710 3013 3757 ;
3068 3692 3379 3761 appellato,
3433 3700 3497 3745 ut
3534 3708 3655 3745 non

1940 3764 2148 3817 habeat
2176 3762 2573 3818 hereditatem
2596 3763 2877 3816 interfecti
2907 3782 2921 3829 ;
2964 3779 3123 3815 suam
3170 3762 3402 3831 quidem
3430 3762 3655 3831 perdat,

1942 3836 2199 3887 bannum
2230 3835 2425 3892 solvat.
2474 3850 2710 3886 manum
2740 3834 2963 3886 amittat
3023 3839 3122 3885 aut
3154 3832 3419 3897 redimat,
3455 3832 3510 3884 id
3544 3839 3651 3895 est,

1943 3909 2003 3957 ut
2031 3904 2313 3973 widrigild
2347 3904 2577 3969 tribuat,
2621 3912 2678 3956 et
2729 3903 3031 3973 ordinante
3080 3903 3346 3970 episcopo
3405 3902 3649 3973 publica:

1939 3969 2292 4044 poenitentiae
2340 3974 2633 4027 subdetur.
2668 3974 2727 4028 Si
2772 3990 2905 4026 vero
2939 3969 3004 4025 lis
3047 3969 3150 4042 per
3192 3969 3548 4044 sacramenta
3584 3972 3654 4025 ab

1942 4041 2201 4115 utrisque
2239 4044 2493 4107 ﬁniatur,
2536 4046 2694 4098 nulla
2730 4060 2899 4113 paena
2929 4044 3009 4096 eis
3054 4041 3373 4095 immineat.
3425 4041 3482 4095 Si
3515 4057 3649 4115 vero

1940 4112 2266 4183 advocatus,
2300 4117 2386 4169 vel
2433 4131 2661 4185 parens,
2698 4112 3053 4185 juraverint,
3083 4120 3138 4166 et
3164 4129 3296 4185 reus
3344 4129 3403 4165 se
3442 4112 3649 4182 puriﬁ-

1940 4204 2066 4241 care
2123 4203 2294 4240 ausus
2346 4184 2461 4239 non
2507 4186 2701 4253 fuerit,
2785 4190 2921 4238 tunc
2969 4184 3353 4253 supradictam
3414 4198 3645 4253 poenam

1941 4258 2257 4311 substineat
2279 4263 2486 4326 praeter
2506 4255 2806 4327 widrigild.
2846 4277 2866 4303 ι

2010 4332 2127 4397 (87)
2191 4324 2449 4381 Fofmulz
2493 4324 2830 4382 veteresz—
2875 4327 3058 4390 Petre,
3090 4330 3145 4377 te
3198 4324 3452 4394 appellat
3504 4324 3647 4397 _Mar-

1941 4394 2114 4465 tinus,
2148 4399 2303 4467 quod
2333 4404 2395 4451 tu
2426 4400 2677 4452 occidisti
2712 4400 2993 4451 Donatum
3026 4412 3192 4448 suum
3224 4403 3449 4467 patrem
3501 4394 3650 4447 infra

1940 4466 2221 4530 treuvam,
2251 4468 2339 4521 vel
2384 4469 2531 4522 infra
2584 4470 2783 4522 datum
2839 4468 3097 4521 osculum
3153 4466 3324 4535 pacis.
3386 4466 3463 4518 De
3494 4470 3648 4518 torto

1944 4556 2033 4593 me
2074 4538 2395 4609 appellasti.
2459 4540 2552 4592 Vis
2606 4540 2681 4609 ei
2714 4538 2978 4592 adardire
3005 4538 3033 4590 ?
3070 4537 3326 4609 VolotEt
3363 4540 3428 4588 tu
3478 4537 3558 4609 vis
3588 4539 3653 4609 _te

1948 4605 2300 4663 defendere?
2344 4610 2505 4665 Volo.
2574 4608 2806 4662 Vadiate
2873 4623 3148 4679 pugnam.
3218 4608 3393 4679 Cujus
3452 4605 3651 4679 placiti

1943 4686 2296 4734 sacramenta
2328 4679 2409 4732 ita
2438 4683 2589 4733 sunt.
2630 4676 2981 4748 Appellaton
3004 4679 3197 4747 juret:
3230 4678 3305 4730 De
3340 4678 3465 4740 hoc,
3501 4676 3651 4729 unde

1943 4757 1997 4805 te
2032 4750 2335 4824 appellavi,
2372 4751 2527 4820 quod
2552 4756 2612 4803 tu
2646 4749 2900 4824 occidisti
2941 4755 3162 4824 patrem
3222 4764 3415 4824 meum
3466 4748 3650 4824 Dona-

1941 4819 2078 4875 tum’
2106 4819 2252 4874 infra
2291 4819 2569 4882 treuvam,
2614 4821 2700 4873 vel
2740 4819 2888 4873 infra
2938 4820 3133 4873 datum
3167 4820 3423 4871 osculum
3474 4819 3652 4884 pacis,

1942 4908 2034 4945 me
2073 4892 2285 4964 sciente
2317 4890 2565 4964 detorto
2593 4896 2648 4945 te
2704 4906 2820 4964 non
2852 4890 3129 4961 appellavi
3172 4904 3184 4941 :
3246 4888 3500 4964 Si_Deus.
3535 4889 3651 4964 Ap:

1943 4964 2187 5032 pellatus
2216 4962 2296 5015 ita
2334 4977 2347 5015 :
2403 4962 2479 5015 De
2508 4961 2637 5026 hoc,
2693 4961 2844 5015 unde
2877 4955 2944 5014 tu
2992 4976 3083 5032 me
3112 4956 3457 5032 _appellasti,
3497 4955 3651 5032 quod

1943 5026 2051 5102 ego
2115 5032 2447 5086 occidissem
2502 5038 2724 5102 patrem
2792 5038 2958 5085 tuum
3031 5026 3529 5102 infra'treuvam,
3569 5026 3653 5102 _de

1943 5096 2095 5157 tdrto
2136 5119 2226 5156 me
2283 5096 2630 5173 appella-sti:
2691 5102 2749 5157 Si
2789 5104 2957 5173 Deus.
3023 5099 3081 5153 Si
3134 5113 3266 5150 vero
3332 5096 3657 5164 appellator

1944 5171 2512 5248 nolueritadardire,
2546 5179 2696 5248 tunc
2736 5173 2802 5225 lis
2832 5171 3084 5248 ﬁniatur-
3113 5183 3216 5247 per
3274 5173 3654 5248 sacramenta.

1947 5244 2293 5313 utsuperius
2350 5244 2618 5298 diximus.
2667 5244 2837 5296 Poena
2862 5242 3328 5313 veroutriusque
3368 5242 3653 5291 imminet.

1948 5309 2299 5384 Appe'llatori
2349 5331 2504 5381 vero,
2539 5314 2587 5367 si
2641 5314 2818 5384 victus
2876 5309 3070 5376 fuerit,
3116 5314 3192 5384 _ut
3246 5324 3479 5362 manum
3504 5324 3659 5384 _per-

1952 5379 2068 5450 est,
2128 5389 2227 5438 aut
2281 5379 2540 5439 redimat.
2615 5383 2934 5452 Appellato,
2998 5386 3059 5434 ut
3115 5380 3376 5434 bannum
3435 5379 3657 5452 solvat,

1954 5470 2192 5525 manum
2256 5456 2477 5525 perdat,
2538 5459 2594 5507 et
2658 5449 3039 5506 homicidium
3098 5451 3415 5506 secundum
3472 5449 3660 5519 legem

1955 5524 2243 5580 emendet.
