4016 6202
317 309 421 361 227

1622 305 1679 359 S.
1731 306 2014 361 HENRICI
2054 304 2521 360 IMPERATORIS

3731 308 3839 358 2‘28

317 432 406 486 bis
448 435 617 486 terra
684 429 1137 485 conservandum
1210 429 1527 500 perveniat,
1603 428 1780 483 totius
1848 429 2021 500 hujus
2050 430 2095 483 Α
2128 428 2223 498 jus
2253 428 2420 483 liberi
2448 428 2667 483 titulari
2698 427 3187 499 prasumpseriut,
3220 427 3592 482 anathemate
3621 426 3850 481 ferien-

320 536 546 575 summa
601 519 896 573 sententia
942 518 1048 573 hac
1104 519 1283 572 nostri
1325 519 1511 573 forma
1566 516 1797 583 decreti,
1830 518 2020 571 fratri-

320 610 427 662 bus
461 612 517 661 et
571 607 924 677 coepiscopis
986 606 1194 661 nostris
1246 605 1755 673 subscribeutibus,
1810 604 2019 659 conﬁr-

322 696 593 750 mabitur.

396 789 446 837 1.
509 786 574 837 Ut
611 784 795 837 nullus
843 785 902 836 in
964 784 1101 837 clero
1152 781 1431 837 mulierem
1491 783 1746 847 attingat.
1822 782 2020 835 Nullus

314 871 629 943 presbyter,
672 872 861 924 nullus
914 869 1207 938 diaconus,
1251 870 1442 922 nullus
1471 869 1874 937 subdiaconus,
1899 870 2021 923 uul-

316 961 405 1013 lus
436 959 497 1013 in
522 959 693 1023 clero,
727 974 964 1011 uxorem
995 963 1095 1011 aut
1150 956 1531 1011 concubinam
1554 957 1839 1026 admittat,
1890 974 2021 1012 cum

317 1048 463 1101 nulli
493 1062 721 1116 quoque
770 1046 1043 1098 laicorum
1085 1046 1226 1099 scire
1273 1046 1441 1099 liceat
1480 1046 1779 1100 mulierem
1812 1052 2024 1117 prater

320 1150 575 1189 uxorem.
639 1132 801 1196 Quod
844 1132 890 1185 si
945 1131 1161 1198 fecerit,
1223 1133 1535 1186 secundum
1584 1134 2022 1188 ecclesiasticam

320 1223 575 1292 regulam
634 1222 973 1290 deponatur.
1008 1222 1115 1276 Sed
1173 1236 1362 1291 neque
1392 1221 1707 1275 secundum
1742 1224 2022 1276 humanas

318 1311 472 1381 leges
515 1325 583 1362 ex
639 1310 811 1378 longo
861 1308 1035 1361 factas
1092 1313 1147 1362 et
1168 1315 1441 1380 receptas,
1495 1310 1645 1363 ullus
1695 1310 2023 1365 admiratio-

320 1398 409 1451 nis
436 1395 487 1431 ⁸ο
511 1397 699 1451 locum
723 1396 777 1449 in
810 1398 974 1466 plebe
996 1397 1220 1450 habeat.

390 1488 442 1538 2.
481 1487 547 1538 Ut
590 1487 872 1553 episcopus
900 1485 1104 1537 nullam
1134 1488 1397 1551 feminam
1438 1486 1652 1554 habeat,
1698 1502 1867 1555 neque
1904 1502 2022 1541 cum

318 1574 508 1641 aliqua
573 1572 796 1625 habitet.
861 1572 1167 1642 Episcopus
1219 1574 1363 1626 sicut
1413 1575 1628 1627 nullam
1663 1574 1915 1641 habebit,
1946 1576 2024 1629 ita

320 1676 449 1714 cum
473 1660 631 1713 nulla
660 1659 891 1728 penitus
944 1660 1245 1714 habitabit.
1301 1660 1460 1724 Quod
1500 1661 1546 1713 si
1577 1660 1791 1727 fecerit,
1826 1667 1881 1715 et
1913 1678 2019 1715 no-

320 1748 452 1802 stris
494 1747 709 1819 regulis
763 1753 819 1800 et
870 1747 1179 1801 mundanis
1246 1748 1468 1817 legibus
1520 1748 2021 1811 concordantibus,

320 1837 562 1902 honore,
592 1851 704 1904 quo
736 1852 794 1888 se
825 1834 947 1903 ipse
979 1835 1110 1889 fecit
1138 1835 1464 1905 indignum,
1492 1836 1808 1905 abjicietur.

390 1927 444 1978 3.
511 1925 577 1977 Ut
613 1924 718 1991 ﬁlii
764 1924 1095 1984 clericorum.
1141 1940 1421 1977 servorum
1459 1926 1705 1990 ecclesia,
1748 1926 1892 1978 servi
1918 1927 2027 1978 sint

318 2013 547 2065 ecclesia
592 2026 711 2064 cum
766 2012 1011 2065 omnibus
1068 2012 1385 2081 adquisitis.
1443 2012 1568 2066 Filii
1628 2018 1686 2065 et
1734 2012 1866 2066 ﬁlia
1896 2029 2024 2066 om-

321 2100 484 2153 nium
537 2099 874 2153 clericorum
915 2100 1292 2171 omniumque
1344 2102 1629 2169 graduum
1690 2101 1758 2155 de
1809 2101 2029 2155 familia

320 2186 589 2252 ecclesia,
632 2203 696 2240 ex
741 2202 1098 2257 quacumque
1142 2189 1322 2242 libera
1364 2188 1627 2254 muliere,
1661 2204 2027 2259 quocumque

319 2276 491 2329 modo
537 2275 645 2328 sibi
695 2276 1000 2345 conjuncto
1061 2275 1253 2342 fuerit,
1318 2276 1519 2345 geniti,
1586 2292 1716 2329 cum
1758 2276 2027 2330 omnibus

317 2364 483 2417 bonis
514 2379 616 2435 per
662 2366 1070 2433 cujuscumque
1104 2379 1307 2416 manus
1346 2363 1669 2432 adquisitis,
1717 2364 1864 2416 servi
1894 2380 2025 2433 pro-

316 2452 425 2521 prii
467 2469 583 2505 sua
624 2457 794 2505 erunt
842 2451 1114 2517 ecclesia,
1178 2466 1282 2503 nec
1341 2466 1594 2519 unquam
1650 2451 1718 2503 ab
1775 2451 2026 2505 ecclesia

315 2541 587 2594 servitute
618 2540 871 2593 exibunt.

386 2628 439 2681 4.
505 2629 572 2681 Ut
628 2626 763 2696 filiis
820 2627 1154 2689 clericorum;
1214 2640 1489 2678 servorum
1548 2627 1798 2691 ecclesia,
1844 2628 2026 2681 nullus

307 2716 484 2783 judea
510 2717 810 2769 libertatem
860 2716 1175 2782 promittat,
1208 2712 1566 2783 Quicumque
1609 2715 1757 2767 ﬁlios
1787 2716 2025 2769 clerico-

315 2819 461 2868 rum,
505 2819 796 2857 servorum
828 2801 1100 2869 ecclesia,
1146 2801 1214 2854 de
1262 2814 1624 2872 quacumque
1683 2802 1860 2857 libera
1889 2820 2023 2873 pro-

314 2898 551 2956 creatos,
614 2892 827 2944 liberos
873 2905 996 2942 esse
1038 2889 1407 2958 judicaverit,
1451 2891 1756 2944 anathema
1827 2892 1919 2957 sit,
1970 2898 2023 2946 et

2131 524 2245 571 tur.
2300 517 2409 572 Sed
2458 533 2645 588 neque
2687 515 3068 570 honorabitur
3120 515 3178 568 in
3241 516 3476 584 palatio,
3534 516 3643 586 qui
3675 518 3855 569 eccle-

2130 605 2296 673 siam,
2324 606 2517 676 palatii
2537 610 2804 671 matrem,
2834 620 2947 657 non
2981 603 3209 657 erubuit
3254 604 3624 674 impugnare.

2204 696 2317 749 Hoc
2346 698 2535 747 autem
2567 692 2819 747 ecclesia
2860 692 2962 745 Dei
3016 695 3447 758 testamentum,
3482 699 3693 745 contra
3728 707 3856 744 rna-

2130 784 2436 853 lignantes,
2497 783 2612 836 Deo
2671 786 3406 847 autore,autoramentum,
3486 780 3859 834 dilectissimi

2129 873 2234 926 ﬁlii
2266 871 2445 925 nostri
2476 872 2539 924 Η.
2593 870 2823 939 augusti
2879 869 3052 923 edicti
3096 870 3220 939 lege
3278 870 3524 931 ﬁrmari,
3566 869 3856 921 corrobo-

2129 962 2269 1031 rari,
2296 966 2353 1015 et
2381 960 2648 1014 humanis
2686 958 2863 1012 inseri
2908 964 2965 1011 et
2993 958 3223 1011 inscribi
3267 957 3494 1027 legibus
3537 958 3859 1021 volumus;

2130 1054 2187 1104 et
2220 1066 2322 1119 per
2353 1064 2582 1101 omnem
2617 1045 2845 1117 imperii
2886 1046 2974 1099 sui
3023 1044 3409 1113 latitudinem,
3439 1050 3506 1099 ut
3561 1045 3858 1113 suscipia-

2131 1145 2246 1204 tur,
2280 1141 2563 1201 teneatur,
2623 1140 2678 1189 et
2725 1135 2956 1207 publica
3006 1136 3313 1188 autoritate
3363 1133 3525 1187 omni
3581 1138 3855 1203 tempore

2125 1227 2438 1299 judicetur,
2468 1241 2668 1279 omnes
2727 1225 2787 1277 in
2847 1240 3149 1278 commune
3202 1239 3435 1277 oramus
3465 1229 3524 1276 et
3571 1222 3851 1276 obsecra-

2133 1333 2286 1371 mus.
2326 1316 2446 1370 Erit
2462 1314 2637 1387 [enim
2686 1314 2800 1367 Deo
2830 1314 3055 1367 volente
3084 1312 3144 1366 in
3175 1318 3455 1365 aternum
3504 1311 3848 1376 valiturum,

2132 1405 2199 1472 si,
2269 1405 2420 1475 quod
2469 1402 2845 1457 ecclesiastica
2922 1402 3168 1470 gravitas
3242 1401 3531 1471 prohibet,
3617 1400 3850 1470 publica

2132 1494 2305 1547 fuerit
2330 1493 2524 1562 vigore
2580 1491 3047 1545 exterminatum.
3099 1490 3207 1543 Nec
3246 1489 3469 1543 factiosi
3516 1488 3695 1557 hujus
3747 1489 3853 1541 de-

2132 1582 2271 1635 creti
2313 1580 2611 1634 scientiam
2658 1579 3126 1644 dissimulabunt,
3191 1594 3320 1648 qua
3370 1578 3637 1631 omnium
3688 1576 3856 1629 libris

2135 1669 2431 1739 inscripta,
2472 1684 2577 1738 per
2625 1684 2727 1721 ora
2782 1667 3043 1721 omnium
3102 1666 3388 1732 evolsbit;
3447 1681 3554 1719 nec
3612 1666 3857 1734 impune

2135 1757 2422 1827 putabunt
2454 1755 2807 1818 audendum,
2861 1754 3016 1824 quod
3067 1754 3295 1824 publica
3325 1754 3667 1807 damnatum
3705 1768 3863 1806 seve-

2134 1846 2301 1901 ritate
2335 1844 2729 1914 cognoverint.

2209 1935 2325 2003 Ego
2385 1934 2444 1987 Β.
2508 1933 2619 2002 (88)
2669 1948 2819 2003 papa
2866 1938 3097 1997 aterpa
3157 1931 3321 1986 Urbis
3353 1932 3489 1985 huic
3538 1930 3861 1984 constituto

2135 2021 2395 2091 synodali
2426 2020 2756 2091 subscripsi.

2209 2111 2325 2179 Ego
2372 2112 2437 2163 A.
2488 2111 2595 2177 (89)
2643 2113 2851 2162 sancta
2900 2107 3333 2163 Mediolanensis
3380 2107 3637 2161 ecclesia
3666 2107 3863 2160 archi-

2135 2198 2437 2269 episcopus
2468 2196 2795 2267 subscripsi.

2205 2285 2324 2353 Ego
2376 2286 2442 2339 Β.
2504 2288 2614 2351 (90)
2670 2282 2984 2340 Ticinensis
3044 2283 3298 2337 ecclesia
3352 2283 3664 2353 episcopus
3729 2283 3865 2336 sub-

2136 2374 2357 2443 scripsi.

2207 2463 2321 2531 Ego
2342 2464 2407 2518 A.
2435 2462 2539 2530 (9|)
2572 2462 2859 2516 Cumanus
2885 2459 3182 2531 episcopus
3222 2460 3557 2531 subscripsi.

2208 2552 2324 2619 Ego
2380 2551 2438 2603 L.
2492 2551 2605 2620 (92)
2660 2550 3027 2603 Taurinensis
3071 2548 3323 2602 ecclesia
3353 2549 3659 2618 episcopus
3716 2548 3859 2600 sub-

2135 2638 2355 2708 scripsi.

2210 2728 2326 2795 Ego
2358 2728 2417 2781 P.
2452 2729 2561 2795 (93)
2619 2725 2997 2781 Terdonensis
3051 2724 3301 2780 ecclesia
3354 2724 3662 2795 episcopus
3713 2723 3863 2777 sub—

2133 2815 2352 2885 scripsi.

2207 2905 2323 2971 Ego
2356 2904 2464 2957 Leo
2509 2903 2841 2958 Eusebiana
2907 2902 3020 2973 (93)
3070 2902 3323 2957 ecclesia
3377 2900 3695 2955 catholicus
3730 2901 3859 2971 epi-

315 2979 523 3031 habeat
548 2977 605 3031 iu
626 2977 843 3047 judicio
872 2977 1024 3047 quod
1058 2978 1213 3043 fecit,
1246 2978 1381 3048 quia
1442 2978 1692 3033 ecclesia
1717 2980 1848 3032 tulit
1874 2982 2023 3051 quod
2061 2986 2101 3040 C
2139 3008 2345 3061 scapus
2366 2991 2693 3061 subscripsi,

314 3082 430 3119 non
460 3065 635 3119 dedit.

386 3157 436 3207 5.
475 3156 541 3209 Ut
584 3155 727 3207 servi
778 3154 1125 3207 ecclesiarum
1170 3168 1271 3221 per
1301 3168 1493 3207 manus
1537 3154 1696 3208 liberi
1740 3156 1884 3209 nihil
1920 3157 2027 3210 ad-

316 3244 563 3310 quirant.
593 3240 746 3295 Nulli
795 3256 1091 3295 servorum
1148 3241 1423 3307 ecclesia,
1458 3241 1573 3295 sive
1632 3243 1692 3296 in
1754 3244 2025 3298 clericatu

314 3329 432 3382 sive
461 3329 519 3382 iu
553 3328 781 3393 laicatu,
826 3329 895 3383 de
957 3329 1168 3399 quibus
1224 3335 1486 3383 nostrum
1545 3334 1629 3383 est
1684 3335 1741 3384 et
1781 3331 2023 3387 fratrum

314 3422 645 3471 nostrorum
670 3417 950 3487 judicare,
988 3416 1153 3471 liceat
1187 3433 1522 3488 comparare
1552 3424 1651 3473 aut
1697 3420 1815 3473 ullo
1848 3421 2022 3475 modo

312 3505 618 3574 adquirere
647 3522 751 3575 per
798 3522 1003 3559 manus
1041 3510 1141 3560 aut
1192 3522 1403 3561 nomen
1434 3506 1675 3577 alicujus
1705 3508 1870 3561 liberi
1919 3508 2023 3562 bo-

312 3592 501 3647 minis.
556 3593 720 3658 Quod
797 3594 897 3664 qui
954 3593 1151 3648 fecerit
1227 3593 1324 3667 [in]
1403 3595 1749 3649 evasibiliter
1822 3613 2018 3663 casus,

312 3681 531 3735 tamdiu
598 3688 920 3736 carceratus
983 3683 1309 3751 habebitur,
1393 3684 1672 3755 quamdiu
1730 3701 1931 3740 omnes
1977 3689 2018 3722 ³¹

313 3770 550 3825 ecclesia
572 3770 812 3840 recipiat
842 3771 1198 3841 scriptiones.

410 3862 460 3913 6.
526 3861 593 3914 Ut
644 3860 735 3913 ille
783 3862 881 3929 qui
934 3860 1183 3914 chartam
1242 3876 1341 3930 per
1402 3875 1531 3915 suas
1582 3877 1775 3916 manus
1820 3864 2022 3932 accipit

308 3952 468 4018 linem
520 3948 751 4002 ecclesia
789 3951 984 4015 faciat.
1064 3950 1164 4003 Ille
1242 3955 1434 4003 autem
1492 3951 1642 4003 male
1691 3950 1854 4019 liber,
1920 3951 2020 4021 qui

308 4037 490 4091 factus
519 4040 602 4090 est
631 4036 847 4090 diaboli
891 4052 1100 4097 servus,
1160 4053 1266 4107 per
1316 4039 1477 4106 cujus
1525 4054 1733 4092 manus
1788 4039 2017 4093 latroci-

308 4129 511 4178 nantes
532 4139 728 4178 servus
762 4124 1034 4189 ecclesia,
1086 4125 1360 4195 quicquid
1406 4125 1547 4179 illud
1604 4126 1795 4191 fuerit,
1824 4126 2020 4196 adqui-

310 4211 458 4276 sivit,
492 4216 591 4264 aut
657 4210 910 4264 ecclesia
982 4215 1159 4264 totam
1236 4212 1404 4265 faciat
1478 4213 1862 4278 securitatem,
1921 4219 2018 4268 aut

310 4297 647 4352 maledictus
703 4297 851 4351 inter
900 4298 1063 4367 fures
1127 4298 1376 4353 ecclesia
1431 4304 1489 4353 et
1547 4299 1851 4371 sacrilegos
1908 4302 2014 4356 ha-

308 4385 529 4440 beatur.

379 4476 431 4525 7.
500 4476 565 4528 Ut
619 4472 801 4526 nullus
848 4472 1027 4541 judea
1064 4478 1163 4527 aut
1209 4474 1423 4527 tabellio
1475 4474 1696 4529 chartas
1750 4476 2015 4543 scribant,

313 4576 450 4629 quas
479 4563 622 4615 servi
650 4560 877 4615 ecclesia
930 4577 1030 4630 per
1085 4576 1278 4615 manus
1322 4562 1481 4616 liberi
1528 4563 1849 4632 adquirunt.
1913 4566 2017 4618 Ju-

312 4649 419 4702 dex
476 4666 607 4703 vero
681 4653 781 4702 aut
837 4648 1090 4716 tabellio,
1140 4650 1240 4720 qui
1305 4656 1422 4704 tam
1489 4650 1737 4705 inlicitas
1794 4652 2017 4706 chartas

311 4737 665 4808 scripserint,
699 4740 759 4790 et
785 4752 876 4790 res
910 4738 1092 4807 pretio
1137 4754 1432 4792 servorum
1489 4739 1741 4793 ecclesia
1788 4754 2017 4809 compa-

311 4830 484 4893 ratas,
516 4831 615 4880 aut
646 4824 841 4897 aliqua
870 4825 1209 4880 liberalitate
1248 4827 1520 4893 conlatas,
1579 4826 1803 4881 nomini
1844 4828 2019 4881 alicu-

2205 3085 2410 3136 Actum
2452 3080 2661 3151 Papia,
2698 3081 2821 3134 Kal.
2862 3079 3125 3150 Augusti,
3156 3079 3476 3150 imperante
3535 3079 3755 3133 domno
3783 3083 3855 3136 Η.

2134 3169 2552 3241 gloriosissimo
2592 3174 2856 3240 augusto,
2889 3185 2993 3240 per
3028 3185 3233 3222 manus
3290 3168 3475 3222 fratris
3531 3169 3858 3223 Vercellen-

2135 3260 2210 3313 sis
2242 3258 2514 3329 episcopi.

2443 3399 2452 3404 ”
2526 3380 2913 3435 RESPONSIO
2947 3379 3443 3435 IMPERATORIS.

2206 3504 2354 3560 Nihil
2408 3504 2532 3572 tibi,
2594 3503 2950 3558 sanctissime
3002 3520 3151 3574 papa
3211 3505 3293 3569 8.,
3345 3521 3574 3575 possum
3608 3521 3849 3575 negare,

2132 3593 2223 3647 cui
2250 3610 2353 3664 per
2412 3595 2595 3648 Deum
2651 3593 2848 3647 omnia
2899 3592 3104 3659 debeo,
3160 3594 3481 3663 prasertim
3523 3609 3655 3647 cum
3691 3595 3856 3663 justa

2133 3688 2313 3752 petas,
2344 3682 2581 3736 honesta
2611 3696 2741 3734 cum
2794 3682 2965 3751 justis
3020 3681 3293 3735 fratribus
3334 3697 3631 3752 suggeras,
3660 3687 3719 3735 et
3760 3698 3854 3735 me

2132 3773 2192 3824 in
2249 3770 2603 3824 consortium
2652 3773 2860 3823 sancta
2916 3769 3297 3823 solicitudiuis
3334 3769 3463 3823 ideo
3494 3771 3761 3839 advoces,
3787 3776 3854 3823 ut

2132 3859 2277 3911 sicut
2308 3857 2542 3926 laboris,
2599 3857 2679 3910 ita
2710 3857 3020 3927 participes
3066 3858 3244 3910 simus
3275 3862 3329 3911 et
3368 3858 3581 3928 gaudii.
3626 3859 3853 3913 Gratias

2129 3945 2322 4017 itaque
2349 3951 2541 4000 sancto
2570 3945 2928 4016 episcopatui
2968 3950 3070 3998 tuo
3095 3946 3228 4015 jure
3266 3945 3448 3998 habeo
3481 3946 3709 4009 uberes,
3749 3947 3851 4017 qui

2130 4039 2187 4087 et
2235 4033 2537 4087 salubriter
2581 4033 2878 4102 componit
2940 4032 3271 4098 Ecclesium,
3330 4038 3385 4086 et
3417 4050 3448 4086 a
3502 4033 3849 4087 clericorum

2130 4122 2565 4187 incontinentis,
2598 4122 2750 4175 unde
2782 4138 2953 4175 omne
2996 4122 3213 4175 malum
3246 4122 3401 4175 velut
3445 4122 3518 4175 ab
3574 4123 3849 4193 aquilone

2132 4227 2305 4282 super
2347 4215 2556 4264 terram
2632 4210 2883 4277 emersit,
2939 4210 3309 4264 correctionis
3362 4209 3671 4280 vigilanter
3715 4211 3850 4265 fecit

2131 4299 2499 4369 principium.
2545 4297 2750 4353 Omnia
2779 4298 3034 4369 quidem,
3068 4315 3195 4368 qua
3219 4315 3322 4369 pro
3352 4298 3613 4352 Ecclesia
3645 4315 3849 4354 neces-

2128 4388 2277 4442 saria
2326 4386 2691 4457 reparatione
2749 4386 3097 4457 synodaliter
3147 4385 3394 4440 instituit
3423 4390 3480 4440 et
3509 4386 3847 4441 reformavit

2127 4474 2444 4546 paternitas
2475 4479 2675 4539 tua,ut
2704 4473 2858 4528 ﬁlius
2887 4474 3078 4540 laudo,
3102 4474 3401 4542 conﬁrmo,
3448 4480 3507 4527 et
3537 4475 3802 4545 approbo
3829 4492 3843 4540 ;

2128 4567 2185 4617 et
2208 4567 2275 4617 ut
2331 4578 2533 4616 omnes
2592 4561 2709 4615 sint
2749 4561 3085 4633 paratiores,
3142 4577 3269 4615 eam
3317 4575 3407 4613 me
3437 4560 3847 4614 inviolabiliter

2127 4654 2490 4704 servaturum
2524 4650 2828 4719 adjuvante
2862 4651 2974 4704 Deo
3005 4649 3299 4720 promitto.
3353 4652 3415 4704 Et
3457 4649 3517 4703 in
3558 4654 3843 4704 aternum

2130 4755 2422 4804 mansura,
2472 4744 2528 4792 et
2576 4739 2728 4792 inter
2767 4738 2998 4810 publica
3049 4738 3181 4808 jura
3223 4754 3450 4808 semper
3486 4738 3842 4808 recipienda,

2130 4832 2186 4880 et
2215 4827 2485 4881 humanis
2515 4826 2739 4898 legibus
2761 4828 3074 4882 solenniter
3092 4826 3476 4893 inscribenda,
3509 4828 3617 4881 hac
3649 4832 3846 4882 nostra

1739 4950 1975 5004 νΑΒιΑς
2012 4948 2307 5006 LECTION
2319 4951 2415 5007 ES.

386 5045 432 5081 ³ο
470 5046 646 5102 ullius
669 5045 1185 5103 administrationis
1210 5046 1238 5099 ‘l
1266 5047 1533 5102 COSSARD.
1628 5050 1668 5085 ⁸¹
1703 5047 1891 5102 omnis
1911 5046 1995 5101 ed.

1986 5151 2029 5204 Ν
2037 5150 2208 5205 ΟΤᾸΞ.

383 5235 493 5374 (88;
519 5238 854 5293 Benedictus
882 5240 1027 5293 Vlll.

383 5308 467 5371 (89
522 5308 839 5362 Aribertus.

382 5308 489 5371 (89)
522 5308 839 5362 Aribertus.

382 5376 495 5447 (90)
530 5378 875 5447 Raynaldus,

379 5448 492 5512 (9t)
525 5448 841 5503 Albericus.

382 5518 470 5587 9‘2)
502 5516 835 5572 Landulfus.

2197 5239 2307 5309 (93)
2343 5242 2563 5294 Petrus.

2197 5310 2325 5385 (94)_
2359 5310 2452 5385 ld‘
2485 5317 2571 5365 est
2593 5311 2977 5385 ‘Vercellensis
3024 5312 3202 5366 sancti
3258 5313 3481 5369 Eusebii
3539 5317 3842 5385 ecclesia;

2124 5380 2273 5453 idem
2307 5382 2415 5453 Leo
2438 5381 2498 5435 in
2550 5382 2760 5451 placito
2819 5382 3077 5453 ejusdem
3132 5384 3267 5438 anui
3310 5391 3369 5440 et
3413 5386 3550 5439 alias
3588 5380 3841 5442 subseri;

2123 5451 2435 5592 gsLeo
2492 5468 2678 5507 servus
2734 5451 2976 5520 Eusebii,
3037 5454 3190 5525 apud
3235 5456 3506 5511 Murator.
3538 5456 3632 5512 SS.
3691 5460 3734 5513 Ι.
3775 5460 3839 5513 ll.
