3914 6190
201 316 292 367 229
1422 310 1651 366 LEGES
1693 312 1779 366 E'l‘
1817 309 2431 366 CONSTITUTIONES.

3571 313 3678 367 230

198 433 479 487 autoritate
510 430 733 485 vivente
763 430 1011 485 Ecclesia
1042 446 1146 501 per
1199 430 1300 485 Dei
1338 432 1581 502 gratiam
1631 432 1871 498 victura,
1898 438 1943 489 A
1983 430 2230 499 dicandi,
2265 432 2423 485 nulla
2472 430 2550 485 ita
2607 431 2719 485 erit
2775 446 2905 501 spes
2944 432 3256 487 remeandi.
3294 434 3490 505 Neque
3521 435 3677 489 enim

198 539 311 577 cum
356 520 707 575 senatoribus
744 526 933 585 terra,
988 536 1117 573 cum
1170 520 1499 574 domesticis
1559 521 1782 591 palatii,
1815 527 1873 574 et

198 611 375 664 amicis
419 608 768 680 reipublica,
792 624 988 662 coram
1022 609 1135 661 Deo
1163 614 1219 662 et
1270 608 1516 663 Ecclesia
1546 609 1627 663 ita
1670 625 1871 662 corro-

198 701 466 755 boramns.

840 767 1092 822 CAPlTU
1104 768 1208 820 LA.

264 878 303 928 l.
354 877 417 928 Ut
456 874 639 927 nullus
705 876 763 925 in
809 874 947 926 clero
988 874 1260 926 mulierem
1321 875 1617 939 contingat.
1671 874 1871 927 Nullus

196 965 247 1018 in
299 962 450 1016 omni
505 961 689 1030 gradu
741 961 991 1015 ecclesia
1048 976 1282 1014 uxorem
1341 961 1429 1013 vel
1493 962 1870 1014 concubinam

195 1052 382 1106 habere
414 1054 738 1121 prasumat,
771 1066 878 1103 nec
918 1049 975 1102 in
1028 1065 1144 1102 una
1201 1050 1372 1102 domo
1431 1065 1563 1102 cum
1623 1049 1865 1102 muliere

197 1141 381 1193 audeat
408 1139 686 1192 habitare.
747 1138 907 1202 Quod
957 1138 1005 1191 si
1064 1137 1259 1190 fecerit
1317 1142 1536 1190 servata
1564 1138 1870 1191 Iustiniani

194 1227 414 1298 Augusti
438 1226 711 1296 aquitate
742 1225 979 1293 (Novell.
1014 1228 1135 1290 1°23,
1159 1242 1207 1278 c.
1272 1226 1379 1296 14),
1412 1225 1585 1279 curia
1626 1226 1873 1279 civitatis

198 1317 433 1369 tradatur
487 1315 653 1384 cujus
707 1318 793 1366 est
842 1313 1098 1367 clericus.
1168 1314 1302 1367 Jure
1346 1314 1560 1366 etenim
1617 1314 1874 1367 manebit

198 1404 351 1456 miser
394 1403 451 1455 in
507 1402 687 1466 curia,
742 1418 913 1472 quem
993 1401 1245 1456 ecclesia
1302 1403 1503 1471 regula
1549 1403 1872 1472 depositum

197 1491 344 1561 ejecit
374 1489 443 1543 ab
484 1490 740 1544 ecclesia.

255 1583 304 1633 2.
356 1582 421 1633 Ut
476 1581 661 1632 nullus
711 1580 991 1647 episcopus
1033 1579 1309 1632 mulierem
1365 1579 1582 1645 habeat,
1611 1584 1707 1632 aut
1757 1595 1874 1633 cum

196 1685 249 1721 ea
306 1670 525 1721 habitet.
582 1667 889 1736 Episcopus
936 1683 1066 1720 cum
1118 1669 1275 1720 nulla
1306 1683 1580 1737 umquam
1633 1668 1873 1720 muliere

194 1756 381 1808 habeat
423 1760 666 1819 tectum,
719 1771 850 1807 cum
908 1755 1065 1807 nulla
1124 1755 1333 1808 habeat
1367 1756 1596 1809 lectum.
1626 1755 1788 1819 Quod
1825 1756 1871 1809 si

192 1844 388 1909 fecerit,
418 1850 644 1896 servato
688 1843 927 1913 antiquo
954 1847 1010 1895 et
1038 1843 1316 1896 moderno
1349 1842 1604 1897 ecclesia
1623 1844 1867 1914 judicio,

194 1932 513 2001 deponatur.
579 1930 812 2000 Eritque
899 1934 1059 1984 tanto
1116 1946 1278 1984 casus
1347 1931 1574 2001 gravior
1652 1938 1870 2003 quanto

194 2021 383 2089 gradus
404 2019 597 2072 altior.

256 2112 300 2161 3.
337 2110 399 2161 Ut
434 2108 548 2178 ﬁlii
593 2108 907 2161 clericorum
962 2121 1236 2160 servorum
1284 2108 1531 2171 ecclesia,
1592 2112 1736 2161 servi
1763 2111 1875 2162 sint

192 2211 287 2249 sua
336 2197 566 2249 ecclesia
640 2211 758 2248 cum
812 2194 1055 2247 omnibus
1120 2194 1431 2262 adquisitis.
1495 2196 1623 2249 Filii
1680 2202 1873 2250 autem

198 2285 436 2337 omnium
469 2284 816 2337 clericorum
868 2283 1245 2352 omniumque
1272 2284 1553 2353 graduum
1582 2299 1872 2336 servorum

194 2373 442 2437 ecclesia,
475 2372 547 2425 de
578 2386 939 2441 quacumque
986 2369 1250 2435 muliere,
1302 2386 1666 2440 quocumque
1701 2370 1872 2424 modo

193 2460 287 2513 sibi
313 2464 633 2528 conjuncta,
663 2458 876 2512 fuerint
906 2458 1045 2523 nati,
1074 2458 1221 2511 servi
1253 2474 1370 2511 sua
1402 2464 1572 2512 erunt
1600 2458 1871 2524 ecclesia,

194 2564 306 2600 cum
333 2548 603 2601 omnibus
635 2546 800 2598 bonis
829 2544 1120 2615 acquisitis
1152 2550 1246 2611 ;et
1273 2544 1408 2615 quia
1465 2546 1611 2599 servi
1662 2552 1797 2599 sunt
1820 2553 1875 2602 et

194 2640 362 2700 erunt,
410 2650 731 2704 numquam
788 2633 857 2686 de
905 2633 1133 2686 servitio
1182 2633 1431 2686 ecclesia
1491 2633 1643 2686 exire
1698 2633 1873 2687 debe-

191 2723 333 2776 bunt.
366 2724 427 2777 Et
456 2723 652 2777 omnia
678 2738 807 2792 qua
839 2720 947 2791 ipsi
984 2737 1084 2791 per
1136 2737 1340 2775 manus
1370 2726 1428 2775 et
1452 2738 1556 2791 per
1605 2721 1873 2791 scriptio-

193 2828 277 2864 nes
320 2812 564 2881 alicujus
595 2810 760 2863 liberi
826 2809 1225 2879 adquisierint,
1287 2810 1542 2863 ecclesia
1598 2810 1744 2863 sicut
1771 2825 1875 2863 sua

190 2901 402 2970 propria
426 2899 746 2953 reddimus.
789 2899 904 2953 Suo
936 2898 1152 2951 etenim
1179 2898 1299 2967 juri
1324 2903 1509 2951 totum
1539 2898 1776 2951 ecclesia
1806 2903 1874 2951 ut

1976 520 2212 585 mirum,
2245 519 2341 574 sed
2361 519 2749 589 justissimum
2775 519 3072 586 nimirum,
3093 520 3139 573 si
3173 521 3221 574 is
3251 522 3460 575 amisso
3490 523 3677 577 ofﬁcio

1975 624 2211 679 corpore
2234 608 2509 676 exulabit,
2568 625 2741 679 quem
2788 609 3044 675 ecclesia,
3078 609 3213 679 quia
3240 610 3421 664 Deum
3454 612 3665 676 amisit,

1973 699 2338 751 anathemate
2372 696 2714 752 fulminavit.
2750 698 2954 752 Matres
3002 714 3134 751 vero
3185 715 3387 752 eorum
3449 700 3678 753 liberta-

1976 791 2092 840 tem
2140 785 2423 840 adulterio
2482 785 2809 849 vendentes,
2873 786 3034 856 prius
3088 786 3148 840 in
3198 788 3323 841 foro
3384 788 3676 858 castigata

1977 874 2119 928 fiant
2148 875 2495 944 exemplum,
2529 880 2588 928 et
2633 874 3064 945 posteajudicio
3096 875 3347 929 ecclesia
3375 881 3432 929 et
3480 881 3677 929 nostro

1978 963 2226 1016 exulent.
2260 962 2400 1026 Quia
2427 962 2473 1015 si
2502 962 2717 1017 fuerint
2745 963 2804 1016 in
2843 962 3070 1029 vicinia,
3097 963 3188 1016 vix
3219 968 3320 1017 aut
3355 979 3676 1035 numquam

1976 1066 2175 1104 eorum
2206 1050 2449 1105 cessabit
2482 1052 2718 1104 malitia.

2052 1142 2102 1192 5.
2142 1141 2209 1193 Ut
2255 1140 2397 1193 servi
2424 1140 2651 1193 ecclesia
2676 1156 2778 1209 per
2826 1154 3017 1193 manus
3076 1139 3239 1194 liberi
3269 1139 3502 1194 hominis
3531 1139 3677 1193 nihil

1978 1226 2298 1294 adquirant.
2357 1226 2540 1279 Servis
2604 1227 2876 1293 ecclesia,
2938 1232 3002 1280 ut
3068 1226 3295 1288 nostris.
3365 1227 3669 1298 adquirere

1982 1314 2115 1367 licet
2141 1315 2315 1383 juste,
2348 1320 2405 1367 et
2443 1314 2638 1377 licuit;
2702 1315 2797 1368 sed
2830 1330 2933 1384 per
2964 1331 3168 1368 manus
3207 1315 3447 1384 alicujus
3501 1314 3675 1368 liberi

1981 1401 2315 1471 scriptiones
2346 1403 2489 1455 ullas
2510 1402 2869 1467 contrahere,
2919 1404 3076 1455 nullo
3109 1419 3384 1473 umquam
3415 1408 3677 1473 tempore

1982 1489 2193 1542 licebit.
2236 1489 2400 1553 Quod
2421 1490 2466 1542 si
2491 1489 2711 1554 fecerit,
2744 1491 3226 1559 ecclesiajudicio
3258 1497 3320 1544 ut
3361 1508 3496 1544 suus
3525 1508 3680 1545 coer-

1984 1574 2248 1629 cerbitur.
2282 1576 2339 1629 Si
2370 1577 2527 1630 enim
2558 1577 2626 1630 ad
2656 1582 2919 1631 nostrum
2965 1585 3245 1648 spectaret
3277 1580 3584 1648 judicium,
3619 1585 3681 1633 ut

1982 1664 2253 1732 fugitivus
2275 1665 2655 1719 addiceretur.

2055 1755 2105 1805 6.
2154 1754 2219 1805 Ut
2257 1753 2434 1820 judea
2481 1758 2577 1806 aut
2632 1754 2846 1807 tabellio
2885 1754 3103 1807 chartas
3158 1770 3265 1808 non
3320 1755 3565 1810 scribant
3608 1760 3678 1826 ²³,

1983 1855 2118 1909 quas
2142 1842 2285 1893 servi
2316 1842 2545 1895 ecclesia
2587 1857 2691 1910 per
2729 1857 2920 1896 manus
2969 1843 3128 1896 liberi
3166 1842 3489 1911 adquirunt.
3522 1845 3680 1899 Judi-

1982 1929 2141 1983 cibus
2173 1946 2307 1983 vero
2356 1936 2414 1983 et
2442 1930 2871 1997 tabellionibus,
2908 1948 3155 2002 quorum
3196 1938 3390 1985 nostra
3419 1932 3678 1999 interest,

1984 2018 2030 2069 si
2053 2019 2288 2087 posthac
2309 2019 2451 2071 tales
2481 2018 2724 2072 fecerint
2781 2020 3138 2090 scriptiones,
3174 2037 3409 2074 manum
3471 2037 3681 2090 ampu-

1982 2108 2170 2158 tamus
2200 2106 2516 2173 dexteram,
2562 2123 2692 2176 qua
2751 2108 2977 2178 scripsit
3003 2114 3201 2163 contra
3252 2109 3567 2163 ecclesiam.
3614 2110 3683 2163 Ut

1983 2193 2083 2264 qui
2107 2194 2289 2247 noluit
2320 2194 2543 2264 integer
2578 2211 2779 2249 verum
2810 2196 3061 2265 judicare
3089 2197 3147 2250 in
3179 2198 3416 2267 palatio,
3468 2198 3529 2251 in
3558 2199 3679 2252 foro

1983 2297 2241 2348 mancus,
2275 2282 2526 2352 corrigat
2555 2282 2696 2336 alios
2724 2299 2757 2335 a
2789 2283 3107 2337 mendacio.

2053 2376 2105 2424 7.
2147 2372 2211 2425 Ut
2240 2372 2331 2424 ille
2361 2386 2459 2440 per
2509 2386 2664 2439 cujus
2713 2386 2905 2425 manus
2943 2386 3128 2425 servus
3195 2373 3423 2425 ecclesia
3457 2372 3678 2425 chartas

1983 2461 2189 2526 accepit
2244 2458 2407 2527 ﬁnem
2449 2464 2500 2512 et
2538 2462 2880 2514 securitatem
2930 2460 3160 2514 ecclesia
3206 2462 3400 2525 faciat.
3439 2460 3537 2513 [lle
3569 2475 3670 2513 au-

1984 2549 2099 2599 tem
2132 2546 2242 2599 Deo
2274 2552 2329 2599 et
2351 2546 2679 2602 hominibus
2710 2548 3107 2610 exsecrandus,
3149 2564 3253 2619 per
3282 2550 3443 2619 cujus
3471 2565 3676 2603 manus

1982 2634 2260 2688 invalidas
2308 2640 2365 2688 et
2403 2651 2615 2689 nomen
2671 2652 2912 2690 vacuum
2972 2636 3368 2690 fraudulenter
3424 2636 3675 2689 ecclesia

1983 2738 2179 2775 servus
2227 2722 2564 2792 scriptiones
2615 2726 2851 2794 accepit,
2899 2724 3003 2778 sub
3059 2729 3414 2777 sacramento
3465 2724 3679 2778 eisdem

1982 2809 2219 2863 redditis
2280 2811 2704 2880 scriptionibus,
2734 2817 2796 2865 ut
2824 2812 3107 2865 omnimm
3141 2811 3328 2865 litium
3359 2811 3554 2880 jacula
3584 2827 3677 2864 so-

1982 2896 2233 2967 piantur,
2267 2915 2498 2952 omnem
2538 2899 2787 2953 ecclesia
2827 2905 3002 2970 prout
3058 2901 3400 2966 constiterit,
3455 2906 3681 2953 coactus

190 2990 469 3058 proprium
506 2987 848 3052 vendicabit,
871 2986 1158 3057 quidquid
1202 2987 1321 3040 ullo
1354 2986 1585 3057 ingenio
1617 2986 1867 3040 ecclesia
1907 2987 1947 3039 C
1978 2985 2144 3039 faciet
2173 2986 2370 3041 ﬁnem.
2395 2987 2633 3057 Moxque
2663 3003 2797 3040 eum
2824 2987 3158 3057 iusequetur
3187 2988 3365 3057 stylus
3423 2987 3677 3057 proscri-

190 3092 365 3129 servus
393 3076 682 3130 contraxit
709 3092 723 3141 ;
759 3092 862 3128 nec
892 3075 993 3127 ulli
1016 3075 1331 3128 secundum
1386 3074 1870 3145 pbantasmaticos

191 3164 330 3218 dabit
358 3165 709 3218 adulterium
768 3164 1114 3229 libertatem,
1169 3162 1325 3232 quod
1376 3178 1579 3233 corpus
1607 3162 1669 3216 in
1718 3162 1869 3216 infa-

192 3253 366 3317 miam,
395 3258 450 3305 et
480 3252 548 3305 in
579 3252 909 3305 servitutem
931 3250 1141 3320 trajicit
1167 3250 1443 3304 animam.

249 3344 293 3395 4.
359 3343 424 3396 Ut
468 3342 657 3394 nullus
726 3342 857 3408 ﬁliis
929 3341 1262 3405 clericorum,
1285 3354 1561 3392 servorum
1619 3340 1868 3403 ecclesia,

192 3429 472 3483 libertatem
500 3428 704 3482 audeat
731 3427 1003 3496 judicare.
1062 3426 1418 3497 Quicumque
1470 3443 1608 3496 ergo
1634 3429 1874 3496 posthac

193 3535 272 3572 eos
300 3535 416 3572 esse
440 3519 654 3571 liberos
676 3516 1035 3586 judicaverit,
1068 3520 1240 3585 etpro
1261 3515 1342 3568 eis
1357 3520 1553 3568 contra
1575 3515 1870 3569 ecclesiam

192 3606 391 3659 dederit
450 3606 820 3672 sententiam,
883 3610 941 3658 et
996 3605 1105 3658 hoc
1162 3603 1479 3674 capitulum
1531 3603 1868 3657 auctoritate

194 3702 380 3749 sancta
412 3694 679 3749 Ecclesia
720 3699 927 3746 statum
962 3708 1077 3745 non
1122 3691 1401 3761 receperit
1430 3690 1501 3758 δ’,
1539 3696 1593 3744 et
1639 3691 1700 3744 in
1758 3692 1874 3744 suis

192 3782 333 3835 libris
375 3800 489 3836 non
554 3781 863 3852 scripserit,
898 3786 953 3833 et
999 3779 1311 3834 secundum
1366 3778 1474 3832 hoc
1532 3779 1870 3849 capitulum,

195 3870 322 3924 ﬁlios
341 3872 679 3925 clericorum
720 3870 788 3923 de
841 3868 1060 3922 familia
1091 3868 1339 3921 ecclesia
1390 3866 1654 3937 proprios
1685 3885 1873 3922 servos

194 3976 314 4027 esse,
346 3978 461 4015 sua
495 3960 749 4014 ecclesia
782 3975 891 4012 usu
921 3974 1149 4029 semper
1178 3958 1443 4024 valituro,
1479 3973 1597 4010 non
1654 3957 1873 4026 judica—

194 4048 337 4111 verit,
423 4048 761 4101 facultatum
846 4045 1234 4116 publicatione
1276 4044 1547 4110 nudatus,
1593 4051 1870 4114 perpetuo

195 4134 473 4190 damnetur
500 4136 698 4189 exilio.
738 4133 841 4189 Ubi
872 4134 1017 4187 sicut
1046 4132 1207 4186 nulla
1236 4149 1515 4203 umquam
1539 4133 1623 4186 illi
1653 4134 1745 4187 lex
1767 4134 1872 4203 ju-

1980 3074 2213 3143 ptionis,
2257 3091 2429 3145 quem
2461 3081 2643 3128 mater
2669 3080 2724 3129 et
2754 3076 3027 3145 magistra
3058 3080 3253 3129 nostra
3283 3075 3524 3130 ecclesia
3553 3076 3676 3129 vul-

1979 3163 2200 3216 neravit
2229 3163 2419 3232 gladio
2440 3162 2879 3217 maledictionis.

2050 3251 2405 3319 Subscriptio.
2466 3252 2579 3321 Ego
2626 3252 2694 3317 ll,
2743 3251 2927 3322 gratia
2970 3251 3067 3305 Dei
3113 3252 3430 3322 imperator
3490 3268 3671 3323 augu-

1982 3343 2120 3403 stus,
2159 3339 2303 3393 hanc
2335 3338 2803 3392 constitutionem
2833 3339 2976 3409 legis
3018 3346 3312 3409 perpetua
3341 3356 3442 3410 per
3501 3340 3681 3394 consi-

1983 3427 2123 3480 lium
2146 3427 2346 3481 domui
2376 3443 2540 3497 papa
2565 3427 2625 3481 Β.
2650 3433 2991 3498 suggerente
3015 3428 3263 3498 plurimo
3287 3434 3437 3482 coetu
3458 3428 3678 3498 episco-

1982 3531 2211 3585 porum,
2249 3518 2362 3570 Deo
2395 3521 2615 3582 autore,
2648 3516 2840 3582 statui,
2874 3516 3117 3581 ﬁrmavi,
3143 3522 3201 3570 et
3232 3532 3461 3587 semper
3491 3517 3680 3571 valere

1985 3603 2229 3669 decrevi,
2261 3605 2542 3674 etoptavi,
2566 3620 2841 3674 meosque
2863 3604 3094 3674 imperii
3118 3604 3406 3674 primores
3449 3604 3683 3659 ﬁrmare

1985 3693 2200 3762 rogavi.

2054 3782 2169 3849 Ego
2210 3781 2272 3835 Ο.
2310 3780 2564 3834 marchio
2613 3780 2866 3847 interfui,
2918 3785 2977 3834 et
3030 3781 3177 3834 hanc
3225 3782 3412 3851 legem
3458 3782 3679 3837 mundo

1981 3868 2486 3938 pernecessariam,
2521 3872 2577 3921 et
2606 3869 2800 3922 oculos
2849 3868 3096 3922 ecclesiis
3127 3869 3378 3922 sublatos
3426 3869 3679 3924 redden-

1984 3963 2121 4022 tem,
2150 3956 2373 4011 ﬁrmavi
2405 3961 2461 4010 et
2488 3956 2732 4011 laudavi.

2053 4046 2169 4115 Ego
2203 4046 2267 4099 ll.
2295 4044 2546 4099 marchio
2578 4044 2812 4099 interfui
2845 4049 2901 4099 et
2929 4044 3175 4099 laudavi.

2057 4136 2172 4204 Ego
2204 4134 2266 4189 Ο.
2294 4150 2486 4188 comes
2514 4133 2713 4205 palatii
2732 4133 2969 4188 interfui
2998 4140 3055 4188 et
3085 4133 3315 4188 laudavi
3332 4134 3465 4205 (95).

624 4340 713 4424 S.
804 4338 1340 4424 HENBICI
1427 4336 2259 4425 CONSTITUTIO
2342 4340 3219 4427 ARIMINENSIS.

1465 4484 1629 4563 (Dat.
1678 4485 1773 4545 die
1815 4489 1851 4545 4
1894 4488 2109 4547 mensis
2153 4488 2383 4569 April.)

1258 4606 1446 4677 (Apud
1484 4607 1660 4661 Mansi
1698 4608 1901 4663 Concil.
1941 4614 2080 4664 tom.
2123 4612 2256 4677 XIX,
2297 4612 2405 4665 col.
2447 4615 2593 4679 357.)

255 4807 529 4871 Quoniam
568 4808 789 4879 legibus
814 4823 1045 4861 cautum
1080 4812 1165 4859 est
1194 4810 1259 4859 ut
1309 4821 1480 4859 nemo
1511 4805 1748 4860 clericus
1776 4807 1872 4877 ju-
1910 4808 1954 4862 D
1980 4815 2252 4879 prastare
2286 4811 2547 4878 debeant,
2573 4816 2671 4865 aut
2700 4810 3063 4881 aliipersona
3096 4811 3204 4864 hoc
3218 4810 3477 4865 ofﬁcium
3510 4811 3678 4865 liceat

193 4909 303 4949 rare
352 4901 686 4968 prasumat,
741 4895 876 4949 alibi
930 4911 1063 4948 vero
1144 4899 1429 4964 reperitur
1468 4893 1744 4964 scriptum
1803 4900 1869 4948 ut

193 4996 368 5039 omnes
412 4985 763 5056 principales
817 4999 1080 5054 persona
1132 4982 1193 5036 in
1250 4982 1438 5053 primo
1469 4982 1587 5036 litis
1637 4982 1867 5036 exordio

194 5072 814 5144 subeantjuramentum
846 5071 1169 5128 calumnia.
1214 5070 1505 5124 nonnullis
1534 5071 1727 5141 legum
1760 5087 1869 5142 pe—

193 5160 299 5213 ritis
326 5178 409 5216 res
431 5164 586 5218 venit
615 5163 674 5215 in
704 5161 944 5216 dubium
999 5166 1196 5214 utrum
1234 5160 1423 5213 clerici
1456 5159 1867 5230 jusjurandum

1976 4900 2274 4969 delegare;
2310 4899 2447 4969 quia
2485 4899 2624 4953 illud
2655 4898 3079 4954 constitutionis
3108 4899 3381 4961 edictum,
3439 4898 3537 4951 ubi
3568 4898 3677 4951 cle-

1976 4987 2079 5041 rici
2122 4988 2321 5058 jurare
2388 4987 2763 5058 prohibentur
2821 5005 2854 5041 a
2928 4989 3110 5042 Marco
3152 4985 3481 5059 [Marciano]
3526 4990 3671 5057 Aug.

1976 5067 2347 5122 Constantino
2386 5083 2443 5137 p.
2506 5084 2562 5138 p.
2625 5067 2695 5121 de
2740 5064 3384 5135 Constantinopolitanis
3457 5065 3675 5119 clericis

1977 5156 2405 5228 promulgatum
2434 5155 2606 5210 fuisse
2626 5156 2872 5219 videtur,
2903 5153 3115 5207 idcirco
3151 5152 3222 5207 ad
3267 5152 3407 5207 alios
3437 5154 3674 5209 clericos

1520 5258 1795 5312 VARIE
1836 5252 2332 5311 LECTIONES.

253 5354 280 5405 3
308 5354 384 5406 ita
429 5352 724 5408 Cossardus
754 5354 979 5422 conjecit
1008 5357 1219 5407 nostra
1247 5352 1462 5422 ceperit
1484 5352 1638 5407 codd.
1671 5350 1723 5386 ⁵³
1752 5355 1836 5408 ita
1856 5368 1995 5407 corr.
2034 5353 2179 5409 Coss.
2199 5350 2512 5405 inscribant
2549 5349 2665 5404 cod.

1818 5450 2043 5505 ΝΟΤΑΞ.

256 5518 376 5589 (95.)
410 5522 651 5594 Reliqua
670 5522 909 5576 nomina
932 5521 1249 5592 perierunt.
