4016 6202
285 325 382 382 231
1589 328 1644 384 S.
1689 324 1978 381 HENRICI
2017 324 2488 380 IMPERATORIS

3702 331 3816 381 232

283 449 576 520 pertinere
607 465 723 502 non
757 448 1031 504 creditur.
1068 449 1141 503 Ut
1160 465 1297 518 ergo
1326 448 1437 502 ista
1467 448 1728 503 dubietas
1760 448 1831 502 ab
1857 463 1984 501 om-
2016 451 2058 502 A
2100 446 2274 501 dubio
2297 451 2611 500 censeatur.
2651 446 3013 517 Quapropter
3041 463 3165 515 nos,
3221 447 3544 519 utriusque,
3598 449 3818 503 videli-

285 539 456 592 nibus
479 537 704 608 penitus
737 538 1052 600 auferatur.
1089 553 1195 590 nos
1227 538 1386 591 illam
1435 537 1553 590 divi
1603 537 1768 591 Marci
1829 534 1992 607 [Mar-

285 623 460 696 ciani]
483 625 953 679 constitutionem
984 625 1062 678 ita
1091 624 1456 694 iuterpertari
1516 624 1898 692 decrevimus,
1929 628 1993 678 ut

289 715 358 769 ad
379 713 642 767 omnium
661 712 1040 766 Ecclesiarnm
1068 711 1300 765 clericos
1327 712 1673 782 generaliter
1701 711 1989 783 pertinere

279 802 586 873 judicetur.
622 802 761 856 Nam
799 817 930 854 cum
971 800 1137 854 divus
1184 799 1541 854 Justinianus
1565 801 1696 870 jure
1741 800 1989 854 decrevit

280 897 336 944 et
365 906 614 944 canones
645 891 878 944 Patrum
910 889 1027 942 vim
1060 890 1253 958 legum
1283 889 1493 943 habere
1519 893 1802 959 oporteat,
1835 893 1893 942 et
1927 888 1987 942 in

288 977 583 1031 nonnullis
632 979 863 1030 Patrum
921 975 1236 1028 canonibus
1298 975 1618 1046 reperiatur
1675 981 1739 1029 ut
1795 975 1986 1029 clerici

275 1065 473 1136 jnr'are
511 1081 626 1118 non
676 1066 945 1129 audeant,
996 1064 1236 1133 dignum
1298 1070 1386 1118 est
1433 1069 1496 1116 nt
1523 1068 1674 1118 totus
1707 1063 1984 1118 clericalis

284 1155 427 1208 ordo
458 1169 490 1205 a
519 1151 846 1222 praestando
893 1151 1276 1221 jurejurando
1333 1152 1609 1206 immunis
1635 1167 1758 1206 esse
1783 1153 1984 1223 procul

2098 540 2187 588 cet
2217 534 2424 588 divinas
2459 539 2516 588 et
2540 535 2831 600 humanae,
2863 535 3004 605 legis
3067 535 3388 589 intentione
3431 542 3674 601 servata,
3711 539 3818 590 de-

2099 623 2388 677 cernimus
2417 627 2478 676 nt
2494 639 2612 676 non
2642 622 3090 693 episcopus,non
3111 623 3305 690 abbas,
3329 641 3449 678 non
3480 626 3817 695 presbyter,

2097 726 2216 764 non
2246 710 2640 781 cujuscunque
2673 710 2890 764 ordinis
2920 710 3178 775 clericus,
3217 728 3333 765 non
3353 712 3564 783 aliquis
3599 729 3814 766 mona-

2096 799 2236 853 chus
2266 800 2354 852 vel
2415 798 2889 865 sanctimonialis,
2920 799 2980 853 in
3011 816 3353 871 quacunque
3386 802 3815 866 controversia,

2094 887 2212 940 sive
2243 886 2550 953 criminali,
2585 887 2701 940 sive
2727 887 2899 954 civili,
2956 887 3359 958 jusjurandum
3419 891 3819 958 compellatur

2093 975 2350 1045 qualibet
2375 974 2599 1029 ratione
2643 976 2858 1040 subire,
2897 976 2996 1030 sed
3059 975 3173 1030 suis
3230 975 3454 1031 idoneis
3513 978 3819 1032 advocatis

2092 1065 2200 1119 hoc
2231 1064 2487 1119 ofﬁcium
2520 1064 2686 1119 liceat
2717 1065 3001 1136 delegare.

1822 1359 2246 1454 DUBI‘A.

389 1571 485 1671 S.
571 1570 1123 1674 HEINRIGI
1209 1571 1883 1674 SENTENTIA
1969 1572 2118 1674 DE
2203 1570 2782 1674 GONJUGIO
2860 1570 3672 1674 GLERIGORUM.

1708 1744 1908 1822 (Anno
1955 1747 2132 1819 1019,
2178 1743 2392 1822 Mart.)

280 1886 632 1941 Proferimns
688 1903 813 1940 eam
849 1903 917 1940 ex
947 1885 1142 1940 codice
1189 1885 1329 1939 bibl.
1389 1884 1605 1939 ducalis
1636 1885 2088 1955 Guelferbytanae
2120 1885 2271 1938 inter
2300 1883 2782 1939 Helmstadienses
2812 1900 2867 1936 n-
2902 1886 2969 1938 32
2998 1883 3056 1936 in
3099 1884 3192 1937 fol.
3250 1883 3418 1948 mbr.,
3478 1885 3573 1938 cui
3622 1901 3807 1939 manu

356 1959 550 2011 saeculi
578 1974 632 2010 x1
656 1958 922 2027 inscripta
947 1957 1210 2022 habetur,
1237 1957 1385 2010 unde
1439 1962 1494 2009 et
1549 1956 1810 2009 Maderus
1855 1954 1982 2009 eam
2029 1956 2089 2009 in
2136 1956 2370 2026 Antiqq.
2428 1954 2934 2027 Brunsvicensibns
2976 1955 3248 2024 vulgavit.
3281 1955 3421 2008 Cum
3454 1961 3656 2027 tamen
3688 1973 3809 2009 non

401 2045 462 2082 ro
495 2028 689 2081 charta
719 2025 871 2097 justa
891 2028 1072 2080 forma
1105 2028 1342 2096 insigni,
1363 2027 1462 2080 sed
1492 2043 1598 2096 pro
1625 2027 1906 2080 memoria
1935 2032 2159 2080 tantum
2184 2027 2265 2079 rei
2299 2033 2497 2094 gestas,
2533 2025 2800 2097 defuncto
2846 2026 2967 2094 jam
3000 2027 3263 2079 Heinrico
3292 2025 3637 2097 conscripta,
3704 2029 3810 2080 ha-

401 2045 462 2082 ro
495 2045 689 2081 cnarta
719 2045 871 2097 justa
891 2045 1072 2080 Iorma
1105 2045 1342 2096 insigni,
1363 2045 1462 2080 seu
1492 2045 1598 2096 pro
1625 2045 1906 2080 memoria
1935 2045 2159 2080 tantum
2184 2045 2265 2079 rei
2299 2045 2497 2094 gesue,
2533 2045 2800 2079 oeIuncto
2846 2045 2967 2094 jam
3002 2045 3263 2079 uemrico
3292 2045 3637 2095 conscripta,
3704 2045 3810 2080 na-

355 2045 545 2152 benda
572 2099 662 2164 sit,
698 2114 824 2151 eam
851 2099 957 2150 hoc
985 2098 1349 2168 potissimum
1382 2099 1505 2150 loco
1526 2098 1740 2151 referre
1783 2097 2204 2152 constituimus.
2235 2101 2400 2150 Anno
2430 2097 2491 2148 in
2538 2097 2735 2149 charta
2756 2095 3012 2168 indicato
3064 2097 3239 2168 1025,,
3259 2096 3448 2149 obitus
3473 2098 3810 2151 Bcrnwardi

363 2168 613 2223 anterior
644 2167 996 2233 adversatur,
1019 2169 1099 2221 ita
1129 2175 1190 2221 ut
1219 2185 1339 2221 rem
1381 2175 1436 2221 et
1473 2168 1531 2222 in
1563 2173 1845 2221 conventu
1889 2167 2152 2236 Papiensi
2183 2172 2504 2232 tractatam,
2529 2183 2681 2219 anno
2712 2167 2866 2237 1019.
2916 2182 3030 2237 quo
3052 2167 3345 2219 Heinricus
3375 2183 3569 2220 mense
3600 2168 3811 2220 Martio

362 2239 632 2292 Goslarize
672 2243 924 2292 moratus
956 2244 1060 2305 est,
1099 2239 1502 2308 assignandam
1541 2239 1894 2292 duxerimus.
1942 2238 2230 2308 Subjicere
2261 2238 2393 2290 licet
2415 2254 2483 2290 ex
2509 2237 2712 2291 eodem
2743 2236 2946 2290 codice
2970 2237 3288 2291 Bernwardi
3333 2239 3810 2292 constitutionem

357 2310 493 2363 anni
525 2311 660 2363 1020
685 2326 860 2363 manu
900 2309 1096 2362 saeculi
1124 2325 1177 2362 x1
1202 2315 1491 2362 exaratam
1524 2311 1651 2377 (96).

354 2494 665 2549 Architecti
714 2494 1009 2548 catholica:
1067 2495 1362 2563 doctrinm,
1421 2512 1550 2567 quae
1582 2497 1848 2550 sectanda
1893 2497 1980 2550 fo-
2014 2498 2054 2551 Β
2094 2511 2419 2566 scopornm,
2453 2493 2690 2548 Geronis
2750 2492 3017 2547 videlicet
3047 2493 3573 2564 Parthenopolitani
3604 2498 3804 2551 archi-

284 2587 412 2635 rent
439 2582 574 2636 ﬁdei
605 2582 766 2652 quasi
795 2582 1173 2636 fundamenta
1213 2585 1483 2646 locantes,
1526 2582 1636 2637 hoc
1693 2583 1987 2637 evidenter

288 2674 606 2723 noscuntur
651 2669 943 2739 probasse,
996 2669 1113 2722 sive
1164 2671 1446 2741 gregatim
1493 2687 1588 2724 seu
1652 2671 1983 2741 separatim,

283 2763 347 2812 ut
397 2759 715 2828 gloriemur
742 2758 802 2811 in
861 2759 1029 2812 laude
1075 2759 1304 2829 Christi.
1343 2761 1485 2830 Ergo
1540 2776 1690 2814 anno
1731 2762 1890 2827 1025,
1926 2760 1986 2813 in

283 2846 618 2900 consistorio
676 2847 856 2917 regali
903 2847 1136 2901 Goslare
1204 2848 1592 2918 praeminenti,
1627 2848 1687 2902 in
1733 2848 1987 2900 aecclesia

283 2936 496 2990 scilicet
533 2935 770 2989 australi
809 2935 974 2989 lateri
1030 2936 1232 2990 eodem
1265 2937 1598 3005 adherente,
1657 2937 1894 2990 collecta
1917 2937 1982 2988 ﬁ-

283 3023 496 3077 delium
551 3023 993 3088 coadunatione,
1057 3024 1421 3094 propositum
1482 3029 1566 3078 est
1619 3025 1983 3078 tractandum

283 3111 555 3182 quodque
576 3111 840 3165 utilitatis
867 3111 1136 3166 salutare.
1165 3113 1339 3181 Cujus
1381 3117 1690 3167 conventus
1711 3112 1987 3182 primatui

286 3198 562 3252 Henricus
591 3199 690 3270 qui
723 3205 859 3253 tunc
880 3199 1136 3270 tenporis
1166 3200 1250 3253 rei
1293 3201 1534 3271 publicae
1589 3201 1984 3254 monarchiam

285 3291 560 3342 strennue
591 3286 951 3357 gubernabat
981 3288 1286 3354 assederat,
1318 3293 1375 3343 et
1411 3288 1826 3360 constipatione
1858 3289 1982 3358 cpi-

355 3411 468 3478 (96)
532 3411 593 3464 In
643 3410 876 3464 nomine
943 3416 1150 3465 sanctae
1233 3412 1546 3466 Trinitatis.
1614 3413 1985 3466 Bernwardns

285 3485 493 3534 sanctas
557 3482 1094 3536 Hildinishemensis
1147 3483 1369 3536 eclesize
1423 3482 1660 3537 humilis
1712 3483 1973 3551 antistes,

286 3552 577 3624 omnibus,
604 3552 773 3606 bona;
822 3552 1252 3624 cooperationis
1304 3553 1578 3607 fratribus
1604 3553 1982 3624 patribusque

284 3622 636 3690 reverendis,
687 3622 901 3692 gaudia
956 3623 1156 3694 salutis
1208 3628 1262 3677 et
1320 3626 1493 3694 pacis.
1555 3622 1986 3694 Legumlatores

284 3699 616 3761 sanxerunt,
645 3709 749 3762 per
811 3693 1095 3762 synodum
1121 3699 1177 3748 et
1229 3693 1459 3763 publica
1518 3695 1759 3748 concilia
1807 3701 1984 3748 status

2096 2583 2368 2655 episcopi,
2413 2587 2468 2636 et
2516 2582 2790 2636 Unowani
2823 2583 3143 2636 Bremeusis
3200 2583 3642 2656 archiepiscopi,
3692 2591 3804 2640 Ar-

2094 2674 2233 2728 nolﬁ
2284 2688 2514 2744 quoque
2565 2671 3069 2734 Halverstedensis,
3130 2676 3184 2726 et
3229 2673 3520 2727 Bennonis
3565 2675 3804 2729 Slavcn-

2096 2762 2169 2816 sis
2225 2761 2357 2831 (97),
2413 2759 2737 2814 Thioderici
2794 2759 3098 2814 Mindensis
3174 2763 3302 2828 (98),
3351 2767 3406 2816 et
3475 2763 3804 2816 Thioderici

2094 2847 2709 2919 Mimigardivordensis
2758 2845 2890 2917 (99),
2933 2852 2991 2900 et
3041 2847 3351 2902 Ekkibardi
3405 2849 3803 2918 Sleswigensis

2095 2935 2366 3006 episcopi,
2425 2935 2820 2988 circumfultus
2899 2935 3174 3006 undique,
3248 2937 3450 3006 fasque
3519 2938 3801 3009 nefasque

2092 3041 2258 3095 aequa
2304 3023 2696 3078 trutinationis
2743 3025 2905 3078 lance
2955 3026 3247 3093 pensabat.
3288 3027 3326 3078 Ε
3388 3026 3597 3096 quibus
3659 3043 3800 3080 vero

2094 3115 2245 3168 inter
2289 3112 2617 3182 questiones
2649 3113 2791 3166 citra
2839 3113 3105 3184 ultraque
3145 3113 3371 3167 habitas
3428 3115 3803 3169 Bernwardus

2094 3205 2304 3254 sancta:
2329 3201 2866 3255 Hildinishemensis
2907 3203 3177 3255 aecclesise
3207 3203 3318 3272 piae
3358 3204 3655 3256 memoria:
3694 3221 3802 3257 an-

2093 3289 2254 3343 tistes
2287 3305 2460 3360 quem
2491 3289 2634 3343 tanti
2667 3289 2882 3360 negotii
2913 3290 3267 3361 principatus
3292 3291 3799 3362 attinebat,cujus-

2093 3411 2384 3484 cotidiana
2417 3412 2660 3484 servitus
2709 3413 2869 3484 domi
2908 3413 3161 3484 forisque
3191 3413 3481 3474 indicitur,
3513 3413 3667 3466 unde
3705 3429 3800 3465 no-

2092 3483 2180 3536 bis
2209 3499 2442 3552 quoque
2495 3482 2687 3536 debita
2732 3482 3083 3537 victualinm'
3107 3484 3448 3554 compendia
3479 3499 3798 3554 procuren-

2094 3559 2206 3606 tur.
2243 3554 2376 3606 Saut
2407 3558 2686 3622 praeterea
2708 3555 2976 3608 nonnulli
3010 3555 3345 3608 clericorum
3379 3555 3798 3607 sanctimonia-

2094 3624 2354 3693 liumque
2388 3624 2642 3692 regulari
2671 3625 3101 3678 conversatione
3125 3625 3401 3694 insigniti,
3429 3641 3575 3694 quos
3605 3625 3799 3694 singu-

2096 3695 2177 3747 los
2201 3695 2262 3747 in
2287 3694 2578 3764 publicum
2612 3696 2893 3764 gregatim
2939 3696 3188 3764 prodire,
3230 3701 3286 3748 et
3331 3694 3570 3765 provida
3617 3695 3799 3748 imbe-

283 3769 493 3836 sanctaa
525 3764 745 3818 eclesiee
771 3779 1018 3835 quaeque
1045 3764 1222 3836 ordiri
1263 3766 1444 3832 utilia,
1503 3767 1853 3836 perindeque
1885 3767 1980 3835 jus
2021 3767 2062 3820 C
2094 3765 2326 3818 cillioris
2375 3765 2504 3836 vita:
2551 3766 2958 3836 consideratio,
3001 3771 3056 3819 et
3112 3764 3396 3835 legittima
3438 3765 3797 3836 rcosnobialis

282 3832 481 3907 fasque
513 3832 968 3906 probarefasqu—e
1000 3835 1304 3890 salubriter
1327 3832 1529 3891 cuncta
1563 3832 1811 3907 disponi.
1842 3832 1985 3891 Hinc

281 3904 458 3975 igitur
505 3923 655 3958 anno
717 3904 893 3969 1020f
926 3923 977 3960 v1
1027 3907 1158 3960 Idus
1210 3908 1468 3961 Octobris
1517 3908 1611 3977 (a),
1653 3904 1891 3959 —saniori
1924 3915 1987 3961 ut

282 3992 481 4047 remur
509 3982 732 4029 utentes
764 3976 1026 4041 consilio,
1059 3978 1274 4047 ubique
1310 3979 1565 4030 locorum
1597 3994 1696 4030 nos
1725 3977 1987 4032 videlicet

282 4046 714 4116 respicientium
731 4047 1150 4117 adinventionis
1167 4046 1376 4100 nostra:
1389 4048 1724 4117 subsignare
1745 4048 1982 4115 dignum

285 4117 552 4170 duximus
583 4116 938 4181 memoriale,
979 4123 1044 4169 ut
1088 4118 1148 4170 in
1191 4117 1436 4170 invicem
1486 4116 1579 4185 pie
1639 4117 1984 4169 condescen-

282 4186 500 4250 dentes,
526 4186 585 4238 in
612 4187 817 4239 timore
849 4185 1056 4256 Christi
1104 4191 1330 4238 nosmet
1385 4187 1540 4256 ipsos
1583 4191 1986 4254 supportemus

283 4256 608 4308 unanimes.
670 4256 810 4307 Nam
861 4255 919 4308 in
972 4255 1419 4324 praesentiarum
1459 4255 1606 4308 bene
1635 4257 1987 4311 commeritis

283 4327 431 4396 proh
452 4325 618 4396 dolor
638 4325 998 4396 exigentibus
1028 4326 1235 4394 culpis,
1265 4326 1410 4379 nihil
1441 4325 1606 4396 pensi
1638 4341 1824 4396 neque
1857 4343 1984 4380 mo-

284 4395 477 4466 derati
496 4395 690 4460 habet,
722 4395 948 4466 quantis
979 4396 1147 4448 malis
1196 4397 1378 4464 magis
1427 4395 1817 4466 magisqne’in
1850 4398 1987 4452 dies

284 4464 909 4537 periclitansmnndus
966 4466 1316 4520 succumbat.
1361 4464 1712 4536 Unde'er'go
1766 4471 1832 4520 ut
1883 4485 1986 4537 pro

285 4535 452 4605 posse
477 4535 783 4590 criminum
835 4541 1164 4590 nostrorum
1204 4537 1626 4606 aliquantulum
1654 4535 1820 4590 oneri
1849 4535 1989 4606 par-

288 4621 505 4672 camus,
531 4606 760 4676 publice
790 4606 1175 4677 privatimque
1211 4607 1628 4673 constituimus,
1663 4613 1989 4676 utquatuor

287 4677 448 4748 anni,
478 4677 883 4748 temporibus“
918 4678 1124 4747 legalia
1179 4679 1383 4748 synodi
1434 4677 1593 4748 scita
1632 4678 1991 4732 decernenda

286 4747 582 4813 condictis,
614 4748 686 4801 ab
709 4746 1219 4802 omnibus’nostrae
1272 4748 1486 4802 scilicet
1543 4747 1782 4801 diocesis
1811 4749 1989 4817 septis

284 4821 612 4900 congyratis
635 4819 694 4871 in
723 4819 1602 4900 consensumparticipatnmque
1625 4819 1768 4900 tanti
1797 4820 1989 4900 operis

282 4889 537 4960 undique
577 4888 970 4960 conveniatur,
993 4888 1201 4960 quibus
1228 4889 1286 4942 id
1324 4888 1536 4960 negotii
1556 4890 1684 4960 jure
1725 4888 1984 4944 debetur.

286 4959 582 5040 Salubrius
630 4959 1161 5040 enimdfortiusqne
1213 4959 1988 5040 hujusmodidecreturn‘di-

286 5032 697 5097 noscitur,cum
744 5031 1148 5101 astipulatione
1178 5030 1563 5100 plurimorum
1611 5030 1985 5101 depromitur,
2016 5044 2058 5098 Ι)

289 5103 414 5172 Non
455 5107 650 5155 tamen
681 5118 880 5156 omnes
935 5101 996 5154 in
1046 5116 1228 5172 unum
1283 5102 1616 5172 singillatim
1671 5117 1987 5172 courogare

289 5171 670 5236 decernimus,
707 5173 844 5226 dum
877 5171 1237 5226 multimodis
1263 5171 1748 5242 [impedientibus
1807 5171 1990 5225 causis

287 5242 617 5313 nullatenus
645 5243 753 5297 hoc
791 5243 918 5297 fieri
942 5259 1105 5313 posse
1127 5258 1239 5296 non
1263 5243 1630 5313 ignoremus;
1689 5243 1991 5312 praesertin

288 5327 419 5384 cum
470 5312 723 5384 humana
783 5312 1063 5384 fragilitas
1118 5312 1439 5367 necessario
1497 5313 1705 5383 exigat,
1759 5318 1822 5366 ut
1871 5329 1989 5367 sua:

292 5381 554 5456 utilitatis
581 5383 800 5456 artibus
824 5381 1071 5456 quisque
1117 5385 1318 5456 diatim
1351 5381 1641 5456 inserviet,
1696 5385 1854 5437 velut
1881 5384 1987 5456 sci-

289 5454 425 5508 licet
451 5452 747 5520 rusticani,
792 5452 1001 5524 quibus
1066 5472 1170 5525 per
1205 5454 1362 5510 varia
1417 5454 1679 5508 laborum
1720 5453 1986 5509 exercitia

359 5575 440 5647 (a)
472 5574 544 5628 M.
577 5575 685 5630 XX.
723 5574 814 5628 VI.
846 5575 936 5630 ID.
975 5576 1171 5632 OCTB.
1205 5577 1397 5632 eodem.

2096 3835 2690 3905 propositidissuadet
2732 3835 3028 3901 districtio,
3078 3837 3290 3890 nedum
3343 3835 3480 3889 foris
3533 3836 3702 3905 quasi
3734 3851 3796 3888 ex

2097 3905 2494 3974 hujuscemodi
2548 3911 2759 3958 statuto
2799 3913 3205 3975 pervagantur,
3260 3907 3328 3960 ab
3378 3905 3586 3958 usitato
3618 3905 3798 3959 animi

2099 3977 2287 4046 rigore
2317 3975 2626 4046 proclivius
2653 3976 2883 4030 deviare
2913 3983 3210 4046 cogantur,
3239 3977 3379 4046 quin
3408 3977 3600 4046 potius
3628 3977 3796 4028 solito

2101 3994 2287 4046 rigore
2317 3994 2626 4046 procuvins
2653 3994 2883 4030 oevnare
2913 3994 3210 4046 cogantur,
3281 3994 3379 4030 uin
3408 3994 3600 4046 ponus
3628 3994 3796 4028 souw

2101 4047 2340 4100 Deitatis
2369 4045 2598 4100 servitio
2630 4046 2898 4099 insudare
2922 4048 3200 4100 nitantur.
3233 3994 3449 4110 auibus
3478 4047 3654 4099 etiam
3687 4046 3798 4098 sol-

2097 4116 2254 4170 licita
2282 4117 2788 4187 circumspectione
2829 4117 3178 4187 praemoniti,
3214 4118 3276 4171 in
3327 4132 3632 4170 commune
3666 4132 3798 4186 per-

2099 4187 2428 4253 suademus,
2460 4188 2541 4240 uti
2579 4188 2638 4240 in
2697 4187 2948 4241 definitis
2999 4188 3199 4242 diebus
3248 4187 3648 4257 unusquisque
3698 4202 3797 4256 pro

2098 4257 2428 4325 diversitate
2461 4273 2627 4310 sexus
2651 4257 2929 4325 etaetatis,
2973 4258 3146 4311 sacris
3189 4259 3517 4312 orationum
3554 4258 3796 4319 oblatio-

2098 4342 2357 4399 numque
2388 4344 2509 4380 sese
2538 4328 2802 4382 studeant
2824 4329 3151 4399 mancipare
3173 4329 3395 4394 ofﬁciis,
3448 4329 3592 4382 illud
3623 4343 3797 4398 quam

2103 4398 2352 4468 maxime
2398 4413 2641 4468 summae
2682 4399 2964 4452 divinitati
2995 4398 3124 4453 cum
3155 4404 3270 4453 tota
3322 4399 3555 4468 spiritus
3583 4399 3799 4452 contri-

2100 4467 2258 4540 tione
2289 4467 2698 4540 supplicantes,
2742 4471 3012 4538 quatinus
3069 4472 3192 4540 ipse
3249 4467 3552 4523 conireutui
3584 4475 3796 4540 nostro

2103 4539 2298 4592 adesse
2328 4538 2619 4606 dignetur,
2665 4540 2764 4609 qui
2821 4541 3044 4594 duobus
3094 4538 3318 4610 'qnippe
3371 4545 3470 4593 aut
3523 4539 3708 4593 tribus
3738 4540 3794 4592 in

2103 4610 2337 4662 nomine
2367 4625 2470 4681 suo
2493 4610 2856 4681 congregatis
2875 4627 2933 4664 se
2979 4611 3228 4665 medium
3259 4611 3562 4681 pollicetur
3593 4625 3608 4679 ;
3650 4611 3798 4680 ejus-

2072 4696 2075 4697 ν
2102 4695 2214 4750 que
2244 4679 2822 4761 condonantelgratia
2851 4681 2964 4735 tale
2987 4681 3133 4761 quid
3164 4697 3234 4761 ex_
3260 4679 3510 4761 nostro"
3535 4682 3795 4761 consultu

2103 4755 2452 4821 emergatur,
2481 4751 2634 4820 quod
2667 4757 2723 4804 et
2756 4751 3126 4820 praesentium
3158 4752 3326 4804 saluti
3367 4751 3715 4821 proﬁcuum,
3741 4756 3798 4804 et

2101 4820 2427 4892 futurorum
2466 4821 2772 4874 imitationi
2802 4837 2923 4876 esse
2953 4820 3796 4892 qneatidoneum,insnperque

2102 4906 2190 4963 res
2218 4891 2448 4963 publica
2477 4892 2622 4945 bene
2652 4891 3038 4963 strennneqne
3059 4898 3308 4963 regatur,
3342 4898 3534 4946 sancta
3565 4891 3797 4962 quoque

2102 4961 2516 5034 eclesiaibeata;
2547 4961 2926 5034 gloriosaaque
2945 4961 3042 5017 Dei
3068 4961 3360 5034 genitricis
3417 4963 3567 5034 hunc
3615 4961 3795 5034 usque

2101 5033 2330 5085 tuitioni
2349 5031 2577 5104 munita,
2603 5031 2977 5104 adaugeatur,
3012 5031 3138 5103 ipsa
3157 5033 3476 5104 eademque
3523 5032 3591 5085 ab
3648 5031 3792 5086 infe-

2100 5104 2343 5157 statione
2364 5103 2586 5156 inimici
2618 5103 3187 5174 ministrantinmque
3243 5103 3375 5168 sibi,
3438 5117 3794 5174 paganorum

2101 5173 2424 5226 scilicetseu
2458 5173 2743 5227 malorum
2816 5173 3286 5242 christianornm,
3334 5173 3661 5228 incursione
3699 5189 3794 5227 ns-

2101 5259 2213 5314 que
2245 5260 2474 5314 quaqne
2508 5244 2868 5298 defendatur.

2175 5316 2285 5382 (97)
2318 5315 2364 5368 i.
2405 5331 2454 5368 e.
2484 5314 3013 5384 Aldemburgensis.

2173 5383 2289 5453 (98)
2309 5384 2457 5438 sedit
2494 5385 2628 5439 inde
2653 5385 2724 5438 ab
2754 5383 3171 5441 (1018-1022.
3200 5385 3362 5441 Febr.
3392 5389 3475 5441 19.

2169 5457 2276 5524 (99)
2310 5454 2463 5509 Obiit
2495 5471 2541 5508 a.
2578 5457 2734 5518 1022,
2759 5457 2811 5510 d.
2836 5459 2926 5511 23.
2949 5458 3186 5512 Ianuar.
