4016 6202
143 298 255 348 233

1392 298 1631 357 LEGES
1672 304 1763 358 ET
1803 304 2433 364 CONSTITUTIONES.

3578 328 3684 380 234

137 416 281 470 dam
333 418 714 488 ambiguitatis
769 421 1085 491 indaginem
1138 420 1565 492 investigabat,
1596 424 1855 495 quippe:
1899 430 1946 483 Α
1979 428 2192 482 exinde
2244 445 2481 486 concors
2521 433 2751 489 illorum
2814 437 2939 491 ﬁeri
2998 439 3342 496 decrevisset
3382 446 3634 500 assensio
3658 450 3685 499 Υ

142 505 289 558 Cum
333 506 572 577 quilibet
601 509 892 580 episcopus
919 512 1003 566 vel
1033 510 1283 582 cujusvis
1329 510 1648 581 dignitatis
1688 514 1856 585 quis-

138 609 341 663 quam,
412 597 769 667 prOprietatis
815 615 927 654 suae
980 600 1233 672 aliquem
1290 599 1361 653 ad
1418 602 1859 656 sacerdotalem

139 684 469 749 provehens
520 686 782 755 gradum,
814 704 927 742 sua:
976 689 1273 760 potestatis
1300 688 1464 758 juxta
1520 688 1864 743 collibitum

138 787 269 824 esse
294 773 638 842 permiserit,
668 775 1008 848 insuperque
1037 777 1123 831 sui
1146 777 1296 848 juris
1341 792 1443 830 seu
1507 776 1681 830 alieni
1737 776 1869 829 sibi

138 860 427 913 eclesiam
498 862 760 917 clementi
812 864 1158 935 benignitate
1199 865 1564 935 adquisierit,
1618 864 1713 918 sed
1786 863 1869 931 is,

136 949 580 1003 succedentibus
624 953 933 1022 prosperis,
963 953 1182 1008 altioris
1213 953 1401 1007 meriti
1431 954 1685 1007 elatione
1725 966 1870 1005 sese

136 1052 316 1107 super
345 1038 614 1092 verticem
647 1040 932 1106 extulerit,
985 1041 1317 1113 donumque
1364 1041 1645 1096 divinitus
1676 1039 1868 1094 colla-

136 1130 267 1178 tum
300 1125 358 1180 in
418 1131 584 1198 turpe
638 1129 980 1183 converterit
1020 1131 1501 1197 emolumentum,
1568 1130 1710 1185 adeo
1773 1133 1866 1195 ut,

136 1215 443 1268 nobilitate
495 1217 721 1286 generis
774 1234 1095 1284 succensus,
1128 1219 1421 1290 quandam
1469 1219 1533 1273 in
1563 1218 1869 1274 matrimo-

137 1303 306 1356 nium
357 1305 722 1374 usurpaverit
750 1306 1008 1371 liberam,
1042 1324 1109 1363 eo
1168 1313 1368 1362 tenore
1399 1314 1468 1363 ut
1511 1310 1737 1379 prolem
1798 1324 1866 1364 ex

136 1390 343 1443 eadem
402 1391 715 1444 derivatam
770 1408 1000 1464 quoquo
1057 1395 1230 1449 modo
1285 1395 1580 1450 abalienet
1626 1395 1862 1450 servitio

135 1479 267 1546 ejus
318 1479 487 1548 cujus
542 1479 662 1549 ipse
717 1481 949 1535 suberat
976 1482 1259 1549 dominio;
1317 1484 1455 1555 quid
1488 1482 1858 1554 potissimum

1979 517 2077 570 His
2109 518 2188 572 ita
2216 521 2547 588 praelibatis,
2578 539 2879 593 procerum
2928 529 3326 600 unusquisque
3356 547 3460 605 pro
3511 532 3686 588 indu-

1980 604 2133 659 striaa
2164 623 2277 660 suae
2329 610 2710 678 estimatione,
2740 613 2910 683 hujus
2941 617 3022 669 rei
3052 620 3348 687 proposito
3393 622 3566 691 longa
3596 622 3682 676 al-

1982 694 2248 748 ternabat
2276 695 2707 753 deliberatione.
2752 701 2856 756 Sed
2892 706 3120 759 tandem
3154 708 3323 777 hujus
3376 709 3684 765 haesitatio-

1984 779 2074 833 nis
2131 783 2435 838 amfractus
2463 786 2805 857 imperatore
2862 792 3233 862 anticipante,
3282 798 3467 851 omnis
3523 799 3681 852 illius

1983 869 2271 924 concionis
2296 889 2586 927 consessus
2616 875 2673 928 in
2698 877 3028 948 suffragium
3052 882 3385 951 hujusmodi
3408 887 3678 956 assurgit,

1983 958 2407 1031 acclamantque
2435 963 2620 1016 cuncti
2656 981 2667 1017 :
2702 965 2954 1035 legitime
3008 977 3292 1039 oportere,
3344 977 3460 1027 tam
3491 974 3677 1045 ipsam

1981 1061 2153 1115 quam
2185 1050 2307 1118 ejus
2336 1052 2722 1120 posteritatem
2756 1055 2956 1109 eodem
2987 1073 3100 1127 quo
3133 1065 3188 1112 et
3217 1060 3336 1129 ipse
3388 1062 3678 1117 servitutis

1969 1132 2112 1204 jugo
2170 1138 2557 1215 succumbere.
2620 1141 2852 1195 Addunt
2923 1144 3300 1200 nihilominus
3371 1152 3677 1218 praesentis

1977 1224 2387 1292 compactionis
2416 1226 2728 1294 decretum,
2790 1232 3033 1285 Romani
3090 1234 3319 1304 imperii
3376 1238 3677 1307 majestate

1974 1312 2275 1378 sancitum,
2312 1315 2469 1368 nullo
2499 1317 2732 1385 penitus
2762 1318 2823 1371 in
2846 1325 3124 1390 perpetuo
3147 1323 3278 1392 jure
3307 1325 3672 1392 solvendum,
3769 1318 3785 1339 ⁸

1975 1400 2224 1455 maxime
2250 1417 2403 1467 cum,
2432 1403 2491 1457 in
2521 1404 2666 1458 bene
2696 1406 2907 1475 placito
2941 1410 3277 1464 universalis
3310 1428 3490 1483 papae,
3544 1429 3676 1483 pro-

1974 1494 2233 1557 spectum
2265 1497 2489 1559 vegetet
2520 1498 2727 1546 sanctae
2760 1494 3016 1548 mele-sim.

366 1784 467 1888 s.
561 1787 1156 1890 HENBICI
1254 1790 1845 1894 PACTUM
1917 1792 2212 1897 CUM
2282 1738 3093 1903 BENEDICTO
3164 1803 3448 1903 VIII.

1629 1969 1760 2035 (An.
1798 1975 1955 2040 1020,
2001 1974 2215 2042 April.)

207 2125 629 2181 Authenticum
660 2124 787 2203 ejus
820 2122 981 2203 quod
1033 2121 1542 2204 in_archivo-olim
1596 2121 1863 2176 Vaticano
1916 2126 2491 2204 asservatumufuisse
2530 2126 2759 2204 dicitur,
2794 2128 2961 2204 haud
3012 2133 3260 2202 amplius
3306 2140 3506 2204 exstat,
3570 2141 3668 2194 sed

134 2198 399 2267 primum
426 2194 861 2249 constitutionis
891 2194 1187 2277 ‘exemplar
1215 2194 1274 2246 in
1306 2192 1665 2277 collectione
1687 2207 1971 2275 canonum
2026 2196 2334 2277 cardinalis
2373 2196 2682 2277 Deusdedit
2712 2198 2983 2277 habetur;
3021 2192 3209 2277 quare
3234 2192 3668 2277 transum'ptum

132 2268 490 2331 authentici,

538 2266 689 2336 quod
719 2261 1079 2337 credebatur,
1118 2264 1176 2317 in
1212 2263 1457 2337 concilio
1511 2261 1879 2337 Lngdunensi
1908 2264 2254 2337 confectum,
2306 2274 2363 2320 et
2412 2284 2444 2321 a
2485 2268 2687 2337 Borgia
2716 2268 2776 2321 in
2819 2261 2980 2323 libro.
3015 2261 3179 2326 Breve
3220 2275 3428 2328 Istorz’a
3458 2261 3671 2333 détdr};

134 2343 314 2393 minio
345 2333 640 2419 temporale
696 2335 839 2388 della
887 2336 1005 2388 sede
1046 2336 1367 2419 apostolico,
1402 2333 1678 2419 appendn

2083 2376 2097 2401 ,
2134 2336 2341 2391 iterum
2377 2333 2732 2419 expressum,
2759 2344 3280 2419 _repetere_juvat.
3331 2348 3538 2419 Charta
3566 2366 3667 2419 pa-

136 2420 304 2463 ctum
340 2405 718 2463 Ottonianum
750 2420 949 2485 presso
970 2408 1116 2485 pede
1145 2406 1436 2475 sequitur;
1471 2405 1552 2484 ita
1579 2406 1973 2485 etpraecipue
2015 2422 2127 2485 una
2149 2405 2515 2485 sententiain
2537 2405 2728 2463 codice
2756 2405 3026 2485 Vaticano
3057 2405 3193 2469 1984
3220 2406 3499 2485 descripta
3531 2405 3670 2485 (1'00)

134 2484 206 2535 ab
237 2483 345 2535 illo
405 2480 657 2543 recedat;
698 2476 848 2530 unde
897 2474 1045 2551 idem
1085 2476 1157 2530 de
1216 2474 1776 2551 utroquejudicium
1834 2474 2293 2551 ferendumest,
2334 2481 2480 2533 Nota
2524 2481 2802 2551 temporis
2832 2482 2891 2535 in
2951 2486 3146 2539 charta
3193 2488 3333 2539 tanti
3384 2474 3665 2544 momenti

138 2553 339 2607 omitti
373 2550 619 2605 minime
655 2552 893 2620 poterat,
949 2547 1191 2620 ideoque
1233 2546 1629 2620 authenticum
1658 2546 1726 2620 ad
1776 2547 2081 2601 concilium
2145 2550 2524 2620 Lugdunense
2582 2546 2913 2620 provenisse
2970 2555 3118 2608 haud
3172 2556 3517 2612 credendum
3558 2569 3661 2614 est.

134 2626 429 2677 Caeterum
467 2636 598 2674 cum
634 2616 691 2671 in
726 2617 916 2671 charta
948 2618 1015 2672 de
1052 2616 1509 2672 commutatione
1539 2616 1887 2700 praediorum
1934 2616 2253 2700 Anthesna,
2282 2616 2647 2700 Wieneringa
2676 2628 2732 2675 et
2787 2623 3105 2700 Wilinbach
3135 2642 3322 2680 sermo
3363 2628 3452 2694 sit,
3487 2647 3661 2700 quam

135 2696 191 2747 d.
225 2697 259 2747 8
299 2693 469 2749 Febr.
506 2708 556 2744 a.
609 2690 745 2743 1018
769 2689 1260 2766 locumAhabuisse
1321 2692 1564 2766 constat,
1599 2687 1853 2766 chartam
1882 2692 2189 2766 conventui
2238 2687 2991 2766 potissimumgimperatoris
3024 2702 3078 2748 et
3114 2712 3277 2766 papa:
3340 2687 3669 2754 Babenber-

137 2767 332 2833 gensi,
366 2777 565 2815 mense
598 2759 813 2833 Aprilis
839 2775 888 2812 a.
942 2758 1525 2833 1020,_assignandam
1558 2758 1900 2833 credideris;
1931 2759 2024 2812 cui
2054 2758 2419 2831 suifragatur,
2482 2763 2633 2832 quod
2665 2758 2733 2817 ex'
2760 2764 2998 2818 testibus
3044 2758 3347 2822 Macelinus
3396 2770 3509 2823 sive
3552 2773 3665 2826 Me-

135 2829 465 2905 ginhardus
491 2833 547 2886 d.
594 2834 627 2884 2
686 2830 816 2905 Dec.
848 2847 898 2882 a.
935 2832 1065 2905 10_l_8
1105 2830 1164 2883 in
1200 2831 1539 2905 episcopum
1596 2829 2116 2905 Wircibnrgensem
2176 2829 2475 2901 promotus
2500 2829 2631 2898 est,
2687 2840 2743 2888 et
2794 2834 3122 2890 Heribertus
3166 2838 3521 2894 Coloniensis
3580 2859 3667 2895 ar-

137 2900 551 2976 ehiepisc0pus
572 2918 686 2955 xvn
723 2900 842 2954 Kal.
873 2901 1082 2971 Aprilis
1112 2918 1163 2954 a.
1196 2902 1323 2955 l02l
1362 2914 1702 2969 supremum
1730 2900 1897 2955 diem
1923 2902 2146 2955 clausit.

208 3040 281 3092 In
338 3034 578 3090 nomine
636 3031 864 3086 Domini
921 3031 1017 3085 Dei
1072 3030 1485 3101 omnipotentis
1548 3031 1748 3098 Patris,
1794 3036 1849 3086 et
1885 3034 1924 3086 Β
1962 3032 2074 3086 scie
2129 3032 2409 3102 partibus,
2466 3033 2617 3088 idest
2647 3036 2899 3097 Portum.
2953 3038 3384 3105 Centumcellas,
3440 3043 3663 3111 Ceram,

140 3124 295 3189 Filii,
329 3128 389 3176 et
445 3120 694 3191 Spiritus
746 3118 943 3173 sancti.
991 3120 1102 3190 Ego
1153 3119 1450 3174 Heinricus
1515 3118 1611 3172 Dei
1669 3121 1855 3190 gratia

138 3214 469 3282 imperator
499 3215 777 3280 augustos
807 3207 1057 3277 spondeo
1086 3212 1254 3278 atque
1285 3207 1586 3278 promitto,
1615 3223 1719 3278 per
1748 3209 1855 3262 hoc

138 3308 385 3369 pactum
415 3296 872 3352 conﬁrmationis
903 3302 1116 3360 nostre,
1148 3296 1252 3349 tibi
1282 3297 1447 3349 beato
1502 3296 1669 3350 Petro
1702 3297 1856 3368 prin-

138 3389 255 3459 cipi
291 3387 695 3458 apostolorum
724 3390 780 3439 et
809 3384 1091 3455 clavigero
1142 3385 1310 3455 regni
1343 3385 1616 3447 celorum,
1666 3392 1724 3440 et
1752 3401 1857 3456 per

137 3485 193 3530 te
226 3476 449 3529 vicario
504 3481 606 3529 tuo
641 3474 853 3528 domno
888 3472 1190 3527 Benedicto
1235 3489 1460 3527 summo
1493 3466 1753 3544 pontifici
1802 3480 1858 3528 et

140 3563 465 3619 universali
491 3579 657 3635 pape.
691 3562 838 3615 sicut
862 3577 895 3614 a
923 3562 1422 3631 predecessoribus
1444 3562 1642 3615 vestris
1671 3579 1855 3634 usque

142 3669 301 3708 nunc
332 3653 397 3705 in
428 3655 713 3721 potestate
742 3654 927 3703 vestra
959 3665 1022 3702 ac
1052 3649 1266 3702 ditione
1295 3648 1560 3702 tenuistis
1591 3654 1648 3703 et
1670 3650 1857 3720 dispo-

144 3740 369 3805 suistis,
406 3740 692 3793 civitatem
724 3739 1042 3792 Romanam
1074 3753 1201 3791 cum
1236 3738 1444 3791 ducatu
1474 3753 1599 3804 suo,
1632 3744 1690 3793 et
1716 3739 1853 3792 sub-

145 3829 413 3896 urbanis,
474 3835 643 3899 atque
687 3826 889 3880 viculis
943 3825 1228 3891 omnibus,
1287 3830 1343 3879 et
1371 3824 1675 3879 territoriis
1708 3827 1853 3897 ejus,

144 3919 449 3974 montanis
478 3934 543 3971 ac
597 3915 918 3977 maritimis,
973 3915 1235 3968 litoribus
1291 3919 1347 3967 et
1399 3913 1701 3984 portubus,
1754 3930 1856 3968 seu

144 4008 374 4063 cunctis
400 4005 747 4075 civitatibus,
792 4003 1059 4071 castellis,
1093 4002 1341 4073 oppidis,
1390 4018 1454 4056 ac
1510 4001 1709 4058 viculis
1739 4004 1858 4058 Tu-

1966 3121 2221 3187 Pledam,
2287 3122 2637 3189 Marturiani,
2691 3124 2962 3190 Sutriam,
3042 3127 3275 3198 Nepem,
3334 3129 3666 3199 Castellum,

1967 3209 2256 3278 Gallisem,
2318 3210 2534 3277 Ortem,
2588 3212 3003 3277 Polimartium,
3068 3216 3369 3282 Ameliam,
3425 3219 3668 3286 Tudam,

1968 3296 2257 3350 Perusiam
2291 3313 2421 3352 cum
2476 3299 2658 3352 tribus
2709 3300 2911 3354 insulis
2958 3302 3095 3367 suis,
3129 3302 3276 3357 idest
3318 3308 3550 3376 majore,
3616 3314 3669 3361 et

1966 3386 2210 3451 minore,
2247 3387 2572 3440 Pulvensim
2627 3392 2691 3455 ³⁸,
2727 3394 2783 3441 et
2814 3390 2958 3455 lacu,
2995 3391 3306 3460 Narmiam,
3345 3400 3399 3447 ct
3452 3395 3670 3450 Utricu-

1970 3474 2083 3527 lam
2115 3489 2242 3527 cum
2299 3461 2567 3529 omnibus
2611 3476 2822 3530 finibus
2880 3483 2937 3531 et
2965 3479 3272 3533 territoriis
3307 3482 3374 3535 ad
3407 3486 3669 3554 supradi-

1966 3567 2082 3615 ctas
2113 3561 2368 3617 civitates
2397 3563 2840 3634 pertinentibus,
2899 3582 3003 3619 nec
3036 3583 3149 3620 non
3212 3573 3267 3622 ct
3298 3573 3669 3631 exarchatum

1968 3651 2362 3705 Ravennatum
2408 3652 2514 3705 sub
2573 3652 2901 3723 integritate
2932 3671 3060 3707 cum
3115 3656 3374 3723 urbibus,
3428 3660 3671 3716 civitati-

1964 3730 2090 3804 bus,
2125 3740 2372 3808 oppidis,
2406 3746 2463 3793 et
2486 3742 2750 3808 castellis,
2805 3758 2915 3811 que
2946 3743 3038 3811 pie
3064 3746 3476 3801 recordationis
3498 3749 3667 3806 dom-

1967 3844 2075 3881 nus
2123 3826 2379 3897 Pipinus,
2413 3833 2471 3883 et
2523 3829 2727 3883 domus
2779 3831 3025 3883 Karolus
3056 3836 3114 3885 et
3162 3834 3405 3888 domnus
3435 3837 3669 3893 Lodovi-

1966 3929 2088 3981 cus,
2123 3917 2178 3966 et
2206 3915 2356 3980 Otto,
2392 3921 2449 3969 et
2470 3916 2668 3972 itidem
2698 3917 2827 3972 Otto
2856 3917 3009 3972 ﬁlius
3040 3919 3184 3990 ejus,
3238 3924 3668 3993 predecessores

1964 4002 2227 4056 videlicet
2257 4005 2455 4071 nostri,
2506 4004 2671 4061 beato
2702 4008 2869 4062 Petro
2901 4008 3160 4079 apostolo
3191 4016 3247 4066 et
3301 4013 3665 4083 predecesso-

1562 4127 1798 4181 νΑΒιίΕ
1852 4125 2254 4181 LECTIONES.

223 4227 270 4258 "
300 4219 640 4275 Pulverisim
674 4220 892 4286 Borgia.

1794 4303 2016 4359 NOTAE.

225 4437 376 4505 (100)
410 4432 586 4489 Cadra:
633 4434 715 4486 ita
745 4431 933 4505 habet:
993 4429 1177 4499 Super
1203 4429 1309 4505 hoc
1354 4427 1725 4505 confirmatus
1753 4426 1857 4479 tibi
1888 4428 1930 4482 C
1969 4424 2214 4505 Romani
2245 4426 2531 4496 pontificis
2589 4427 2953 4505 nequejiber
2982 4446 3169 4505 neque
3216 4449 3411 4489 servus
3463 4437 3533 4490 ad
3561 4438 3668 4494 hec

146 4498 534 4577 beateePetre
588 4504 841 4573 apostole
871 4498 1085 4577 etmper
1120 4504 1175 4553 te
1234 4498 1576 4577 vicario__suo
1636 4499 1850 4577 domno

153 4576 491 4641 Benedicto,
524 4568 751 4646 summo
780 4568 1039 4644 pontiﬁci
1069 4577 1127 4646 et
1181 4568 1485 4646 universali
1517 4582 1699 4637 papa),
1728 4568 1854 4646 Ful-

150 4651 399 4702 densem
452 4640 884 4709 monasterium,
943 4648 1000 4695 et
1039 4640 1258 4717 abbatis
1291 4640 1857 4717 ‘ejus_con_secratio-

152 4735 317 4783 nem,
351 4724 522 4785 atque
551 4716 741 4788 omnia
780 4712 1149 4788 monasteria,
1183 4714 1369 4788 euntes
1413 4713 1470 4762 et
1498 4710 1680 4788 villas,
1708 4723 1857 4788 quas

152 4791 215 4843 in
245 4778 693 4841 ultramontanis
724 4784 983 4859 partibus
1014 4789 1241 4859 sanctus
1266 4782 1465 4859 Petrus
1497 4778 1856 4859 ψει-θρῳσ-

151 4859 360 4922 scitur,
407 4857 618 4927 absque
670 4850 983 4930 Anthesna,
1017 4852 1429 4930 Guinneringa,
1488 4850 1860 4930 sive_V_l{ilin-

150 4931 329 4995 bach,
364 4944 473 4998 que
526 4923 557 4998 ξι
587 4927 765 4981 sancti
818 4925 969 4998 Petri
997 4923 1365 4998 ecclesiaper
1392 4923 1860 4998 commutatio_nis

154 4991 434 5070 paginam
456 4997 722 5072 episcopo
762 4991 1271 5072 Babenberguensi
1291 4995 1515 5072 conlate
1558 4994 1709 5072 sunt.
1750 4991 1859 5072 Pro

154 5063 375 5142 quibus
400 5063 683 5137 jamdicta’.
714 5069 982 5142 zecclesue
1024 5066 1171 5142 beati
1232 5063 1382 5117 Petri
1412 5063 1779 5142 concedimus
1808 5065 1863 5114 et

155 5132 572 5195 conﬁrmamus
600 5154 833 5191 onmem
872 5137 1042 5212 illam
1066 5141 1507 5212 terram,_quam
1539 5133 1685 5185 inter
1712 5132 1861 5212 _Nar-

158 5214 345 5274 niam,
402 5211 768 5263 Terramnem
801 5208 888 5261 vel
944 5206 1239 5275 Spoletum
1284 5204 1568 5269 abuimus,
1604 5209 1865 5272 preterea

159 5284 269 5337 sub
325 5280 631 5335 tuitionem
692 5277 847 5333 beati
905 5277 1056 5331 Petri
1111 5284 1167 5329 et
1220 5279 1489 5338 vestram,
1540 5280 1865 5325 vestrorum

159 5367 573 5410 successorum,
648 5350 1013 5403 Pretaxatum
1082 5346 1475 5416 episcopatum
1544 5342 1865 5397 Babenber-

160 5420 779 5494 guensemioiferimus.
812 5418 973 5494 Unde
995 5416 1114 5494 sub
1132 5419 1409 5494 pensione
1441 5429 1653 5483 equum
1685 5429 1868 5467 unum

158 5487 359 5549 album
391 5493 691 5546 faleratum
717 5506 783 5545 ex
814 5487 1505 5564 ejusdemjloci‘episcopo
1534 5499 1631 5564 vos
1657 5499 1870 5537 annua-

163 5565 299 5618 liter
324 5567 686 5633 suscepturos
705 5554 1014 5619 sancimus,
1041 5562 1090 5611 et
1128 5554 1309 5623 infra}
1345 5555 1409 5609 In
1438 5554 1713 5609 electione
1738 5570 1870 5607 vero

528 5666 804 5729 ΡΑτιιοι..
859 5662 1037 5726 CXL.

1962 4498 2157 4573 venire
2187 4506 2499 4566 presumat,
2531 4504 2597 4552 ut
2627 4498 2740 4573 illis
2776 4498 3231 4573 Romanis—quos
3260 4505 3328 4559 ad
3382 4507 3529 4561 hanc
3552 4509 3667 4563 ele-

1964 4567 2239 4647 ctionem,
2275 4584 2461 4658 Aper”
2494 4570 2963 4658 constitutiolnem
2986 4567 3362 4658 “sanctorum
3432 4584 3666 4658 patrum

1966 4637 2202 4719 antiqua
2233 4637 2466 4719 admisit
2518 4641 2894 4719 consuetudo,
2952 4642 3167 4719 aliquid
3232 4645 3399 4700 faciat
3428 4637 3667 4719 impedi—

1968 4716 2248 4773 mentum,
2282 4710 2434 4779 quod
2491 4710 2539 4763 si
2590 4711 2716 4779 quis
2758 4718 2952 4765 contra
2983 4710 3129 4767 hanc
3175 4722 3431 4770 nostram
3462 4710 3669 4774 cenati-

1965 4780 2244 4857 tutionem
2276 4781 2709 4857 presumpserit,
2735 4782 2905 4835 exilio
2926 4785 3203 4857 tradatur.
3230 4787 3471 4857 Insuper
3495 4790 3667 4844 etiam

1968 4856 2032 4929 ut
2062 4850 2257 4929 nullus
2271 4852 2579 4904 missorum
2614 4856 2940 4929 nostrorum
2972 4850 3385 4929 cujuscumque
3413 4859 3667 4929 impedi-

1967 4920 2144 4994 t_ionis
2176 4928 2543 4994 aucmentum
2568 4921 2874 4994 _obponere
2900 4923 2961 4977 in
3016 4920 3236 4994 pretata
3264 4920 3539 4982 electione
3565 4947 3666 4984 au-

1970 4990 2123 5063 deat,
2153 4992 2421 5045 omnibus
2454 4991 2638 5045 modis
2661 4990 3039 5063 'proibemus:
3092 4996 3231 5049 Nam
3259 5003 3315 5050 et
3343 4996 3451 5050 hoc
3479 5001 3664 5054 omni-

1970 5061 2502 5138 quisjnstituere
2534 5061 2769 5138 placuit,
2823 5066 3019 5138 utqui
3052 5067 3228 5138 semel
3281 5067 3384 5120 sub
3433 5072 3663 5138 speciali

1971 5131 2302 5204 defensione
2359 5131 2598 5203 dompni
2652 5131 2969 5204 apostolici,
3043 5136 3158 5190 sive
3213 5143 3405 5191 nostra
3452 5131 3667 5196 fuerint

1971 5203 2238 5277 suscepti,
2262 5202 2575 5277 impetrata
2618 5202 2777 5277 justo,
2819 5212 3057 5260 utantur
3119 5206 3471 5264 defensione.
3506 5212 3668 5277 Quod

1971 5272 2023 5353 si
2071 5274 2201 5353 quis
2258 5272 2316 5325 in
2356 5272 2708 5353 quemquam
2765 5276 2998 5353 illorum
3058 5278 3159 5353 qui
3217 5272 3664 5353 promerue'ﬁnt’

1973 5343 2185 5417 violare
2235 5343 2688 5417 presumpserint
2710 5349 2855 5417 sciat
2910 5362 2968 5399 se
3017 5343 3334 5417 periculum
3394 5353 3518 5407 vitae
3548 5343 3666 5409 sure

1974 5413 2359 5493 incursurum.
2400 5413 2854 5493 Etisubscripsitq
2888 5413 3192 5493 ‘Ijeinricus
3243 5420 3572 5493 imperator,
3614 5432 3671 5479 et

1977 5483 2230 5565 episcopi
2263 5487 2327 5539 l3
2350 5492 2406 5539 et
2437 5485 2665 5539 abbates
2720 5483 2772 5551 4,
2807 5491 2862 5541 et
2894 5488 3066 5541 duces
3097 5490 3148 5556 3,
3177 5483 3412 5546 comites
3442 5496 3493 5559 9,
3527 5483 3671 5565 opti-

1977 5559 2157 5610 mates
2186 5557 2238 5607 9.

3322 5672 3357 5729 8
