3914 6190
381 299 486 354 235

1679 296 1736 351 S.
1782 291 2068 351 HENRICI
2105 286 2580 350 IMPERATORIS
3721 299 3799 353 236

389 421 545 476 ribus
592 420 792 476 vestris
845 421 967 492 jam
1009 419 1229 476 dudum
1283 436 1383 491 per
1429 419 1752 474 donationis
1806 419 2079 490 paginam
2113 423 2159 473 Α
2196 419 2418 473 soribus
2474 418 2617 488 ejus,
2668 420 2841 487 prout
2895 413 3042 470 bone
3103 413 3375 470 memorie
3434 432 3568 487 pape
3611 419 3808 476 Johanni

390 511 776 573 contulerunt,
827 510 934 564 hoc
957 516 1040 564 est
1087 509 1372 564 civitatem
1429 509 1776 575 Ravennam,
1807 515 1865 562 et
1929 508 2087 562 Emi-

392 601 549 664 liam,
585 600 849 662 Bobium,
910 600 1203 666 Cesenam,
1258 599 1690 668 Forumpopuli,
1739 598 2084 665 Forumlivii,

394 688 743 754 Faventiam,
814 689 1069 754 (molam,
1129 688 1466 754 Bononiam,
1507 687 1850 754 Ferrariam,
1892 688 2090 742 Coma-

393 778 568 843 clum,
596 776 881 840 Adrianis,
924 784 1097 847 atque
1137 776 1454 840 Gabellum,
1487 791 1616 828 cum
1648 775 1914 828 omnibus
1959 775 2088 828 tini-

393 865 522 932 bus,
546 864 849 918 territoriis
879 870 1048 935 atque
1080 864 1281 918 insulis
1311 871 1465 918 terra
1494 864 1755 933 marique
1784 865 1854 917 ad
1890 881 2089 933 supra-

397 954 577 1008 dictas
619 953 872 1007 civitates
910 952 1354 1023 pertinentibus,
1402 952 1658 1006 simulet
1712 953 2089 1022 Pentapolim,

397 1043 660 1096 videlicet
709 1041 1053 1108 Ariminum,
1115 1043 1491 1108 Pensaurum,
1553 1041 1792 1106 Fanum,
1825 1041 2094 1110 Seuogal-

396 1131 552 1195 liam,
612 1134 926 1193 Anconam,
979 1129 1302 1196 Ausimum,
1347 1131 1688 1194 Humanam,
1722 1129 1938 1196 Hesim,
1991 1130 2090 1182 Fo-

397 1217 846 1288 rumsimpronii,
907 1217 1330 1284 Montemfeltri,
1395 1216 1706 1281 Urbanum,
1761 1223 1818 1270 et
1858 1217 2088 1271 territo-

396 1306 546 1359 rium
617 1306 968 1370 Balvensem,
1021 1305 1191 1359 Callis
1245 1306 1308 1370 ³⁸,
1345 1303 1608 1362 Luciolis,
1642 1309 1700 1356 et
1743 1303 2089 1373 Eugubium,

395 1411 524 1447 cum
560 1394 827 1446 omnibus
856 1393 1071 1445 ﬁnibus
1100 1407 1164 1444 ac
1195 1391 1500 1444 territoriis
1550 1391 1621 1444 ad
1671 1392 1901 1445 easdem
1927 1391 2094 1462 pcivi-.

395 1486 539 1535 tates
571 1479 1010 1551 pertinentibus.
1072 1479 1279 1533 Eodem
1325 1479 1498 1532 modo
1545 1479 1898 1534 territorium
1938 1479 2092 1534 Sabi-

396 1585 591 1632 uense,
623 1568 767 1621 sicut
798 1583 830 1620 a
851 1567 1123 1637 predictis
1169 1567 1610 1636 imperatoribus
1644 1569 2092 1622 antecessoribus

395 1657 603 1710 nostris
644 1655 810 1709 beato
838 1657 1001 1709 Petro
1049 1656 1308 1725 apostolo
1334 1672 1436 1724 per
1461 1655 1788 1709 donationis
1815 1657 2091 1726 scriptum

396 1759 728 1797 concessum
771 1748 856 1797 est
912 1743 1014 1796 sub
1052 1744 1400 1813 integritate,
1435 1743 1490 1797 id
1522 1748 1607 1797 est
1671 1741 1719 1778 ³⁸
1748 1744 1807 1797 in
1834 1745 2092 1814 partibus

394 1831 593 1883 Tuscie
667 1832 1167 1901 Langobardorum
1245 1832 1544 1885 castellum
1609 1831 1934 1897 Felicitatis,
1999 1834 2095 1887 Ur-

391 1919 799 1984 bemveterem,
861 1921 1135 1974 Balneum
1193 1919 1381 1989 Regis,
1449 1919 1690 1987 Ferenti,
1753 1921 2089 1986 Viterbium,

394 2007 609 2066 Ortem.
679 2009 916 2061 Martem
968 2010 1032 2074 ³⁷,
1093 2009 1342 2073 Pledam,
1418 2009 1758 2074 Tuscanam,
1817 2010 2088 2074 Suanam,

399 2094 803 2165 Populonium,
840 2096 1105 2162 Roselles,
1136 2111 1266 2149 cum
1297 2096 1644 2149 suburbanis
1665 2102 1840 2167 atque
1871 2097 2090 2165 viculis,

395 2189 452 2236 et
479 2183 745 2236 omnibus
779 2183 1079 2238 territoriis
1123 2200 1187 2237 ac
1218 2183 1523 2238 maritimis
1563 2184 1808 2254 oppidis,
1839 2201 1937 2239 seu
1968 2185 2096 2239 tini-

397 2273 503 2326 bus
525 2272 814 2326 omnibus.
843 2273 1099 2341 Itemque
1132 2289 1161 2325 a
1197 2271 1367 2326 Lunis
1386 2287 1516 2326 cum
1549 2273 1738 2326 insula
1761 2273 2005 2339 Corsica,
2035 2274 2096 2328 in

397 2359 664 2426 Suriano,
689 2360 977 2414 deindein
998 2365 1192 2413 monte
1217 2359 1511 2425 Bardonis,
1545 2359 1749 2413 deinde
1784 2360 1842 2413 in
1869 2361 2096 2415 Berceto

397 2448 676 2502 exiudein
706 2451 926 2514 Parma,
959 2447 1167 2502 deinde
1201 2447 1262 2500 in
1301 2447 1560 2517 Regiam,
1609 2447 1813 2502 exinde
1844 2448 1903 2502 in
1949 2450 2098 2503 Man-

397 2545 516 2604 tua,
565 2542 736 2608 atque
767 2537 826 2591 iu
858 2539 1042 2592 Monte
1071 2535 1276 2603 Silicis,
1302 2540 1473 2606 atque
1506 2536 1799 2605 provincia
1832 2537 2097 2592 Venetia-

398 2642 549 2692 rum,
585 2626 766 2694 lstria,
797 2642 902 2680 nec
941 2642 1053 2679 non
1089 2629 1146 2678 et
1191 2630 1460 2678 cunctum
1503 2624 1876 2694 Spoletauum
1925 2628 2095 2680 duca-

399 2720 543 2777 tum,
589 2730 691 2768 seu
741 2715 1201 2768 Beneventanum
1253 2729 1369 2766 una
1421 2729 1552 2766 cum
1611 2713 1848 2767 ecclesia
1903 2721 2096 2769 sancte

397 2802 684 2859 Christiue
731 2803 918 2872 posita
948 2819 1128 2873 prope
1160 2803 1393 2872 Papiam
1419 2802 1583 2871 juxta
1633 2803 1850 2856 Padum
1891 2808 2095 2874 quarto

2197 509 2428 579 suisque
2485 505 2904 560 successoribus
2933 521 2966 558 a
3020 504 3498 574 predecessoribus
3531 509 3710 561 nostris
3734 511 3805 564 0t-

2198 596 2426 650 tonibus
2460 595 2672 649 factum
2706 599 2792 646 est
2839 593 3093 646 civitates
3141 599 3198 645 et
3227 593 3430 663 oppida
3465 610 3580 648 cum
3609 596 3813 664 piscariis

2199 685 2314 738 suis
2344 685 2598 749 Reatem,
2650 683 3028 743 Amiternam,
3061 681 3392 746 Furconem,
3439 683 3688 749 Nursiam,
3717 687 3810 739 Bal-

2197 789 2349 841 vam,
2376 778 2432 826 et
2487 771 2766 835 Marsiam,
2801 774 2858 823 et
2894 770 3030 823 alibi
3059 769 3339 823 civitatem
3383 771 3670 826 Terannem
3715 789 3816 828 cum

2198 860 2560 932 pertinentiis
2591 859 2727 914 suis.
2782 859 2890 912 Has
2923 873 3120 912 omnes
3169 858 3509 928 supradictas
3537 861 3813 929 provincias,

2159 950 2370 1009 ,urbes
2411 954 2467 1002 et
2514 948 2788 1015 civitates,
2821 947 3034 1016 oppida
3086 951 3254 1016 atque
3303 947 3537 1011 castella,
3574 948 3750 1002 viculos
3771 967 3816 1004 ac

2199 1037 2508 1104 territoria,
2542 1037 2827 1105 simulque
2844 1034 3188 1105 patrimonia
3220 1051 3324 1105 pro
3349 1040 3490 1088 statu
3511 1037 3656 1105 regni
3680 1040 3815 1094 nostri

2200 1130 2517 1195 cunctoque
2577 1123 3016 1178 cbristianorum
3077 1124 3290 1193 populo
3328 1123 3681 1176 conservando
3725 1123 3810 1192 jam

2201 1213 2348 1266 dicte
2404 1211 2639 1266 ecclesie
2688 1216 2806 1276 tue,
2860 1210 3022 1264 beate
3089 1211 3275 1278 Petre,
3344 1210 3542 1264 vicario
3611 1216 3696 1264 tuo
3741 1211 3811 1264 Be-

2200 1301 2446 1367 nedicto,
2511 1317 2575 1354 ac
2605 1298 3025 1353 successoribus
3078 1298 3202 1367 ejus
3240 1313 3419 1368 usque
3457 1297 3512 1350 iu
3570 1297 3717 1351 ﬁnem
3751 1315 3808 1350 se-

2200 1389 2310 1442 culi
2339 1405 2404 1442 eo
2441 1388 2610 1442 modo
2641 1388 3065 1449 conﬁrmamus,
3115 1392 3174 1439 ut
3204 1384 3264 1438 in
3294 1402 3395 1438 suo
3423 1385 3688 1439 detineant
3703 1385 3811 1455 jure.

2200 1477 2548 1548 principatu,
2585 1481 2754 1546 atque
2777 1474 3012 1529 ditione.
3043 1473 3225 1528 Simili
3248 1473 3417 1528 modo
3443 1489 3538 1544 per
3555 1473 3649 1527 hoc
3676 1481 3815 1527 nostra

2201 1565 2576 1638 delegationis
2622 1570 2851 1635 pactum
2905 1562 3315 1616 conﬁrmamus
3364 1561 3689 1626 donationes,
3715 1577 3816 1632 quas

2203 1654 2296 1724 pie
2321 1653 2732 1708 recordationis
2770 1651 3006 1722 Pipinus
3038 1667 3155 1716 rex,
3186 1656 3245 1704 et
3274 1656 3466 1720 postea
3501 1650 3714 1703 domnus
3740 1650 3816 1702 lia-

2202 1741 2359 1796 rolus
2378 1740 2888 1796 excellentissimus
2919 1740 3250 1810 imperator,
3283 1754 3348 1792 ac
3377 1738 3626 1808 deinceps
3645 1736 3819 1792 Ottones

2203 1830 2446 1901 piissimi
2481 1831 2648 1884 beato
2693 1832 2861 1884 Petro
2893 1827 3103 1884 Christi
3152 1827 3411 1898 apostolo
3453 1831 3729 1897 spontanee
3753 1843 3818 1878 vo-

2203 1919 2423 1972 luntate
2466 1919 2856 1982 contulerunt,
2904 1933 3008 1970 uec
3049 1932 3170 1971 non
3197 1921 3256 1970 et
3285 1931 3534 1981 censum,
3564 1921 3614 1969 et
3651 1914 3819 1985 pensio.

2203 2023 2359 2072 nem,
2391 2023 2489 2060 seu
2512 2013 2729 2060 ceteras
2770 2005 3048 2070 datioues,
3070 2021 3182 2075 que
3203 2003 3498 2058 annuatim
3532 2003 3586 2057 in
3604 2003 3818 2074 palatium

2203 2096 2355 2165 regis
2384 2093 2885 2165 Langobardorum
2920 2092 3123 2146 inferri
3142 2092 3418 2156 solebant,
3440 2091 3549 2145 sive
3576 2091 3637 2144 de
3653 2089 3819 2152 Tuscia,

2206 2182 2320 2235 sive
2347 2180 2417 2235 de
2457 2181 2668 2235 ducatu
2697 2181 3021 2251 Spoletauo,
3064 2180 3210 2234 sicut
3248 2180 3311 2233 in
3351 2178 3668 2250 supradictis
3689 2178 3820 2231 dona-

2204 2270 2457 2324 tionibus
2486 2271 2830 2336 continetur,
2877 2273 2934 2322 et
2963 2269 3114 2323 inter
3143 2275 3336 2322 sancte
3386 2268 3642 2322 memorie
3679 2263 3824 2318 Adria-

2206 2374 2343 2414 num
2377 2375 2582 2430 papam
2609 2364 2666 2412 et
2686 2358 2965 2412 domuum
2999 2357 3276 2411 Karolum
3320 2357 3699 2428 imperatorem
3725 2368 3825 2406 con-

2205 2446 2380 2512 venit,
2401 2446 2631 2517 quando
2662 2446 2814 2500 idem
2839 2445 3095 2516 pontifex
3116 2445 3308 2500 eidem
3336 2446 3404 2500 de
3433 2441 3739 2514 supradictis
3756 2439 3828 2492 du-

2205 2535 2437 2598 catibus,
2471 2535 2618 2588 idest
2657 2535 2912 2588 Tuscano
2939 2539 2998 2588 et
3041 2533 3369 2604 Spoletauo,
3391 2548 3489 2587 sue
3543 2527 3830 2585 auctoritatis

2205 2626 2539 2692 preceptum
2565 2620 2944 2688 conﬁrmavit,
3008 2637 3074 2674 eo
3131 2620 3346 2675 scilicet
3389 2619 3553 2674 modo
3597 2622 3654 2670 ut
3707 2615 3832 2667 annis

2205 2709 2448 2781 singulis
2488 2709 2775 2780 predictus
2816 2725 3022 2763 census
3065 2710 3135 2764 ad
3165 2716 3390 2780 partem
3441 2705 3656 2762 ecclesie
3697 2701 3834 2757 sancti

2206 2799 2358 2852 Petri
2378 2799 2765 2868 persolvatur;
2789 2799 2943 2852 salva
2971 2813 3144 2868 super
3189 2797 3424 2851 eosdem
3443 2796 3664 2849 ducatus
3683 2794 3835 2844 nostra

399 2891 666 2944 miliario.
729 2891 871 2943 Item
921 2890 981 2943 in
1013 2889 1272 2959 partibus
1325 2888 1635 2958 Campanie
1690 2890 1846 2951 Sora,
1905 2894 2091 2952 Arces,
2131 2924 2171 2978 ρ
2209 2887 2267 2940 in
2290 2886 2556 2940 omnibus
2585 2886 3004 2952 dominatione,
3036 2892 3092 2940 et
3125 2887 3365 2940 illorum
3395 2885 3463 2938 ad
3495 2887 3719 2936 nostram
3738 2893 3831 2948 par-

400 2979 715 3049 Aquiuum,
746 2977 1049 3048 Arpinum,
1094 2978 1369 3043 Teanum,
1419 2976 1694 3047 Capuam,
1728 2993 1832 3031 nec
1879 2994 1994 3032 non
2041 2984 2098 3033 et

401 3065 814 3136 patrimonium
865 3065 936 3119 ad
991 3069 1331 3136 potestatem
1402 3070 1460 3118 et
1511 3064 1792 3118 ditionem
1847 3072 2094 3120 vestram

406 3153 766 3222 pertinentia,
793 3151 941 3204 sicut
986 3157 1070 3204 est
1098 3150 1513 3220 patrimonium
1547 3151 2010 3205 Beneventanum
2042 3157 2095 3206 et

402 3241 861 3312 Neapolitanum,
895 3244 1064 3310 atque
1105 3238 1451 3309 patrimonio
1501 3239 1756 3293 Calabria
1786 3241 2097 3310 superioris

403 3337 458 3384 et
484 3328 799 3396 inferioris;
833 3329 903 3382 de
952 3329 1175 3382 civitate
1207 3333 1399 3381 autem
1434 3328 1809 3398 Neapolitana
1838 3345 1966 3383 cum
2003 3346 2092 3384 ca~

403 3419 598 3484 stellis,
623 3422 681 3471 et
725 3416 1047 3482 territoriis,
1075 3433 1140 3470 ac
1170 3415 1401 3483 ﬁnibus,
1436 3422 1493 3470 et
1530 3416 1733 3470 insulis
1785 3416 1892 3471 sibi
1919 3419 2095 3488 perti-

404 3506 670 3560 nentibus
699 3505 844 3559 sicut
864 3504 930 3558 ad
981 3505 1210 3559 easdem
1240 3505 1494 3574 aspicere
1534 3504 1818 3567 videntur,
1844 3522 1949 3560 nec
1978 3523 2096 3561 non

399 3593 810 3666 patrimonium
849 3593 1057 3654 Sicilia,
1103 3593 1151 3647 si
1208 3593 1357 3646 Deus
1386 3592 1595 3646 nostris
1628 3593 1770 3647 illud
1801 3595 2098 3649 tradiderit

401 3685 686 3738 manibus.
739 3681 922 3737 Simili
975 3681 1141 3735 modo
1204 3680 1492 3735 civitatem
1541 3682 1817 3748 Caietam,
1849 3689 1906 3736 et
1947 3685 2095 3738 Fun-

399 3779 556 3836 dum,
599 3786 730 3823 cum
785 3770 1052 3823 omnibus
1084 3785 1280 3823 earum
1339 3769 1718 3839 pertinentiis.
1780 3770 1962 3840 Super
1989 3773 2096 3826 hoc

398 3860 808 3912 conﬁrmamus
842 3858 1004 3912 vobis
1036 3859 1314 3912 Fuldeuse
1369 3857 1800 3925 monasterium,
1839 3864 1896 3912 et
1924 3858 2093 3912 abba-

398 3949 469 4000 tis
516 3948 639 4017 ejus
694 3947 1205 4010 consecrationem,
1273 3952 1447 4016 atque
1486 3946 1679 3999 omnia
1729 3947 2092 4012 monasteria,

398 4041 604 4099 cortes,
627 4042 684 4089 et
715 4035 894 4102 villas,
929 4051 1070 4105 quas
1100 4034 1159 4087 in
1191 4034 1630 4087 ultramontauis
1679 4035 1936 4102 partibus
1965 4052 2094 4088 sau-

397 4130 519 4176 ctus
578 4125 776 4176 Petrus
818 4123 1026 4175 habere
1081 4121 1398 4174 dinoscitur
1430 4121 1645 4191 absque
1690 4125 1941 4175 Antesna
1987 4123 2094 4176 Wi-

399 4208 702 4278 niheringa
734 4208 781 4244 ³⁸
820 4209 936 4261 sive
987 4208 1344 4272 Willinbach,
1378 4224 1489 4278 que
1521 4225 1554 4261 a
1599 4208 1778 4262 sancti
1826 4209 1975 4262 Petri
2005 4225 2089 4263 ec-
2122 4202 2163 4255 Ι)

398 4296 569 4349 clesia
616 4311 720 4365 per
764 4295 1228 4348 commutationis
1271 4298 1541 4366 paginam
1579 4298 1843 4367 episcopo
1900 4304 2094 4351 nostro

401 4384 804 4459 Bambergeusi
833 4385 1035 4438 collate
1069 4389 1221 4447 sunt,
1256 4399 1358 4454 pro
1404 4385 1611 4454 quibus
1640 4385 1921 4454 sepedicte
1943 4387 2090 4439 ecle-

398 4474 478 4526 sie
507 4473 686 4526 sancti
731 4472 880 4526 Petri
918 4471 1368 4539 transcribimus,
1410 4473 1774 4526 concedimus
1804 4480 1860 4527 et
1898 4474 2088 4528 ﬁrma-

399 4579 526 4615 mus
582 4577 812 4614 omnem
863 4561 1021 4614 illam
1077 4567 1310 4628 terram,
1368 4577 1545 4632 quam
1595 4563 1750 4615 inter
1798 4565 2091 4631 Narniam,

397 4651 733 4712 Teranuem.
798 4651 881 4703 vel
920 4649 1211 4719 Spoletum
1237 4666 1301 4703 ex
1352 4649 1514 4718 regni
1572 4650 1751 4704 nostri
1786 4657 1946 4721 parte
1985 4653 2094 4707 lia-

396 4740 646 4795 buimus.
674 4739 792 4794 Sub
823 4738 1062 4792 tuitione
1089 4745 1348 4808 preterea
1375 4738 1554 4792 sancti
1587 4737 1759 4804 Petri,
1793 4745 1848 4792 et
1885 4747 2090 4808 vestra,

396 4835 832 4897 vestrorumque
870 4841 1279 4893 successorum,
1323 4831 1681 4896 pretaxatum
1738 4827 2094 4898 episcopium

397 4915 814 4986 Bambergense
861 4914 1172 4969 olferimus.
1207 4915 1363 4968 Unde
1393 4915 1498 4968 sub
1533 4916 1826 4984 pensionis
1859 4917 2093 4971 nomine

396 5019 611 5074 equum
644 5019 822 5056 unum
872 5003 1065 5056 album
1095 5002 1395 5056 faleratum
1423 5019 1491 5056 ex
1540 5003 1798 5073 ejusdem
1831 5004 1935 5057 loci
1979 5005 2094 5075 epi-

398 5109 569 5162 scopo
618 5108 714 5145 vos
743 5091 1069 5146 annualiter
1106 5098 1470 5160 suscepturus
1529 5092 1835 5147 sancimus.
1887 5093 2095 5147 Oﬁeri-

399 5195 528 5232 mus
573 5181 826 5251 insuper,
878 5181 1198 5245 ﬁrmamus,
1230 5185 1286 5232 et
1325 5180 1760 5234 corroboramus
1788 5181 1893 5235 tibi
1927 5181 2093 5236 beato

402 5269 589 5334 Petro,
622 5284 685 5322 ac
731 5269 940 5324 vicario
975 5276 1073 5323 tuo
1130 5269 1344 5323 domno
1397 5269 1721 5336 Benedicto,
1772 5275 1829 5324 et
1874 5285 2094 5324 succes-

2209 2979 2325 3028 tem
2341 2974 2694 3046 subjectione
2707 3017 2720 3030 .
2742 2976 3028 3040 Ceterum,
3044 2975 3190 3028 sicut
3209 2974 3478 3041 diximus,
3497 2970 3671 3027 omnia
3682 2984 3834 3038 supra-

2205 3064 2414 3136 scripta
2437 3065 2676 3118 nomina
2712 3064 2793 3118 ita
2823 3064 2890 3118 ad
2923 3070 3175 3118 nostram
3198 3071 3423 3135 partem
3445 3079 3547 3134 per
3571 3063 3665 3116 hoc
3687 3065 3833 3112 nostro

2203 3153 2649 3207 conﬁrmationis
2695 3157 2926 3224 pactum
2955 3152 3476 3218 corroboravimus,
3521 3155 3579 3203 ut
3620 3150 3669 3202 in
3696 3152 3832 3200 vestro

2200 3247 2575 3312 permaneant
2592 3244 2739 3312 jure,
2772 3242 3095 3312 principatu
3113 3249 3286 3312 atque
3313 3239 3550 3313 ditione,
3581 3244 3631 3292 et
3647 3250 3833 3307 nequea

2203 3329 2370 3384 nobis
2407 3346 2594 3400 neque
2623 3347 2657 3383 a
2683 3329 3102 3384 successoribus
3147 3329 3358 3383 nostris
3389 3345 3490 3399 per
3516 3326 3742 3398 quolibet
3769 3338 3834 3374 ar-

2203 3423 2544 3487 gumentum
2573 3417 2692 3473 sive
2739 3417 3223 3472 machinationem
3258 3418 3320 3471 in
3349 3430 3689 3488 quacumque
3713 3417 3833 3482 parte

2203 3511 2386 3559 vestra
2407 3511 2658 3576 potestas
2685 3505 3084 3572 imminuatur,
3118 3510 3214 3559 aut
3238 3521 3271 3558 a
3316 3504 3475 3558 vobis
3504 3504 3627 3558 inde
3668 3497 3833 3569 aliquid

2201 3593 2588 3659 subtrahatur,
2654 3595 2722 3648 de
2794 3592 3192 3663 suprascriptis
3248 3591 3512 3647 videlicet
3572 3587 3834 3660 provinciis,

2200 3682 2455 3748 urbibus,
2481 3681 2827 3748 civitatibus,
2859 3681 3111 3752 oppidis,
3151 3681 3373 3749 castris,
3408 3680 3616 3748 viculis,
3659 3678 3834 3732 territo-

2202 3770 2301 3822 riis
2340 3785 2404 3822 ac
2452 3769 2834 3839 patrimoniis,
2875 3785 2980 3823 nec
3030 3784 3146 3822 nou
3176 3773 3233 3822 et
3282 3767 3667 3837 pensionibus,
3707 3772 3834 3832 atque

2203 3857 2487 3924 censibus,
2531 3857 2609 3912 ita
2655 3863 2718 3912 ut
2763 3873 2949 3928 neque
2995 3874 3101 3912 nos
3152 3857 3357 3910 facturi
3401 3857 3592 3923 simus,
3624 3868 3777 3923 neque
3815 3864 3837 3900 δ

2203 3945 2556 4016 quibuslibet
2594 3963 2662 4000 ea
2701 3947 2890 4000 facere
2934 3946 3257 4000 volentibus
3308 3944 3728 4006 consentiamus,
3766 3936 3837 3990 sed

2203 4035 2397 4106 potius
2416 4035 2610 4088 omnia
2633 4051 2745 4104 que
2766 4035 3029 4105 superius
3053 4037 3342 4105 leguntur,
3391 4033 3446 4086 id
3469 4039 3552 4087 est
3589 4027 3836 4102 provincie,

2203 4123 2475 4189 civitates,
2505 4127 2700 4187 urbes,
2731 4124 2982 4189 castella,
3013 4123 3245 4193 oppida,
3278 4129 3482 4186 terras,
3529 4114 3836 4191 patrimonia,

2202 4214 2374 4281 atque
2401 4211 2602 4274 insule,
2635 4227 2976 4282 censusque,
3005 4211 3310 4282 pensiones
3362 4211 3430 4262 ad
3465 4217 3672 4279 partem
3703 4203 3834 4258 eccle-

2202 4299 2282 4350 sie
2314 4298 2463 4352 beati
2500 4300 2647 4352 Petri
2678 4299 2922 4370 apostoli
2954 4308 3126 4369 atque
3176 4295 3518 4366 pontiﬁcum
3547 4297 3600 4348 in
3645 4289 3843 4346 sacratis-

2199 4387 2344 4441 sima
2367 4388 2499 4441 sede
2531 4388 2684 4441 illius
2731 4388 3109 4442 residentium
3139 4404 3243 4443 nos
3270 4388 3332 4441 in
3383 4393 3655 4456 quantum
3685 4394 3840 4454 poSsu-

2201 4492 2329 4529 mus
2378 4476 2700 4530 defensores
2757 4494 2878 4531 esse
2929 4483 3230 4545 testamur,
3265 4481 3338 4534 ad
3377 4481 3484 4534 hoc
3539 4485 3600 4532 ut
3627 4489 3736 4529 eam
3761 4467 3842 4522 illis

2201 4563 2481 4618 ditionem
2535 4566 2603 4619 ad
2637 4566 2916 4620 utendum
2972 4571 3143 4637 atque
3205 4567 3623 4638 disponendum
3651 4560 3845 4616 ﬁrmiter

2201 4655 2425 4708 valeant
2471 4654 2754 4724 optineri;
2785 4654 2939 4707 salva
2969 4655 3028 4708 in
3079 4657 3346 4711 omnibus
3387 4661 3658 4728 potestate
3698 4653 3846 4704 nostra

2203 4743 2678 4812 posterorumque
2703 4748 3052 4804 nostrorum,
3086 4745 3402 4799 secundum
3443 4744 3594 4815 quod
3617 4741 3674 4795 in
3700 4744 3848 4808 pacto,

2201 4834 2257 4882 et
2285 4830 2710 4894 constitutione,
2763 4846 2828 4884 ac
2893 4831 3295 4901 promissionis
3343 4834 3612 4887 firmitate
3664 4819 3852 4894 Eugenii

2202 4917 2487 4987 pontiﬁcis
2519 4934 3028 4990 successurumque
3063 4920 3216 4973 illius
3246 4921 3590 4987 continetur,
3621 4923 3679 4970 ut
3705 4909 3854 4966 omnis

2201 5005 2388 5060 clerus
2417 5011 2473 5058 et
2515 5007 2767 5060 universi
2815 5009 3011 5078 populi
3075 5009 3320 5063 Romani
3374 5009 3639 5062 nobilitas
3665 5004 3857 5075 propter

2203 5093 2453 5148 diversas
2528 5097 2889 5149 necessitates
2944 5100 3000 5150 et
3081 5097 3416 5165 pontiﬁcum
3483 5087 3857 5150 irrationabiles

2204 5199 2340 5252 erga
2369 5183 2644 5254 populum
2674 5184 2781 5239 sibi
2813 5184 3132 5255 subjectum
3153 5186 3488 5256 asperitates
3519 5174 3859 5238 retundendas

2205 5280 2562 5327 sacramento
2614 5290 2672 5328 se
2701 5273 2935 5344 obliget,
3001 5273 3272 5345 quatinus
3327 5274 3522 5329 futura
3565 5265 3858 5343 pontiﬁcum

1818 5402 2051 5457 VARIJE
2097 5403 2500 5460 LECTIONES.

469 5527 510 5557 υ
572 5521 741 5577 Collis
801 5523 1017 5590 Borgia.
1087 5522 1133 5559 ⁸⁶
1193 5531 1250 5579 et
1302 5527 1520 5594 Borgia.
1585 5528 1628 5560 ³⁷
1696 5527 1935 5582 Martani
1996 5530 2054 5583 Β.
2123 5528 2172 5564 ³⁸
2211 5529 3054 5600 Vuruiteringas.Viullmbacb
3086 5533 3150 5586 Β.
