4016 6202
97 311 174 368 237
1326 301 1719 364 mPLonATA
1758 298 2311 365 ECCLESIASTICA.

3472 313 3575 368 238

93 432 284 497 electio,
333 433 619 503 quantum
671 426 1136 500 uniuscujusque
1188 428 1512 484 intellectus
1565 430 1760 500 fuerit,
1794 434 1841 486 Α
1879 429 2159 496 deferant,
2193 435 2249 485 et
2285 429 2408 501 ipse
2442 447 2623 487 unum
2652 449 2684 487 e
2739 430 2963 487 duobus
2992 429 3188 501 eligat,
3243 436 3341 486 aut
3382 434 3575 487 statim

92 521 320 576 canonice
348 524 402 572 et
420 519 579 588 juste
620 517 742 580 iiat,
783 521 842 570 et
878 521 942 570 ut
976 516 1074 570 ille
1107 516 1205 587 qui
1237 517 1305 572 ad
1338 517 1448 572 hoc
1477 524 1762 586 sanctum,

94 610 428 681 apostolicum
471 605 736 676 regimen
770 604 1045 675 eligetur,
1078 605 1309 660 nemine
1368 608 1763 661 consentiente

94 705 415 752 consecratus
445 695 547 749 fiat
577 693 860 764 pontifex,
920 694 1254 764 priusquam
1306 694 1480 749 talem
1534 696 1593 749 in
1624 711 1762 765 pre-

95 786 239 840 sentia
258 785 558 839 missorum
585 787 921 835 nostrorum
969 798 1071 835 seu
1124 783 1386 836 universe
1415 784 1761 852 generalita-

94 877 145 927 tis
173 874 321 927 faciat
366 870 820 942 promissionem
878 886 987 939 pro
1062 870 1322 925 omnium
1376 872 1763 925 satisfactione

92 972 230 1034 atque
253 962 436 1015 futura
466 958 937 1024 conservatione,
966 960 1193 1031 qualem
1242 959 1449 1013 domus
1514 965 1571 1014 et
1600 976 1766 1015 vene-

94 1050 269 1103 randus
324 1048 642 1119 spiritualis
696 1052 868 1117 pater
921 1052 1119 1099 noster
1166 1048 1276 1101 Leo
1317 1052 1522 1118 sponte
1562 1048 1763 1102 fecisse

94 1138 379 1194 dinoscitur.
410 1138 682 1190 Preterea
711 1136 827 1189 alia
848 1135 1078 1189 minora
1099 1134 1229 1188 huic
1260 1136 1423 1206 operi
1452 1135 1765 1191 inserenda

95 1227 434 1297 praevidimus,
468 1224 735 1279 videlicet
764 1230 835 1278 ut
867 1224 929 1277 in
970 1223 1247 1278 electione
1276 1224 1621 1295 pontificum
1652 1242 1761 1281 ne-

93 1327 180 1380 que
204 1311 338 1364 liber
365 1324 551 1380 neque
592 1324 793 1362 servus
825 1308 904 1361 ad
938 1307 1045 1361 hoc
1103 1307 1299 1363 venire
1346 1315 1663 1379 presumat,
1697 1315 1763 1364 nt

95 1399 181 1452 illis
200 1398 472 1466 Romanis,
507 1412 652 1468 quos
681 1397 750 1451 ad
817 1396 974 1450 hanc
1018 1397 1351 1451 electionem
1409 1414 1515 1468 per
1543 1398 1759 1452 consti-

95 1488 327 1541 tutionem
359 1492 683 1539 sanctorum
712 1490 965 1555 patrum
992 1484 1229 1554 antiqua
1256 1485 1490 1539 admisit
1518 1501 1757 1540 consue-

96 1576 218 1641 tudo,
262 1574 488 1647 aliquod
539 1574 703 1628 faciat
731 1573 1265 1640 impedimentum;
1321 1574 1477 1645 quod
1533 1575 1580 1627 si
1629 1576 1759 1645 quis

95 1671 250 1718 contra
277 1665 414 1719 hanc
465 1670 715 1717 nostram
766 1661 1247 1716 constitutionem
1278 1663 1361 1716 ire
1391 1678 1756 1733 presumpse-

96 1754 166 1819 rit,
188 1752 339 1807 exilio
366 1753 647 1807 tradatur.
687 1752 951 1820 Insuper
979 1750 1171 1813 etiam,
1224 1756 1285 1805 ut
1333 1752 1525 1805 nullus
1556 1751 1758 1805 misso-

100 1858 195 1894 rum
221 1849 531 1895 nostrorum
556 1842 989 1911 cujuscumque
1022 1839 1411 1909 impeditionis
1440 1855 1757 1909 argumen-

99 1937 191 1983 tum
216 1947 543 1999 componere
574 1931 789 1984 audeat
821 1930 883 1981 in
912 1929 1189 1997 prefatam
1220 1928 1580 1991 electionem,
1617 1944 1757 1998 pro-

102 2018 351 2085 hibemus;
402 2034 534 2072 nam
572 2024 628 2072 et
658 2019 773 2071 hoc
816 2015 1155 2069 omnimodo
1205 2016 1505 2070 instituere
1544 2016 1761 2085 placuit

103 2113 147 2159 ut
178 2107 262 2177 qui
287 2108 454 2161 semel
508 2108 613 2161 sub
641 2104 887 2176 speciali
917 2104 1246 2159 defensione
1292 2104 1488 2158 domui
1528 2111 1760 2175 aposto-

105 2196 171 2247 lici
210 2196 310 2249 sive
364 2202 555 2249 nostra
605 2194 835 2248 fuerint
884 2193 1151 2262 suscepti,
1232 2192 1543 2263 impetrata
1606 2192 1761 2261 juste

102 2288 289 2336 utantur
314 2283 658 2337 defensione.
701 2280 875 2345 Quod
922 2280 970 2332 si
1004 2279 1133 2349 quis
1160 2280 1217 2333 in
1249 2295 1603 2350 quemquam
1635 2279 1760 2334 illo-

104 2386 201 2424 rum
234 2371 324 2442 qui
368 2372 473 2425 hoc
521 2372 982 2440 promeruerunt
1045 2367 1256 2421 violare
1323 2368 1758 2437 presumpserit,

104 2458 208 2511 sciat
250 2475 303 2513 se
339 2460 659 2529 periculum
716 2457 836 2510 vite
887 2471 989 2509 sue
1040 2472 1159 2509 esse
1198 2456 1586 2510 incursnrnm.
1616 2457 1758 2511 Illud

102 2547 236 2599 etiam
261 2548 682 2611 confirmamus,
732 2551 801 2599 ut
851 2544 1066 2598 domno
1116 2545 1429 2615 apostolico
1456 2546 1671 2613 justam
1702 2546 1761 2598 in

105 2635 322 2688 omnibus
349 2641 578 2690 servent
605 2632 1023 2696 obedientiam,
1052 2647 1149 2685 seu
1199 2632 1440 2687 ducibus
1472 2638 1530 2686 et
1552 2633 1758 2703 judici-

104 2722 182 2774 bus
210 2723 311 2776 suis
340 2724 403 2778 ad
434 2722 764 2778 faciendam
809 2720 1113 2791 justitiam.
1167 2721 1311 2776 Huic
1350 2721 1508 2775 enim
1540 2722 1763 2775 institu~

104 2811 212 2864 tioni
236 2814 328 2866 hoc
355 2811 676 2866 necessario
707 2808 1135 2864 annectendum
1167 2825 1290 2863 esse
1338 2809 1756 2880 perspeximus,

105 2904 150 2950 ut
185 2899 318 2953 missi
374 2899 579 2955 domni
628 2896 927 2970 apostolici
971 2912 1071 2950 seu
1127 2898 1311 2951 nostri
1358 2914 1589 2968 semper
1644 2898 1761 2952 sint

1872 535 1978 589 per
2006 520 2239 574 eosdem
2270 519 2473 574 missos
2501 521 2642 575 fiant
2671 523 3032 575 necessitates
3088 520 3411 587 emendate,
3456 526 3575 586 aut,

1874 607 2046 661 misso
2078 611 2273 661 nostro
2307 608 2470 663 nobis
2521 610 2909 675 renuntiante,
2962 625 3065 679 per
3106 614 3334 663 nostros
3378 609 3578 662 missos

1872 712 1906 749 a
1946 695 2111 749 nobis
2138 696 2385 751 directos
2437 698 2838 752 emendentur.
2897 699 3010 751 Hoc
3071 697 3253 780 ut.ab
3308 697 3579 751 omnibus

1872 782 2139 838 ﬁdelibus
2168 790 2360 838 sancte
2393 786 2493 839 Dei
2523 786 2759 840 ecclesie
2807 792 2864 839 et
2913 785 3115 839 vestris
3164 786 3395 839 firmum
3452 802 3579 839 esse

1871 872 2156 935 credatur,
2186 874 2417 944 proprie
2450 891 2654 928 manus
2703 875 3001 945 signaculo
3059 874 3578 945 subscriptionibus

1870 959 1981 1014 hoc
2028 964 2262 1030 pactum
2302 962 2758 1017 conﬁrmationis
2810 967 3005 1016 nostre
3059 961 3480 1024 roboravimns,
3521 967 3579 1015 et

1871 1048 2047 1118 sigilli
2076 1050 2255 1103 nostri
2294 1050 2677 1121 impressione
2716 1050 3001 1121 assignari
3048 1051 3342 1119 jussimus.
3407 1050 3450 1121 -ί-
3496 1050 3579 1104 Si-

1871 1151 2051 1205 gnum
2080 1137 2282 1191 domui
2312 1139 2536 1192 Henrici
2587 1137 2991 1208 gloriosissimi
3036 1138 3424 1192 Romanorum
3466 1138 3577 1191 im-

1870 1225 2154 1296 peratoris
2200 1227 2449 1296 augusti.
2506 1228 2748 1298 Signum
2797 1227 3161 1281 Erchandildi
3214 1225 3260 1263 '9
3304 1226 3579 1295 Magunti-

1871 1314 2070 1368 nensis
2116 1314 2550 1385 archiepiscopi.
2592 1314 2836 1384 Signum
2884 1313 3168 1368 Heriberti
3226 1314 3581 1368 Coloniensis

1871 1400 2307 1471 archiepiscopi.
2357 1401 2599 1470 Signum
2680 1401 2923 1454 Bobonis
2966 1400 3329 1454 Treverensis
3398 1399 3581 1453 archi-

1870 1487 2145 1559 episcopi.
2180 1488 2419 1559 Signum
2475 1488 2782 1543 Thiedirici
2835 1488 3095 1543 Metensis
3136 1488 3408 1557 episcopi.
3464 1489 3579 1556 Ego

1871 1573 2234 1630 Eberhardns
2267 1577 2776 1646 Babembergensis
2814 1577 3049 1629 ecclesie
3109 1576 3409 1646 episcopus
3468 1576 3581 1630 Ro-

1871 1677 2043 1716 mane
2108 1665 2258 1718 sedis
2339 1665 2601 1719 snbditus
2671 1665 2998 1733 subscripsi.
3088 1666 3203 1731 Ego
3273 1664 3582 1719 Mazelinns

1873 1751 2351 1823 Wirziburgensis
2395 1753 2699 1823 episcopus
2750 1752 3077 1821 subscripsi.
3142 1754 3258 1823 Ego
3298 1754 3580 1807 Walterus

1872 1840 2160 1910 Spirensis
2187 1842 2491 1912 episcopus
2521 1832 2851 1910 subscripsi.
2888 1842 3003 1911 Ego
3042 1841 3379 1895 Ruodardus
3421 1844 3574 1896 Con-

1869 1928 2201 1983 stantiensis
2259 1929 2563 1999 episcopus
2621 1929 2949 1998 subscripsi.
3003 1928 3115 1999 Ego
3160 1930 3488 1983 Uodalricus
3530 1933 3580 1969 ⁴⁰

1871 2016 2165 2072 Curiensis
2219 2018 2523 2088 episcopus
2553 2016 2883 2087 subscripsi.
2928 2017 3047 2086 Ego
3078 2018 3418 2071 Adalbertus
3475 2021 3575 2073 Ba-

1876 2104 2131 2158 siliensis
2160 2104 2466 2174 episcopus
2516 2102 2845 2173 subscripsi.
2891 2106 3005 2173 Ego
3046 2106 3304 2159 Heimmo
3341 2106 3575 2160 Werdu-

1875 2190 2075 2247 nensis
2124 2192 2430 2263 episcopus
2464 2190 2795 2261 subscripsi.
2861 2193 2976 2261 Ego
3010 2194 3262 2247 Valterus
3305 2194 3580 2248 Heihstei-

1873 2280 2069 2336 densis
2125 2282 2431 2349 episcopus
2461 2279 2792 2349 subscripsi.
2842 2280 3080 2349 Signum
3133 2282 3399 2336 Richardi
3445 2284 3575 2337 Ful-

1873 2368 2065 2423 densis
2094 2367 2337 2421 abbatis.
2394 2366 2638 2435 Signum
2678 2369 2915 2423 Aruoldi
2961 2369 3358 2423 Herfendensis
3399 2370 3577 2426 abba-

1872 2458 1966 2512 tis.
2023 2456 2268 2527 Signum
2337 2453 2646 2508 Bruchardi
2693 2456 2930 2511 abbatis.
3009 2457 3247 2528 Signum
3303 2459 3579 2514 Gotifredi

1875 2545 2054 2600 ducis.
2089 2544 2332 2611 Signum
2363 2542 2701 2611 Beringardi
2743 2544 2920 2599 ducis.
2965 2546 3203 2613 Signum
3258 2547 3577 2602 Thiederici

1875 2635 2057 2689 ducis.
2095 2631 2335 2699 Signum
2372 2629 2705 2699 Welphonis
2735 2633 2977 2689 comitis.
3029 2635 3269 2703 Signum
3327 2636 3583 2690 Cononis

1875 2720 2126 2775 cornitis.
2186 2718 2429 2787 Signum
2480 2718 2729 2773 Cunradi
2774 2722 3019 2776 comitis.
3078 2723 3316 2792 Signum
3350 2724 3580 2777 Ottonis

1872 2809 2123 2865 comitis.
2183 2806 2427 2874 Signum
2481 2806 2833 2862 Adilbralitis
2887 2810 3129 2865 comitis.
3183 2811 3430 2864 Bobonis
3481 2827 3580 2865 co-

1874 2896 2055 2951 mitis.
2090 2892 2339 2961 Signum
2394 2891 2674 2947 Frederici
2734 2896 2974 2951 comitis.
3035 2897 3276 2967 Signum
3333 2898 3583 2952 Bezelini

104 2987 361 3055 constituti,
392 2990 491 3060 qui
550 2986 850 3041 annuatim
893 2984 1059 3038 nobis
1111 2986 1446 3040 renuntiare
1503 2985 1749 3053 valeant,
1794 2990 1834 3043 C
1866 2981 2121 3038 comitis.
2175 2979 2418 3049 Signum
2470 2980 2674 3035 Ezonis
2729 2985 2955 3038 comitis
3011 2984 3275 3039 Palatini.
3338 2985 3579 3055 Signum

103 3077 300 3143 qualiter
326 3076 541 3148 singuli
571 3076 743 3131 duces
767 3080 823 3128 et
845 3072 1069 3144 judices
1095 3075 1307 3145 populo
1353 3073 1639 3144 justitiam
1673 3074 1752 3127 fa-

103 3164 237 3231 ciant,
294 3166 431 3220 hanc
488 3164 853 3234 imperialem
940 3161 1403 3215 constitutionem
1461 3162 1753 3231 quomodo

106 3250 380 3320 observent;
444 3252 554 3324 qui
602 3250 760 3304 missi
810 3250 1171 3304 decernimus
1218 3254 1280 3302 ut
1325 3248 1580 3319 primum
1611 3264 1751 3302 cnn-

106 3343 196 3392 clos
226 3342 490 3396 clamores
524 3339 626 3410 qui
660 3355 763 3409 per
793 3336 1203 3409 negligentiam
1235 3337 1447 3391 ducum
1494 3336 1577 3390 vel
1597 3336 1750 3407 judi-

108 3442 205 3481 cum
249 3428 453 3483 fuerint
500 3427 738 3492 inventi,
802 3425 871 3480 ad
908 3424 1169 3479 notitiam
1219 3423 1418 3479 domui
1459 3423 1758 3494 apostolici

1871 3069 2169 3128 Frederici
2234 3068 2554 3123 camerarii.
2623 3070 2863 3140 Signum
2924 3072 3125 3127 Ezonis
3181 3072 3222 3109 “
3273 3072 3581 3129 infertoris.

1864 3159 2120 3231 Signum
2176 3157 2458 3211 Heuzonis
2519 3162 2563 3195 ⁸³
2645 3159 3014 3229 pincernarii.
3089 3161 3329 3230 Signum
3389 3164 3582 3218 Huzis.

1865 3250 2133 3305 Alimun.
2198 3247 2487 3316 Herenger
2516 3252 2579 3300 ⁴³.
2610 3248 2900 3303 Adilman.
2933 3249 3265 3304 Adhilbero.
3300 3251 3415 3321 Ego
3466 3253 3585 3305 Wi-

1864 3339 2078 3395 cilinus
2144 3336 2650 3407 Astrazburgensis
2672 3339 2990 3409 episcopus.
3025 3339 3261 3407 Signum
3295 3340 3585 3409 Ryodhois

1872 3426 2253 3483 Fluvanensis
2281 3429 2326 3462 ⁸⁸
2350 3425 2588 3480 abbatis.

1477 3599 1713 3654 VARI/{'3
1754 3601 2165 3658 LECTIONES.

164 3726 201 3760 ³⁵
265 3728 656 3784 Erchanbaldi.
708 3726 752 3760 ιο
825 3724 1146 3780 Zodalri'cus
1206 3725 1426 3790 Borgia.
1482 3723 1525 3759 ⁴¹
1599 3721 1847 3775 Mezonis

116 3802 314 3867 renger?
340 3805 383 3836 “
459 3798 792 3854 Elnanensis
823 3798 1021 3861 Cenm';
1052 3797 1162 3860 lege
1192 3792 1594 3864 Elwaugensis.

684 3974 1193 3983 ,η’-μμ--.Μ-κκκ..-ν
1210 3972 1479 3979 ν--ρ--νοσνθπ-
1492 3970 1693 3979 ———_.-.
1716 3971 2149 3979 --HV«_.M—nr-r

1921 3725 1980 3777 Β.
2039 3724 2091 3757 δ’
2170 3723 2495 3776 Heimzonis
2551 3726 2733 3779 Genui.
2795 3723 2839 3759 ⁸³
2916 3723 3074 3783 Huzi,
3133 3723 3421 3789 Salomon,
3484 3727 3590 3778 Be-

2176 3968 2538 3977 ‘wmnr...
2616 3972 2877 3978 ...η-..-Ἡ
2908 3972 2919 3975 Α
2946 3972 2953 3975 .
2976 3969 3197 3977 .--Μ--
3224 3971 3574 3979 ._.-._.__-__...

1203 4137 1731 4233 SANCTI
1850 4135 2467 4233 HENRICI

1436 4314 1901 4371 IMPERATORIS
1942 4315 2239 4369 AUGUSTI

470 4468 1592 4599 DIPLOMATA
1713 4461 3218 4586 ECCLESIASTICA

134 4918 422 4989 Praeceptum
480 4920 700 4975 Henrici
725 4918 1032 4970 Germanis
1080 4915 1227 4981 regis
1281 4911 1555 4966 camobitis
1615 4912 1788 4965 Remi-

666 5007 848 5074 giam‘s
886 5016 1189 5058 concessum
1202 5040 1216 5054 .

738 5092 926 5159 (Anno
966 5089 1149 5156 l002.)

481 5181 721 5256 [MarloL
752 5178 1183 5248 MetropolJtem.
1213 5175 1278 5238 ll,
1308 5178 1416 5242 58.]

189 5270 245 5323 In
272 5272 497 5326 nomine
520 5276 728 5324 sanctae
757 5274 813 5322 et
837 5265 1149 5321 individua:
1177 5262 1489 5329 Trinitatis,
1521 5262 1793 5316 HENRICCS

138 5355 303 5415 divina
334 5362 554 5415 favente
590 5356 914 5421 clementia,
948 5370 1067 5408 rex.

192 5448 453 5512 Quoniam
480 5449 655 5518 regiae
686 5443 981 5516 dignitatis
1014 5439 1265 5495 officium
1297 5453 1418 5491 esse
1483 5442 1703 5491 constat
1734 5442 1795 5490 ut

142 5537 456 5592 monasteria
516 5537 626 5590 Deo
649 5538 705 5589 et
752 5529 957 5586 sanctis
1009 5528 1133 5596 ejus
1188 5524 1392 5589 dicata,
1440 5524 1512 5578 ob
1545 5539 1790 5597 conser-

1818 4822 1860 4875 υ
1900 4819 2151 4875 vandum
2174 4821 2387 4874 sanctas
2412 4817 2710 4886 religionis
2740 4822 2974 4883 statum,
3008 4818 3169 4871 novis
3212 4832 3441 4886 semper
3482 4815 3603 4885 pri-

1900 4908 2123 4978 vilegiis
2148 4912 2348 4962 contra
2403 4921 2603 4959 omnes
2631 4904 3007 4959 infestantum
3066 4903 3419 4957 incursiones
3472 4918 3601 4957 mu-

1902 4996 2164 5062 niantur;
2221 4993 2437 5049 idcirco
2500 5009 2629 5061 nos,
2685 4992 3013 5047 interventu
3055 4991 3277 5046 dilecta:
3341 4989 3604 5060 conjugis

1902 5089 2137 5152 nostris,
2171 5080 2389 5152 reginae
2440 5082 2704 5136 videlicet
2745 5080 3135 5151 Cuuegundis,
3188 5078 3377 5134 ildelis
3424 5080 3598 5133 etiam

1903 5171 2081 5226 nostri
2130 5170 2384 5241 episcopi
2440 5170 2695 5235 Notheri,
2754 5168 2930 5239 regias
2986 5172 3197 5221 nostrae
3252 5166 3606 5222 auctoritatis

1902 5259 2179 5330 scriptum
2209 5256 2326 5310 sive
2379 5262 2734 5328 praeceptum
2791 5255 3085 5310 monachis
3130 5256 3243 5309 Deo
3292 5260 3605 5327 sanctoque

1902 5346 2165 5416 Remigio
2222 5345 2435 5399 eximio
2505 5347 2852 5399 Francorum
2910 5344 3132 5399 doctori
3185 5344 3291 5398 sub
3355 5346 3605 5417 regulari

1902 5434 2209 5504 disciplina
2264 5432 2324 5487 in
2366 5432 2640 5487 suburbio
2702 5434 3012 5487 Remorum
3093 5433 3489 5499 militantibus,
3579 5449 3610 5487 a

1906 5538 2114 5591 magno
2154 5520 2359 5577 Ottone
2413 5536 2768 5587 concessum,
2817 5521 2958 5592 regii
2988 5521 3161 5576 etiam
3200 5521 3451 5575 nominis
3501 5536 3605 5575 au-
