4016 6202
477 331 582 383 239

1790 324 1845 375 S.
1892 321 2172 376 HENRICI
2216 320 2285 375 HI
2301 318 2689 375 PERATORIS

3869 320 3964 369 2&0

478 454 741 509 ctoritate
772 468 803 507 a
835 452 949 507 Deo
1006 451 1171 506 nobis
1220 446 1429 504 collata
1475 445 1741 501 roborare
1794 444 2169 499 decrevimus.
2211 446 2258 496 Α
2360 441 2720 513 Engilbertus
2776 438 3147 493 cancellarius
3218 437 3337 490 vice
3415 436 3690 501 Willegisi
3735 438 3965 492 archica-

480 542 639 597 Unde
668 541 938 595 volumus
968 547 1024 595 et
1053 540 1299 594 ﬁrmiter
1318 537 1593 608 jubemus
1624 541 1687 590 ut
1702 540 1922 588 cortem
1952 534 2177 589 Coslam

476 637 735 686 vocatam
802 646 933 683 cum
1000 630 1267 683 omnibus
1293 625 1641 697 appenditiis
1673 624 1789 677 suis
1837 624 1908 677 ad
1976 626 2066 693 jus
2124 628 2179 677 et

479 720 889 791 proprietatem
943 719 1203 787 ejusdem
1247 716 1400 770 beati
1467 713 1712 783 Remigii
1770 713 2175 782 pertinentem,

479 808 626 862 infra
663 807 828 876 regni
872 805 1049 858 nostri
1082 803 1359 858 terminos
1415 800 1804 865 constitutam,
1838 814 2013 870 quam
2046 815 2175 852 om-

479 895 649 948 nibus
686 900 840 948 retro
895 892 1255 963 temporibus
1301 889 1407 943 sub
1456 887 1909 942 antecessoribus
1966 886 2177 940 nostris

480 980 926 1042 beneﬁciariam,
968 995 1073 1050 pro
1140 983 1289 1031 statu
1320 982 1377 1030 et
1427 973 1815 1029 incolumitate
1863 972 2026 1043 regni
2090 973 2177 1026 vel

478 1070 706 1139 imperii
734 1071 848 1133 sui,
880 1069 1033 1122 idem
1086 1081 1331 1136 magnus
1386 1063 1517 1118 Otto
1573 1063 1644 1116 ad
1700 1077 1869 1115 usum
1918 1059 2176 1131 praedicti

477 1158 718 1213 coenobii
748 1158 894 1212 sicut
926 1162 981 1211 et
1032 1173 1135 1211 nos
1164 1156 1336 1209 modo
1368 1154 1611 1215 remisit,
1657 1157 1713 1207 et
1745 1150 2007 1217 absolvit,
2050 1165 2173 1204 mo-

476 1247 647 1300 nachi
701 1246 917 1300 ibidem
979 1246 1094 1298 Deo
1150 1248 1462 1313 sanctoque
1522 1240 1786 1311 Remigio
1830 1238 2175 1293 famulantes

479 1335 692 1406 absque
732 1334 904 1388 ullius
949 1332 1395 1386 contradictione
1426 1333 1661 1384 teneant
1716 1334 1773 1382 et
1822 1327 2170 1398 possideant,

478 1428 535 1476 et
572 1422 854 1493 quidquid
929 1420 1191 1475 utilitatis
1241 1418 1444 1474 exinde
1484 1416 1833 1488 provenerit,
1891 1415 2009 1469 suis
2028 1418 2173 1469 etut

480 1512 713 1565 libuerit
762 1510 959 1563 usibus
1009 1509 1345 1579 adjungant.
1381 1508 1582 1562 Nullus
1634 1506 1807 1559 etiam
1849 1505 2029 1575 judex
2083 1504 2170 1557 vel

478 1600 783 1653 advocatus
814 1598 947 1652 hinc
993 1598 1210 1668 aliquid
1268 1596 1531 1667 exigendi
1573 1595 1779 1649 habeat
1830 1597 2169 1662 potestatem

479 1687 586 1739 nisi
610 1692 890 1757 quantum
921 1686 1094 1739 abbas
1134 1692 1234 1737 aut
1264 1683 1531 1737 monachi
1583 1682 1836 1751 ejusdem
1897 1680 2165 1745 coenobii,

479 1775 743 1829 dederint
770 1777 858 1828 vel
898 1773 1284 1844 permiserint.
1328 1773 1391 1826 Et
1422 1777 1486 1825 ut
1542 1771 1649 1824 hoc
1689 1776 1898 1823 nostra;
1932 1768 2171 1822 auctori-

479 1864 607 1917 tatis
636 1867 985 1933 praeceptum
1021 1863 1253 1914 ﬁrmum
1283 1865 1339 1913 et
1369 1859 1572 1912 stabile
1627 1862 1983 1928 permaneat,
2026 1857 2172 1910 hanc

478 1952 734 2005 chartam
787 1949 1072 2003 conscribi
1139 1955 1195 2002 et
1256 1947 1452 2001 annuli
1527 1948 1707 2000 nostri
1794 1944 2171 2015 impressione

477 2039 693 2107 signari
711 2038 989 2107 jussimus
1029 2052 1201 2107 quam
1236 2042 1292 2090 et
1322 2034 1556 2106 propria
1586 2049 1762 2088 manu
1811 2033 2008 2087 subter
2068 2033 2172 2086 ﬁr-

477 2143 723 2182 mantus.

547 2216 775 2284 Signum
806 2213 993 2267 damni
1026 2214 1242 2266 Henrici
1266 2213 1617 2267 invictissimi
1634 2214 1797 2280 regis.

548 2304 872 2374 Egilbertus
931 2302 1305 2355 cancellarius
1361 2301 1481 2355 vice
1536 2299 1795 2370 Willigisi
1875 2298 2174 2353 archican-

475 2392 695 2447 cellarii
725 2389 1051 2461 recognovi.

551 2485 693 2537 Data
722 2498 753 2533 v
786 2482 917 2535 ldus
972 2478 1287 2550 Septemb,
1348 2494 1499 2533 anno
1540 2477 1854 2533 Dominicae
1906 2477 2175 2531 incarna-

478 2571 651 2624 tionis
686 2571 842 2635 1002,
875 2568 1187 2622 indictione
1216 2584 1255 2634 ι,
1303 2583 1455 2621 anno
1502 2582 1637 2621 vero
1694 2566 1920 2621 Domini
1950 2565 2177 2621 Henrici

481 2658 630 2729 regis
654 2658 859 2729 primo.
893 2660 1094 2712 Actum
1127 2655 1491 2727 Aquisgrani.

1291 2745 1359 2798 ll.

483 2838 595 2891 Rea:
654 2836 919 2890 Henricus
973 2835 1024 2888 ΙΙ
1067 2833 1234 2888 donat
1300 2832 1620 2889 Godchardo
1656 2832 1846 2885 abbati
1898 2830 2179 2886 Niederal-

838 2924 1039 2976 tacensi
1077 2938 1261 2975 aream
1296 2921 1605 2975 Ratisbonae
1632 2922 1815 2974 sitam.

1007 3009 1195 3077 (Anno
1234 3010 1389 3072 1002,
1426 3010 1489 3061 13
1518 3008 1655 3078 Jul.)

898 3095 1080 3163 [Ried,
1113 3097 1222 3152 Col.
1255 3096 1506 3164 diplom.,
1534 3096 1578 3161 Ι,
1619 3098 1759 3162 115.]

558 3187 621 3239 ln
648 3184 882 3239 nomine
933 3189 1143 3237 sanctae
1176 3189 1233 3237 et
1281 3183 1591 3237 individuse
1642 3182 1956 3247 Trinitatis,
2007 3182 2181 3236 Ham-

486 3289 637 3327 aicus
665 3273 857 3327 divina
884 3270 1108 3325 favente
1140 3270 1443 3325 clementia
1471 3286 1586 3324 rex.

555 3362 766 3416 Notum
824 3360 897 3413 sit
922 3359 1190 3413 omnibus
1242 3358 1454 3413 nostris
1484 3358 1766 3425 ﬁdelibus,
1805 3356 2183 3429 praesentibus

488 3449 699 3503 scilicet
744 3453 801 3501 et
857 3447 1087 3508 futuris.
1148 3447 1416 3517 qualiter,
1470 3462 1596 3513 nos,
1648 3445 1803 3516 piam
1862 3445 2183 3500 Godehardi

486 3536 707 3591 abbatis
739 3536 1102 3591 intendentes
1129 3535 1486 3605 petitionem,
1534 3536 1668 3605 quia
1720 3534 1883 3589 nobis
1940 3534 2184 3589 ﬁdeliter

488 3626 739 3692 servivit,
774 3630 830 3678 et
857 3625 1097 3695 dignum
1132 3641 1304 3694 quem
1324 3624 1815 3686 beneﬁciaremur,
1847 3623 2182 3694 fuit,quan-

486 3715 615 3769 dam
649 3714 827 3774 nostri
851 3714 1000 3784 juris
1029 3728 1220 3767 aream
1265 3713 1412 3767 infra
1456 3728 1651 3766 muros
1681 3711 1839 3766 urbis
1887 3712 2184 3782 Radespo-

484 3805 680 3859 pensis
710 3803 876 3857 sitam
906 3804 1070 3869 (101),
1114 3802 1417 3856 habentem
1470 3802 1530 3855 in
1576 3801 1874 3855 latitudine
1904 3800 2075 3872 pedes
2119 3816 2186 3854 xx.

485 3900 541 3947 et
562 3894 621 3947 in
653 3891 1014 3961 longitudine
1043 3906 1203 3959 Lxxx,
1230 3906 1359 3961 quas
1390 3906 1452 3943 ex
1487 3905 1601 3943 una
1628 3895 1785 3960 parte
1825 3890 2029 3959 plateae
2055 3904 2183 3959 quas

485 3982 643 4037 ducit
719 3982 788 4034 ad
863 3978 1100 4044 ﬂumen,
1152 3994 1215 4032 ex
1274 3979 1453 4031 altera
1502 3984 1642 4031 ‘vero
1690 3991 1837 4031 areas
1887 3976 2184 4046 cujusdam

484 4067 735 4122 hominis
768 4066 1003 4119 nomine
1062 4066 1238 4119 Ruozi
1268 4064 1589 4129 collimitat,
1625 4063 1975 4117 monasterio
2006 4064 2185 4117 sancti

484 4155 732 4209 Mauritii
775 4154 1061 4222 martyris,
1120 4152 1213 4205 cui
1289 4152 1440 4205 idem
1481 4151 1824 4205 venerabilis
1885 4149 2059 4204 abbas
2124 4151 2182 4204 in

482 4243 611 4296 loco
660 4241 759 4311 qui
816 4241 1020 4293 dicitur
1082 4240 1305 4303 Altaha,
1365 4255 1607 4308 praeesse
1662 4238 1997 4304 dinoscitur,
2051 4238 2182 4308 jure

483 4336 759 4401 perpetuo
788 4328 1147 4382 retinendam
1181 4343 1281 4397 per
1309 4328 1415 4381 hoc
1436 4329 1625 4397 regale
1666 4334 2015 4398 praeceptum
2047 4343 2184 4381 con-

483 4420 721 4473 tulimus
754 4433 883 4471 cum
914 4417 1178 4471 terminis
1209 4415 1347 4480 suis,
1406 4416 1648 4470 exitibus
1679 4433 1909 4487 quoque
1945 4422 1997 4470 et
2029 4415 2183 4470 redi-

484 4506 658 4571 tibus,
715 4506 829 4559 sive
873 4506 1116 4573 caeteris,
1151 4520 1279 4575 qua:
1308 4504 1559 4574 quolibet
1590 4508 1762 4557 modo
1791 4504 1981 4558 vocari
2029 4505 2183 4575 juste

486 4600 542 4646 et
579 4593 839 4663 legaliter
877 4600 1139 4662 possunt,
1171 4592 1543 4661 appendiciis,
1602 4608 1668 4646 ea
1727 4592 1945 4646 ratione
1998 4593 2181 4663 quati-

483 4698 592 4735 nus
621 4683 885 4750 prtelatus
907 4681 1080 4734 abbas
1111 4680 1482 4734 Godehardus
1514 4679 1627 4734 sive
1679 4696 2030 4734 successores
2060 4682 2182 4751 ejus

482 4772 720 4825 liberam
752 4770 1021 4839 deinceps
1046 4772 1113 4823 de
1145 4770 1344 4823 eadem
1375 4786 1505 4824 area
1547 4769 1794 4823 habeant
1842 4775 2181 4839 potestatem

481 4858 829 4929 possidendi,
862 4858 947 4910 vel
979 4857 1260 4927 quidquid
1296 4873 1399 4926 pro
1444 4857 1790 4910 utilitatibus
1848 4858 2182 4912 monasterii

479 4948 594 5001 illis
632 4947 804 5001 libeat
834 4946 1176 5016 potestative
1233 4944 1497 4999 faciendi.
1559 4946 1623 4999 Et
1677 4950 1742 4999 ut
1797 4945 1917 4999 haec
1971 4952 2178 5000 nostra;

477 5036 805 5091 traditionis
836 5034 1143 5088 auctoritas
1190 5033 1406 5087 stabilis
1466 5038 1522 5087 et
1575 5034 1905 5089 inconvulsa
1963 5032 2181 5104 perma-

478 5130 629 5188 neat,
672 5140 844 5177 manu
878 5121 1108 5193 propria
1138 5137 1265 5175 eam
1299 5122 1638 5176 roborantes
1687 5122 1924 5192 sigillari
1986 5129 2179 5177 nostra

479 5212 729 5281 imagine
748 5213 1047 5281 jussimus.

550 5300 782 5366 Signum
825 5300 1011 5355 domni
1058 5299 1300 5355 Heinrici
1352 5299 1495 5366 regis
1538 5301 1902 5355 invictissimi.
1967 5300 2178 5365 (Mono-

481 5389 771 5453 gramma.)

2289 532 2503 602 pellani
2532 527 2853 600 recognovi.

2364 621 2501 674 Data
2531 636 2587 673 ιιι
2620 619 2749 671 ldus
2803 614 2960 681 Julii,
3020 630 3170 669 anno
3220 612 3525 668 Dominicis
3575 611 3967 667 incarnationis

2292 710 2447 775 1002,
2489 706 2803 761 indictione
2848 721 2937 770 xv,
2975 720 3124 758 anno
3151 718 3287 757 vero
3318 702 3538 757 domini
3570 701 3817 755 Heinrici
3888 719 3969 756 re-

2330 815 2375 851 lS
2406 814 2443 850 Ι.

2330 815 2346 851 ι
2406 814 2443 850 ι.

2289 814 2325 869 g
2351 815 2559 939 ελεεῐιιιιι
2603 881 2928 937 Babenberc
2958 881 3018 935 in
3052 879 3149 934 Dei
3189 878 3423 933 nomine
3476 878 3741 932 feliciter.
3781 882 3964 933 Amen.

2428 972 2565 1026 Cum
2593 972 2774 1037 sigillo
2804 971 3076 1039 majestat.
3109 969 3297 1033 illaesa,
3327 969 3475 1021 intus
3503 969 3786 1036 impresso.

3074 1056 3167 1109 IIl.

2283 1150 2400 1202 Rea:
2446 1150 2707 1202 Henricus
2732 1149 2792 1201 Il
2819 1147 2986 1200 donat
3020 1146 3342 1199 monasterio
3374 1145 3759 1211 Tegernsemsi
3794 1158 3951 1197 aream

2869 1217 3183 1271 Ratisbonse
3202 1218 3385 1269 sitam.

2800 1304 2986 1369 (Anno
3024 1304 3176 1369 l002,
3217 1305 3282 1356 12
3309 1302 3469 1369 Nov.)

2344 1394 2539 1461 '[Ried,
2599 1394 2695 1447 ubi
2744 1408 2935 1463 supra,
2976 1408 3031 1463 p.
3071 1394 3190 1455 116,
3246 1407 3313 1445 ex
3363 1392 3508 1445 Mon.
3542 1391 3693 1443 Boic.
3742 1389 3805 1442 Vl
3838 1393 3951 1455 156.,

2354 1484 2419 1537 In
2448 1482 2681 1537 nomine
2726 1488 2935 1535 sanctae
2994 1484 3050 1534 et
3100 1478 3411 1533 individua!
3441 1477 3762 1543 Trinitatis,
3811 1479 3954 1532 Henc-

2280 1586 2435 1626 mcus
2465 1572 2657 1625 coelica
2687 1570 3003 1641 imperante
3032 1567 3332 1622 clementia
3360 1582 3455 1619 rex
3486 1566 3733 1620 electus.

2352 1661 2498 1714 Dum
2526 1660 2743 1715 cunctis
2772 1657 3106 1713 mortalibus
3134 1672 3167 1709 a
3225 1656 3338 1709 Deo
3380 1670 3720 1708 concessum
3751 1653 3838 1719 sit,
3881 1671 3953 1707 se-

2282 1749 2536 1803 cundum
2567 1748 2862 1819 proprium
2896 1746 3195 1799 arbitrium
3221 1742 3699 1814 uniuscujusque,
3740 1759 3835 1813 pro
3862 1743 3954 1795 feli-

2282 1837 2451 1891 citate
2481 1844 2538 1891 et
2559 1854 2659 1907 spe
2681 1851 2949 1890 mansura
2978 1834 3085 1888 sibi
3121 1832 3491 1903 praecavenda
3535 1849 3707 1902 posse
3760 1832 3955 1885 thesau-

2281 1925 2463 1979 rizare
2519 1926 2711 1980 futura
2769 1925 2936 1989 bona,
3013 1922 3222 1976 idcirco
3278 1927 3485 1974 notum
3534 1920 3803 1974 volumus
3860 1935 3957 1971 esse

2280 2014 2498 2068 cunctis
2526 2013 2809 2075 ﬁdelibus,
2863 2010 3261 2081 praesentibus,
3314 2014 3368 2063 et
3416 2009 3651 2075 futuris,
3697 2007 3866 2079 quod,
3903 2008 3958 2061 ad

2281 2101 2726 2173 prosperitatem
2758 2100 2925 2169 regni
2952 2100 3136 2153 nostri
3190 2104 3247 2152 et
3291 2098 3466 2152 vitam
3498 2114 3817 2169 perennem
3850 2113 3959 2166 pro-

2281 2192 2641 2257 merendam,
2698 2189 3043 2260 impetranle
3090 2187 3406 2241 venerabili
3469 2189 3596 2241 viro
3648 2186 3960 2255 ,Ebarbardo

2281 2280 2510 2346 abbate,
2569 2280 2638 2333 ad
2693 2276 3105 2331 monasterium
3180 2276 3357 2329 sancti
3411 2274 3662 2343 [Quirini
3730 2275 3963 2329 dedimus

2282 2384 2462 2422 unum
2494 2367 2695 2421 curtile
2724 2367 2783 2420 in
2842 2364 3244 2435 Ratisponensi
3299 2363 3544 2429 civitate,
3607 2364 3787 2418 situm
3832 2365 3965 2433 juxta

2285 2462 2628 2522 mercatum,
2684 2454 2937 2508 vicinum
2968 2454 3091 2507 loco
3118 2453 3220 2523 qui
3268 2452 3477 2507 dicitur
3520 2452 3893 2515 Ahachircha,
3921 2451 3967 2503 in

2284 2545 2564 2599 comitatu
2595 2543 2934 2612 Ruodperti.
2990 2543 3052 2596 Et
3107 2547 3170 2595 ut
3226 2542 3349 2595 hac
3396 2546 3592 2595 nostra
3643 2542 3855 2611 regalis
3880 2546 3968 2592 tra-

2286 2632 2428 2687 ditio
2461 2633 2675 2702 absque
2725 2632 2844 2684 ulla
2889 2629 3338 2685 contradictione
3389 2630 3458 2683 ad
3509 2628 3665 2683 idem
3702 2635 3967 2684 monaste-

2286 2721 2440 2775 rium
2505 2721 2747 2775 ﬁrmiter
2806 2724 3139 2790 permaneat
3187 2718 3317 2787 jure
3394 2724 3700 2789 perpetuo,
3761 2717 3970 2788 propria

2289 2826 2467 2864 manu
2496 2809 2557 2863 in
2587 2809 2693 2863 hac
2727 2808 2924 2862 charta
2948 2806 3382 2861 subnotavimus
3412 2807 3668 2877 signum,
3708 2810 3768 2861 et
3821 2805 3969 2875 sigilli

2288 2898 2471 2952 nostri
2495 2896 2875 2967 impressione
2899 2895 3178 2965 jussimus
3208 2894 3536 2965 imaginari.

2220 3002 2260 3055 ρ
2361 2987 2588 3053 Signum
2615 2986 2800 3040 damni
2848 2987 3094 3039 Heinr-iet
3147 2986 3293 3050 regis
3344 2986 3720 3040 nitidissimi.
3790 2983 3971 3053 (Monac

2294 3064 2587 3125 gramma.)

2362 3146 2682 3216 Egilbertus
2776 3143 3149 3198 cancellarius
3218 3142 3340 3198 vice
3406 3142 3667 3213 Willigisi
3742 3140 3968 3196 archica-

2292 3234 2509 3304 pellani
2540 3232 2863 3301 recognovi.

2363 3323 2505 3376 Data
2551 3338 2590 3375 ιι
2616 3322 2746 3377 Idus
2799 3321 2957 3386 Nov.‘,
3000 3336 3150 3375 anno
3212 3319 3528 3374 Dominicae
3581 3319 3973 3373 incarnationis

2295 3410 2450 3479 1002,
2509 3411 2821 3466 indictione
2875 3427 2915 3478 ι,
2946 3413 3107 3479 ξειιηο
3148 3424 3283 3462 vero
3323 3409 3522 3463 domui
3564 3409 3817 3463 Heinrici
3844 3406 3972 3476 regis

2289 3500 2499 3570 primo.
2532 3503 2737 3554 Actum
2765 3499 2826 3552 in
2860 3499 3003 3553 urbe
3029 3498 3387 3554 Radesbona.

3098 3588 3186 3641 ιν.

2291 3677 2405 3731 Rea:
2436 3676 2721 3729 Heinricus
2750 3674 2920 3731 donat
2942 3677 3104 3742 regiae
3144 3674 3362 3744 capella.v
3392 3676 3571 3728 Veteri
3616 3689 3650 3728 a
3689 3689 3748 3728 se
3786 3677 3972 3728 restau-

2360 3754 2497 3800 rata:
2522 3748 2711 3799 vittam
2749 3750 2837 3800 sui
2854 3748 3004 3815 juris
3051 3748 3365 3811 Duueniuga
3389 3760 3522 3816 .cum
3568 3746 3809 3814 ejusdem
3862 3759 3971 3813 per-

2365 3819 2625 3872 tinentiis.

2812 3886 2998 3957 (Anno
3034 3887 3189 3955 1002,
3228 3888 3292 3941 16
3322 3886 3483 3955 Nov.,

2707 3976 2891 4043 [Ried,
2924 3976 3022 4030 ubi
3056 3989 3245 4044 supra,
3279 3991 3410 4046 pag.
3440 3972 3585 4047 116,]

2364 4064 2423 4117 C.
2475 4064 2540 4117 In
2599 4064 2836 4117 nomine
2894 4068 3102 4119 sanctae
3183 4068 3238 4117 et
3289 4063 3597 4117 individua:
3678 4060 3971 4123 Trinitatis,

2295 4153 2589 4206 Hammcus
2624 4151 2820 4205 divina
2849 4152 3072 4206 favente
3101 4151 3407 4205 clementia
3438 4165 3554 4204 rex.

2364 4238 2421 4293 Si
2478 4241 2724 4310 collapsa
2768 4245 3045 4294 vetustate
3104 4244 3203 4292 aut
3258 4239 3610 4309 negligentia
3667 4244 3971 4293 sanctorum

2294 4327 2416 4381 loca
2444 4343 2802 4399 reparamns,
2834 4332 2889 4381 et
2918 4328 2996 4381 ibi
3048 4326 3243 4381 divino
3272 4328 3451 4381 cultui
3508 4328 3850 4398 mancipati:
3892 4326 3975 4378 ali-

2294 4432 2407 4486 qua
2428 4416 2653 4471 vivendi
2704 4415 2907 4470 solatia
2962 4414 3152 4470 devoti
3178 4417 3547 4481 conferimus,
3581 4423 3640 4469 et
3669 4415 3730 4469 in
3779 4417 3879 4469 hac
3932 4418 3976 4466 et

2291 4504 2352 4558 in
2381 4509 2595 4558 (eterna
2626 4504 2745 4557 vita
2775 4504 2939 4558 nobis
2991 4504 3095 4557 hoc
3144 4505 3515 4574 profuturum
3577 4519 3699 4557 esse
3758 4502 3975 4558 minime

2292 4592 2644 4647 dubitamus.
2698 4593 2947 4647 Proinde
2979 4599 3181 4646 notum
3234 4593 3306 4646 sit
3350 4592 3618 4646 omnibus
3648 4592 3860 4646 Christi
3888 4607 3973 4643 no-

2292 4680 2539 4752 strisquc
2599 4680 2888 4746 ﬁdelibus,
2946 4681 3326 4752 praesentibus
3378 4682 3593 4734 scilicet
3655 4685 3713 4734 et
3763 4679 3974 4740 futuris,

2290 4771 2537 4840 qualiter
2563 4786 2665 4823 nos
2687 4786 2801 4823 una
2832 4786 2964 4823 cum
3010 4769 3217 4823 dilecta
3273 4771 3517 4839 conjuge
3551 4773 3771 4837 nostra,
3823 4766 3975 4822 Cuni-

2291 4860 2483 4928 gunda
2505 4859 2766 4913 videlicet
2794 4860 3013 4929 regina,
3066 4858 3220 4913 intus
3263 4858 3322 4912 in
3367 4858 3508 4912 urbe
3566 4856 3977 4927 Radesponensi

2289 4948 2350 5000 in
2383 4953 2541 5001 curte
2575 4948 2730 5018 regia
2768 4947 3077 5017 quamdam
3099 4947 3399 5017 capellam,
3432 4962 3605 5017 quam
3657 4948 3798 5000 olim
3842 4947 3979 4998 Vete-

2288 5051 2413 5089 rem
2443 5036 2740 5099 vocabant,
2795 5036 2851 5089 in
2886 5038 3101 5090 honore
3150 5042 3361 5089 sancte
3397 5035 3497 5088 Dei
3538 5034 3838 5104 genitricis
3874 5034 3979 5088 Ma-

2289 5122 2411 5189 ria},
2442 5140 2476 5177 a
2530 5124 2920 5178 fundamentis
2966 5123 3027 5177 in
3066 5130 3308 5177 matrem
3350 5121 3645 5177 ecclesiam
3684 5123 3978 5183 ereximus,

2290 5212 2536 5283 dataque
2568 5214 2621 5267 ei
2656 5230 2759 5284 per
2788 5220 3136 5284 praeceptum
3191 5214 3451 5267 libertate
3478 5211 3679 5281 regali,
3721 5212 3982 5265 instituta:

2288 5300 2369 5355 ibi
2411 5302 2470 5354 in
2511 5302 2609 5356 Dei
2668 5302 2899 5356 servitio
2945 5302 3352 5357 canonicorum
3400 5299 3837 5371 congregationi
3890 5297 3983 5351 sub

2288 5388 2493 5444 abbate
2524 5392 2607 5445 vel
2654 5392 2963 5461 praeposito
3002 5390 3235 5444 nomine
3291 5388 3517 5459 Tagini,
3552 5404 3657 5459 pro
3687 5386 3982 5459 stipendiis

550 5554 654 5622 (10)
694 5552 821 5605 Haec
859 5569 991 5608 area
1011 5570 1043 5607 a
1072 5556 1328 5610 ccenobio
1352 5554 1830 5610 Niederaltacensi
1851 5557 2081 5612 vendita
2108 5558 2217 5615 fuit
2252 5573 2404 5613 anno
2442 5560 2574 5614 1485
2605 5559 2949 5615 monasterio
2974 5558 3276 5628 superiori.
