3914 6190
101 297 156 347 :il

96 422 198 472 inter
237 420 414 468 caetera
473 413 623 465 dono
662 412 1031 476 contulimus,
1090 415 1146 464 et
1213 427 1312 479 per
1365 413 1472 465 hoc
1531 411 1782 481 regiaeA

94 504 331 576 majestatis
381 500 596 570 insigne
652 499 1117 553 conﬁrmavimus
1177 499 1466 568 quandam
1526 499 1710 554 nostri

93 596 188 663 juris
212 593 396 654 villam,
435 591 666 642 nomine
722 589 1031 659 Dweninga
1081 588 1139 641 in
1186 589 1514 658 Kelesgowe
1555 594 1611 641 et
1651 589 1710 642 in

93 682 298 736 comitatu
320 680 566 748 Magenes
596 677 785 740 sitam,
816 693 944 730 cum
980 677 1246 730 omnibus
1279 677 1536 747 ejusdem
1566 677 1712 730 villae

94 771 298 840 legalibus
349 766 725 837 pertinentiis,
798 765 1104 818 mobilibus
1162 770 1218 819 et
1292 765 1709 829 immobilibus,

92 859 213 912 servis
249 863 297 910 et
343 855 575 918 ancillis,
633 854 802 921 areis,
877 853 1155 918 aediﬁciis,
1215 854 1380 907 terris
1438 853 1605 908 cultis
1659 859 1715 907 et

89 947 272 1007 incultis,
330 945 516 1014 pratis,
587 943 808 1012 pascuis
885 942 1002 994 sive
1080 942 1454 1011 compascuis,
1535 942 1710 1005 silvis,

87 1032 422 1095 venationibus,
473 1031 636 1100 aquis
687 1046 1084 1101 aquarumque
1139 1030 1491 1092 decursibus,
1527 1030 1713 1100 pisca-

85 1121 294 1185 tionibus,
352 1118 712 1183 molendinis,
754 1117 859 1170 viis
917 1122 973 1170 et
1024 1118 1213 1181 inviis,
1273 1118 1515 1170 exitibus
1541 1123 1598 1171 et
1626 1133 1711 1170 re-

83 1208 258 1272 ditibus,
301 1205 547 1276 quiesitis
612 1210 668 1259 et
749 1204 1129 1275 inquirendis,
1194 1221 1255 1257 ac
1305 1205 1525 1257 caeteris
1587 1220 1714 1274 qua:

79 1296 273 1366 quolibet
316 1294 476 1346 modo
535 1293 640 1347 rite
706 1293 897 1346 vocari
962 1298 1221 1361 possunt,
1279 1292 1619 1345 utensilibus
1661 1297 1716 1346 et

79 1383 382 1452 appendiciis,
427 1399 494 1436 eo
565 1389 764 1436 tenore
826 1382 1099 1451 quatinus
1156 1380 1378 1451 praefati
1433 1381 1714 1434 locicon-

82 1471 530 1541 gregatioliberam
563 1471 631 1523 de
680 1470 880 1524 eodem
933 1469 1148 1538 praedio
1202 1468 1470 1539 deinceps
1510 1469 1717 1523 habeat

82 1564 356 1628 potestatem
380 1556 660 1628 quidquid
700 1556 808 1609 sibi
854 1557 1079 1609 decreto
1119 1557 1415 1610 communi
1466 1573 1568 1626 pro
1597 1557 1715 1610 suis

79 1655 116 1699 et
135 1646 344 1714 praefata:
388 1645 584 1698 matris
641 1645 888 1698 ecclesiae
932 1645 1357 1698 necessitatibus
1408 1644 1581 1698 libeat
1639 1647 1716 1698 fa-

79 1735 230 1787 ciendi.
253 1735 309 1788 Et
335 1741 396 1787 ut
425 1736 549 1789 haec
593 1740 788 1787 nostra
846 1733 1076 1787 traditio
1134 1733 1354 1787 stabilis
1421 1741 1478 1786 et
1508 1733 1714 1787 incon—

78 1825 191 1876 vulsa
226 1828 562 1892 permaneat,
651 1824 796 1875 hanc
871 1822 1053 1875 nostri
1124 1821 1395 1892 praecepti
1443 1822 1712 1892 paginam

79 1927 202 1964 manu
251 1912 470 1982 propria
520 1912 872 1978 roborantes,
931 1911 1119 1980 sigillo
1189 1915 1388 1964 nostro
1456 1911 1714 1981 imprimi

72 2001 306 2068 jussimus.

122 2089 308 2153 Signum
375 2088 561 2142 domui
621 2088 836 2141 Henrici
906 2089 1048 2153 regis
1083 2087 1446 2140 invictissimi.
1509 2087 1712 2155 (Mono-

75 2179 304 2244 gramina.)

122 2265 394 2332 Egilbertns
465 2262 840 2317 cancellarins
921 2263 1039 2317 vice

73 2351 232 2420 pellani
261 2352 582 2422 recognovi.
696 2416 700 2418 _

119 2441 230 2493 Data
255 2457 334 2494 XVI
384 2441 511 2494 Kal.
562 2440 854 2494 Decembr.
897 2456 1047 2493 anno
1092 2439 1506 2493 incarnationis
1550 2441 1708 2494 Dom.

78 2531 188 2595 l002,
238 2528 424 2582 indict.
475 2547 517 2594 ι,
571 2545 720 2582 anno
770 2545 900 2581 vero
951 2528 1172 2583 domini
1215 2528 1461 2582 Heinrici
1509 2545 1626 2598 reg.
1673 2546 1709 2583 ι.

119 2621 284 2670 Actum
310 2618 365 2670 in
395 2617 523 2686 ipsa
564 2619 701 2671 urbe
736 2617 1101 2686 Rndespona.

119 2706 331 2772 Sigillum
360 2708 510 2759 intus
543 2708 862 2774 impressum
885 2710 1152 2772 integrum
1177 2709 1375 2758 exstat.

798 2795 857 2846 V.

73 2881 149 2931 lter
169 2881 418 2935 Henricus
451 2883 509 2936 ΙΙ
546 2882 710 2935 donat
757 2884 1001 2950 episcopo
1040 2881 1360 2936 Bria'inensi
1390 2897 1572 2935 aream
1599 2882 1711 2935 Ra-

677 2970 897 3023 tisbona:
927 2973 1109 3022 sitam.

539 3060 729 3125 (Anno
776 3060 930 3122 1002,
1001 3060 1063 3112 16
1096 3058 1252 3125 Nov.)

137 3142 295 3211 fRied,
338 3146 432 3199 ubi
465 3162 662 3214 supra,
713 3163 778 3199 ex
826 3145 1052 3200 Heschii
1102 3147 1410 3200 Annalibus
1465 3147 1721 3200 Ecclesia:

603 3235 822 3290 Sabion.
855 3237 955 3301 Ill,
989 3235 1134 3304 701.]

133 3321 186 3374 tJ.
242 3322 298 3374 ln
353 3322 596 3375 nomine
653 3329 862 3375 sancta:
935 3327 991 3375 et
1042 3321 1354 3375 individuus
1403 3321 1717 3386 Trinitatis,

71 3407 304 3464 Hrismcus
323 3411 518 3464 divina
549 3411 770 3464 favente
798 3410 982 3480 gratia
1008 3427 1128 3464 rex.

117 3496 287 3551 Notum
317 3516 438 3552 esse
471 3501 738 3553 volumus
767 3499 1035 3552 omnibus
1053 3498 1262 3551 nostris
1276 3498 1720 3566 ﬁdelibus,prae~

71 3586 269 3638 sentibus
297 3595 350 3639 et
379 3588 612 3653 futuris,
641 3588 888 3656 qualiter
912 3604 1036 3651 nos,
1059 3587 1132 3640 ob
1151 3587 1533 3640 interventum
1551 3587 1718 3639 devo-

70 3673 253 3742 tumque
265 3675 609 3745 obsequium
624 3675 809 3729 ﬁdelis
842 3673 1398 3729 nostriSabionensis
1425 3673 1717 3726 venerabi-

70 3759 113 3808 lis
136 3762 360 3830 episcopi
391 3762 660 3826 Albwini,
693 3762 760 3815 ad
811 3763 1103 3815 ecclesiam
1153 3763 1330 3815 sancti
1368 3761 1717 3832 Ingenuwiui

67 3849 341 3904 curtiferum
374 3868 559 3904 unum
585 3851 641 3903 in
665 3850 956 3920 provincia
987 3850 1376 3919 Bajoariorum
1408 3851 1462 3902 in
1495 3850 1720 3903 civitate

70 3934 368 4006 Radespona,
392 3939 453 3992 in
481 3939 761 3992 comitatu
780 3939 1079 4007 Ruotperti
1105 3939 1299 4002 situm,
1344 3954 1666 4008 possessum
1689 3955 1722 3990 a

69 4022 203 4076 tribus
223 4027 345 4079 viris
375 4028 454 4081 ita
480 4028 736 4080 vocitetis
777 4031 911 4093 Azo,
946 4027 1151 4093 Lanzo,
1194 4027 1365 4092 Gotti,
1417 4027 1630 4080 habens
1661 4026 1721 4079 in

72 4109 368 4179 longitudine
387 4116 639 4184 perticas
669 4121 795 4168 siet
821 4115 1154 4180 demidiam,
1172 4115 1299 4168 etin
1330 4115 1628 4168 latitudine
1647 4130 1719 4178 vi,

68 4212 106 4248 in
132 4202 398 4270 proprium
431 4204 723 4271 dedimus,
746 4219 876 4256 cum
911 4203 1161 4257 exitibus
1199 4209 1252 4256 et
1295 4202 1570 4256 reditibus
1601 4219 1718 4255 om-

69 4286 296 4359 nibusque
329 4292 502 4345 rebus
527 4292 658 4360 jure
705 4291 1072 4360 legitimeque
1105 4291 1172 4344 ad
1204 4290 1353 4344 idem
1385 4291 1718 4344 curtiferum

70 4377 456 4446 pertinentibus,
516 4395 585 4432 eo
636 4379 845 4433 scilicet
887 4385 1082 4432 tenore
1114 4384 1176 4431 ut
1223 4379 1374 4432 idem
1407 4379 1720 4449 praetitula-

67 4469 131 4512 tus
175 4467 392 4521 antistes
463 4483 781 4538 omnesque
835 4467 922 4520 sui
991 4483 1339 4520 successores
1401 4484 1466 4520 ex
1525 4469 1725 4522 eodem

66 4553 284 4607 curtifero
330 4556 401 4609 ad
459 4573 633 4610 usum
686 4556 999 4624 praelibatae
1069 4555 1320 4609 ecclesiae
1387 4561 1725 4625 potestatem

67 4636 266 4695 habeant
309 4645 433 4698 sine
466 4644 628 4697 omni
678 4645 1076 4698 malivolorum
1125 4643 1573 4697 contradictione
1622 4644 1720 4696 ha-

67 4727 218 4792 bendi,
238 4733 654 4796 commutandi,
678 4737 733 4786 et
775 4732 1054 4802 quidquid
1103 4731 1212 4785 sibi
1245 4732 1492 4798 libuerit,
1525 4732 1728 4786 exinde

65 4812 278 4871 faciendi.
334 4821 403 4873 Et
464 4827 531 4873 ut
597 4821 718 4874 haec
783 4821 1012 4875 traditio
1086 4826 1297 4874 nostra:
1351 4821 1726 4878 auctoritatis.

70 4911 168 4968 que
191 4905 241 4958 iu
270 4909 372 4962 Dei
405 4909 705 4963 voluntate
733 4914 789 4962 et
827 4909 901 4962 ob
939 4909 1262 4962 remedium
1282 4909 1489 4962 anima:
1521 4912 1728 4961 nostrae

69 4988 173 5045 facta
200 5002 296 5061 est,
339 4997 587 5064 ﬁrmior,
641 4998 897 5050 stabilior
943 4997 1385 5067 diuturniorque
1434 4996 1555 5063 ﬁat,
1584 4997 1731 5050 banc

69 5082 286 5147 Paginam
336 5091 540 5138 nostra
588 5102 763 5139 manu
816 5085 1052 5156 propria
1100 5086 1531 5139 corroborantes
1579 5084 1732 5154 sigil-

71 5164 142 5220 lari
163 5169 453 5236 jussimus.

117 5257 314 5322 Signum
369 5263 563 5316 domui
601 5262 862 5316 Heinrici
926 5265 1070 5329 regis
1124 5263 1486 5315 invictissimi.
1540 5263 1736 5327 (Mono-

71 5359 264 5404 gramma
276 5353 311 5415 .)

121 5432 418 5501 Egilbertus
461 5439 834 5492 cancellarins
863 5439 979 5491 vice
1020 5437 1284 5508 Willigisi
1332 5438 1734 5506 archicapella-

74 5519 109 5568 ni
133 5527 434 5593 recognovi.

1746 1691 1785 1744 Β

1129 2262 1388 2334 Willigisi
1456 2263 1713 2316 archica-

1269 287 1658 344 DlPLOMATA
1699 289 2252 346 ECCLESIASTICA.

1762 4252 1802 4304 D

3411 303 3516 352 242

1895 413 2036 466 Data
2073 429 2160 467 xvx
2209 413 2488 468 Kalendas
2541 413 2887 482 Decembris,
2930 432 3082 470 anno
3112 417 3520 472 incarnationis

1819 500 2129 554 Dominicaa
2213 503 2367 566 1002,
2425 501 2737 556 indictione
2797 521 2836 568 i,
2895 520 3048 558 anno
3127 521 3260 559 vero
3320 507 3519 562 domui

1822 588 2068 644 Heinrici
2096 589 2389 659 regnantis
2414 607 2450 643 ι.
2476 594 2678 643 Actum
2735 591 2792 644 in
2836 593 2972 646 urbe
3009 594 3370 664 Hadespona.

2230 680 2370 732 Cum
2399 680 2580 747 sigillo
2603 681 2874 747 majestat.
2907 684 3132 749 integro.

2611 768 2702 821 VI.

1820 853 2271 908 Mundiburdium
2307 857 2450 923 regis
2515 857 2735 910 Henrici
2783 858 2836 911 Il
2882 860 3210 912 monasterio
3266 860 3524 925 inferiori

2521 959 2845 998 concessum.

2385 1032 2569 1097 (Anno
2600 1035 2758 1095 1002,
2803 1035 2872 1086 20
2909 1035 3074 1099 Nov.)

2313 1119 2498 1189 [Ried,
2532 1121 2625 1173 ubi
2674 1136 2845 1188 supra
2869 1138 2927 1192 p.
2956 1122 3094 1194 118.]

1895 1208 1953 1260 ln
1987 1206 2218 1260 nomine
2251 1215 2458 1262 sanctas
2497 1213 2554 1261 et
2605 1208 2913 1262 indivnduae
2952 1210 3263 1276 Trinitatis,
3298 1213 3522 1268 HEINRI-

1822 1310 1917 1349 cus
1957 1295 2152 1348 dixina
2175 1297 2392 1349 favente
2425 1298 2725 1349 clementia
2757 1313 2871 1350 rex.

1889 1384 2046 1437 Justa
2081 1400 2281 1453 regum
2339 1390 2392 1437 et
2453 1385 2718 1454 religiosa
2752 1385 3022 1454 cogitatio
3052 1387 3221 1442 debet
3272 1389 3522 1442 ecclesiis

1825 1472 1944 1537 Dei,
1983 1471 2326 1542 ubicumque
2361 1472 2596 1526 facultas
2626 1474 2900 1543 suppetit,
2950 1475 3168 1544 aliquid
3212 1493 3525 1531 accommo-

1825 1561 1980 1614 dare.
2034 1566 2094 1614 ut
2151 1561 2285 1614 inde
2345 1561 2656 1629 proclivius
2707 1563 2984 1615 mercedis
3015 1569 3246 1616 aeternae
3287 1565 3526 1632 praemia

1823 1655 2266 1719 consequantur.
2324 1649 2567 1703 Proinde
2610 1655 2806 1704 notum
2852 1650 2923 1703 sit
2952 1651 3220 1704 omnibus
3258 1652 3526 1706 ﬁdelibus

1827 1737 2052 1802 nostris,
2113 1737 2490 1807 praesentibus
2531 1737 2746 1791 scilicet
2800 1745 2856 1791 et
2887 1739 3112 1805 futuris,
3148 1740 3398 1810 qualiter
3433 1758 3522 1794 ve—

1825 1824 2093 1878 nerabilis
2123 1825 2408 1879 abbatissa
2468 1826 2650 1891 Ouda,
2708 1843 2811 1896 per
2866 1827 3251 1880 interventum
3303 1828 3524 1882 dilectae

1824 1912 2087 1984 conjugis
2146 1919 2374 1976 nostrae,
2434 1915 2791 1983 Cunigunda:
2833 1915 3092 1968 videlicet
3147 1917 3386 1984 reginae,
3419 1934 3522 1970 no-

1824 2006 1999 2055 stram
2077 2001 2219 2054 adiit
2281 2001 2660 2070 majestatem,
2735 2003 3070 2072 suppliciter
3146 2005 3401 2074 rogitans
3467 2010 3525 2057 ut

1827 2089 2238 2141 monasterium
2287 2088 2834 2152 sanctimonialium,
2890 2091 2980 2142 cui
3037 2090 3163 2160 ipsa
3199 2097 3334 2145 tunc
3374 2098 3526 2146 tem-

1823 2177 1982 2247 poris
2050 2177 2201 2229 intra
2271 2177 2772 2246 Radesponensem
2847 2178 3134 2231 civitatem
3216 2181 3524 2248 praesidere

1823 2265 2066 2326 videtur,
2129 2265 2282 2335 quod
2333 2265 2476 2318 diva:
2542 2265 2834 2318 memoriae
2866 2266 2992 2318 avia
3049 2271 3240 2319 nostra
3285 2268 3524 2322 Juditba

1825 2353 1964 2407 olim
1985 2353 2041 2405 in
2081 2352 2297 2406 honore
2347 2357 2556 2406 sanctae.
2603 2354 2701 2406 Dei
2742 2352 3034 2423 genitricis
3091 2354 3280 2407 Mariae
3340 2371 3372 2407 a
3403 2355 3524 2408 fun-

1824 2441 2108 2495 damentis
2152 2441 2210 2494 in
2269 2441 2553 2494 abbatiam
2584 2441 2781 2506 erexit,
2839 2447 2896 2495 et
2954 2442 3118 2494 donis
3176 2443 3524 2512 praediorum

1823 2529 1972 2584 inter
1996 2529 2108 2582 alia
2158 2545 2262 2598 pro
2297 2529 2420 2582 loco
2479 2529 2699 2594 ditavit,
2758 2529 2818 2582 in
2871 2536 3132 2583 nostrum
3187 2531 3523 2584 mundibur-

1824 2618 1985 2671 dium
2025 2623 2082 2670 et
2105 2617 2278 2686 regiae
2325 2617 2707 2670 imniuuitatis
2765 2617 3072 2670 tuitionem
3132 2619 3525 2686 reciperemus

1823 2721 1952 2759 cum
1978 2705 2247 2759 omnibus
2280 2705 2643 2775 pertinentiis
2673 2705 2816 2774 ejus.
2855 2707 2965 2758 Nos
2987 2722 3145 2773 ergo,
3167 2707 3238 2760 ob
3262 2707 3524 2760 divinum

1823 2810 2078 2847 amorem
2141 2793 2250 2862 pias
2332 2794 2454 2862 ejus
2538 2799 2858 2847 annuentes
2935 2795 3224 2862 petitioni,
3276 2811 3379 2864 per
3419 2796 3526 2848 hoc

1824 2889 2033 2936 nostrae
2084 2881 2397 2951 majestatis
2447 2881 2689 2952 insigne,
2754 2882 3056 2952 praefatum
3112 2882 3522 2937 monasterium

1755 2969 1795 3022 C
1827 2975 2038 3023 nostrae
2089 2975 2533 3039 nostrorumque
2587 2975 2716 3038 post
2763 2986 2865 3022 nos
2910 2986 3300 3024 successorum
3351 2971 3524 3040 regiae

1828 3064 1884 3112 et
1914 3056 2198 3129 imperiali
2230 3062 2507 3127 perpetuo
2541 3057 2858 3111 defensioni
2894 3058 3246 3128 subjicimus,
3281 3064 3336 3112 et
3375 3059 3527 3112 insu-

1827 3163 1930 3216 per
1959 3145 2178 3215 optima
2203 3162 2269 3198 ea
2295 3146 2554 3199 libertate
2616 3146 2917 3210 donamus,
2981 3163 3094 3216 qua
3155 3153 3362 3200 caetera
3400 3163 3522 3200 mo-

1830 3234 2078 3288 nasteria
2137 3233 2353 3303 regalia
2408 3233 2732 3303 ubicunque
2781 3239 3064 3288 terrarum
3120 3235 3300 3288 nostri
3363 3234 3524 3305 regni

1829 3323 2042 3392 perfrui
2068 3321 2433 3386 videbuntur,
2476 3321 2746 3392 quatinus
2774 3322 2853 3375 ibi
2911 3323 3376 3376 sanctimoniales
3407 3339 3525 3376 mo-

1830 3412 2059 3464 nasticae
2089 3411 2215 3463 vita:
2242 3411 2346 3463 sub
2371 3411 2570 3479 regula
2601 3410 2780 3464 sancti
2832 3411 3126 3465 Benedicti
3163 3412 3522 3482 mancipata),

1829 3499 2062 3552 liberius
2087 3505 2146 3552 et
2172 3499 2430 3552 devotius
2461 3499 2642 3566 illam,
2675 3516 2847 3568 quam
2865 3515 3147 3569 aggressm
3170 3508 3323 3566 sunt,
3346 3501 3520 3553 vitam

1827 3588 2040 3657 absque
2090 3587 2489 3656 inquietudine
2551 3588 2828 3656 regalium
2863 3594 3194 3641 exactorum
3224 3595 3280 3642 et
3333 3589 3524 3642 subin-

1828 3675 2177 3728 troeuntium
2214 3691 2586 3744 personarum
2623 3675 2830 3728 dehinc
2883 3692 3217 3730 conservare
3274 3678 3518 3729 valeant.

1831 3764 2006 3832 Regio
2038 3763 2212 3830 igitur
2248 3763 2414 3815 verbo
2459 3769 2516 3814 et
2575 3770 2862 3832 praecepto
2902 3764 3169 3832 jubemus
3197 3769 3253 3816 et
3283 3764 3523 3817 ﬁrmiter

1828 3850 2224 3904 interdicimus
2277 3853 2338 3901 ut
2395 3849 2587 3901 nullus
2625 3849 2756 3910 dux,
2805 3851 3078 3917 marcbio,
3139 3867 3328 3902 comes
3385 3853 3522 3904 vice-

1829 3955 2054 4005 comes,
2109 3937 2427 4006 episcopus,
2478 3938 2562 3990 vel
2597 3937 2804 4007 aliquis
2837 3939 2940 3990 sub
2991 3939 3280 4007 episcopo,
3316 3945 3414 3992 aut
3437 3940 3525 4007 ju-

1829 4028 1935 4082 dex
1975 4027 2233 4096 publicus
2269 4026 2384 4077 sive
2426 4025 2617 4094 regius
2651 4031 2894 4090 exactor,
2947 4042 3044 4078 seu
3084 4027 3351 4095 quaelibet
3377 4027 3526 4095 judi-

1831 4118 2002 4170 ciaria
2029 4131 2273 4183 persona
2308 4114 2492 4182 major
2518 4119 2615 4166 aut
2647 4114 2837 4167 minor
2869 4115 3136 4184 deinceps
3168 4114 3228 4166 in
3254 4115 3525 4184 praedicto

1835 4204 2176 4257 monasterio
2205 4203 2357 4256 intus
2387 4204 2472 4255 vel
2498 4203 2648 4263 foris,
2686 4208 2741 4255 et
2789 4203 2848 4255 in
2884 4204 3017 4255 locis
3045 4209 3140 4256 aut
3174 4203 3522 4267 hominibus,

1833 4294 1918 4346 vel
1949 4290 2318 4345 omnibusibi
2372 4291 2792 4360 pertinentibus
2849 4291 3102 4360 aliquam
3146 4291 3354 4360 publici
3380 4291 3528 4362 juris

1831 4385 2091 4435 exerceat
2125 4383 2487 4449 potestatem,
2529 4385 2628 4431 aut
2653 4379 2961 4450 quicquam
2991 4379 3060 4432 de
3105 4380 3275 4432 rebus
3323 4396 3528 4446 mone,—

1831 4470 2064 4523 chnrum
2101 4467 2208 4520 sibi
2239 4466 2344 4537 ipsi
2377 4467 2463 4520 vel
2499 4467 2660 4519 nobis
2708 4474 2806 4520 aut
2845 4468 3264 4520 successoribus
3324 4467 3528 4520 nostris

1835 4571 2108 4625 usurpare
2180 4559 2490 4624 praesumat
2544 4554 2666 4608 sine
2713 4555 3007 4620 advocato,
3058 4573 3230 4625 quem
3278 4572 3528 4625 praesens

1832 4644 2138 4710 abbatissa,
2166 4649 2220 4696 et
2252 4659 2380 4712 quae
2411 4643 2463 4696 ei
2496 4643 2823 4708 succedant,
2874 4643 2935 4696 in
2993 4644 3147 4697 hunc
3197 4660 3361 4696 usum
3411 4644 3528 4695 ele-

1832 4733 2020 4802 gerint
2049 4737 2106 4784 et
2132 4730 2552 4793 constituerint,
2587 4729 2687 4798 qui
2709 4729 2884 4783 etiam
2931 4731 2990 4782 in
3023 4731 3147 4800 ipso
3180 4731 3529 4783 monasterio

1834 4820 1974 4874 etin
2040 4820 2176 4873 locis
2219 4820 2340 4888 ejus
2371 4817 2522 4870 aliud
2583 4818 2688 4870 Sibi
2750 4834 2865 4871 non
2926 4818 3188 4888 imponat
3233 4816 3529 4888 potestatis

1835 4908 2088 4962 ofﬁcium
2133 4911 2232 4960 aut
2288 4905 2480 4974 exigat
2525 4905 2843 4971 servitium,
2890 4907 3001 4959 nisi
3054 4906 3206 4976 quod
3248 4904 3531 4958 abbatissa

1835 5012 1965 5050 cum
1995 4995 2168 5048 sacris
2197 4994 2489 5046 sororibus
2516 4993 2600 5046 illi
2638 4995 3066 5064 praescripserit.

1908 5084 2328 5139 Conﬁrmamus
2379 5081 2550 5134 etiam
2611 5083 2797 5135 eidem
2871 5081 3216 5135 monasterio
3247 5079 3528 5150 quidquid

1839 5172 1918 5225 ibi
1950 5186 2205 5240 unquam
2245 5186 2347 5238 per
2395 5186 2558 5238 reges
2605 5176 2660 5222 et
2725 5170 3099 5239 imperatores
3161 5168 3532 5237 praeceptoria

1840 5261 1984 5329 lege,
2028 5259 2143 5312 sive
2169 5275 2271 5328 per
2315 5259 2487 5312 duces
2518 5259 2604 5310 vel
2634 5257 2771 5309 alios
2822 5256 3029 5311 Christi
3073 5255 3256 5310 ﬁdelis
3288 5256 3346 5309 in
3397 5273 3532 5326 quo-

1839 5363 2065 5417 cunque
2091 5363 2241 5417 pago
2281 5347 2366 5399 vel
2425 5345 2694 5398 comitatu
2739 5346 2926 5414 aliqua
2983 5346 3256 5398 traditum
3289 5346 3372 5398 vel
3405 5362 3534 5399 con-

1842 5451 2062 5490 cessum
2133 5438 2217 5489 est
2273 5435 2586 5498 oblatione,
2615 5449 2744 5486 cum
2795 5433 3048 5486 curtibus
3112 5439 3169 5488 et
3214 5434 3530 5496 curtilibus,

1847 5523 2126 5587 aediliciis,
2160 5522 2479 5590 mancipiis,
2532 5521 2894 5585 molendinis,
2929 5521 3234 5592 aquimolis
3291 5522 3351 5575 in
3379 5527 3533 5574 utra-
