4016 6202
394 314 496 368 253
1696 317 1752 370 ὃ.
1795 312 2077 370 IIENRICI
2123 312 2195 366 III
2208 311 2602 369 PERATORIS
3824 319 3927 372 233

392 452 505 509 que
556 440 720 507 parte
762 434 1019 490 ﬂuminis
1079 434 1325 491 Danubii
1392 436 1594 491 urbem
1668 435 2094 507 praecurrentis,
2123 438 2169 491 Α
2206 434 2485 503 tionibus,
2534 435 2721 507 aquis,
2782 451 3178 508 aquarumque
3227 437 3585 506 decursibus,
3646 439 3932 511 piscatio-

395 521 612 595 pariter
648 539 778 577 cum
807 523 1076 577 omnibus
1108 524 1447 578 utensilibus
1475 529 1533 577 et
1562 523 1916 594 appendiciis
1948 524 2098 577 Ioco~
2205 524 2394 592 nibus,
2436 524 2807 591 molendinis,
2839 524 2946 578 viis
2995 529 3053 579 et
3082 524 3270 590 inviis,
3320 526 3565 581 exitibus
3620 534 3679 582 et
3724 522 3933 584 rediti-

397 627 527 666 rum
557 611 636 665 ibi
682 611 1121 682 pertinentium,
1180 627 1428 683 quorum
1462 611 1581 665 hinc
1612 628 1714 682 pro
1772 618 1933 683 parte
1964 616 2099 666 sunt

399 699 669 755 nomina:
708 699 1081 770 Scbirelinga,
1122 699 1443 762 Lirundorf,
1480 699 1850 771 Roggingun,
1898 701 2097 754 Biber-

400 790 562 855 bahe,
625 787 876 852 Linthat,
939 787 1452 843 Heroldeslinthart
1515 803 1645 842 cum
1694 788 1964 842 omnibus
2003 805 2094 859 ap-

404 876 671 949 penditiis
716 877 971 941 illorum,
1048 875 1421 929 Hardkiricha
1482 891 1610 930 cum
1695 876 1932 931 decimis
1983 878 2099 931 suis

404 966 803 1036 undecumque
853 965 1116 1018 villarum
1168 964 1547 1029 conferendis,
1607 966 1757 1019 Salia
1818 982 1947 1020 cum
2005 966 2102 1020 Fo-

405 1061 575 1121 resto,
632 1071 799 1125 aqua,
860 1053 1215 1107 molendinis
1251 1058 1309 1107 et
1356 1054 1575 1108 caeteris
1616 1053 2001 1124 pertinentiis,
2042 1055 2103 1108 in

403 1144 718 1214 Siuzingun
743 1159 974 1197 omnem
1012 1143 1189 1203 illam,
1226 1159 1355 1213 qum
1387 1143 1466 1196 ibi
1515 1143 1853 1213 praescripto
1908 1159 2105 1196 mona-

404 1232 577 1286 sterio
609 1232 878 1301 pertinet,
912 1231 1242 1298 utilitatem,
1300 1231 1661 1300 Deggindorf
1710 1246 1839 1284 cum
1869 1230 2107 1285 decimis

405 1327 462 1375 et
480 1321 678 1375 usibus
709 1319 845 1382 suis,
907 1321 1099 1388 Berge,
1163 1319 1319 1389 quod
1350 1319 1522 1372 situm
1557 1324 1640 1373 est
1696 1320 1857 1388 juxta
1888 1320 2107 1373 ﬂumen

408 1410 637 1473 Philisa,
663 1414 718 1463 et
749 1408 1144 1461 Budelshuson
1194 1422 1324 1460 cum
1379 1407 1564 1477 aquis,
1622 1407 1951 1477 aquimolis,
1991 1423 2110 1461 mo-

409 1496 656 1552 lendinis
687 1502 743 1549 et
771 1495 917 1549 areis
974 1495 1033 1548 in
1092 1494 1281 1549 ﬁuviis
1328 1495 1481 1548 Isara
1519 1501 1577 1548 et
1627 1486 2111 1550 Walechenésbah

406 1601 538 1639 cum
570 1584 839 1654 pontibus
869 1583 987 1637 suis
1016 1583 1105 1637 vel
1156 1584 1292 1636 totis
1341 1599 1542 1637 eorum
1603 1584 1957 1653 adjacentiis.
2000 1585 2109 1639 Ha-

410 1675 585 1728 beant
612 1672 787 1725 etiam
839 1672 1134 1725 monachae
1186 1676 1531 1741 potestatem
1586 1672 1820 1725 liberam
1873 1688 1976 1743 per
2012 1673 2110 1726 de-

412 1759 692 1814 cessiones
730 1759 881 1813 inter
928 1776 988 1812 se
1043 1758 1292 1829 eligendi
1344 1759 1711 1824 abbatissam,
1754 1776 1928 1831 quam
1976 1776 2109 1829 pro-

412 1848 620 1903 babilis
646 1848 777 1901 vitae
812 1853 868 1901 et
909 1863 1135 1901 morum
1176 1847 1377 1917 regula
1414 1849 1529 1902 Deo
1575 1848 1825 1919 propitio
1870 1864 2110 1919 compo-

415 1937 611 2001 suerit,
643 1936 905 1990 omnium
946 1938 1291 2007 potestatum
1342 1937 1428 1989 vel
1466 1952 1844 2006 personarum
1886 1943 2116 1991 contra-

414 2023 663 2078 dictione
706 2028 941 2078 remota.
1006 2025 1069 2078 Et
1118 2028 1178 2077 ut.
1216 2024 1337 2077 haec
1367 2030 1562 2078 nostra
1604 2024 1857 2090 traditio,
1902 2026 2114 2079 contir-

415 2113 589 2166 matio
636 2112 752 2166 sive
805 2112 1035 2166 libertas
1095 2112 1314 2165 stabilis
1363 2113 1700 2166 inconcussa
1757 2118 2112 2183 permaneat,

417 2201 562 2255 hanc
588 2200 769 2255 nostri
800 2199 1071 2271 praecepti
1113 2200 1385 2270 paginam
1443 2217 1615 2254 manu
1678 2201 1913 2273 propria
1939 2202 2116 2255 robo-

414 2296 605 2343 rantes
636 2289 824 2360 sigillo
856 2294 1051 2343 nostro
1074 2288 1333 2358 imprimi
1359 2289 1659 2358 jussimus.

483 2378 717 2445 Signum
756 2378 943 2431 domui
989 2377 1266 2443 Heinrici,
1299 2379 1444 2443 regis
1494 2379 1867 2432 invictissimi.
1922 2379 2121 2449 (Μυησ-

414 2464 718 2535 gramma.)

490 2555 813 2627 Egilbertus
871 2554 1244 2610 cancellarius
1270 2553 1391 2608 vice
1444 2554 1709 2626 Willigisi
1767 2554 2122 2625 archicapel-

422 2642 539 2697 Iani
567 2642 925 2713 recognovit.

496 2731 637 2785 Data
666 2746 746 2784 xu
814 2730 1046 2785 Kalend.
1104 2730 1449 2795 Decembris,
1510 2747 1661 2786 anno
1709 2730 2125 2785 incarnationis

429 2818 739 2873 Dominicm
772 2821 927 2887 1002,
969 2818 1282 2873 indictione
1314 2837 1350 2885 ι,
1379 2835 1531 2874 anno
1566 2835 1699 2873 vero
1738 2820 1938 2874 domui
1960 2820 2126 2875 Hein-

427 2906 527 2960 rici
558 2907 850 2977 regnantis
880 2923 915 2960 ι.
960 2909 1163 2960 Actum
1192 2906 1253 2960 in
1309 2907 1434 2976 ipsa
1474 2908 1616 2961 urbe
1672 2907 2121 2977 Radesponensi.

853 2995 995 3047 Cum
1022 2996 1205 3061 sigillo
1225 2995 1498 3062 majestat.
1530 2995 1717 3049 illeso.

1228 3082 1341 3135 VII.

430 3170 543 3222 Rea:
591 3169 849 3222 Henricus
888 3168 1057 3222 donat
1103 3169 1396 3234 collegiate
1437 3169 1512 3222 ad
1571 3171 1804 3223 Veterem
1859 3170 2122 3239 capellam

502 3255 819 3309 Ratisbona:
872 3256 1062 3309 uillam
1132 3256 1418 3311 Walchina
1500 3259 1557 3309 in
1609 3271 1754 3325 pago
1831 3256 2128 3323 Nordgowe

503 3345 691 3397 sitam.

954 3432 1139 3495 (Anno
1174 3431 1332 3499 l003,
1373 3433 1442 3484 20
1490 3431 1667 3499 Nov.)

896 3517 1084 3592 [Ried,
1120 3519 1214 3573 ubi
1233 3534 1424 3589 supra,
1457 3535 1519 3589 p.
1557 3520 1705 3590 120.]

506 3608 570 3661 ln
604 3607 834 3661 nonime
876 3612 1085 3662 sancite
1142 3614 1200 3662 et
1264 3607 1575 3661 individua:
1631 3606 1947 3674 Trinitatis,
1982 3610 2128 3664 Hau-

434 3712 587 3751 mcus
606 3695 797 3750 divina
825 3696 1050 3751 favente
1080 3696 1384 3750 clementia
1413 3711 1533 3751 rex.

504 3785 561 3840 Si
607 3784 855 3855 collapsa
912 3788 1188 3839 vetustate
1261 3790 1361 3838 aut
1400 3784 1753 3856 negligentia
1803 3789 2133 3840 sanctorum

436 3875 556 3929 loca
586 3890 939 3944 reparamus.
975 3880 1033 3929 et
1061 3874 1140 3928 ibi
1188 3873 1381 3928 divino
1430 3874 1610 3928 cultui
1659 3874 1996 3946 mancipatis
2024 3874 2134 3928 ali-

435 3980 549 4034 qua
577 3962 807 4017 vivendi
855 3964 1057 4017 solatia
1109 3962 1295 4016 devoti
1349 3962 1719 4030 conferimus,
1766 3968 1821 4016 et
1858 3963 1917 4017 in
1947 3963 2050 4016 hac
2080 3968 2137 4017 et

436 4051 495 4105 in
516 4056 731 4105 interna
776 4050 888 4102 vita
933 4050 1099 4105 nobis
1152 4050 1262 4103 hoc
1311 4048 1677 4119 profuturum
1731 4066 1851 4103 esse
1897 4050 2133 4104 minime

435 4138 782 4193 dubitamus.
818 4138 1061 4192 Proinde
1086 4142 1287 4190 notum
1327 4136 1400 4189 sit
1435 4136 1702 4189 omnibus
1762 4137 1865 4207 Xpi
1897 4138 2136 4191 nostris-

438 4242 550 4295 que
600 4225 885 4290 ﬁdelibus,
936 4224 1313 4295 praesentibus
1366 4223 1578 4277 scilicet
1625 4229 1683 4278 et
1742 4224 1968 4289 futuris,
2001 4241 2137 4296 qua-

440 4315 567 4367 liter
599 4330 702 4367 nos
731 4328 847 4365 una
878 4328 1008 4365 cum
1037 4311 1243 4366 dilecta
1272 4311 1516 4381 conjuge
1545 4317 1757 4377 nostra,
1793 4314 2145 4383 Cunigunda-

440 4400 704 4454 videlicet
730 4400 942 4468 regina,
962 4399 1119 4453 intus
1149 4398 1207 4451 in
1236 4399 1378 4452 urbe
1416 4400 1851 4470 Ratesponensi,
1889 4402 1946 4454 in
1977 4407 2136 4457 curte

440 4488 700 4543 videlicet
728 4488 908 4557 regia,
944 4487 1232 4558 quandam
1272 4488 1566 4557 capellam,
1621 4504 1795 4558 quam
1851 4491 1986 4544 olim
2033 4491 2135 4544 Ve-

439 4582 617 4629 terem
670 4576 964 4640 vocabant,
1043 4576 1102 4630 in
1173 4575 1390 4629 honore
1449 4581 1657 4630 sanctae
1709 4576 1808 4630 Dei
1847 4579 2136 4647 genitricis

439 4663 688 4718 Mariasa
745 4663 1137 4718 fundamentis
1202 4664 1261 4717 in
1311 4669 1551 4719 matrem
1609 4665 1905 4719 ecclesiam
1960 4668 2137 4722 erexi-

418 4762 589 4816 'mus,
648 4754 894 4824 dataque
949 4754 1002 4808 ei
1053 4770 1156 4825 per
1217 4759 1563 4825 praeceptum
1618 4754 1796 4825 regali
1854 4754 2133 4822 libertate,

438 4840 717 4897 institutae
747 4840 827 4896 ibi
855 4841 914 4895 in
949 4842 1048 4896 Dei
1100 4842 1329 4896 servitio
1386 4842 1796 4896 canonicorum
1826 4859 2135 4914 congrega-

436 4930 581 4986 tioni
610 4932 715 4987 sub
754 4930 959 4985 abbate
1016 4932 1099 4985 vel
1137 4931 1443 5001 praeposito
1496 4930 1729 4985 nomine
1775 4931 1997 5002 Tagini,
2028 4949 2133 5003 pro

439 5019 737 5090 stipendiis
777 5018 929 5073 inter
970 5024 1175 5072 caetera
1233 5018 1385 5073 dona
1414 5020 1762 5074 contulimus
1791 5023 1848 5073 et
1888 5035 1992 5090 per
2029 5021 2133 5075 hoc

416 5100 611 5178 regiae
642 5106 954 5178 majestatis
985 5106 1210 5176 insigne
1231 5108 1699 5162 conﬁrmavimus
1725 5123 1901 5162 uuam
1953 5109 2131 5162 nostri
2214 5127 2218 5130 ‘

416 5196 578 5265 ‘juris
636 5197 829 5249 villam
891 5194 1246 5262 Walehinga,
1300 5193 1360 5248 in
1435 5211 1583 5266 pago
1657 5196 1989 5266 Nordgowe,
2072 5197 2132 5252 in

432 5283 703 5336 comitatu
768 5283 1017 5337 Heinrici
1071 5282 1259 5349 sitam,
1337 5298 1468 5337 cum
1550 5283 1818 5336 omnibus
1874 5284 2130 5352 ejusdem
2210 5304 2215 5307 Α

432 5369 707 5440 legalibus
766 5371 1150 5441 pertinentiis,
1230 5370 1537 5425 mobilibus
1600 5378 1657 5425 et
1712 5371 2126 5439 immobilibus,

428 5457 603 5512 servis
651 5466 707 5511 et
765 5460 1007 5525 ancillis,
1062 5460 1231 5526 areis,
1292 5458 1570 5525 aediﬁciis,
1619 5460 1787 5513 terris
1844 5461 2011 5514 cultis
2072 5466 2129 5514 et

424 5545 672 5611 incultis,
708 5546 904 5615 pratis,
938 5548 1160 5617 pascuis
1190 5547 1307 5602 sive
1338 5547 1695 5618 conpascuis,
1748 5547 1924 5617 silvis,
1955 5564 2125 5603 vena-

2206 612 2335 677 bus,
2369 612 2623 683 quaesitis
2648 618 2705 667 et
2724 612 3102 683 inquirendis,
3137 614 3459 683 accwteris,
3491 632 3626 687 qua;
3657 618 3941 688 quolibet

2207 699 2381 753 modo
2404 700 2509 753 rite
2541 700 2725 753 vocari
2765 706 3020 766 possunt,
3057 702 3401 757 utensilibus
3451 711 3511 758 et
3535 706 3939 776 appendiciis,

2208 803 2276 841 eo
2307 794 2505 841 tenore
2531 789 2797 859 quatinus
2853 789 3074 857 praefati
3104 789 3209 844 loci
3259 794 3634 861 congregatio
3680 793 3938 847 liberam

2208 876 2277 930 de
2299 876 2498 930 eodem
2524 876 2739 947 praedio
2783 878 3051 948 deinceps
3081 879 3288 933 habeat
3339 886 3712 950 potestatem,
3751 883 3938 953 quid-

2211 963 2351 1035 quid
2378 964 2487 1019 sibi
2517 965 2811 1020 communi
2840 966 3068 1021 decreto
3088 983 3190 1037 pro
3235 968 3355 1021 suis
3386 973 3444 1022 et
3472 970 3778 1038 praedictae
3812 988 3935 1025 ma-

2210 1052 2313 1106 tris
2344 1053 2595 1107 ecclesiie
2626 1053 3262 1122 necessitatibuslibeat,
3281 1056 3548 1112 faciendi.
3587 1059 3655 1112 Et
3690 1065 3763 1114 ut
3812 1061 3936 1115 haec

2211 1146 2407 1195 nostra
2454 1140 2688 1195 traditio
2739 1142 2956 1195 stabilis
3012 1148 3069 1195 et
3139 1145 3473 1199 iuconvulsa
3553 1156 3933 1216 permaneat,

2214 1228 2362 1282 hanc
2382 1228 2559 1282 nostri
2607 1230 2878 1300 praecepti
2927 1231 3195 1300 paginam
3246 1248 3424 1286 manu
3482 1235 3727 1305 propria
3761 1237 3935 1291 robo-

2218 1323 2430 1384 rantes,
2462 1317 2653 1387 sigillo
2682 1324 2874 1372 nostro
2905 1318 3159 1390 imprimi
3185 1320 3487 1389 jussimus.

2291 1406 2517 1471 Signum
2575 1405 2761 1461 domui
2802 1407 3050 1462 Heinrici
3093 1414 3236 1476 regis
3296 1413 3669 1465 invictissimi'
3726 1414 3933 1480 {Mauo-

2214 1496 2525 1564 gramma.)

2294 1582 2616 1652 Egilbertus
2662 1583 3035 1639 cancellarius
3094 1584 3211 1639 vice
3269 1586 3532 1659 Willigisi
3588 1589 3940 1661 archicapel-

2223 1669 2341 1723 lani
2371 1671 2727 1741 recognovit.

2297 1758 2525 1812 Dataxu
2556 1760 2677 1814 Kal.
2738 1761 3088 1830 Decembris,
3157 1779 3307 1817 anno
3361 1765 3793 1821 incarnationis
3839 1768 3940 1821 Do-

2224 1846 2449 1902 minicaa
2473 1850 2629 1914 t002,
2658 1848 2969 1905 indictione
3000 1868 3037 1919 l,
3073 1868 3220 1905 anno
3266 1867 3399 1907 vero
3439 1854 3642 1908 domui
3683 1856 3938 1910 Heinrici

2225 1949 2385 2005 regn.
2412 1952 2449 1989 ι.
2472 1940 2677 1992 Actum
2696 1937 2757 1991 in
2786 1938 2911 2010 ipsa
2939 1941 3083 1993 urbe
3115 1940 3565 2010 Radespouensi.

2285 2024 2541 2092 Sigillum
2573 2027 2786 2095 majest.
2836 2030 2984 2083 intus
3031 2030 3351 2097 impressum
3400 2033 3678 2098 integrum
3735 2038 3935 2087 exstat.

2991 2135 3130 2190 VIII.

2226 2238 2341 2289 Rea:
2396 2238 2676 2293 Heinricus
2726 2241 2785 2295 ιι
2850 2240 3017 2295 donat
3071 2244 3317 2312 episc0po
3370 2244 3700 2299 Brixinensi
3750 2248 3938 2300 villam

2750 2330 2915 2396 Teign
2933 2344 3101 2398 prope
3129 2331 3499 2386 Ratisbonam.

2786 2423 2972 2493 (Anno
3006 2428 3160 2491 1002,
3195 2427 3263 2481 24
3295 2428 3449 2498 nov.)

2233 2504 2422 2578 ['Ried,
2471 2524 2601 2580 pag.
2667 2514 2785 2577 121,
2832 2528 2899 2566 ex
2965 2513 3186 2567 Reschii
3235 2518 3441 2570 Annal.
3517 2518 3787 2572 Ecclesia
3851 2522 3948 2573 Su-

2894 2619 3018 2673 bion
3048 2620 3137 2684 Ill,
3173 2620 3325 2693 704.]

2304 2718 2370 2772 In
2397 2717 2652 2788 {nomine
2702 2727 2913 2777 sanctas
2960 2731 3017 2778 et
3071 2725 3384 2780 individua;
3432 2726 3759 2795 Trinitatis,
3794 2732 3953 2784 HEIN-

2236 2822 2388 2859 uicus
2419 2806 2608 2861 divina
2635 2809 2858 2863 favente
2887 2812 3191 2866 clementia
3222 2830 3342 2867 rex.

2307 2895 2513 2949 Notum
2550 2897 2623 2951 sit
2650 2899 2918 2953 omnibus
2966 2900 3177 2954 nostris
3214 2902 3497 2969 ﬁdelibus,
3554 2906 3952 2974 praesentibus

2164 3001 2205 3054 ρ
2238 2982 2451 3037 scilicet
2479 2991 2535 3039 et
2564 2985 2789 3054 futuris,
2831 2990 3078 3059 qualiter
3126 3006 3251 3058 nos,
3301 3007 3404 3061 per
3430 2992 3832 3048 interventum
3866 2996 3950 3048 di-

2237 3071 2395 3126 lectae
2413 3072 2676 3145 conjugis
2703 3081 2937 3144 nostrae,
2972 3078 3373 3149 Chunigunde
3400 3080 3664 3135 videlicet
3698 3084 3942 3153 reginae.

2236 3157 2393 3213 ﬁdeli
2421 3166 2616 3215 nostro
2652 3163 2934 3218 Albuvino
2974 3165 3328 3221 Sabiniensis
3357 3168 3619 3222 Ecclesia:
3668 3170 3944 3241 episcopo

2239 3247 2531 3316 quoddam
2577 3250 2759 3305 nostri
2799 3252 2948 3321 juris
3000 3255 3304 3326 praedium,
3356 3256 3411 3309 id
3448 3262 3535 3309 est
3563 3258 3859 3329 quidquid
3889 3260 3943 3311 in

2239 3334 2374 3390 villa
2404 3337 2645 3410 Tiginga
2677 3356 2784 3410 pro
2812 3348 3009 3396 nostra
3064 3349 3226 3412 parte
3274 3344 3547 3398 hactenus
3579 3345 3690 3399 visi
3748 3363 3944 3401 sumus

2239 3424 2551 3493 possidere,
2584 3444 2713 3482 cum
2744 3431 3013 3485 omnibus
3046 3432 3119 3485 ad
3173 3432 3231 3486 id
3274 3433 3538 3503 legaliter
3592 3435 3943 3503 pertinenti-

2244 3512 2368 3575 bus,
2419 3514 2724 3571 mobilibus
2781 3524 2838 3572 et
2876 3518 3291 3586 immobilibus,
3348 3522 3524 3575 servis
3579 3528 3639 3576 et
3694 3523 3943 3577 ancillis.

2242 3602 2498 3663 ecclesia,
2532 3605 2781 3668 decimis.
2829 3608 2995 3672 areis,
3053 3608 3333 3672 aediﬁciis,
3368 3609 3537 3663 terris
3565 3611 3740 3664 cultis
3772 3618 3835 3665 et
3863 3612 3944 3665 in-

2243 3689 2428 3756 cultis,
2459 3691 2660 3760 pratis,
2689 3696 2912 3763 pascuis
2961 3696 3075 3751 sive
3138 3699 3494 3767 conpascuis,
3532 3698 3711 3760 silvis,
3785 3700 3947 3771 aquis

2244 3792 2593 3846 aquarumve
2624 3781 2979 3850 decursibus,
3010 3785 3114 3838 viis
3147 3791 3205 3839 et
3224 3785 3413 3853 inviis,
3476 3787 3730 3841 exitibus
3769 3795 3832 3843 et
3856 3804 3945 3841 re-

2244 3865 2477 3930 ditibus,
2519 3869 2772 3938 quassitis
2825 3878 2882 3927 et
2948 3872 3329 3944 inquirendis,
3384 3880 3459 3939 et,
3493 3890 3624 3945 qua
3681 3875 3943 3946 quolibet

2246 3954 2417 4009 modo
2449 3955 2555 4010 rite
2580 3959 2772 4013 vocari
2798 3966 3058 4030 possunt,
3115 3962 3471 4033 appendiciis
3496 3967 3553 4016 et
3597 3964 3941 4018 utensilibus

2246 4040 2605 4108 tradidimus,
2640 4059 2708 4097 eo
2739 4050 2937 4102 tenore
2967 4052 3249 4117 quatenus
3280 4050 3552 4119 prmfatus
3595 4050 3941 4104 venerabilis

2246 4129 2545 4201 episcopus
2585 4133 2903 4190 Albuvinus
2950 4136 3151 4206 suique
3201 4152 3550 4192 successores
3602 4139 3941 4208 praedictum

2247 4218 2525 4285 praedium
2549 4221 2817 4293 deinceps
2850 4222 3030 4277 libera
3076 4228 3353 4293 potestate
3384 4230 3620 4281 teneant
3666 4234 3848 4297 atque
3886 4228 3939 4279 in

2248 4309 2559 4374 perpetuos
2599 4307 2856 4364 Ecclesia:
2886 4326 3004 4365 sua:
3033 4327 3168 4365 usus
3214 4313 3430 4383 absque
3460 4315 3726 4368 omnium
3749 4331 3941 4385 perso-

2248 4404 2453 4446 narum
2515 4393 2631 4449 sive
2703 4404 3055 4467 potestatum
3105 4401 3560 4456 contradictione
3610 4409 3946 4457 convertant

2245 4482 2416 4549 atque
2454 4483 2803 4551 possideant,
2850 4487 3126 4542 habentes
3172 4488 3307 4543 inde
3355 4489 3647 4543 licentiam
3678 4507 3944 4545 commu-

2245 4567 2426 4632 tandi,
2486 4575 2543 4623 et
2584 4573 2868 4643 quidquid
2916 4576 3025 4630 sibi
3080 4576 3257 4630 libeat
3306 4576 3570 4631 faciendi.
3625 4579 3693 4632 Et
3739 4586 3804 4631 ut
3832 4581 3943 4633 hinc

2246 4663 2439 4711 nostra
2506 4661 2736 4715 traditio
2809 4664 3029 4718 stabilis
3083 4670 3141 4718 et
3191 4665 3527 4719 iuconvulsa
3583 4674 3939 4737 permaneat,

2244 4741 2391 4797 hanc
2411 4749 2679 4817 praecepti
2736 4753 2916 4806 nostri
2952 4752 3222 4823 paginam
3281 4768 3454 4807 manu
3512 4756 3754 4825 propria
3783 4758 3944 4810 robo-

2246 4836 2435 4886 rantes
2464 4835 2705 4907 sigillari
2741 4841 3136 4913 praecepimus.

2315 4920 2543 4989 Signum
2597 4927 2782 4983 damni
2817 4932 3062 4984 Heinrici
3113 4932 3258 4999 regis
3309 4931 3678 4985 invictissimi.
3736 4928 3941 4998 {Mono-

2241 5014 2536 5081 gramma.)

2318 5105 2632 5173 Egilbertus
2683 5107 3056 5162 cancellarius
3098 5106 3216 5161 vice
3274 5106 3537 5177 Willigisi
3585 5108 3940 5178 archicapel-

2243 5195 2360 5249 lani
2390 5195 2742 5265 recognovit.
3517 5215 3521 5218 ·

2313 5286 2452 5339 Data
2518 5300 2615 5339 vni
2666 5285 2951 5339 Kalendas
3012 5284 3357 5350 Decembris,
3421 5300 3571 5337 anno
3627 5284 3941 5339 Dominica:

2240 5371 2650 5427 incarnationis
2705 5376 2856 5439 1002,
2919 5373 3229 5427 indictione
3285 5390 3325 5441 ι,
3365 5390 3517 5426 anno
3574 5388 3706 5425 vero
3742 5372 3941 5427 domui

2242 5460 2487 5515 Heinrici
2519 5460 2810 5532 regnantis
2831 5477 2869 5515 ι.
2895 5464 3093 5516 Actum
3125 5460 3501 5531 Badasponaa.

2513 5552 2655 5604 Cum
2683 5551 2865 5616 sigillo
2891 5550 3169 5618 majeslal.
3192 5551 3341 5603 intus
3367 5551 3645 5618 impresso.
