4016 6202
119 305 192 356 liii
1324 269 1723 327 DlPLOMATA
1767 268 1891 322 ECC
1904 261 2322 320 LESIASTICA.

3500 257 3601 308 2&6

857 399 944 453 IX.
1794 388 1839 438 A
1882 386 2245 455 quapropter
2275 376 2542 432 omnium
2582 374 2845 430 ﬁdelium
2894 380 3253 442 nostrorum,
3288 380 3405 429 tam
3450 392 3602 447 pra-

118 506 306 564 Henrici
334 501 391 555 II
414 498 552 562 regis
582 495 909 564 praeceptum
932 501 1033 564 per
1064 481 1213 552 quod
1236 476 1569 564 Burchardo
1606 476 1763 564 War;

169 543 384 630 inatiensi
441 543 683 635 episcbpo
752 543 1220 635 attribuitﬁmne
1256 548 1560 635 ‘pradium
1620 543 1767 614 quod

444 622 501 690 in
551 622 677 705 ipsa
727 633 948 686 civitate
991 622 1285 679 obtinebat.

718 719 903 787 (Anno
930 711 1112 778 1002.)

288 814 605 888 [Schannat,
630 808 983 876 Episcopatus
1019 798 1308 857 Wormat,
1341 808 1399 861 p.
1430 788 1549 860 35.]

170 911 221 963 ln
248 903 461 959 nomine
514 902 722 951 sancta
754 900 811 947 et
854 888 1164 944 individua
1215 878 1534 941 Trinitatis,
1592 876 1775 933 Hein-

119 998 236 1051 ricus
261 991 433 1047 divina
458 989 685 1041 favente
714 979 1018 1036 clementia
1052 991 1163 1029 rex.

170 1084 216 1138 Si
259 1077 506 1133 ecclesias
552 1072 651 1126 Dei
698 1086 768 1123 ex
826 1065 1109 1136 aliquibus
1164 1056 1355 1113 divino
1396 1055 1544 1105 nutu
1606 1050 1789 1103 nobis

119 1168 353 1226 concessis
381 1167 545 1219 rebus
576 1161 849 1223 ditamus,
874 1169 989 1208 non
1038 1151 1219 1204 solum
1277 1143 1345 1196 ad
1390 1137 1554 1207 regni
1590 1135 1794 1190 nostri

118 1260 380 1316 feliciorem
413 1249 889 1315 stabilioremque
919 1245 1124 1294 statum
1185 1233 1347 1288 nobis
1377 1226 1674 1299 prodesse
1711 1240 1798 1277 sa-

119 1350 291 1419 pimus,
322 1357 508 1396 verum
542 1337 714 1391 etiam
750 1333 823 1386 ad
872 1334 1083 1384 aterna
1132 1319 1379 1395 paradisi
1428 1313 1662 1384 gaudia
1707 1328 1800 1366 ca-

119 1435 292 1506 pienda
323 1431 559 1486 multum
614 1441 723 1479 nos
756 1416 1101 1489 indejuvari
1136 1411 1373 1467 minime
1418 1403 1797 1461 dubitamus.

119 1527 428 1594 Quapropter
458 1514 726 1571 noverint
749 1525 954 1564 omnes
978 1511 1156 1560 nostri
1200 1500 1414 1561 ﬁdeles,
1463 1497 1801 1565 praesentes

119 1616 288 1669 scilicet
311 1616 364 1663 et
400 1604 589 1671 futuri,
649 1599 917 1671 qualiter
964 1611 1066 1649 nos
1121 1607 1223 1661 pro
1275 1584 1529 1641 remedio
1570 1581 1794 1635 anima

1878 470 2134 526 sentium
2188 483 2363 539 quam
2415 472 2472 520 et
2521 466 2876 528 futurorum,
2933 464 3073 516 sciat
3129 463 3416 517 industria
3444 481 3588 535 qua-

1877 560 2019 615 liter
2050 575 2177 619 nos,
2210 558 2284 610 ob
2317 556 2707 609 interventum
2738 552 3001 621 Willigisi
3042 552 3393 623 Moguntina
3450 553 3602 607 sedis

1880 645 2205 703 venerandi
2277 643 2727 711 archiprasulis,
2812 647 2867 694 et
2930 640 3180 695 Heinrici
3246 641 3607 695 Wirchibur-

1885 735 2080 807 gensis
2131 733 2395 787 Ecclesia
2444 730 2683 785 illustris
2741 729 3032 793 antistitis,
3083 745 3187 783 nec
3242 745 3359 783 non
3406 734 3464 782 et
3502 745 3607 799 per

1887 823 2236 893 petitionem
2259 820 2454 874 dilecti
2486 818 2716 888 nepotis
2745 818 2927 871 nostri
2956 817 3181 872 Ottonis
3236 818 3417 883 ducis,
3451 820 3607 873 titleli

1892 916 2091 965 nostro
2115 908 2446 963 Burchardo
2498 905 2930 959 Wormatiensis
2977 906 3240 959 Ecclesia
3297 907 3607 960 venerabili

1897 999 2193 1067 episcopo,
2218 1011 2321 1065 pro
2353 1012 2421 1049 eo
2463 994 2615 1065 quod
2676 994 2839 1047 nobis
2897 994 3098 1047 demto
3148 994 3342 1047 animo
3397 996 3607 1062 sapius

1901 1086 2154 1148 servivit,
2229 1083 2617 1136 concessimus
2700 1083 2925 1149 regium
2977 1083 3233 1134 bannum
3297 1083 3358 1135 in
3392 1083 3611 1136 forestu

1908 1170 2188 1227 Forchabi
2239 1175 2620 1239 nuncupato:
2684 1186 2717 1222 a
2771 1168 2925 1232 villa,
2979 1168 3377 1222 Elmeresbacli
3422 1169 3607 1223 nomi-

1909 1269 2064 1327 nata,
2124 1260 2288 1330 juxta
2326 1260 2593 1313 Rhenum
2628 1256 2755 1321 sita,
2816 1257 2946 1311 inde
2999 1274 3177 1327 usque
3224 1258 3608 1321 Heriveldon;

1910 1350 2046 1404 hinc
2067 1349 2241 1402 etiam
2275 1347 2342 1401 ad
2371 1346 2619 1411 Bibiloz;
2656 1346 2789 1399 inde
2829 1362 2931 1415 per
2966 1355 3173 1399 rectam
3229 1348 3477 1415 plateam
3537 1348 3609 1401 ad

1912 1439 2219 1494 Otterestat
2250 1452 2265 1501 ;
2294 1436 2452 1489 illinc
2482 1442 2695 1487 rectam
2721 1435 2969 1504 plateam
3002 1433 3072 1486 ad
3123 1434 3447 1495 Ecclesium,
3479 1449 3612 1502 qua

1908 1525 2080 1581 estin
2110 1525 2431 1591 Bezciugun
2475 1523 2628 1587 sita;
2679 1521 2811 1574 hinc
2855 1514 3069 1573 rectam
3115 1526 3447 1573 montanam
3490 1522 3612 1590 pla-

1907 1619 2058 1668 team
2089 1614 2160 1667 ad
2190 1613 2484 1668 lIerbestat
2516 1626 2529 1675 ;
2563 1610 2633 1663 ab
2660 1609 2977 1675 Herbestat,
3040 1624 3143 1676 per
3192 1614 3408 1662 rectam
3445 1624 3609 1661 mon-

119 1697 422 1758 dilectissimi
446 1693 690 1748 senioris
733 1686 923 1743 nostri
982 1684 1149 1738 bona
1208 1675 1498 1732 memoria
1556 1671 1790 1727 Ottonis
1822 1659 1865 1714 Β
1904 1659 2058 1758 twn"
2090 1659 2160 1667 ““
2190 1659 2483 1729 Ῐ’”’”“’“’
2517 1659 2528 1675 ⁷
2567 1659 2628 1707 "ﬁ
2660 1659 2838 1723 "1“:

1931 1718 2098 1756 anam
2131 1702 2377 1758 plateam
2398 1699 2467 1753 ad
2504 1698 2895 1752 Bosinesheim
2925 1712 2939 1758 ;
2966 1713 2979 1748 ι

1931 1718 2098 1756 anam
2131 1702 2377 1771 plateam
2398 1699 2467 1753 ad
2504 1697 2895 1752 Bosinesheim
2925 1712 2939 1761 ;
2966 1697 3096 1748 inde
3122 1712 3225 1763 per
3254 1700 3430 1748 totam
3451 1711 3615 1748 mon-

122 1790 343 1845 videlicet
395 1778 768 1854 imperatoris
819 1772 1085 1844 Augusti,
1141 1772 1199 1822 et
1237 1766 1407 1820 etiam
1469 1778 1571 1832 pro
1622 1760 1787 1811 Wor-

125 1876 343 1934 maliensi
390 1870 656 1933 Ecclesia,
752 1880 861 1936 per
934 1862 1321 1914 interventum
1400 1848 1785 1919 Cunigunda,

127 1969 305 2024 dilecta
329 1959 580 2031 conjugis
606 1960 857 2016 nostra,
884 1954 940 2004 et.
970 1964 1073 2019 per
1093 1944 1350 2016 ejusdem
1400 1938 1665 1994 Ecclesia
1697 1952 1789 1989 ve-

130 2053 357 2110 nerabilis
386 2030 659 2119 episcopi,
719 2042 941 2095 scilicet
990 2031 1325 2099 Burchardi,
1360 2030 1562 2097 dignas
1588 2031 1784 2095 postu—

131 2143 344 2206 lationes,
365 2115 545 2193 totum
578 2115 900 2205 pradium,
950 2124 1326 2191 omniumque
1359 2115 1787 2190 proprietatem,

131 2248 269 2303 quam
310 2244 406 2282 nos
452 2240 556 2295 per
603 2218 806 2277 dilecti
866 2209 1275 2283 consanguinei
1335 2204 1517 2260 nostri
1565 2203 1791 2258 Ottonis

132 2335 320 2391 quoque
349 2316 502 2370 ducis
553 2312 789 2366 ﬁrmam
836 2301 1206 2358 traditionem
1241 2298 1299 2350 in
1355 2292 1652 2366 proprium
1699 2293 1792 2361 jus

132 2408 429 2478 accepimus,
454 2402 601 2455 sicut
624 2399 750 2468 ipse
785 2393 941 2447 visus
969 2394 1054 2443 est
1088 2387 1297 2441 habere
1326 2383 1474 2437 infra
1529 2380 1793 2432 eamdem

133 2498 399 2559 civitatem,
443 2493 552 2545 hoc
591 2492 676 2541 est
734 2477 1137 2541 Wormatiam,
1191 2473 1476 2545 praedicta
1541 2466 1793 2521 ecclesiae

134 2588 179 2639 in
220 2586 415 2638 honore
483 2574 665 2632 sancti
736 2570 892 2626 Petri
960 2569 1322 2628 consecrata,
1370 2567 1425 2615 et
1482 2553 1796 2610 venerabili

136 2670 524 2744 pranominatae
554 2659 822 2719 Ecclesia
881 2655 1170 2727 episcopo,
1224 2651 1459 2721 ejusque
1509 2660 1797 2699 successo-

138 2762 262 2816 ribus
288 2775 382 2830 per
439 2758 549 2810 hoc
590 2751 818 2823 regium
875 2749 1224 2815 praeceptum
1266 2741 1323 2792 iu
1377 2734 1675 2808 proprium
1706 2732 1798 2801 jus

138 2817 433 2897 tradidimus
485 2854 619 2893 cum
658 2817 963 2888 vomnibus
1003 2826 1070 2881 ad
1100 2824 1360 2879 eamdem
1393 2817 1797 2891 proprietatem

1902 1798 2095 1846 tanam
2127 1790 2375 1860 plateam
2407 1786 2477 1840 ad
2524 1784 2883 1838 Winenheim
2909 1802 2931 1850 ;
2962 1783 3032 1837 ab
3092 1783 3455 1836 Winenheim
3506 1799 3613 1851 per

1902 1886 2118 1933 rectam
2163 1883 2495 1930 montanam
2519 1874 2766 1942 plateam
2809 1871 2878 1925 ad
2900 1870 3307 1925 Sericzesheim
3332 1870 3391 1922 in
3426 1870 3609 1924 Lobo-

1901 1967 2121 2023 tunaha
2151 1983 2164 2031 ;
2198 1964 2332 2018 hinc
2367 1962 2635 2015 deorsum
2685 1976 2868 2029 usque
2898 1959 2957 2011 in
2998 1960 3237 2012 fluvium
3276 1958 3611 2022 Neccarum,

1902 2075 1936 2111 a
1975 2055 2148 2110 tluvio
2181 2054 2424 2107 Neccaro
2463 2064 2647 2119 usque
2706 2049 2773 2101 ad
2822 2047 3086 2101 Rhenum
3122 2063 3136 2113 ;
3166 2046 3298 2099 inde
3346 2061 3450 2115 per
3483 2047 3609 2099 uni-

1902 2160 2064 2198 versa
2096 2141 2279 2196 Rheni
2308 2139 2501 2193 littora
2530 2138 2799 2190 deorsum
2857 2151 3039 2204 usque
3070 2134 3141 2187 ad
3192 2133 3560 2188 Elmersbach
3595 2153 3607 2199 ;

1903 2230 2103 2286 omnia
2142 2230 2263 2283 hac
2320 2228 2445 2280 loca
2501 2223 2573 2277 ab
2624 2221 2986 2276 Elmersbach
3025 2236 3207 2290 usque
3259 2221 3330 2273 ad
3372 2222 3609 2275 Winen-

1905 2321 2085 2385 heim,
2122 2321 2256 2371 sunt
2286 2316 2345 2368 in
2378 2314 2718 2381 Rinecgowe
2766 2309 2894 2374 sita,
2928 2309 2989 2362 in
3044 2307 3321 2362 comitatu
3351 2309 3608 2379 Gerungi

1907 2408 2130 2464 comitis
2163 2423 2177 2473 ;
2210 2405 2297 2458 vel
2328 2418 2443 2473 qua
2471 2416 2603 2453 vero
2627 2400 2752 2452 loca
2774 2398 2970 2468 jacent
2997 2396 3057 2449 in
3081 2396 3503 2464 Lohotuugowe
3544 2398 3603 2450 in

1908 2497 2181 2552 comitatu
2213 2489 2525 2561 Mezingozi
2564 2487 2789 2543 comitis
2823 2503 2837 2549 ;
2879 2486 3033 2539 hunc
3090 2484 3391 2554 prafatum
3437 2485 3607 2538 Fore-

1908 2593 2061 2641 stum
2087 2598 2217 2637 cum
2255 2577 2727 2648 totaintegritate
2758 2580 2814 2628 et
2848 2572 3130 2628 universis
3166 2572 3511 2626 utilitatibus
3538 2573 3611 2626 ad

1910 2692 1969 2729 se
2001 2669 2420 2744 pertinentibus
2461 2664 2828 2720 concedimus
2875 2666 3069 2715 nostra
3124 2661 3281 2730 regia
3330 2665 3612 2730 potestate

1909 2764 1983 2817 ad
2010 2765 2269 2815 sanctum
2303 2759 2534 2811 Petrum
2568 2750 2997 2806 Wormatiensis
3037 2747 3317 2812 Ecclesia,
3352 2752 3413 2800 ut
3454 2747 3613 2800 nulla

1913 2853 1983 2906 de
2005 2865 2073 2902 eo
2129 2847 2351 2900 forestu
2412 2857 2660 2913 persona
2708 2855 2885 2912 parva
2944 2837 3059 2890 sive
3121 2851 3333 2905 magna
3356 2834 3614 2905 aliquam

135 2934 258 3001 juste
278 2928 599 3000 etlegaliter
620 2917 1068 2995 pertinentibus,
1097 2914 1152 2968 id
1184 2917 1270 2966 est
1308 2910 1476 3001 areis,
1520 2903 1798 2970 adiﬁciis,
1837 2936 1877 2989 Ο
1916 2903 2093 2995 Ee'mm
2122 2935 2210 2989 vel
2243 2903 2484 2988 bestia‘m
2516 2930 2597 2984 ibi
2648 2903 2844 2982 Via-nari
2874 2927 2962 2980 vel
2992 2940 3196 2995 capere
3225 2903 3345 2977 ~aut
3382 2903 3613 2992 inéeqni

141 3020 224 3073 viis
248 3024 296 3073 et
314 3017 499 3083 inviis,
526 3012 780 3067 exitibus
826 3012 882 3060 et
932 3002 1228 3065 reditibus,
1281 2997 1446 3067 aquis
1489 3008 1799 3065 aquarum-

142 3125 231 3178 que
266 3105 611 3168 decursibus,
672 3091 1107 3170 piscationibus,
1150 3084 1513 3151 molendinis,
1580 3080 1801 3135 manci-

143 3198 232 3267 piis
256 3196 542 3265 utriusque
566 3204 759 3253 sexus,
784 3180 1035 3252 exceptis
1063 3178 1245 3232 tribus
1284 3170 1598 3244 supradicti
1645 3170 1806 3224 ducis

145 3262 331 3346 Dttonis
382 3262 764 3342 servientibus
821 3274 1132 3329 videlicet:
1193 3268 1528 3339 Syggelone,
1591 3262 1805 3325 Ebone,

148 3378 400 3444 Hezelino,
449 3390 582 3430 cum
636 3366 916 3424 uxoribus
954 3366 1012 3416 et
1040 3360 1171 3415 tiliis
1211 3356 1552 3424 ﬁliabusque
1580 3365 1804 3405 eorum.

148 3484 199 3525 eo
226 3467 469 3520 videlicet
495 3469 696 3516 tenore
719 3460 784 3511 ut
813 3454 967 3508 idem
1008 3445 1460 3520 pranominatus
1512 3440 1811 3511 episcopus

152 3554 439 3610 Burkardus
460 3550 665 3620 suique
719 3553 1071 3598 successores
1108 3537 1177 3590 de
1211 3533 1300 3587 his
1356 3546 1527 3600 supra
1587 3525 1813 3597 scriptis

154 3644 293 3696 rebus
338 3642 404 3695 ad
468 3637 778 3691 utilitatem
852 3625 1117 3682 Ecclesia
1190 3621 1434 3675 liberam
1472 3620 1815 3687 potestatem

153 3731 367 3784 habeant
388 3723 635 3783 faciendi
666 3720 826 3793 quod
857 3716 1056 3769 velint.
1110 3713 1174 3766 Et
1218 3714 1283 3763 ut
1313 3708 1434 3761 hac
1463 3710 1673 3759 nostra
1698 3708 1817 3757 tra-

153 3818 355 3872 ditionis
388 3813 693 3871 auctoritas
724 3805 945 3862 stabilis
975 3807 1031 3857 et
1074 3797 1407 3854 incouvulsa
1458 3797 1815 3864 permaneat,

156 3907 277 3960 hanc
303 3902 566 3978 praecepti
597 3898 869 3970 paginam
894 3891 1026 3946 inde
1076 3884 1454 3953 conscriptam
1483 3898 1655 3935 manu
1684 3896 1818 3952 pro-

158 3995 264 4065 pria
316 3994 667 4054 roborantes,
710 3982 887 4055 sigilli
946 3975 1134 4034 nosrri
1177 3970 1554 4044 impressione
1607 3968 1822 4040 signari

155 4082 415 4152 jussimus.

220 4170 521 4240 Egilbertus
598 4158 994 4221 cancellarius,
1068 4152 1189 4206 vice
1252 4146 1516 4218 Willigisi
1564 4146 1823 4201 archica-

165 4257 348 4327 pellani
362 4251 685 4324 recognovi.

224 4347 407 4400 Datav
459 4344 605 4397 Non.
661 4334 947 4400 Octobris,
1006 4346 1159 4385 anno
1206 4323 1517 4382 Dominica
1572 4324 1830 4378 incarna-

167 4434 318 4487 tionis
375 4434 530 4498 1002,
583 4428 777 4482 indict.
815 4440 884 4490 1;
932 4435 1086 4474 anno
1140 4432 1273 4471 vero
1323 4412 1539 4468 domini
1583 4408 1833 4466 Heinrici

168 4522 298 4592 regis
324 4522 529 4593 primo.

228 4615 419 4664 Actum
451 4602 807 4661 Bruochsale.

958 4687 1018 4740 X.

176 4788 371 4840 Πέτιήοί
428 4785 489 4839 ΙΙ
541 4783 683 4848 regis
723 4780 1048 4848 praeceptum
1084 4785 1212 4848 per
1249 4765 1394 4848 quod
1439 4765 1648 4848 regium
1704 4761 1843 4848 bann-

777 4833 1385 4901 bnnatiensi'Eccl'esia
1458 4838 1514 4888 in
1554 4834 1697 4887 silva
1745 4833 1845 4885 Fo-

235 4874 353 4910 num
410 4853 649 4909 concedit

234 4929 432 4981 rehahi.

796 4988 982 5059 (Anno
1032 4980 1210 5049 1002.)

583 5078 888 5153 [Schannat
905 5073 1002 5127 ubi
1028 5085 1222 5139 supra,
1253 5083 1308 5137 p.
1340 5066 1450 5131 34.]

246 5176 305 5228 In
325 5171 554 5228 nomine
584 5172 792 5222 sancta
823 5169 881 5218 et
906 5158 1220 5214 individua
1248 5149 1543 5209 Trinitatis
1584 5151 1855 5204 HENRICUS

187 5261 362 5316 divina
389 5262 611 5316 favente
637 5249 939 5309 clementia
966 5262 1083 5300 rex.

248 5347 524 5420 Quidquid
544 5361 646 5417 pro
684 5341 879 5398 divino
911 5352 1107 5391 amore
1151 5328 1410 5387 Ecclesiis
1441 5325 1541 5380 Dei
1597 5319 1856 5377 concedi-

192 5412 305 5491 mus
333 5444 382 5492 et
404 5412 704 5498 dona-mus,
732 5430 787 5484 id
809 5426 1004 5497 procul
1062 5421 1237 5477 dubio
1282 5417 1355 5472 ad
1412 5416 1755 5486 prasentem
1803 5412 1859 5461 et

192 5527 427 5581 futuram
476 5525 648 5579 vitam
707 5518 873 5574 nobis
930 5514 1297 5585 profuturum
1366 5506 1485 5560 fore
1532 5500 1858 5557 credimus;

1912 3027 2241 3100 prasumat,
2273 3021 2395 3076 sine
2423 3017 2651 3075 licentia
2689 3014 2956 3085 superius
2992 3014 3115 3082 jam
3164 3011 3300 3066 dicti
3355 3008 3613 3079 episcopi

1917 3112 2249 3176 Burchardi,
2302 3109 2416 3163 sive
2467 3119 2858 3161 successorum
2910 3101 3069 3172 ejus:
3122 3104 3179 3153 et
3207 3098 3375 3151 sihoc
3417 3110 3613 3164 agere,

1916 3203 2071 3276 quod
2104 3199 2275 3256 absit!
2308 3193 2759 3269 praesumpserit,
2792 3206 2965 3262 quem
3000 3187 3159 3258 regio
3216 3186 3354 3239 ﬁsco
3387 3183 3609 3236 solvere

1918 3290 2114 3348 debuit
2135 3288 2355 3358 regium
2420 3284 2697 3347 bannum,
2756 3285 2814 3334 et
2843 3293 3063 3347 pacem,
3104 3274 3292 3328 adhuc
3320 3272 3381 3325 in
3449 3284 3618 3323 carne

1920 3375 2131 3433 viventi
2180 3371 2433 3444 episcopi
2481 3369 2713 3438 suisque
2770 3362 3188 3419 successoribus
3228 3359 3442 3412 invitus
3490 3372 3617 3427 per-

1921 3469 2122 3529 solvat,
2163 3443 2228 3517 et
2247 3463 2467 3517 bannus
2498 3462 2555 3512 et
2574 3472 2699 3527 pax,
2720 3454 2868 3507 sicut
2895 3451 3021 3505 aliis
3059 3448 3367 3502 forestibus
3405 3463 3439 3499 a
3469 3443 3619 3513 regi-

1924 3557 2030 3611 bus
2050 3552 2140 3606 vel
2170 3546 2617 3620 imperatoribus
2657 3543 2780 3611 jam
2823 3553 3156 3594 concessum
3202 3540 3305 3600 est,
3352 3534 3456 3587 sub
3490 3548 3621 3601 per-

1925 3647 2099 3715 petuo
2126 3639 2258 3709 jure
2309 3633 2568 3690 Ecclesia
2617 3627 3049 3683 Wormatiensis
3096 3630 3150 3677 et
3214 3623 3620 3692 episcOporum

1928 3732 1981 3787 ei
2010 3724 2442 3801 prasidentium
2463 3718 2911 3775 consistat.Etut
2938 3714 3289 3776 hacinostra
3313 3707 3625 3762 concessio-

1930 3817 2020 3872 nis
2057 3814 2287 3870 donatio
2314 3824 2417 3880 per
2444 3808 2639 3861 futura
2659 3810 2986 3874 temporum
3006 3794 3468 3851 curriculatirma
3498 3808 3626 3862 per-

1930 3908 2183 3971 maneat,
2214 3900 2386 3971 hujus
2432 3892 2837 3967 praeceptionis
2886 3894 3145 3942 tenorem
3193 3884 3327 3937 inde
3383 3879 3627 3934 conscri-

1932 4001 2100 4068 ptum
2128 3990 2317 4062 sigillo
2351 3991 2547 4042 nostro
2578 3983 2804 4053 signare
2828 3975 3126 4049 jussimus,
3161 3986 3454 4040 manuque
3498 3983 3634 4038 pro-

1934 4084 2081 4158 pria,
2106 4087 2170 4135 ut
2190 4080 2339 4133 infra
2370 4074 2617 4137 videtur,
2648 4064 3167 4125 corroboravimus.

2010 4175 2237 4243 Signum
2266 4166 2451 4221 damni
2468 4162 2704 4217 Henrici
2740 4159 2884 4225 regis
2906 4151 3277 4208 invictissimi.

2012 4232 2332 4331 Egilbertus
2381 4248 2753 4307 cancellarius
2837 4244 2957 4297 vice
3030 4236 3295 4309 Willigisi
3357 4232 3637 4303 archiepi-

1940 4348 2094 4418 scopi
2114 4341 2463 4414 recognovit.

2016 4439 2157 4491 Data
2212 4448 2365 4486 anno
2420 4428 2641 4481 incarn.
2718 4418 3031 4477 Dominica
3084 4416 3239 4481 1002,
3302 4410 3508 4467 indict.
3546 4425 3641 4473 xv,

1948 4544 2000 4583 iv
2045 4526 2176 4580 Idus
2235 4520 2414 4587 Junii,
2497 4530 2648 4570 anno
2708 4526 2836 4565 vero
2885 4504 3109 4562 domini
3168 4499 3419 4559 Heinrici
3494 4498 3647 4567 regis

1948 4615 2155 4688 primo.

2022 4706 2225 4758 Actum
2254 4692 2585 4753 Wormatia
2625 4686 2892 4744 feliciter.

2756 4793 2838 4845 XI.

1958 4916 2014 4969 S.
2076 4911 2297 4968 Henrici
2337 4904 2693 4978 privilegium
2742 4898 2948 4952 damna
3009 4888 3349 4945 Godesdihui
3398 4885 3651 4948 Herifur-

2207 4998 2388 5051 densis
2413 4990 2729 5047 monasterii
2757 4985 3048 5040 abbatissa
3079 4990 3401 5032 concessum.

2622 5095 2806 5164 (Anno
2844 5086 3026 5155 1002.)

2231 5206 2499 5273 [Dronke,
2533 5200 2660 5258 Cod.
2696 5198 2919 5266 diplom.
2962 5188 3151 5255 Fuld.,
3185 5204 3240 5257 p.
3276 5187 3387 5256 5M

2038 5318 2097 5371 Ο.
2147 5315 2208 5367 In
2284 5310 2517 5364 nomine
2560 5300 2767 5358 sancta
2848 5304 2905 5352 et
2961 5292 3273 5349 individua
3349 5287 3659 5347 Trinitatis,

1972 5408 2279 5461 ﬂammeus
2307 5397 2499 5451 divina
2529 5394 2752 5447 favente
2789 5382 3090 5441 clementia
3119 5397 3235 5434 rex.

2044 5493 2102 5547 Si
2137 5487 2408 5544 Ecclesias
2440 5483 2538 5537 Dei
2570 5484 2761 5533 nostra
2794 5474 2972 5545 regali
3040 5467 3303 5541 potentia
3357 5464 3668 5519 sublimare
