4016 6202
302 233 403 285 247

1606 229 1662 282 5.
1709 225 1995 281 HENRICI
2035 222 2506 311 IMPERATORIS

3717 227 3813 282 248

303 369 600 418 conamur,
649 353 756 406 hoc
785 351 983 421 procul
1031 349 1208 404 dubio
1238 355 1297 403 et
1353 350 1426 403 ad
1475 349 1774 418 praesentis
1819 346 2002 402 nostri
2040 348 2086 401 Α
2114 361 2216 416 per
2245 360 2390 416 quos
2411 343 2772 399 decernimus
2795 348 2968 416 atque
2990 344 3263 415 jubemus
3322 350 3386 400 ut
3415 347 3620 402 nullus
3646 347 3817 418 judex

305 441 470 512 regni
498 446 709 495 statum
730 445 788 494 et
815 444 1044 494 aeterna:
1066 437 1446 493 beatitudinis
1500 436 1805 507 premium
1839 435 2005 490 nobis

307 530 667 601 profuturum
697 544 821 583 esse
842 527 1147 583 credimus.
1171 527 1538 596 Quapropter
1561 525 1830 579 omnibus
1862 525 2004 579 tide-

307 617 456 672 libus
482 616 712 684 uestris,
745 615 1124 687 prmsentibus
1154 613 1369 668 scilicet
1418 618 1588 684 atque
1637 612 1866 681 futuris,
1908 628 2008 666 no-

289 713 430 762 .tum
465 721 585 760 esse
622 705 889 760 volumus
945 703 1232 774 quomodo
1288 718 1414 768 nos,
1458 716 1561 771 per
1614 701 2005 756 interventum

309 795 528 850 dilectae
563 793 823 864 conjugis
851 796 1057 846 nostra:
1088 794 1145 844 et
1172 790 1388 860 regina:
1445 790 1823 860 Cunigundm,
1889 805 2005 844 una

309 899 439 937 cum
478 881 717 936 consilio
752 880 1014 950 Willigisi
1055 878 1536 949 Mogontiacensis
1585 878 1870 933 Ecclesiae
1925 894 2010 932 ar-

309 969 654 1040 chiepiscopi
685 967 1022 1033 honorandi,
1047 983 1112 1021 ac
1149 966 1496 1020 Berenhardi
1523 966 1705 1030 ducis,
1726 966 2010 1020 aliorum-

313 1074 424 1129 que
452 1058 708 1112 ﬁdelium
754 1061 1104 1122 nostrorum,
1157 1061 1290 1108 vota
1356 1061 1413 1109 et
1451 1055 1753 1125 petitiones
1781 1056 2010 1109 domnae

313 1145 656 1201 Godesdhivi
688 1144 1111 1200 l‘lerifurdensis
1175 1143 1509 1196 monasterii
1550 1143 1888 1196 venerabilis
1914 1143 2009 1196 ab-

311 1233 535 1286 batissae
563 1236 898 1302 cunctaeque
925 1228 1387 1300 congregationis
1437 1235 1644 1282 sanctae
1687 1228 1874 1282 Mariae
1907 1229 2014 1282 sibi

313 1319 636 1374 commissa:
667 1322 992 1388 sequentes,
1053 1321 1250 1370 nostra
1293 1317 1453 1386 regia
1509 1316 1849 1370 auctoritate
1901 1320 2014 1370 tres

317 1409 589 1464 Ecclesias
612 1408 673 1462 in
693 1406 859 1476 pagis
893 1405 1197 1458 Bursibant
1227 1409 1283 1457 et
1312 1404 1641 1476 Scopingon
1680 1403 2012 1469 nominatis,

316 1495 377 1550 in
439 1495 584 1549 villis
637 1509 869 1565 quoque
920 1491 1137 1558 Hreini,
1187 1492 1543 1562 Wadiringas
1583 1498 1640 1547 et
1689 1491 2014 1548 Stochheim

317 1588 692 1651 constructas,
714 1597 845 1636 cum
903 1580 1170 1635 omnibus
1207 1580 1375 1634 rebus
1429 1586 1486 1634 et
1537 1579 2015 1634 decimationibus

318 1672 433 1725 suis
472 1688 504 1725 a
553 1671 879 1724 Hludowico
923 1670 1272 1739 imperatore
1331 1669 1404 1723 ob
1442 1669 1763 1723 remedium
1809 1669 2016 1723 animae

321 1776 438 1814 suae
469 1759 538 1813 ad
563 1758 866 1829 praefatum
902 1756 1286 1811 Herifortense
1323 1757 1735 1812 monasterium
1769 1757 2015 1819 traditis,

321 1849 506 1904 eidem
572 1847 918 1902 monasterio
995 1862 1153 1900 more
1207 1852 1630 1902 antecessorum
1689 1853 2019 1901 nostrorum

322 1938 748 2003 conﬁrmamus,
799 1952 865 1990 eo
927 1941 1126 1990 tenore
1185 1941 1246 1990 ut
1291 1935 1410 2006 jam
1465 1937 1617 1990 dicta
1648 1937 1860 1990 domna
1915 1937 2016 1989 Go-

323 2025 542 2081 desdhu
571 2024 852 2078 abbatissa
909 2039 1222 2094 omnesque
1278 2024 1337 2077 in
1378 2024 1583 2078 eodem
1640 2024 1857 2078 honore
1914 2023 2022 2076 sibi

324 2114 689 2168 succedentes
708 2129 839 2166 cum
884 2112 1175 2183 praedictis
1221 2111 1612 2166 ecclesiasticis
1675 2113 1847 2167 rebus
1875 2112 2024 2166 aliis-

325 2219 437 2274 que
476 2201 804 2256 omnibusa
834 2201 1066 2270 regibus
1113 2205 1170 2254 et
1219 2200 1666 2271 imperatoribus
1720 2216 1824 2272 per
1876 2216 2023 2272 pra:-

326 2291 473 2361 cepti
494 2288 763 2360 paginam
787 2287 923 2342 illuc
965 2288 1184 2342 traditis
1240 2289 1481 2342 liberam
1531 2287 1739 2342 dehinc
1774 2292 2025 2358 potesta-

325 2385 440 2433 tem
471 2378 718 2432 habeant
737 2392 869 2430 cum
909 2377 1029 2430 suis
1080 2375 1360 2430 ministris
1389 2376 1774 2431 ecclesiastico
1825 2377 2026 2430 ordine

327 2467 820 2538 disponereatque
850 2465 1196 2535 gubernare,
1248 2469 1468 2518 remota
1516 2465 1780 2518 omnium
1837 2464 2022 2519 homi-

329 2570 469 2609 num
504 2553 974 2608 contradictione.
1026 2553 1266 2624 Insuper
1313 2552 1419 2606 sub
1449 2553 1650 2606 eadem
1684 2554 2027 2608 corrobora-

329 2642 484 2697 tione
540 2641 938 2696 concludimus
995 2640 1282 2713 quidquid
1330 2658 1364 2695 a
1419 2641 1704 2712 religiosis
1753 2647 1809 2696 et
1845 2643 2024 2697 Deum

329 2730 667 2784 timentibus
696 2729 958 2801 personis
1001 2729 1074 2783 ad
1108 2745 1258 2801 saepe
1305 2730 1426 2800 jam
1465 2730 1686 2785 dictum
1737 2736 2025 2785 monaste-

331 2817 481 2872 rium
515 2818 901 2874 Herifurtense
933 2817 990 2870 in
1047 2817 1319 2888 praesenti
1374 2817 1654 2872 traditum
1705 2824 1790 2872 est
1831 2819 1917 2873 vel
1966 2820 2026 2872 in

2118 433 2382 503 publicus
2408 433 2492 486 vel
2517 432 2758 504 quilibet
2779 447 2840 487 ex
2866 431 3174 503 judiciaria
3220 437 3524 504 potestate,
3585 435 3704 489 nisi
3732 452 3819 488 so-

2117 523 2206 576 lus
2237 521 2392 576 illius
2423 521 2530 575 loci
2565 521 2825 592 provisor
2845 526 2904 576 et
2957 522 3262 576 advocatus
3313 523 3581 594 praedicti
3615 541 3818 578 mona-

2118 610 2300 679 sterii,
2343 611 2402 664 in
2434 609 2705 663 Ecclesias
2767 616 2868 664 aut
2913 610 3034 664 loca
3072 611 3159 664 vel
3220 626 3388 682 agros
3424 629 3530 666 seu
3569 613 3823 684 reliquas

2117 697 2496 768 possessiones
2519 697 2722 767 prendi
2760 696 3108 763 monasterii,
3166 715 3308 769 quas
3359 700 3649 754 moderno
3681 707 3821 754 tem-

2117 802 2256 858 pore
2278 787 2430 856 juste
2461 790 2514 838 et
2535 784 2952 840 rationabiliter
2979 786 3268 857 possidere
3301 787 3550 854 videtur,
3611 789 3672 842 in
3707 791 3823 861 qui-

2118 875 2367 930 buslibet
2395 873 2718 946 episcopiis,
2754 875 2914 946 pagis
2945 875 3026 928 vel
3051 875 3374 940 territoriis,
3409 878 3496 932 vel
3542 878 3824 950 quidquid

2120 964 2334 1019 ibidem
2365 967 2601 1034 propter
2628 963 2886 1018 divinum
2909 979 3168 1019 amorem
3212 969 3270 1018 et
3311 964 3463 1019 illius
3503 967 3690 1020 sancti
3726 967 3826 1022 loci

2123 1052 2551 1107 venerationem
2606 1053 2875 1106 collatum
2919 1052 3107 1120 fuerit,
3150 1054 3222 1107 ad
3253 1069 3451 1107 causas
3505 1056 3827 1109 audiendas

2122 1142 2209 1193 vel
2243 1139 2404 1194 freda
2423 1139 2701 1209 exigenda
2721 1146 2822 1194 aut
2853 1140 3176 1194 mansiones
3209 1142 3296 1195 vel
3339 1147 3572 1210 paratas
3623 1143 3826 1197 facien-

2123 1228 2220 1283 das
2247 1233 2346 1281 aut
2387 1227 2749 1298 ﬁdejussores
2787 1227 3088 1295 tollendos,
3133 1233 3231 1281 aut
3276 1229 3422 1282 ullas
3490 1229 3826 1284 reddibitio-

2124 1333 2224 1371 nes
2255 1317 2341 1371 vel
2372 1316 2597 1370 illicitas
2618 1315 2943 1370 occasiones
2974 1315 3366 1388 requirendas,
3408 1323 3509 1372 aut
3566 1320 3828 1374 homines

2123 1403 2305 1475 ipsius
2335 1404 2668 1458 monasterii
2705 1411 2821 1458 tam
2849 1404 3131 1475 ingenuos
3185 1421 3363 1476 quam
3420 1411 3475 1460 et
3519 1423 3724 1461 servos
3753 1411 3828 1461 vel

2125 1494 2273 1548 latos
2323 1493 2533 1563 injuste
2587 1493 3035 1564 distringendos,
3079 1494 3192 1547 ullo
3249 1510 3507 1565 unquam
3569 1501 3830 1566 tempore

2125 1581 2352 1651 ingredi
2394 1581 2617 1648 audeat,
2667 1581 2755 1636 vel
2796 1597 2863 1636 ea
2913 1597 3044 1652 qua:
3083 1597 3258 1652 supra
3327 1589 3658 1638 memorata
3709 1591 3833 1638 sunt

2127 1670 2360 1740 penitus
2389 1670 2615 1742 exigere
2655 1675 2756 1724 aut
2801 1671 3105 1724 exactitare
3150 1676 3480 1741 presumat;
3529 1673 3636 1728 sed
3673 1673 3836 1727 liceat

2128 1755 2342 1812 ibidem
2395 1758 2506 1811 Deo
2549 1758 2980 1827 famulantibus,
3032 1759 3134 1814 sub
3178 1764 3394 1814 nostrae
3444 1760 3834 1816 immunitatis

2128 1844 2372 1901 tuitione
2405 1846 2603 1918 quieto
2639 1846 2842 1902 ordine
2889 1847 3078 1902 vivere
3108 1864 3173 1902 ac
3224 1848 3496 1913 residere,
3555 1851 3834 1921 quatinus

2130 1935 2336 1988 melius
2363 1935 2490 1988 illos
2523 1935 2764 1990 delectet
2791 1935 2948 1990 omni
2976 1941 3232 2007 tempore
3254 1953 3360 2008 pro
3403 1938 3568 1992 nobis
3609 1943 3671 1992 et
3708 1955 3836 1993 cono

2124 2025 2263 2096 juge
2294 2030 2488 2078 nostra
2507 2029 2676 2096 atque
2707 2025 3012 2079 stabilitate
3039 2026 3211 2080 totius
3260 2025 3426 2096 regni
3447 2043 3481 2080 a
3522 2027 3646 2081 Deo
3680 2029 3839 2081 nobis

2131 2113 2342 2176 collati,
2373 2113 2604 2168 Domini
2633 2113 3086 2168 misericordiam
3114 2114 3388 2169 attentius
3446 2131 3714 2170 exorare.
3750 2117 3841 2170 ln-

2132 2217 2304 2272 super
2323 2201 2495 2256 etiam
2521 2202 2770 2257 decimas
2812 2203 2897 2256 vel
2948 2201 3254 2257 decimales
3286 2203 3555 2258 ecclesias
3617 2207 3682 2258 in
3716 2206 3839 2275 qui-

2133 2289 2352 2360 busque
2383 2290 2686 2361 episcopiis
2716 2291 2795 2345 ita
2832 2295 3065 2344 teneant
3114 2296 3289 2362 atque
3318 2291 3656 2362 disponant,
3705 2293 3845 2347 sicut

2135 2377 2239 2430 sub
2265 2377 2722 2432 antecessoribus
2753 2378 2964 2432 nostris
2995 2378 3228 2448 regibus
3265 2377 3530 2434 videlicet
3570 2386 3637 2434 et
3666 2380 3843 2450 impe-

2134 2465 2420 2519 ratoribus
2448 2470 2642 2521 tenere
2696 2483 2801 2537 per
2830 2473 3098 2538 precepta
3130 2467 3238 2520 visi
3277 2473 3411 2522 sunt
3448 2474 3626 2538 atque
3661 2469 3850 2540 dispo-

2135 2569 2293 2608 nere.
2326 2553 2620 2626 Episcopis
2648 2570 2782 2609 vero
2842 2554 3048 2625 quibus
3081 2553 3382 2609 servitium
3413 2561 3470 2609 et
3506 2557 3846 2611 mansiona—

2137 2641 2246 2695 tica
2277 2641 2489 2696 debent
2507 2648 2766 2712 tempore
2797 2642 3067 2696 circuitus
3113 2641 3224 2704 sui.
3275 2643 3586 2698 secundum
3638 2645 3851 2717 scripta

2137 2745 2259 2794 sua,
2292 2728 2532 2800 singulis
2570 2729 2734 2783 annis
2760 2729 3110 2800 persolvant.
3162 2730 3228 2784 Et
3257 2735 3319 2784 ut
3359 2729 3480 2784 haec
3528 2733 3852 2786 auctoritas

2137 2817 2518 2872 concessionis
2537 2823 2708 2889 atque
2730 2816 3188 2872 conﬁrmationis
3228 2824 3441 2872 nostra:
3474 2819 3713 2874 ﬁrmior
3744 2820 3848 2874 ha-

333 2907 524 2960 futuro
555 2905 899 2960 tradendum
945 2905 1078 2958 erit.
1121 2906 1185 2959 Et
1214 2911 1276 2960 ut
1305 2905 1427 2960 haec
1458 2912 1669 2960 nostra;
1731 2907 1905 2978 regia":
1933 2908 2029 2962 do-
2069 2909 2110 2965 C
2144 2904 2364 2970 beatur,
2412 2911 2470 2960 et
2515 2920 2620 2975 per
2666 2905 2857 2960 futura
2923 2910 3187 2975 tempora
3228 2921 3261 2959 a
3309 2907 3530 2960 cunctis
3575 2907 3850 2962 ﬁdelibus

336 2994 583 3050 nationis
603 2994 987 3048 corroboratio
1008 2993 1078 3047 ab
1109 2995 1213 3048 hac
1263 2994 1405 3048 hora
1429 2993 1489 3048 in
1541 2999 1708 3048 antea
1763 2996 1930 3049 ﬁrma
1981 3000 2038 3050 et

334 3083 666 3138 inconvulsa
741 3087 1096 3150 permaneat,
1184 3083 1329 3136 hanc
1418 3087 1628 3137 nostras
1710 3083 2036 3137 donationis

336 3171 827 3226 conﬁrmationem
858 3171 988 3226 inde
1035 3170 1417 3241 conscriptam
1461 3171 1635 3241 sigilli
1681 3171 1864 3225 nostri
1921 3171 2032 3226 im-

337 3261 631 3331 pressione
683 3261 908 3329 siguare
976 3259 1252 3328 jussimus
1305 3275 1595 3331 manuque
1668 3259 1921 3330 propria,
1974 3265 2040 3315 ut

339 3350 488 3404 infra
516 3349 760 3414 videtur,
789 3347 1300 3402 corroboravimus.

411 3441 638 3506 Signum
667 3436 852 3490 domui
874 3437 1119 3490 Heinrici
1143 3437 1222 3506 (L.
1257 3436 1350 3502 Μ.)
1380 3442 1524 3504 regis
1554 3437 1926 3491 invictissimi.

412 3526 731 3598 Egilhertus
765 3523 1140 3579 cancellarius
1195 3524 1319 3579 vice
1377 3524 1643 3595 Willigisi
1691 3525 2036 3596 archicapel-

343 3616 459 3670 lani
491 3630 680 3684 recog.

414 3705 555 3758 Data
611 3719 646 3756 ιι
705 3700 785 3755 Id.
835 3704 1006 3773 Aug,
1050 3717 1199 3756 anno
1254 3701 1563 3758 Dominicaa
1627 3702 2039 3757 incarnationis

349 3793 502 3854 1002,
536 3790 734 3845 indict.
763 3806 852 3856 xv,
887 3806 1039 3844 anno
1088 3805 1222 3844 vero
1277 3789 1475 3845 domui
1533 3790 1784 3846 Heinrici
1819 3790 1970 3862 regis
1998 3808 2036 3846 ι.

415 3883 617 3934 Actum
647 3878 893 3934 Aruitdi.

1135 3965 1254 4021 XII.

557 4059 611 4112 S.
643 4056 861 4109 Hem-ici
880 4055 1231 4123 privilegium
1271 4068 1376 4123 pro
1405 4055 1556 4108 Nova
1579 4054 1822 4108 Corbeiu.

999 4141 1186 4209 (Anno
1223 4140 1399 4209 1002.)

763 4227 1038 4300 [Drouke,
1073 4227 1168 4280 ubi
1189 4242 1379 4294 supra,
1411 4244 1468 4298 p.
1502 4226 1617 4298 58.]

418 4321 475 4372 tl.
545 4321 608 4372 In
664 4315 897 4369 nomine
972 4319 1181 4368 sancta:
1237 4320 1292 4367 et
1334 4313 1642 4369 individua:
1723 4315 2034 4382 Trinitatis,

351 4409 656 4463 Hammcus
685 4403 877 4457 divina
905 4403 1130 4457 favente
1160 4402 1464 4457 clementia
1497 4418 1614 4457 rex.

421 4496 632 4550 Notum
663 4492 736 4546 sit
763 4493 1034 4546 omnibus
1087 4490 1350 4546 ﬁdelibus
1393 4492 1626 4561 nostris,
1667 4493 2043 4564 praesentibus

349 4583 560 4640 scilicet
587 4587 646 4637 et
678 4580 902 4646 futuris,
934 4579 1180 4653 qualiter
1206 4580 1544 4634 venerabilis
1591 4582 1764 4636 abbas
1812 4583 2044 4638 nomine

350 4677 520 4730 llosat
543 4675 797 4726 nostram
849 4669 990 4724 adiit
1045 4669 1457 4737 excellentiam,
1508 4670 1846 4740 suppliciter
1875 4687 2045 4726 orans

350 4769 412 4817 ut
437 4766 628 4816 nostra
658 4757 966 4829 magniﬁca
1017 4757 1404 4812 muniﬁcentia
1448 4760 1908 4830 prospiceremus
1927 4775 2048 4815 mo-

349 4849 598 4903 nasterio
655 4846 746 4900 cui
797 4846 1085 4916 presidere
1126 4845 1436 4914 videretur,
1493 4846 1647 4916 quod
1677 4851 1764 4901 est
1791 4852 2044 4902 constru-

347 4945 502 4993 ctum
530 4951 702 5008 super
729 4934 969 4990 ﬂuvium
991 4933 1224 4988 Vuisera
1256 4933 1313 4987 in
1345 4935 1470 4989 loco
1499 4934 1596 5005 qui
1647 4935 1857 4990 dicitur
1894 4938 2048 4991 Nova

349 5025 584 5080 Corbeia
642 5025 704 5078 in
775 5024 1054 5077 honorem
1115 5023 1213 5076 Dei
1261 5027 1320 5076 et
1383 5023 1563 5078 sancti
1613 5023 2047 5094 protomartyris

350 5113 647 5184 Stephani,
705 5112 804 5166 ubi
845 5116 900 5166 et
956 5111 1137 5166 sancti
1190 5111 1297 5165 Viti
1344 5111 1613 5183 martyris
1666 5113 1912 5182 pretiosa
1963 5114 2050 5183 pi-

349 5217 530 5272 gnora
560 5199 772 5254 servari
806 5205 1141 5254 noscuntur.
1191 5199 1364 5268 Cujus
1401 5199 1665 5268 petitioni
1721 5198 2049 5255 rationabili

350 5292 585 5360 propter
619 5287 877 5342 divinum
907 5303 1167 5342 amorem
1197 5291 1253 5340 et
1290 5286 1718 5342 venerationem
1743 5288 2046 5342 beatorum

353 5381 666 5449 martyrum
724 5393 1020 5430 assensum
1066 5375 1396 5447 prebentes,
1443 5375 1546 5430 hos
1599 5375 1788 5446 apices
1831 5377 2046 5431 sereni-

352 5466 483 5519 tatis
507 5470 715 5520 nostra!
742 5464 892 5518 circa
931 5465 1119 5534 ipsum
1151 5463 1562 5518 monasterium
1593 5463 1718 5517 ﬁeri
1742 5463 2042 5533 jussimus,

2148 3001 2355 3047 sanctae
2379 2993 2477 3048 Dei
2515 2992 2777 3047 Ecclesiae
2809 2993 3130 3064 nostrisque
3173 2994 3548 3064 praesentibus
3597 3001 3660 3048 et
3689 2996 3851 3050 futu-

2148 3079 2226 3133 ris
2275 3082 2480 3136 melius
2529 3081 2796 3136 credatur
2845 3085 3018 3152 atque
3064 3081 3395 3151 diligentius
3451 3089 3847 3148 conservetur,

2149 3184 2324 3224 manu
2350 3169 2584 3242 propria
2603 3169 2932 3224 subteream
2965 3170 3316 3224 lirmavimus
3346 3175 3400 3223 et
3443 3171 3622 3241 sigilli
3673 3172 3852 3226 nostri

2148 3257 2523 3328 impressione
2549 3258 2832 3328 assignari
2856 3258 3153 3329 jussimns.

2219 3348 2447 3415 Signum
2485 3347 2671 3401 domui
2700 3348 2943 3400 Heinrici
2995 3348 3079 3412 (L.
3141 3346 3235 3412 Μ.)
3288 3349 3427 3414 regis
3474 3349 3849 3403 invictissimi.

2219 3435 2539 3504 Egilhertus
2606 3434 2983 3492 cancellarius
3025 3434 3146 3489 vice
3185 3434 3445 3506 Willigisi
3497 3436 3853 3508 archicapel-

2150 3522 2264 3576 lani
2295 3538 2526 3591 recogn.

2223 3611 2358 3665 Data
2388 3626 2484 3665 Vlll
2507 3610 2626 3666 Kal.
2660 3611 3014 3679 Sept.,anuo
3060 3611 3371 3666 Domiuica:
3430 3611 3853 3669 incarnationis

2155 3701 2306 3766 l002,
2361 3699 2676 3754 indictione
2753 3715 2844 3766 xv,
2919 3715 3071 3754 anno
3124 3716 3256 3754 vero
3331 3700 3528 3754 domui
3594 3701 3854 3758 Heinrici

2151 3787 2303 3858 regis
2334 3806 2370 3842 ι.
2397 3791 2602 3843 Actum
2635 3787 3007 3858 Noviomago.

2223 3967 2286 4022 S.
2333 3968 2556 4022 Henrici
2607 3967 2958 4036 privilegium
3001 3981 3103 4035 pro
3131 3969 3350 4023 ecclesia
3399 3966 3850 4023 Paderbonnensi.

2789 4053 2975 4124 (Anno
3023 4055 3201 4124 l002.)

2759 4141 3036 4214 [Dronke,
3070 4141 3240 4214 ibid.]

2225 4231 2285 4284 C.
2343 4231 2408 4284 In
2480 4229 2714 4284 nomine
2800 4235 3007 4284 sanctae
3039 4233 3094 4284 et
3148 4229 3455 4285 individua:
3532 4231 3852 4294 Trinitatis,

2156 4319 2469 4373 llamnlces
2499 4317 2689 4372 divina
2709 4319 2954 4383 favente,
2977 4317 3282 4373 clementia
3301 4335 3419 4373 rex.

2225 4407 2434 4460 Notum
2461 4405 2533 4460 sit
2554 4407 2822 4462 omnibus
2864 4406 3130 4461 ﬁdelibus
3185 4408 3412 4473 nostris,
3469 4409 3860 4477 praesentibus

2153 4494 2366 4549 scilicet
2392 4500 2449 4550 et
2476 4495 2704 4562 futuris,
2765 4495 3013 4566 qualiter
3069 4511 3196 4559 nos,
3237 4494 3504 4549 incendio
3530 4497 3859 4552 Paderbur-

2155 4581 2345 4636 nensis
2365 4583 2620 4638 ecclesiae
2681 4581 2991 4636 miserabili
3027 4582 3410 4647 condolentes,
3464 4582 3862 4654 peticionique

2153 4672 2334 4726 nostri
2358 4671 2543 4727 ﬁdelis
2574 4671 2829 4726 Retharii
2847 4669 3184 4725 venerabilis
3209 4670 3484 4741 episcopi,
3533 4670 3637 4741 qui
3667 4671 3860 4725 eidem

2155 4760 2278 4815 sedi
2303 4760 2476 4815 modo
2494 4775 2738 4830 praeesse
2759 4759 3002 4824 videtur,
3035 4764 3096 4812 ut
3116 4758 3393 4829 oportuit,
3422 4765 3766 4827 annuentes,
3793 4759 3856 4813 in

2155 4849 2624 4918 supplementum
2649 4849 2768 4918 jam
2801 4847 2966 4902 dictae
2990 4847 3240 4901 ecclesiae
3265 4847 3323 4900 in
3341 4848 3433 4918 jus
3453 4847 3855 4908 concedimus.

2155 4942 2211 4991 et
2234 4953 2339 5007 per
2367 4937 2473 4991 hoc
2500 4937 2692 5007 regale
2721 4940 3054 5007 preceptum
3103 4934 3540 4989 corroboramus
3569 4935 3856 4990 forestum

2157 5025 2308 5096 quod
2338 5024 2542 5095 incipit
2570 5025 2640 5079 de
2663 5025 2910 5079 Luthera
2940 5023 3179 5078 ﬂumine
3216 5027 3272 5077 et
3317 5023 3502 5078 tendit
3545 5039 3649 5094 per
3681 5024 3866 5094 Osnig

2157 5119 2213 5167 et
2241 5111 2423 5168 Sinidi
2445 5129 2622 5184 usque
2650 5113 2710 5167 in
2739 5112 2888 5166 viam
2921 5128 3052 5184 quae
3080 5112 3238 5166 ducit
3257 5112 3330 5166 ad
3385 5113 3746 5177 Horohusen,
3807 5117 3866 5166 et

2155 5201 2226 5255 de
2268 5201 2599 5256 hominibus
2661 5201 2902 5272 predicti
2958 5199 3213 5270 episcopi
3270 5205 3388 5253 tam
3445 5198 3639 5253 liberis
3681 5215 3863 5270 quam

2157 5294 2214 5344 et
2275 5289 2449 5344 servis
2499 5290 2659 5344 nulla
2710 5288 3016 5360 judiciaria
3068 5294 3349 5360 potestate
3371 5287 3862 5357 constringendis,

2159 5375 2269 5429 nisi
2309 5391 2501 5429 coram
2561 5375 2834 5430 advocato
2891 5390 3062 5446 quem
3101 5374 3222 5445 ipse
3267 5373 3568 5445 episcopus
3591 5374 3860 5444 elegerit,

2159 5468 2349 5518 nostra
2397 5463 2776 5535 omniumque
2811 5468 3139 5518 nostrorum
3187 5478 3577 5517 successorum
3614 5467 3672 5514 et
3725 5477 3860 5514 om-
