4016 6202
145 303 245 353 249
1428 300 1815 357 DIPLOMATA
1855 301 1979 358 ECC
1992 304 2396 359 LESIASTICA.

3563 313 3666 364 250

143 420 304 475 nium
361 416 701 472 mortalium
759 416 1215 472 contradictione
1265 426 1503 475 remota.
1544 423 1605 477 Et
1646 427 1710 477 ut
1738 423 1860 477 haec
1887 425 1932 478 Α
1970 423 2058 477 nis
2092 426 2243 487 l003,
2270 424 2329 478 in
2387 424 2697 481 indictione
2752 446 2790 489 ι.
2822 443 2972 482 anno
3025 444 3158 483 vero
3194 428 3392 483 domni
3423 428 3670 485 Heinrici

142 506 512 563 conﬁrmatio
551 505 818 560 stabilior
869 506 1091 559 cunctis
1120 514 1455 577 permaneat
1484 511 1859 581 temporibus,

142 600 287 651 hanc
347 596 629 667 paginam
707 611 881 648 manu
951 596 1188 666 propria
1250 599 1747 654 corroboravimus
1809 605 1885 655 et

139 686 312 756 sigilli
350 684 533 738 nostri
558 683 943 754 impressione
972 683 1239 754 insigniri
1268 688 1648 758 precepimus.

203 778 446 843 Signum
504 774 695 828 damni
750 774 999 827 Heinrici
1040 774 1125 841 (L.
1162 775 1255 837 Μ.)
1302 779 1447 844 regis
1496 780 1859 834 invictissimi.

206 864 539 934 Egilhertus
596 861 973 915 cancellarius
1021 862 1144 916 vice
1192 860 1453 935 Willigi’si
1507 866 1863 938 archicapel-

140 952 251 1007 lani
284 952 625 1021 recognovi.

208 1043 359 1095 Data
388 1057 503 1093 xvii
556 1040 676 1094 Kal.
715 1039 972 1103 0ctobr.,
1004 1054 1163 1092 anno
1225 1039 1636 1096 incarnationis
1669 1042 1861 1097 Domi-

143 1129 281 1184 nicas
312 1130 473 1193 l00'2,
498 1128 815 1182 indictione
849 1145 886 1193 ι,
920 1144 1067 1182 anno
1102 1144 1244 1182 vero
1275 1129 1475 1185 domni
1510 1133 1575 1187 ll.
1610 1148 1861 1202 regnan-

143 1217 210 1270 tis
243 1232 289 1271 ι.
326 1221 528 1270 Actum
565 1216 972 1271 Bochbardon.

932 1305 1063 1359 XIV.

356 1395 410 1449 S.
443 1396 671 1448 Henrici
699 1394 1047 1463 privilegium
1070 1409 1176 1461 pro
1198 1394 1387 1449 eadem
1406 1396 1648 1449 ecclesia.

800 1482 980 1549 (Anno
1018 1483 1205 1550 1003.)

213 1569 396 1642 [Apud
438 1570 695 1636 Dronke,
726 1570 906 1625 Codex
929 1569 1325 1638 diplomaticus
1366 1571 1549 1635 Fuld.,
1583 1588 1639 1640 p.
1673 1568 1788 1640 59.]

1974 513 2124 583 regis
2154 530 2191 568 ι.
2224 516 2426 569 Actum
2454 515 2925 585 Quidlingaburc.

2766 606 2876 659 XV.

1971 689 2026 743 S.
2085 690 2344 744 Henricus
2417 691 2694 756 Sigi/redo
2749 695 2993 761 episcopo
3058 695 3337 748 Parmensi
3383 693 3663 747 abbatiam

2452 778 2905 839 Nonantulanam
2935 782 3193 849 largitur.

2613 871 2795 935 (Anno
2845 871 3028 938 1003.)

2330 951 2600 1023 [Ughelli,
2633 956 2796 1009 Italia
2827 971 3007 1019 sacra,
3049 957 3120 1019 ll,
3166 956 3311 1028 161.]

2046 1042 2106 1093 In
2134 1040 2365 1094 nomine
2421 1046 2630 1095 sanctae
2656 1049 2711 1095 ιιι
2738 1043 3049 1097 individua:
3087 1044 3402 1110 Trinitatis,
3449 1043 3669 1099 HENRI-

1974 1144 2067 1183 cus
2093 1128 2283 1182 divina
2313 1130 2539 1184 favente
2569 1131 2871 1185 clementia
2900 1148 3016 1185 rex.

2045 1216 2321 1270 Omnibus
2347 1217 2613 1271 ﬁdelibus
2644 1226 2843 1272 notum
2894 1220 3017 1272 ﬁeri
3051 1219 3309 1273 volumus
3331 1219 3487 1289 quod
3522 1219 3671 1289 Sigi-
3774 1204 3783 1215 ’

1973 1303 2167 1357 fredus
2204 1304 2543 1358 venerabilis
2584 1305 2645 1359 S.
2684 1306 3007 1358 Parmensis
3054 1306 3317 1359 Ecclesiae
3370 1305 3676 1376 episcopus

1975 1391 2159 1444 ﬁdelis
2191 1397 2399 1455 noster,
2427 1397 2483 1445 et
2510 1408 2615 1463 per
2642 1392 3031 1447 interventum
3062 1394 3243 1447 nostri
3275 1394 3459 1447 ﬁdelis
3489 1395 3674 1448 Theo-

1974 1479 2126 1533 baldi
2182 1480 2523 1534 marchionis
2576 1481 2712 1534 adiit
2789 1488 3041 1535 nostram
3096 1482 3465 1536 clementiam
3548 1482 3675 1551 jam

1974 1568 2158 1623 dictus
2208 1568 2522 1639 Sigifredus
2570 1570 2870 1639 episcopus
2927 1570 2982 1625 8.
3033 1569 3357 1623 Parmensis
3387 1570 3675 1636 Ecclesiae,

211 1658 270 1713 C.
321 1660 381 1711 in
423 1658 671 1711 nomine
752 1662 955 1710 sanctae
1007 1662 1064 1711 et
1148 1657 1471 1713 individua:
1544 1657 1858 1723 Trinitatis,
1896 1694 1934 1748 Β
1974 1662 2259 1727 quatenus
2306 1658 2567 1712 ﬁrmatus
2612 1659 2673 1712 in
2729 1660 2839 1713 ﬁde
2894 1659 3102 1713 acriter
3142 1658 3455 1712 deserviret
3484 1658 3673 1723 nobis,

147 1748 433 1800 Hewmcvs
453 1761 711 1817 superna
744 1745 960 1799 favente
990 1746 1310 1800 clementia
1338 1763 1455 1801 rex.

211 1836 269 1889 Si
324 1837 508 1889 locum
540 1834 743 1888 divino
778 1833 950 1887 cultui
976 1834 1383 1905 mancipatum
1415 1836 1669 1907 igneque
1700 1833 1864 1887 subi-

145 1930 312 1976 taneo
342 1938 470 1976 cum
510 1926 725 1976 ornatu
751 1925 809 1975 et
835 1923 1384 1978 corroborationum
1440 1921 1671 1995 paginis
1721 1938 1864 1977 con-

143 2016 462 2065 crematam
512 2016 855 2073 restaurare,
912 2026 1119 2065 ornare
1176 2015 1237 2064 et
1276 2011 1487 2066 iterum
1553 2010 1865 2064 sublimare

146 2100 486 2166 videbimur,
519 2099 731 2154 scimus
760 2105 816 2153 et
842 2100 977 2154 certi
1003 2116 1220 2154 sumus
1257 2100 1313 2155 id
1338 2117 1455 2156 non
1484 2102 1674 2154 solum
1698 2100 1865 2155 laude

144 2192 400 2244 humana
430 2189 873 2260 praedicandum,
906 2206 1113 2244 verum
1162 2190 1338 2244 etiam
1368 2192 1568 2245 divina
1602 2191 1863 2245 mercede

144 2278 659 2332 remunerandum.
688 2277 911 2332 Cunctis
943 2277 1133 2348 igitur
1170 2278 1427 2334 Ecclesiae
1466 2278 1574 2333 Dei
1600 2277 1866 2332 ﬁdelibus

142 2367 475 2437 nostrisque
524 2366 833 2420 astantibus
880 2371 937 2421 et
992 2367 1440 2422 succedentibus
1494 2372 1858 2436 compertum

143 2456 265 2509 fore
333 2456 596 2508 volumus
651 2455 824 2526 quod,
874 2456 943 2508 de
1003 2453 1284 2508 incendio
1331 2456 1865 2510 Paterhrunnensis

142 2544 419 2598 ecclesia:
458 2543 706 2598 nimium
752 2544 1146 2609 condolentes,
1194 2550 1485 2615 praecepta
1538 2548 1860 2599 antecesso-

145 2648 275 2686 rum
330 2638 649 2686 nostrorum
709 2637 768 2686 et
831 2631 1159 2687 oblationes
1210 2631 1466 2687 ﬁdelium
1533 2640 1866 2689 memoratae

147 2722 269 2775 sedi
324 2721 431 2775 hac
490 2721 817 2791 praeceptali
866 2720 1080 2791 pagina
1140 2735 1483 2776 renovamus
1538 2721 1865 2793 iterumque

148 2810 581 2875 conﬁrmamus,
642 2809 713 2863 de
744 2808 957 2880 quibus
1015 2823 1195 2861 unum
1247 2813 1332 2863 est
1382 2813 1451 2865 de
1503 2810 1866 2881 episcopatus

149 2905 328 2963 stato,
352 2899 561 2951 dehinc
591 2899 661 2953 de
693 2898 941 2951 tuitione
971 2903 1145 2965 atque
1169 2899 1580 2954 mundiburdio
1608 2901 1866 2971 ejusdem

1972 1750 2028 1799 et
2066 1744 2136 1798 ab
2177 1750 2391 1800 aeterno
2436 1754 2887 1815 remuneratore,
2936 1747 3037 1819 qui
3087 1746 3355 1801 omnibus
3414 1746 3675 1802 abundat

1970 1834 2161 1901 bonis,
2219 1835 2658 1890 retributionem
2707 1842 2938 1891 aeternae
2987 1834 3487 1890 remunerationis.
3561 1874 3575 1889 .
3659 1876 3671 1889 .

1972 1927 2038 1977 ut
2066 1938 2171 1975 nos
2194 1922 2479 1977 abbatiam
2514 1925 2869 1994 monasterii,
2902 1924 3058 1996 quod
3086 1923 3297 1978 dicitur
3322 1925 3671 1990 Nonantula,

1972 2014 2033 2066 in
2062 2011 2334 2066 honorem
2382 2012 2438 2067 8.
2466 2012 2736 2081 Sylvestri
2791 2012 3132 2067 confessoris
3165 2012 3265 2066 Dei
3305 2017 3478 2082 atque
3530 2028 3671 2083 pon-

1972 2099 2161 2164 tiﬁcis,
2203 2100 2311 2153 sibi
2339 2116 2571 2170 suaeque
2592 2101 2847 2155 ecclesiae
2903 2100 3193 2155 Parmensi
3227 2101 3359 2170 jure
3410 2101 3676 2171 proprie-

1972 2188 2119 2242 tario
2146 2204 2277 2242 cum
2315 2188 2584 2242 omnibus
2633 2188 2969 2258 adjacentiis
3016 2193 3073 2240 et
3132 2186 3497 2257 pertinentiis
3552 2186 3677 2256 ejus

1972 2278 2030 2331 in
2093 2276 2382 2347 integrum
2447 2278 2739 2348 perpetuis
2806 2275 3165 2346 temporibus
3213 2276 3674 2341 concederemus,

1974 2368 2183 2436 praeter
2229 2365 2387 2421 illam
2442 2371 2653 2419 terram
2723 2380 2897 2436 quam
2972 2363 3356 2417 concessimus
3430 2362 3681 2417 Huberto

1976 2453 2245 2524 episcopo
2299 2458 2495 2507 nostro
2553 2452 2735 2520 ﬁdeli,
2767 2459 2824 2506 et
2879 2452 2977 2505 illa
3028 2457 3181 2505 terra
3233 2451 3341 2504 sita
3372 2455 3459 2504 est
3513 2449 3681 2519 juxta

1973 2542 2230 2596 Athesim
2279 2542 2514 2596 flumen.
2566 2542 2741 2612 Cujus
2772 2540 3035 2612 precibus
3064 2538 3435 2609 benignitatis
3472 2542 3679 2592 nostra:

1975 2644 2139 2683 aures
2202 2628 2722 2693 accommodantes,
2784 2628 3024 2697 ejusque
3080 2642 3216 2696 erga
3246 2642 3348 2680 nos
3380 2624 3680 2680 devotissi-

1974 2732 2131 2771 mam
2180 2716 2516 2770 ﬁdelitatem
2558 2715 2941 2776 intendentes,
2979 2714 3256 2784 jussimus
3314 2714 3388 2776 ei,
3443 2729 3682 2783 sineque

1978 2805 2268 2861 Parmensi
2318 2803 2569 2858 ecclesia:
2602 2805 2663 2858 in
2704 2804 2985 2858 honorem
3015 2804 3070 2859 S.
3122 2803 3310 2859 Mariae
3361 2802 3461 2857 Dei
3511 2801 3680 2872 geni-

1974 2894 2131 2949 tricis
2175 2893 2474 2959 dedicataa,
2524 2892 2633 2946 hoc
2692 2892 3010 2963 imperialis
3067 2896 3277 2945 nostra:
3328 2890 3685 2945 auctoritatis

148 2987 446 3055 ecclesiae,
465 2992 523 3040 et
542 2988 611 3041 de
633 2985 1165 3057 omniproprietate
1187 2986 1255 3040 ad
1270 2989 1531 3043 eamdem
1547 2990 1864 3044 azcclesiam
1899 2976 1940 3031 C
1978 2981 2255 3038 conscribi
2302 2986 2676 3051 praeceptum,
2708 2997 2813 3051 per
2870 2982 3024 3052 quod
3075 2980 3445 3035 concedimus
3476 2979 3551 3047 ei,
3583 2978 3685 3033 do-

149 3075 467 3146 pertinenti
507 3080 565 3128 et
607 3076 679 3129 de
720 3075 849 3145 ejus
878 3073 1205 3128 hominibus
1225 3080 1342 3129 tam
1375 3077 1569 3131 liberis
1602 3094 1781 3149 quam
1812 3082 1868 3131 et

148 3163 329 3218 senis
394 3164 549 3217 nulla
573 3162 887 3233 judiciaria
946 3177 1190 3232 persona
1235 3166 1716 3237 constringendis,
1752 3165 1866 3221 nisi

148 3268 342 3306 coram
408 3252 705 3317 advocato,
790 3265 966 3321 quem
1041 3250 1161 3320 ipse
1244 3253 1543 3324 episcopus
1606 3254 1864 3326 elegerit.

150 3341 397 3410 Insuper
425 3356 775 3395 renovamus
808 3344 865 3392 et
907 3338 1295 3394 conﬁrmanus
1344 3342 1465 3411 jam
1498 3344 1711 3397 habitae
1743 3344 1867 3397 sedi

150 3429 462 3483 comitatus
498 3444 675 3499 super
720 3443 900 3499 pagos
932 3428 1191 3497 Paterga,
1249 3431 1389 3500 Aga,
1449 3432 1863 3501 Threveresga,

149 3521 337 3586 Auga,
370 3516 721 3583 Sorehtfeld,
782 3516 946 3569 datos
976 3530 1080 3584 pro
1128 3516 1365 3570 decimis
1416 3534 1579 3573 nova:
1608 3519 1867 3575 Corbeiaa

151 3604 222 3658 ad
292 3604 717 3659 monasterium
776 3602 1220 3671 pertinentibus,
1271 3610 1328 3658 et
1385 3605 1455 3658 de
1511 3606 1867 3677 proprietate

151 3692 521 3757 clericorum,
548 3692 601 3746 si
649 3691 780 3761 quis
808 3690 1199 3746 sinehairede
1256 3692 1489 3746 illorum
1520 3694 1747 3761 abierit,
1780 3696 1866 3749 ei-

152 3780 287 3833 dem
341 3780 615 3833 aecclesim
673 3794 962 3842 concessa,
1024 3784 1081 3832 et
1138 3780 1206 3834 de
1286 3780 1465 3835 tribus
1537 3784 1751 3835 mansis
1807 3783 1870 3837 in

155 3868 480 3937 Tuisbureg
527 3873 587 3922 et
640 3867 701 3920 in
748 3867 1143 3931 Trutmannia,
1202 3873 1260 3923 et
1314 3868 1386 3922 de
1446 3869 1659 3923 foresto
1713 3873 1870 3941 quod

160 3957 368 4026 incipit
424 3957 493 4011 de
552 3956 769 4010 Delhna
801 3955 1036 4009 ﬂumine
1083 3962 1137 4009 et
1167 3957 1351 4011 tendit
1379 3973 1483 4027 per
1539 3957 1871 4014 Ardennam

162 4051 221 4099 et
274 4045 514 4101 Sinendi
550 4060 731 4115 usque
761 4043 822 4096 in
852 4043 1002 4097 viam
1036 4060 1164 4114 quae
1202 4045 1360 4099 ducit
1399 4044 1469 4098 ad
1493 4044 1701 4100 Herisi.
1738 4049 1870 4103 Hac

163 4130 346 4199 igitur
375 4130 572 4183 omnia
610 4145 739 4199 qum
770 4143 942 4198 supra
957 4130 1162 4199 scripta
1192 4130 1500 4194 habentur,
1532 4134 1589 4183 et
1616 4147 1745 4200 qua:
1775 4133 1873 4188 illa

160 4220 256 4274 die
285 4225 485 4273 tenere
532 4224 590 4273 et
617 4217 909 4288 possidere
964 4218 1260 4272 videbatur
1315 4218 1550 4288 quando
1576 4220 1873 4277 combusta

162 4308 293 4372 fuit,
365 4323 520 4376 saepe
582 4306 889 4360 nominata:
943 4307 1064 4361 sedi
1137 4306 1626 4361 Paterbrunnensi
1679 4308 1739 4362 in
1780 4311 1874 4380 jus

163 4394 613 4467 proprietarium
690 4394 973 4449 donamus
1050 4400 1107 4449 et
1164 4394 1498 4448 ﬁrmissima
1562 4396 1873 4453 traditione

164 4490 576 4548 restauramus,
639 4499 705 4536 ea
734 4483 949 4537 scilicet
998 4483 1144 4538 serie
1187 4488 1247 4536 ut
1294 4485 1543 4537 domnus
1571 4483 1872 4541 Retharius

165 4577 501 4626 memoratas
544 4571 694 4625 sedis
724 4572 1067 4625 venerabilis
1115 4571 1350 4625 antistes
1408 4586 1725 4641 omnesque
1783 4577 1871 4629 sui

162 4676 521 4715 successores
541 4660 809 4713 universa
832 4676 961 4730 quae
998 4660 1068 4714 ad
1093 4660 1452 4730 episc0pium
1474 4659 1671 4728 aliqua
1699 4661 1870 4731 legali

160 4748 398 4809 datioue
449 4747 762 4817 pertinent,
820 4748 1095 4802 securiter
1143 4748 1465 4811 obtineant,
1522 4754 1717 4802 nostra
1746 4764 1870 4803 om-

162 4836 448 4906 niumque
477 4840 804 4889 nostrorum
840 4851 1231 4890 successorum
1263 4841 1321 4888 et
1351 4833 1614 4888 omnium
1644 4842 1867 4891 morta-

163 4923 311 4976 lium
340 4922 785 4977 contradictione
840 4930 1075 4977 remota.
1126 4924 1193 4978 Et.
1223 4928 1285 4976 ut
1333 4923 1455 4976 huic
1484 4924 1776 4977 renovatio
1818 4928 1873 4977 et

163 5010 532 5065 conﬁrmatio
563 5011 823 5065 stabilior
859 5012 1078 5065 cunctis
1109 5015 1446 5082 permaneat
1494 5010 1866 5080 temporibus,

165 5100 316 5154 hanc
371 5099 644 5170 paginam
690 5116 864 5153 manu
914 5099 1150 5170 propria
1198 5099 1536 5152 roboramus
1586 5103 1645 5151 et
1696 5098 1870 5169 sigilli

168 5186 349 5242 nostri
389 5186 765 5256 impressione
798 5186 1067 5257 insigniri
1097 5185 1476 5257 precepimus.

399 5276 624 5343 Signum
644 5275 828 5330 damni
864 5276 943 5341 (L.
980 5275 1067 5344 N.)
1094 5277 1238 5341 regis
1268 5274 1636 5327 invictissimi.

242 5362 565 5434 Egilbertus
615 5365 987 5420 cancellarius
1044 5364 1163 5417 vice
1223 5360 1483 5431 Willigisi
1528 5362 1869 5434 archicapel-

170 5451 288 5506 lani
319 5468 509 5523 recog.

249 5542 387 5594 Data
433 5557 487 5593 ιιι
522 5539 663 5595 Non.
696 5540 901 5611 April.,
937 5554 1089 5593 anno
1151 5536 1462 5592 Dominicas
1514 5535 1865 5593 incarnatio-

1977 3087 2181 3126 namus
2227 3076 2400 3141 atque
2435 3069 2713 3140 largimur
2764 3070 3125 3139 praelibatam
3174 3068 3487 3134 abbatiam,
3545 3084 3680 3139 qua:

1976 3160 2183 3215 dicitur
2233 3159 2555 3213 Nonantula
2608 3158 2668 3213 S.
2747 3158 3017 3229 Sylvestri
3086 3158 3431 3212 confessoris
3503 3163 3679 3229 atque

1976 3248 2277 3319 pontiﬁcis,
2335 3263 2466 3301 cum
2499 3248 2768 3302 omnibus
2819 3247 3151 3318 adjacentiis
3206 3252 3264 3301 et
3295 3247 3679 3318 pertinentiis,

1976 3338 2257 3404 curtibus,
2334 3335 2564 3407 capellis
2646 3342 2819 3407 atque
2877 3336 3133 3391 aediﬁciis
3201 3352 3423 3403 earum,
3482 3336 3676 3403 terris,

1974 3426 2211 3497 campis,
2292 3425 2489 3495 pratis,
2572 3424 2772 3490 vineis,
2850 3425 3026 3491 silvis,
3103 3424 3281 3477 servis
3334 3429 3391 3479 et
3455 3424 3677 3479 ancillis

1977 3516 2278 3583 utriusque
2309 3528 2493 3575 sexus,
2528 3511 2839 3565 mobilibus
2865 3510 3356 3565 etimmobilibus.
3406 3527 3536 3566 cum
3589 3512 3678 3566 in-

1977 3604 2241 3673 tegritate
2273 3616 2470 3654 eorum
2506 3605 2562 3652 et
2612 3599 2910 3665 universis,
2960 3615 3090 3669 qua:
3144 3598 3255 3653 dici
3306 3604 3362 3653 et
3392 3600 3679 3655 nominari

1976 3694 2239 3761 possunt,
2261 3688 2332 3742 ad
2360 3688 2691 3758 predictam
2716 3688 3002 3741 abbatiam
3034 3686 3457 3756 pertinentibus
3481 3693 3678 3743 nostra

1977 3776 2268 3851 imperiali
2294 3775 2677 3841 concessione,
2730 3781 2795 3828 ut
2842 3775 3068 3841 habeat,
3126 3780 3319 3829 teneat
3360 3781 3416 3830 ct
3454 3775 3680 3831 fruatur

1978 3865 2333 3938 perenniter,
2386 3870 2502 3917 tam
2558 3862 2654 3916 ille
2687 3878 2860 3933 quam
2909 3869 2966 3917 et
3005 3877 3356 3917 successores
3405 3864 3547 3933 ejus,
3606 3867 3679 3920 ad

1981 3961 2201 4027 partem
2254 3969 2403 4023 saepe
2469 3951 2777 4005 nominatae
2838 3968 2956 4005 suae
3012 3950 3286 4015 ecclesiae,
3352 3952 3678 4023 faciantque

1981 4044 2184 4100 exinde
2215 4040 2497 4113 quidquid
2545 4040 2859 4094 secundum
2912 4046 3193 4093 aeternum
3220 4040 3523 4094 arbitrium
3562 4057 3680 4095 me-

1982 4134 2091 4188 lius
2143 4132 2222 4185 eis
2278 4129 2583 4201 praevisum
2652 4129 2842 4182 fuerit.
2892 4128 3228 4199 Quicunque
3286 4145 3422 4183 vero
3479 4134 3676 4184 contra

1986 4223 2133 4277 hanc
2158 4226 2409 4274 nostram
2440 4218 2832 4286 donationem,
2866 4223 2967 4271 etc.

2058 4312 2285 4377 Signum
2303 4312 2363 4363 D.
2402 4309 2619 4362 Henrici
2651 4308 2999 4361 invictissimi
3026 4308 3191 4374 regis.

2050 4399 2336 4452 Aubertus
2394 4396 2764 4450 cancellarius
2835 4395 3065 4449 Videchi
3114 4395 3523 4467 archiepiscopi
3584 4411 3673 4450 re-

1981 4486 2243 4555 cognovi.

2055 4577 2191 4628 Data
2239 4591 2276 4628 ιι
2355 4573 2561 4637 Martii,
2621 4589 2773 4627 anno
2859 4572 3271 4627 incarnationis
3357 4572 3670 4627 Dominica:

1986 4666 2140 4729 1003,
2174 4662 2371 4716 indict.
2409 4664 2451 4729 l,
2484 4677 2636 4715 anno
2659 4677 2789 4715 vero
2825 4662 2891 4717 D.
2928 4659 3153 4713 Henrici
3186 4660 3338 4730 regis
3371 4678 3403 4714 ι.

2049 4755 2252 4806 Actum
2282 4749 2635 4819 Noviomagi.

2762 4838 2891 4891 XVI.

1978 4927 2039 4981 S.
2094 4928 2316 4981 Henrici
2368 4926 2717 4995 privilegium
2784 4940 2888 4995 pro
2946 4925 3186 4979 Ecclesia
3257 4923 3672 4990 (Iamburgensi.

2476 5017 2660 5078 (Anno
2710 5016 2866 5080 l003,
2912 5012 3040 5067 Maii
3070 5014 3181 5076 25.)

1984 5102 2405 5174 LL3ppenberg,
2438 5100 2863 5168 Hamburgische
2907 5099 3386 5162 Urkundenburch,
3441 5114 3497 5168 p.
3557 5101 3674 5171 62.]

2052 5190 2113 5243 In
2144 5189 2377 5243 nomine
2417 5196 2625 5243 sancta:
2671 5194 2726 5243 et
2776 5188 3087 5242 iudividuaa
3125 5186 3420 5241 Trinitatis
3450 5187 3676 5241 Hamm-

1979 5293 2094 5343 cus,
2118 5277 2308 5331 divina
2328 5278 2551 5331 favente
2573 5276 2876 5332 clementia
2906 5292 3021 5330 rex.
3122 5278 3129 5337 1

2049 5364 2107 5419 Si
2134 5365 2253 5435 pias
2283 5365 2584 5435 petitiones
2615 5365 2972 5420 sacerdotum
3005 5379 3187 5434 prona
3232 5363 3536 5419 devotione
3604 5364 3674 5419 ad

1980 5453 2244 5507 eti'ectum
2276 5452 2626 5518 duxerimus,
2659 5454 2715 5508 id
2746 5453 2944 5523 procul
2977 5452 3152 5506 dubio
3190 5452 3260 5506 ad
3294 5457 3503 5506 statum
3534 5469 3675 5524 prse-

1981 5539 2155 5594 sentis
2180 5540 2309 5595 vitae
2331 5544 2387 5595 et
2405 5546 2636 5595 interna
2662 5540 3037 5595 beatitudinis
3055 5540 3298 5610 praemia
3320 5542 3672 5611 capescenda
