  <div class='ocr_page' id='page_1' title='image "/cluster/home/n/w/nwhite01/storage/ocr_20150623/140/hvd.32044054760004/131.png"; bbox 0 0 3914 6190; ppageno 0'>
   <div class='ocr_carea' id='block_1_1' title="bbox 333 301 3766 362">
    <p class='ocr_par' dir='ltr' id='par_1_1' title="bbox 333 301 3766 362">
     <span class='ocr_line' id='line_1_1' title="bbox 333 301 3766 362; baseline 0.001 -6"><span class='ocrx_word' id='word_1_1' title='bbox 333 306 426 357; x_wconf 66' lang='grc'>231</span> <span class='ocrx_word' id='word_1_2' title='bbox 1634 308 1688 358; x_wconf 79' lang='lat' dir='ltr'><strong>S.</strong></span> <span class='ocrx_word' id='word_1_3' title='bbox 1735 303 2019 360; x_wconf 77' lang='lat' dir='ltr'><strong>IIENRICI</strong></span> <span class='ocrx_word' id='word_1_4' title='bbox 2061 301 2534 360; x_wconf 76' lang='lat' dir='ltr'><strong>IIIPEBATOBIS</strong></span> <span class='ocrx_word' id='word_1_5' title='bbox 3681 311 3766 362; x_wconf 71' lang='lat'><strong>‘25?</strong></span> 
     </span>
    </p>
   </div>
   <div class='ocr_carea' id='block_1_2' title="bbox 331 423 3776 499">
    <p class='ocr_par' dir='ltr' id='par_1_2' title="bbox 331 423 3776 499">
     <span class='ocr_line' id='line_1_2' title="bbox 331 423 3776 499; baseline 0 -15"><span class='ocrx_word' id='word_1_6' title='bbox 331 427 496 484; x_wconf 89' lang='lat' dir='ltr'><strong>nobis</strong></span> <span class='ocrx_word' id='word_1_7' title='bbox 546 427 917 498; x_wconf 83' lang='lat' dir='ltr'><strong>profuturum</strong></span> <span class='ocrx_word' id='word_1_8' title='bbox 968 427 1280 483; x_wconf 84' lang='lat' dir='ltr'><strong>credimus.</strong></span> <span class='ocrx_word' id='word_1_9' title='bbox 1314 429 1435 494; x_wconf 83' lang='lat' dir='ltr'><strong>Qua</strong></span> <span class='ocrx_word' id='word_1_10' title='bbox 1473 433 1710 499; x_wconf 84' lang='lat' dir='ltr'><strong>prepter</strong></span> <span class='ocrx_word' id='word_1_11' title='bbox 1768 427 2031 481; x_wconf 89' lang='lat' dir='ltr'><strong>omnium</strong></span> <span class='ocrx_word' id='word_1_12' title='bbox 2062 430 2109 482; x_wconf 79' lang='grc' dir='ltr'><strong>Α</strong></span> <span class='ocrx_word' id='word_1_13' title='bbox 2146 427 2398 481; x_wconf 91' lang='lat' dir='ltr'><strong>cundum</strong></span> <span class='ocrx_word' id='word_1_14' title='bbox 2450 442 2555 496; x_wconf 88' lang='lat' dir='ltr'><strong>pro</strong></span> <span class='ocrx_word' id='word_1_15' title='bbox 2611 423 2981 478; x_wconf 87' lang='lat' dir='ltr'><strong>immunitate</strong></span> <span class='ocrx_word' id='word_1_16' title='bbox 3035 438 3140 478; x_wconf 88' lang='lat' dir='ltr'><strong>suo</strong></span> <span class='ocrx_word' id='word_1_17' title='bbox 3184 423 3382 478; x_wconf 89' lang='lat' dir='ltr'><strong>collata</strong></span> <span class='ocrx_word' id='word_1_18' title='bbox 3409 429 3776 494; x_wconf 79' lang='lat' dir='ltr'><strong>mouesterio,a</strong></span> 
     </span>
    </p>
   </div>
   <div class='ocr_carea' id='block_1_3' title="bbox 331 516 2028 587">
    <p class='ocr_par' dir='ltr' id='par_1_3' title="bbox 331 516 2028 587">
     <span class='ocr_line' id='line_1_3' title="bbox 331 516 2028 587; baseline -0.003 -14"><span class='ocrx_word' id='word_1_19' title='bbox 331 516 589 573; x_wconf 85' lang='lat' dir='ltr'><strong>ﬁdelium</strong></span> <span class='ocrx_word' id='word_1_20' title='bbox 620 520 950 570; x_wconf 85' lang='lat' dir='ltr'><strong>nostrorum</strong></span> <span class='ocrx_word' id='word_1_21' title='bbox 981 517 1349 587; x_wconf 71' lang='lat' dir='ltr'><strong>praesentium</strong></span> <span class='ocrx_word' id='word_1_22' title='bbox 1382 521 1439 570; x_wconf 86' lang='lat' dir='ltr'><strong>et</strong></span> <span class='ocrx_word' id='word_1_23' title='bbox 1489 516 1818 570; x_wconf 81' lang='lat' dir='ltr'><strong>futurorum</strong></span> <span class='ocrx_word' id='word_1_24' title='bbox 1851 531 2028 570; x_wconf 89' lang='lat' dir='ltr'><strong>nove-</strong></span> 
     </span>
    </p>
   </div>
   <div class='ocr_carea' id='block_1_4' title="bbox 330 603 2028 675">
    <p class='ocr_par' dir='ltr' id='par_1_4' title="bbox 330 603 2028 675">
     <span class='ocr_line' id='line_1_4' title="bbox 330 603 2028 675; baseline -0.001 -17"><span class='ocrx_word' id='word_1_25' title='bbox 330 605 406 659; x_wconf 92' lang='lat' dir='ltr'><strong>rit</strong></span> <span class='ocrx_word' id='word_1_26' title='bbox 439 603 741 671; x_wconf 86' lang='lat' dir='ltr'><strong>industria,</strong></span> <span class='ocrx_word' id='word_1_27' title='bbox 778 605 1025 675; x_wconf 74' lang='lat' dir='ltr'><strong>qualiter</strong></span> <span class='ocrx_word' id='word_1_28' title='bbox 1054 605 1139 658; x_wconf 89' lang='lat' dir='ltr'><strong>vir</strong></span> <span class='ocrx_word' id='word_1_29' title='bbox 1171 604 1512 658; x_wconf 81' lang='lat' dir='ltr'><strong>venerabilis</strong></span> <span class='ocrx_word' id='word_1_30' title='bbox 1539 605 1787 668; x_wconf 86' lang='lat' dir='ltr'><strong>Liebizo,</strong></span> <span class='ocrx_word' id='word_1_31' title='bbox 1815 608 2028 658; x_wconf 72' lang='lat' dir='ltr'><strong>sancta:</strong></span> 
     </span>
    </p>
   </div>
   <div class='ocr_carea' id='block_1_5' title="bbox 334 691 2032 764">
    <p class='ocr_par' dir='ltr' id='par_1_5' title="bbox 334 691 2032 764">
     <span class='ocr_line' id='line_1_5' title="bbox 334 691 2032 764; baseline -0.004 -15"><span class='ocrx_word' id='word_1_32' title='bbox 334 691 881 762; x_wconf 75' lang='lat' dir='ltr'><strong>ﬂammaburgensis</strong></span> <span class='ocrx_word' id='word_1_33' title='bbox 946 693 1206 747; x_wconf 76' lang='lat' dir='ltr'><strong>Ecclesiae</strong></span> <span class='ocrx_word' id='word_1_34' title='bbox 1279 693 1759 764; x_wconf 82' lang='lat' dir='ltr'><strong>archiepiscopus,</strong></span> <span class='ocrx_word' id='word_1_35' title='bbox 1819 691 2032 746; x_wconf 83' lang='lat' dir='ltr'><strong>nostris</strong></span> 
     </span>
    </p>
   </div>
   <div class='ocr_carea' id='block_1_6' title="bbox 335 779 2031 852">
    <p class='ocr_par' dir='ltr' id='par_1_6' title="bbox 335 779 2031 852">
     <span class='ocr_line' id='line_1_6' title="bbox 335 779 2031 852; baseline -0.002 -16"><span class='ocrx_word' id='word_1_36' title='bbox 335 780 630 836; x_wconf 72' lang='lat' dir='ltr'><strong>obtutibus</strong></span> <span class='ocrx_word' id='word_1_37' title='bbox 670 779 1007 850; x_wconf 65' lang='lat' dir='ltr'><strong>praesentari</strong></span> <span class='ocrx_word' id='word_1_38' title='bbox 1045 781 1180 836; x_wconf 86' lang='lat' dir='ltr'><strong>fecit</strong></span> <span class='ocrx_word' id='word_1_39' title='bbox 1214 788 1559 852; x_wconf 64' lang='lat' dir='ltr'><strong>prmeeptum</strong></span> <span class='ocrx_word' id='word_1_40' title='bbox 1589 782 1773 836; x_wconf 70' lang='lat' dir='ltr'><strong>beata:</strong></span> <span class='ocrx_word' id='word_1_41' title='bbox 1807 795 2031 834; x_wconf 89' lang='lat' dir='ltr'><strong>memo-</strong></span> 
     </span>
    </p>
   </div>
   <div class='ocr_carea' id='block_1_7' title="bbox 335 867 2032 936">
    <p class='ocr_par' dir='ltr' id='par_1_7' title="bbox 335 867 2032 936">
     <span class='ocr_line' id='line_1_7' title="bbox 335 867 2032 936; baseline -0.001 -14"><span class='ocrx_word' id='word_1_42' title='bbox 335 869 435 924; x_wconf 66' lang='lat' dir='ltr'><strong>rias</strong></span> <span class='ocrx_word' id='word_1_43' title='bbox 485 869 725 922; x_wconf 90' lang='lat' dir='ltr'><strong>senioris</strong></span> <span class='ocrx_word' id='word_1_44' title='bbox 774 873 830 922; x_wconf 85' lang='lat' dir='ltr'><strong>et</strong></span> <span class='ocrx_word' id='word_1_45' title='bbox 886 870 1268 924; x_wconf 87' lang='lat' dir='ltr'><strong>antecesseris</strong></span> <span class='ocrx_word' id='word_1_46' title='bbox 1324 870 1525 924; x_wconf 86' lang='lat' dir='ltr'><strong>nostri.</strong></span> <span class='ocrx_word' id='word_1_47' title='bbox 1577 870 1800 926; x_wconf 90' lang='lat' dir='ltr'><strong>Ottonis</strong></span> <span class='ocrx_word' id='word_1_48' title='bbox 1856 867 2032 936; x_wconf 80' lang='lat' dir='ltr'><strong>tertii,</strong></span> 
     </span>
    </p>
   </div>
   <div class='ocr_carea' id='block_1_8' title="bbox 337 957 2032 1028">
    <p class='ocr_par' dir='ltr' id='par_1_8' title="bbox 337 957 2032 1028">
     <span class='ocr_line' id='line_1_8' title="bbox 337 957 2032 1028; baseline -0.002 -16"><span class='ocrx_word' id='word_1_49' title='bbox 337 957 700 1028; x_wconf 82' lang='lat' dir='ltr'><strong>imperatoris</strong></span> <span class='ocrx_word' id='word_1_50' title='bbox 729 957 991 1027; x_wconf 78' lang='lat' dir='ltr'><strong>Augusti,</strong></span> <span class='ocrx_word' id='word_1_51' title='bbox 1026 957 1082 1010; x_wconf 91' lang='lat' dir='ltr'><strong>in</strong></span> <span class='ocrx_word' id='word_1_52' title='bbox 1117 957 1326 1028; x_wconf 88' lang='lat' dir='ltr'><strong>quibus</strong></span> <span class='ocrx_word' id='word_1_53' title='bbox 1358 958 1759 1012; x_wconf 80' lang='lat' dir='ltr'><strong>continebatur</strong></span> <span class='ocrx_word' id='word_1_54' title='bbox 1789 971 2032 1028; x_wconf 90' lang='lat' dir='ltr'><strong>quomo-</strong></span> 
     </span>
    </p>
   </div>
   <div class='ocr_carea' id='block_1_9' title="bbox 337 1045 2036 1117">
    <p class='ocr_par' dir='ltr' id='par_1_9' title="bbox 337 1045 2036 1117">
     <span class='ocr_line' id='line_1_9' title="bbox 337 1045 2036 1117; baseline -0.002 -16"><span class='ocrx_word' id='word_1_55' title='bbox 337 1048 410 1101; x_wconf 88' lang='lat' dir='ltr'><strong>do</strong></span> <span class='ocrx_word' id='word_1_56' title='bbox 433 1047 575 1117; x_wconf 83' lang='lat' dir='ltr'><strong>ipse.</strong></span> <span class='ocrx_word' id='word_1_57' title='bbox 609 1062 713 1115; x_wconf 90' lang='lat' dir='ltr'><strong>pro</strong></span> <span class='ocrx_word' id='word_1_58' title='bbox 746 1045 939 1100; x_wconf 86' lang='lat' dir='ltr'><strong>divino</strong></span> <span class='ocrx_word' id='word_1_59' title='bbox 956 1062 1173 1113; x_wconf 86' lang='lat' dir='ltr'><strong>amore,</strong></span> <span class='ocrx_word' id='word_1_60' title='bbox 1193 1047 1556 1100; x_wconf 84' lang='lat' dir='ltr'><strong>monasteriis</strong></span> <span class='ocrx_word' id='word_1_61' title='bbox 1577 1046 1634 1100; x_wconf 91' lang='lat' dir='ltr'><strong>in</strong></span> <span class='ocrx_word' id='word_1_62' title='bbox 1661 1047 1785 1116; x_wconf 85' lang='lat' dir='ltr'><strong>ejus</strong></span> <span class='ocrx_word' id='word_1_63' title='bbox 1811 1045 2036 1115; x_wconf 89' lang='lat' dir='ltr'><strong>episco-</strong></span> 
     </span>
    </p>
   </div>
   <div class='ocr_carea' id='block_1_10' title="bbox 342 1134 2038 1207">
    <p class='ocr_par' dir='ltr' id='par_1_10' title="bbox 342 1134 2038 1207">
     <span class='ocr_line' id='line_1_10' title="bbox 342 1134 2038 1207; baseline -0.001 -19"><span class='ocrx_word' id='word_1_64' title='bbox 342 1136 438 1207; x_wconf 90' lang='lat' dir='ltr'><strong>pio</strong></span> <span class='ocrx_word' id='word_1_65' title='bbox 486 1134 929 1188; x_wconf 81' lang='lat' dir='ltr'><strong>consistentibus</strong></span> <span class='ocrx_word' id='word_1_66' title='bbox 968 1135 1256 1204; x_wconf 77' lang='lat' dir='ltr'><strong>imperiali</strong></span> <span class='ocrx_word' id='word_1_67' title='bbox 1288 1135 1622 1189; x_wconf 84' lang='lat' dir='ltr'><strong>auctoritate</strong></span> <span class='ocrx_word' id='word_1_68' title='bbox 1652 1135 2038 1188; x_wconf 84' lang='lat' dir='ltr'><strong>libertatemet</strong></span> 
     </span>
    </p>
   </div>
   <div class='ocr_carea' id='block_1_11' title="bbox 340 1222 2038 1294">
    <p class='ocr_par' dir='ltr' id='par_1_11' title="bbox 340 1222 2038 1294">
     <span class='ocr_line' id='line_1_11' title="bbox 340 1222 2038 1294; baseline -0.003 -15"><span class='ocrx_word' id='word_1_69' title='bbox 340 1224 644 1279; x_wconf 88' lang='lat' dir='ltr'><strong>tuitionem</strong></span> <span class='ocrx_word' id='word_1_70' title='bbox 720 1223 1110 1289; x_wconf 86' lang='lat' dir='ltr'><strong>concessisset,</strong></span> <span class='ocrx_word' id='word_1_71' title='bbox 1210 1223 1542 1294; x_wconf 83' lang='lat' dir='ltr'><strong>rogavitque</strong></span> <span class='ocrx_word' id='word_1_72' title='bbox 1641 1222 2038 1276; x_wconf 85' lang='lat' dir='ltr'><strong>celsitudinem</strong></span> 
     </span>
    </p>
   </div>
   <div class='ocr_carea' id='block_1_12' title="bbox 338 1311 2038 1382">
    <p class='ocr_par' dir='ltr' id='par_1_12' title="bbox 338 1311 2038 1382">
     <span class='ocr_line' id='line_1_12' title="bbox 338 1311 2038 1382; baseline -0.002 -16"><span class='ocrx_word' id='word_1_73' title='bbox 338 1317 596 1366; x_wconf 86' lang='lat' dir='ltr'><strong>nostram</strong></span> <span class='ocrx_word' id='word_1_74' title='bbox 651 1315 717 1365; x_wconf 91' lang='lat' dir='ltr'><strong>ut</strong></span> <span class='ocrx_word' id='word_1_75' title='bbox 757 1327 864 1365; x_wconf 88' lang='lat' dir='ltr'><strong>nos</strong></span> <span class='ocrx_word' id='word_1_76' title='bbox 916 1311 1106 1365; x_wconf 90' lang='lat' dir='ltr'><strong>denuo</strong></span> <span class='ocrx_word' id='word_1_77' title='bbox 1165 1316 1357 1364; x_wconf 90' lang='lat' dir='ltr'><strong>nostra</strong></span> <span class='ocrx_word' id='word_1_78' title='bbox 1407 1311 1792 1382; x_wconf 65' lang='lat' dir='ltr'><strong>praeceptione</strong></span> <span class='ocrx_word' id='word_1_79' title='bbox 1839 1311 2038 1364; x_wconf 90' lang='lat' dir='ltr'><strong>eadem</strong></span> 
     </span>
    </p>
   </div>
   <div class='ocr_carea' id='block_1_13' title="bbox 340 1399 2038 1470">
    <p class='ocr_par' dir='ltr' id='par_1_13' title="bbox 340 1399 2038 1470">
     <span class='ocr_line' id='line_1_13' title="bbox 340 1399 2038 1470; baseline -0.002 -15"><span class='ocrx_word' id='word_1_80' title='bbox 340 1399 688 1456; x_wconf 88' lang='lat' dir='ltr'><strong>monasteria</strong></span> <span class='ocrx_word' id='word_1_81' title='bbox 733 1405 788 1453; x_wconf 90' lang='lat' dir='ltr'><strong>et</strong></span> <span class='ocrx_word' id='word_1_82' title='bbox 831 1400 1026 1453; x_wconf 88' lang='lat' dir='ltr'><strong>omnia</strong></span> <span class='ocrx_word' id='word_1_83' title='bbox 1090 1400 1225 1454; x_wconf 89' lang='lat' dir='ltr'><strong>illuc</strong></span> <span class='ocrx_word' id='word_1_84' title='bbox 1281 1400 1610 1470; x_wconf 86' lang='lat' dir='ltr'><strong>aspicienda</strong></span> <span class='ocrx_word' id='word_1_85' title='bbox 1664 1399 2038 1454; x_wconf 84' lang='lat' dir='ltr'><strong>conﬁrmare-</strong></span> 
     </span>
    </p>
   </div>
   <div class='ocr_carea' id='block_1_14' title="bbox 343 1487 2041 1558">
    <p class='ocr_par' dir='ltr' id='par_1_14' title="bbox 343 1487 2041 1558">
     <span class='ocr_line' id='line_1_14' title="bbox 343 1487 2041 1558; baseline -0.001 -16"><span class='ocrx_word' id='word_1_86' title='bbox 343 1505 487 1542; x_wconf 87' lang='lat' dir='ltr'><strong>mus.</strong></span> <span class='ocrx_word' id='word_1_87' title='bbox 521 1489 630 1542; x_wconf 83' lang='lat' dir='ltr'><strong>Nos</strong></span> <span class='ocrx_word' id='word_1_88' title='bbox 683 1503 816 1539; x_wconf 88' lang='lat' dir='ltr'><strong>vero</strong></span> <span class='ocrx_word' id='word_1_89' title='bbox 866 1487 990 1556; x_wconf 86' lang='lat' dir='ltr'><strong>ejus</strong></span> <span class='ocrx_word' id='word_1_90' title='bbox 1030 1489 1194 1556; x_wconf 69' lang='lat' dir='ltr'><strong>justas</strong></span> <span class='ocrx_word' id='word_1_91' title='bbox 1234 1493 1291 1542; x_wconf 88' lang='lat' dir='ltr'><strong>et</strong></span> <span class='ocrx_word' id='word_1_92' title='bbox 1321 1488 1587 1542; x_wconf 88' lang='lat' dir='ltr'><strong>rationali</strong></span> <span class='ocrx_word' id='word_1_93' title='bbox 1635 1487 1901 1558; x_wconf 88' lang='lat' dir='ltr'><strong>petitioni</strong></span> <span class='ocrx_word' id='word_1_94' title='bbox 1945 1504 2041 1541; x_wconf 86' lang='lat' dir='ltr'><strong>as-</strong></span> 
     </span>
    </p>
   </div>
   <div class='ocr_carea' id='block_1_15' title="bbox 339 1575 2042 1646">
    <p class='ocr_par' dir='ltr' id='par_1_15' title="bbox 339 1575 2042 1646">
     <span class='ocr_line' id='line_1_15' title="bbox 339 1575 2042 1646; baseline -0.001 -16"><span class='ocrx_word' id='word_1_95' title='bbox 339 1591 570 1630; x_wconf 88' lang='lat' dir='ltr'><strong>sensum</strong></span> <span class='ocrx_word' id='word_1_96' title='bbox 643 1575 971 1645; x_wconf 87' lang='lat' dir='ltr'><strong>prebentes,</strong></span> <span class='ocrx_word' id='word_1_97' title='bbox 1041 1576 1455 1630; x_wconf 80' lang='lat' dir='ltr'><strong>interveniente</strong></span> <span class='ocrx_word' id='word_1_98' title='bbox 1527 1577 1733 1632; x_wconf 87' lang='lat' dir='ltr'><strong>dilecta</strong></span> <span class='ocrx_word' id='word_1_99' title='bbox 1796 1578 2042 1646; x_wconf 79' lang='lat' dir='ltr'><strong>conjuge</strong></span> 
     </span>
    </p>
   </div>
   <div class='ocr_carea' id='block_1_16' title="bbox 343 1665 2040 1736">
    <p class='ocr_par' dir='ltr' id='par_1_16' title="bbox 343 1665 2040 1736">
     <span class='ocr_line' id='line_1_16' title="bbox 343 1665 2040 1736; baseline 0 -18"><span class='ocrx_word' id='word_1_100' title='bbox 343 1668 540 1718; x_wconf 88' lang='lat' dir='ltr'><strong>nostra</strong></span> <span class='ocrx_word' id='word_1_101' title='bbox 565 1669 623 1716; x_wconf 89' lang='lat' dir='ltr'><strong>et</strong></span> <span class='ocrx_word' id='word_1_102' title='bbox 651 1679 963 1732; x_wconf 87' lang='lat' dir='ltr'><strong>regnorum</strong></span> <span class='ocrx_word' id='word_1_103' title='bbox 1009 1670 1270 1718; x_wconf 88' lang='lat' dir='ltr'><strong>consorte</strong></span> <span class='ocrx_word' id='word_1_104' title='bbox 1291 1665 1648 1736; x_wconf 86' lang='lat' dir='ltr'><strong>Cunigunda,</strong></span> <span class='ocrx_word' id='word_1_105' title='bbox 1672 1667 1744 1721; x_wconf 90' lang='lat' dir='ltr'><strong>ad</strong></span> <span class='ocrx_word' id='word_1_106' title='bbox 1767 1665 2040 1718; x_wconf 90' lang='lat' dir='ltr'><strong>honorem</strong></span> 
     </span>
    </p>
   </div>
   <div class='ocr_carea' id='block_1_17' title="bbox 343 1751 2040 1821">
    <p class='ocr_par' dir='ltr' id='par_1_17' title="bbox 343 1751 2040 1821">
     <span class='ocr_line' id='line_1_17' title="bbox 343 1751 2040 1821; baseline 0.001 -17"><span class='ocrx_word' id='word_1_107' title='bbox 343 1754 552 1805; x_wconf 65' lang='lat' dir='ltr'><strong>sancta</strong></span> <span class='ocrx_word' id='word_1_108' title='bbox 609 1751 705 1804; x_wconf 89' lang='lat' dir='ltr'><strong>Dei</strong></span> <span class='ocrx_word' id='word_1_109' title='bbox 736 1751 1028 1821; x_wconf 89' lang='lat' dir='ltr'><strong>genitricis</strong></span> <span class='ocrx_word' id='word_1_110' title='bbox 1083 1753 1270 1807; x_wconf 58' lang='lat' dir='ltr'><strong>Maria</strong></span> <span class='ocrx_word' id='word_1_111' title='bbox 1301 1753 1392 1807; x_wconf 91' lang='lat' dir='ltr'><strong>cui</strong></span> <span class='ocrx_word' id='word_1_112' title='bbox 1448 1755 1604 1808; x_wconf 90' lang='lat' dir='ltr'><strong>locus</strong></span> <span class='ocrx_word' id='word_1_113' title='bbox 1634 1753 1730 1808; x_wconf 89' lang='lat' dir='ltr'><strong>ille</strong></span> <span class='ocrx_word' id='word_1_114' title='bbox 1776 1755 2040 1809; x_wconf 84' lang='lat' dir='ltr'><strong>Hamma-</strong></span> 
     </span>
    </p>
   </div>
   <div class='ocr_carea' id='block_1_18' title="bbox 343 1839 2044 1912">
    <p class='ocr_par' dir='ltr' id='par_1_18' title="bbox 343 1839 2044 1912">
     <span class='ocr_line' id='line_1_18' title="bbox 343 1839 2044 1912; baseline 0.002 -20"><span class='ocrx_word' id='word_1_115' title='bbox 343 1839 492 1908; x_wconf 89' lang='lat' dir='ltr'><strong>burg</strong></span> <span class='ocrx_word' id='word_1_116' title='bbox 520 1842 606 1892; x_wconf 90' lang='lat' dir='ltr'><strong>est</strong></span> <span class='ocrx_word' id='word_1_117' title='bbox 638 1846 1020 1905; x_wconf 88' lang='lat' dir='ltr'><strong>consecratus,</strong></span> <span class='ocrx_word' id='word_1_118' title='bbox 1072 1839 1223 1894; x_wconf 90' lang='lat' dir='ltr'><strong>idem</strong></span> <span class='ocrx_word' id='word_1_119' title='bbox 1256 1841 1381 1895; x_wconf 92' lang='lat' dir='ltr'><strong>loco</strong></span> <span class='ocrx_word' id='word_1_120' title='bbox 1424 1842 1750 1912; x_wconf 83' lang='lat' dir='ltr'><strong>supradicto</strong></span> <span class='ocrx_word' id='word_1_121' title='bbox 1781 1840 2044 1896; x_wconf 89' lang='lat' dir='ltr'><strong>concedi-</strong></span> 
     </span>
    </p>
   </div>
   <div class='ocr_carea' id='block_1_19' title="bbox 344 1927 2044 1999">
    <p class='ocr_par' dir='ltr' id='par_1_19' title="bbox 344 1927 2044 1999">
     <span class='ocr_line' id='line_1_19' title="bbox 344 1927 2044 1999; baseline 0.001 -18"><span class='ocrx_word' id='word_1_122' title='bbox 344 1941 474 1981; x_wconf 90' lang='lat' dir='ltr'><strong>mus</strong></span> <span class='ocrx_word' id='word_1_123' title='bbox 556 1941 756 1980; x_wconf 89' lang='lat' dir='ltr'><strong>omues</strong></span> <span class='ocrx_word' id='word_1_124' title='bbox 817 1927 1210 1982; x_wconf 89' lang='lat' dir='ltr'><strong>concessiones</strong></span> <span class='ocrx_word' id='word_1_125' title='bbox 1283 1945 1424 1999; x_wconf 89' lang='lat' dir='ltr'><strong>quas</strong></span> <span class='ocrx_word' id='word_1_126' title='bbox 1489 1934 1886 1982; x_wconf 89' lang='lat' dir='ltr'><strong>concesserant</strong></span> <span class='ocrx_word' id='word_1_127' title='bbox 1933 1928 2044 1999; x_wconf 66' lang='lat' dir='ltr'><strong>piae</strong></span> 
     </span>
    </p>
   </div>
   <div class='ocr_carea' id='block_1_20' title="bbox 345 2013 2046 2087">
    <p class='ocr_par' dir='ltr' id='par_1_20' title="bbox 345 2013 2046 2087">
     <span class='ocr_line' id='line_1_20' title="bbox 345 2013 2046 2087; baseline 0.001 -20"><span class='ocrx_word' id='word_1_128' title='bbox 345 2013 644 2068; x_wconf 64' lang='lat' dir='ltr'><strong>memoria!</strong></span> <span class='ocrx_word' id='word_1_129' title='bbox 723 2014 1122 2085; x_wconf 86' lang='lat' dir='ltr'><strong>imperatores,</strong></span> <span class='ocrx_word' id='word_1_130' title='bbox 1200 2032 1338 2069; x_wconf 85' lang='lat' dir='ltr'><strong>avus</strong></span> <span class='ocrx_word' id='word_1_131' title='bbox 1414 2017 1626 2070; x_wconf 87' lang='lat' dir='ltr'><strong>scilicet</strong></span> <span class='ocrx_word' id='word_1_132' title='bbox 1688 2021 1744 2071; x_wconf 91' lang='lat' dir='ltr'><strong>et</strong></span> <span class='ocrx_word' id='word_1_133' title='bbox 1820 2017 2046 2087; x_wconf 85' lang='lat' dir='ltr'><strong>genitor</strong></span> 
     </span>
    </p>
   </div>
   <div class='ocr_carea' id='block_1_21' title="bbox 345 2103 2044 2174">
    <p class='ocr_par' dir='ltr' id='par_1_21' title="bbox 345 2103 2044 2174">
     <span class='ocr_line' id='line_1_21' title="bbox 345 2103 2044 2174; baseline 0 -17"><span class='ocrx_word' id='word_1_134' title='bbox 345 2108 560 2168; x_wconf 89' lang='lat' dir='ltr'><strong>noster,</strong></span> <span class='ocrx_word' id='word_1_135' title='bbox 624 2103 958 2174; x_wconf 68' lang='lat' dir='ltr'><strong>casterisque</strong></span> <span class='ocrx_word' id='word_1_136' title='bbox 1024 2104 1385 2158; x_wconf 89' lang='lat' dir='ltr'><strong>monasteriis</strong></span> <span class='ocrx_word' id='word_1_137' title='bbox 1439 2105 1508 2159; x_wconf 91' lang='lat' dir='ltr'><strong>ad</strong></span> <span class='ocrx_word' id='word_1_138' title='bbox 1565 2107 1711 2160; x_wconf 89' lang='lat' dir='ltr'><strong>hanc</strong></span> <span class='ocrx_word' id='word_1_139' title='bbox 1757 2104 2044 2160; x_wconf 79' lang='lat' dir='ltr'><strong>diceeesim</strong></span> 
     </span>
    </p>
   </div>
   <div class='ocr_carea' id='block_1_22' title="bbox 345 2190 2044 2261">
    <p class='ocr_par' dir='ltr' id='par_1_22' title="bbox 345 2190 2044 2261">
     <span class='ocr_line' id='line_1_22' title="bbox 345 2190 2044 2261; baseline 0.001 -17"><span class='ocrx_word' id='word_1_140' title='bbox 345 2190 782 2261; x_wconf 86' lang='lat' dir='ltr'><strong>pertinentibus,</strong></span> <span class='ocrx_word' id='word_1_141' title='bbox 819 2191 875 2245; x_wconf 92' lang='lat' dir='ltr'><strong>id</strong></span> <span class='ocrx_word' id='word_1_142' title='bbox 897 2197 981 2246; x_wconf 87' lang='lat' dir='ltr'><strong>est</strong></span> <span class='ocrx_word' id='word_1_143' title='bbox 1004 2193 1290 2258; x_wconf 89' lang='lat' dir='ltr'><strong>Bremum,</strong></span> <span class='ocrx_word' id='word_1_144' title='bbox 1324 2193 1632 2260; x_wconf 86' lang='lat' dir='ltr'><strong>Bukkium,</strong></span> <span class='ocrx_word' id='word_1_145' title='bbox 1657 2195 2044 2255; x_wconf 82' lang='lat' dir='ltr'><strong>Ramaslaum,</strong></span> 
     </span>
    </p>
   </div>
   <div class='ocr_carea' id='block_1_23' title="bbox 349 2278 2044 2351">
    <p class='ocr_par' dir='ltr' id='par_1_23' title="bbox 349 2278 2044 2351">
     <span class='ocr_line' id='line_1_23' title="bbox 349 2278 2044 2351; baseline 0.001 -17"><span class='ocrx_word' id='word_1_146' title='bbox 349 2278 708 2334; x_wconf 86' lang='lat' dir='ltr'><strong>Birchisinun</strong></span> <span class='ocrx_word' id='word_1_147' title='bbox 731 2320 746 2348; x_wconf 94' lang='lat'><strong>,</strong></span> <span class='ocrx_word' id='word_1_148' title='bbox 799 2279 1120 2350; x_wconf 86' lang='lat' dir='ltr'><strong>Hasalinge,</strong></span> <span class='ocrx_word' id='word_1_149' title='bbox 1171 2280 1487 2351; x_wconf 81' lang='lat' dir='ltr'><strong>Ripesholt,</strong></span> <span class='ocrx_word' id='word_1_150' title='bbox 1519 2298 1586 2335; x_wconf 88' lang='lat' dir='ltr'><strong>ea</strong></span> <span class='ocrx_word' id='word_1_151' title='bbox 1615 2282 1880 2336; x_wconf 89' lang='lat' dir='ltr'><strong>videlicet</strong></span> <span class='ocrx_word' id='word_1_152' title='bbox 1905 2297 2044 2335; x_wconf 91' lang='lat' dir='ltr'><strong>con-</strong></span> 
     </span>
    </p>
   </div>
   <div class='ocr_carea' id='block_1_24' title="bbox 346 2366 2048 2439">
    <p class='ocr_par' dir='ltr' id='par_1_24' title="bbox 346 2366 2048 2439">
     <span class='ocr_line' id='line_1_24' title="bbox 346 2366 2048 2439; baseline 0.001 -17"><span class='ocrx_word' id='word_1_153' title='bbox 346 2366 565 2422; x_wconf 89' lang='lat' dir='ltr'><strong>ditione</strong></span> <span class='ocrx_word' id='word_1_154' title='bbox 609 2372 674 2422; x_wconf 88' lang='lat' dir='ltr'><strong>ut</strong></span> <span class='ocrx_word' id='word_1_155' title='bbox 701 2384 930 2438; x_wconf 86' lang='lat' dir='ltr'><strong>semper</strong></span> <span class='ocrx_word' id='word_1_156' title='bbox 959 2369 1066 2422; x_wconf 90' lang='lat' dir='ltr'><strong>sub</strong></span> <span class='ocrx_word' id='word_1_157' title='bbox 1095 2369 1342 2423; x_wconf 90' lang='lat' dir='ltr'><strong>tuitione</strong></span> <span class='ocrx_word' id='word_1_158' title='bbox 1370 2377 1566 2423; x_wconf 86' lang='lat' dir='ltr'><strong>nostra</strong></span> <span class='ocrx_word' id='word_1_159' title='bbox 1609 2370 1726 2424; x_wconf 90' lang='lat' dir='ltr'><strong>sint</strong></span> <span class='ocrx_word' id='word_1_160' title='bbox 1749 2375 2048 2439; x_wconf 87' lang='lat' dir='ltr'><strong>perpetua-</strong></span> 
     </span>
    </p>
   </div>
   <div class='ocr_carea' id='block_1_25' title="bbox 346 2454 2048 2527">
    <p class='ocr_par' dir='ltr' id='par_1_25' title="bbox 346 2454 2048 2527">
     <span class='ocr_line' id='line_1_25' title="bbox 346 2454 2048 2527; baseline 0 -19"><span class='ocrx_word' id='word_1_161' title='bbox 346 2454 498 2521; x_wconf 89' lang='lat' dir='ltr'><strong>liter,</strong></span> <span class='ocrx_word' id='word_1_162' title='bbox 535 2460 591 2510; x_wconf 89' lang='lat' dir='ltr'><strong>et</strong></span> <span class='ocrx_word' id='word_1_163' title='bbox 613 2455 892 2527; x_wconf 88' lang='lat' dir='ltr'><strong>quidquid</strong></span> <span class='ocrx_word' id='word_1_164' title='bbox 909 2457 1084 2511; x_wconf 90' lang='lat' dir='ltr'><strong>modo</strong></span> <span class='ocrx_word' id='word_1_165' title='bbox 1114 2457 1384 2524; x_wconf 86' lang='lat' dir='ltr'><strong>habeant,</strong></span> <span class='ocrx_word' id='word_1_166' title='bbox 1414 2458 1503 2510; x_wconf 90' lang='lat' dir='ltr'><strong>vel</strong></span> <span class='ocrx_word' id='word_1_167' title='bbox 1553 2457 1824 2527; x_wconf 91' lang='lat' dir='ltr'><strong>deinceps</strong></span> <span class='ocrx_word' id='word_1_168' title='bbox 1855 2455 2048 2526; x_wconf 87' lang='lat' dir='ltr'><strong>aliquo</strong></span> 
     </span>
    </p>
   </div>
   <div class='ocr_carea' id='block_1_26' title="bbox 350 2543 2048 2615">
    <p class='ocr_par' dir='ltr' id='par_1_26' title="bbox 350 2543 2048 2615">
     <span class='ocr_line' id='line_1_26' title="bbox 350 2543 2048 2615; baseline 0.001 -20"><span class='ocrx_word' id='word_1_169' title='bbox 350 2543 522 2596; x_wconf 91' lang='lat' dir='ltr'><strong>modo</strong></span> <span class='ocrx_word' id='word_1_170' title='bbox 588 2543 892 2614; x_wconf 87' lang='lat' dir='ltr'><strong>adquirere</strong></span> <span class='ocrx_word' id='word_1_171' title='bbox 965 2543 1204 2615; x_wconf 87' lang='lat' dir='ltr'><strong>possint,</strong></span> <span class='ocrx_word' id='word_1_172' title='bbox 1271 2544 1353 2598; x_wconf 87' lang='lat' dir='ltr'><strong>eis</strong></span> <span class='ocrx_word' id='word_1_173' title='bbox 1404 2561 1718 2615; x_wconf 88' lang='lat' dir='ltr'><strong>eorumque</strong></span> <span class='ocrx_word' id='word_1_174' title='bbox 1783 2544 2048 2614; x_wconf 89' lang='lat' dir='ltr'><strong>episcopo</strong></span> 
     </span>
    </p>
   </div>
   <div class='ocr_carea' id='block_1_27' title="bbox 351 2631 2044 2704">
    <p class='ocr_par' dir='ltr' id='par_1_27' title="bbox 351 2631 2044 2704">
     <span class='ocr_line' id='line_1_27' title="bbox 351 2631 2044 2704; baseline 0.001 -21"><span class='ocrx_word' id='word_1_175' title='bbox 351 2631 528 2685; x_wconf 89' lang='lat' dir='ltr'><strong>libere</strong></span> <span class='ocrx_word' id='word_1_176' title='bbox 580 2632 848 2698; x_wconf 84' lang='lat' dir='ltr'><strong>serviant,</strong></span> <span class='ocrx_word' id='word_1_177' title='bbox 904 2631 1066 2686; x_wconf 89' lang='lat' dir='ltr'><strong>omni</strong></span> <span class='ocrx_word' id='word_1_178' title='bbox 1122 2632 1431 2704; x_wconf 88' lang='lat' dir='ltr'><strong>judiciaria</strong></span> <span class='ocrx_word' id='word_1_179' title='bbox 1483 2638 1762 2703; x_wconf 88' lang='lat' dir='ltr'><strong>potestate</strong></span> <span class='ocrx_word' id='word_1_180' title='bbox 1809 2635 2044 2686; x_wconf 90' lang='lat' dir='ltr'><strong>remota.</strong></span> 
     </span>
    </p>
   </div>
   <div class='ocr_carea' id='block_1_28' title="bbox 415 2718 2047 2790">
    <p class='ocr_par' dir='ltr' id='par_1_28' title="bbox 415 2718 2047 2790">
     <span class='ocr_line' id='line_1_28' title="bbox 415 2718 2047 2790; baseline -0.001 -18"><span class='ocrx_word' id='word_1_181' title='bbox 415 2718 797 2774; x_wconf 89' lang='lat' dir='ltr'><strong>Concedimus</strong></span> <span class='ocrx_word' id='word_1_182' title='bbox 851 2720 1089 2790; x_wconf 86' lang='lat' dir='ltr'><strong>insuper</strong></span> <span class='ocrx_word' id='word_1_183' title='bbox 1148 2720 1385 2790; x_wconf 61' lang='lat' dir='ltr'><strong>praefato</strong></span> <span class='ocrx_word' id='word_1_184' title='bbox 1417 2720 1847 2790; x_wconf 90' lang='lat' dir='ltr'><strong>archiepiscopo</strong></span> <span class='ocrx_word' id='word_1_185' title='bbox 1890 2719 2047 2790; x_wconf 88' lang='lat' dir='ltr'><strong>ejus-</strong></span> 
     </span>
    </p>
   </div>
   <div class='ocr_carea' id='block_1_29' title="bbox 355 2807 2049 2877">
    <p class='ocr_par' dir='ltr' id='par_1_29' title="bbox 355 2807 2049 2877">
     <span class='ocr_line' id='line_1_29' title="bbox 355 2807 2049 2877; baseline 0 -17"><span class='ocrx_word' id='word_1_186' title='bbox 355 2823 470 2877; x_wconf 89' lang='lat' dir='ltr'><strong>que</strong></span> <span class='ocrx_word' id='word_1_187' title='bbox 526 2807 948 2862; x_wconf 78' lang='lat' dir='ltr'><strong>successoribus</strong></span> <span class='ocrx_word' id='word_1_188' title='bbox 985 2808 1274 2863; x_wconf 87' lang='lat' dir='ltr'><strong>licentiam</strong></span> <span class='ocrx_word' id='word_1_189' title='bbox 1317 2809 1686 2863; x_wconf 89' lang='lat' dir='ltr'><strong>construendi</strong></span> <span class='ocrx_word' id='word_1_190' title='bbox 1732 2813 2049 2862; x_wconf 86' lang='lat' dir='ltr'><strong>mercatum</strong></span> 
     </span>
    </p>
   </div>
   <div class='ocr_carea' id='block_1_30' title="bbox 351 2895 2048 2966">
    <p class='ocr_par' dir='ltr' id='par_1_30' title="bbox 351 2895 2048 2966">
     <span class='ocr_line' id='line_1_30' title="bbox 351 2895 2048 2966; baseline 0.001 -17"><span class='ocrx_word' id='word_1_191' title='bbox 351 2895 412 2948; x_wconf 90' lang='lat' dir='ltr'><strong>in</strong></span> <span class='ocrx_word' id='word_1_192' title='bbox 457 2896 581 2950; x_wconf 90' lang='lat' dir='ltr'><strong>loco</strong></span> <span class='ocrx_word' id='word_1_193' title='bbox 636 2898 886 2950; x_wconf 88' lang='lat' dir='ltr'><strong>Bremun</strong></span> <span class='ocrx_word' id='word_1_194' title='bbox 932 2902 1286 2966; x_wconf 90' lang='lat' dir='ltr'><strong>nuncupato,</strong></span> <span class='ocrx_word' id='word_1_195' title='bbox 1317 2897 1572 2951; x_wconf 90' lang='lat' dir='ltr'><strong>bannum</strong></span> <span class='ocrx_word' id='word_1_196' title='bbox 1601 2902 1658 2952; x_wconf 89' lang='lat' dir='ltr'><strong>et</strong></span> <span class='ocrx_word' id='word_1_197' title='bbox 1691 2898 2048 2950; x_wconf 88' lang='lat' dir='ltr'><strong>theloneum.</strong></span> 
     </span>
    </p>
   </div>
   <div class='ocr_carea' id='block_1_31' title="bbox 2142 511 3772 587">
    <p class='ocr_par' dir='ltr' id='par_1_31' title="bbox 2142 511 3772 587">
     <span class='ocr_line' id='line_1_31' title="bbox 2142 511 3772 587; baseline 0.001 -19"><span class='ocrx_word' id='word_1_198' title='bbox 2142 515 2486 586; x_wconf 89' lang='lat' dir='ltr'><strong>quibusdam</strong></span> <span class='ocrx_word' id='word_1_199' title='bbox 2534 513 2824 568; x_wconf 90' lang='lat' dir='ltr'><strong>nobilibus</strong></span> <span class='ocrx_word' id='word_1_200' title='bbox 2857 511 3122 583; x_wconf 84' lang='lat' dir='ltr'><strong>personis</strong></span> <span class='ocrx_word' id='word_1_201' title='bbox 3153 511 3477 583; x_wconf 86' lang='lat' dir='ltr'><strong>Hildiburga</strong></span> <span class='ocrx_word' id='word_1_202' title='bbox 3504 521 3556 568; x_wconf 87' lang='lat' dir='ltr'><strong>et</strong></span> <span class='ocrx_word' id='word_1_203' title='bbox 3582 517 3772 587; x_wconf 86' lang='lat' dir='ltr'><strong>presby-</strong></span> 
     </span>
    </p>
   </div>
   <div class='ocr_carea' id='block_1_32' title="bbox 2143 601 3772 662">
    <p class='ocr_par' dir='ltr' id='par_1_32' title="bbox 2143 601 3772 662">
     <span class='ocr_line' id='line_1_32' title="bbox 2143 601 3772 662; baseline 0 -4"><span class='ocrx_word' id='word_1_204' title='bbox 2143 611 2260 662; x_wconf 81' lang='lat' dir='ltr'><strong>tero</strong></span> <span class='ocrx_word' id='word_1_205' title='bbox 2293 603 2588 659; x_wconf 84' lang='lat' dir='ltr'><strong>Folcharto</strong></span> <span class='ocrx_word' id='word_1_206' title='bbox 2633 619 2665 656; x_wconf 93' lang='lat' dir='ltr'><strong>a</strong></span> <span class='ocrx_word' id='word_1_207' title='bbox 2704 601 3092 656; x_wconf 82' lang='lat' dir='ltr'><strong>fundamentis</strong></span> <span class='ocrx_word' id='word_1_208' title='bbox 3121 602 3255 655; x_wconf 90' lang='lat' dir='ltr'><strong>olim</strong></span> <span class='ocrx_word' id='word_1_209' title='bbox 3288 601 3346 654; x_wconf 90' lang='lat' dir='ltr'><strong>in</strong></span> <span class='ocrx_word' id='word_1_210' title='bbox 3401 605 3512 656; x_wconf 91' lang='lat' dir='ltr'><strong>loco</strong></span> <span class='ocrx_word' id='word_1_211' title='bbox 3551 604 3772 658; x_wconf 78' lang='lat' dir='ltr'><strong>Mulinbe-</strong></span> 
     </span>
    </p>
   </div>
   <div class='ocr_carea' id='block_1_33' title="bbox 2143 691 3776 760">
    <p class='ocr_par' dir='ltr' id='par_1_33' title="bbox 2143 691 3776 760">
     <span class='ocr_line' id='line_1_33' title="bbox 2143 691 3776 760; baseline 0.001 -13"><span class='ocrx_word' id='word_1_212' title='bbox 2143 693 2244 747; x_wconf 89' lang='lat' dir='ltr'><strong>che</strong></span> <span class='ocrx_word' id='word_1_213' title='bbox 2295 696 2635 759; x_wconf 89' lang='lat' dir='ltr'><strong>constructo,</strong></span> <span class='ocrx_word' id='word_1_214' title='bbox 2696 692 3068 760; x_wconf 68' lang='lat' dir='ltr'><strong>nostramtjue</strong></span> <span class='ocrx_word' id='word_1_215' title='bbox 3101 691 3428 759; x_wconf 83' lang='lat' dir='ltr'><strong>suppliciter</strong></span> <span class='ocrx_word' id='word_1_216' title='bbox 3475 700 3672 760; x_wconf 81' lang='lat' dir='ltr'><strong>precata</strong></span> <span class='ocrx_word' id='word_1_217' title='bbox 3708 700 3776 748; x_wconf 88' lang='lat' dir='ltr'><strong>est</strong></span> 
     </span>
    </p>
   </div>
   <div class='ocr_carea' id='block_1_34' title="bbox 2142 776 3772 845">
    <p class='ocr_par' dir='ltr' id='par_1_34' title="bbox 2142 776 3772 845">
     <span class='ocr_line' id='line_1_34' title="bbox 2142 776 3772 845; baseline -0.001 -13"><span class='ocrx_word' id='word_1_218' title='bbox 2142 779 2467 843; x_wconf 80' lang='lat' dir='ltr'><strong>clementia,</strong></span> <span class='ocrx_word' id='word_1_219' title='bbox 2516 782 2576 830; x_wconf 89' lang='lat' dir='ltr'><strong>ut</strong></span> <span class='ocrx_word' id='word_1_220' title='bbox 2621 781 2679 831; x_wconf 89' lang='lat' dir='ltr'><strong>et</strong></span> <span class='ocrx_word' id='word_1_221' title='bbox 2721 793 2825 830; x_wconf 90' lang='lat' dir='ltr'><strong>nos</strong></span> <span class='ocrx_word' id='word_1_222' title='bbox 2869 776 3059 845; x_wconf 83' lang='lat' dir='ltr'><strong>ipsum</strong></span> <span class='ocrx_word' id='word_1_223' title='bbox 3095 777 3277 830; x_wconf 89' lang='lat' dir='ltr'><strong>locum</strong></span> <span class='ocrx_word' id='word_1_224' title='bbox 3338 791 3462 829; x_wconf 88' lang='lat' dir='ltr'><strong>cum</strong></span> <span class='ocrx_word' id='word_1_225' title='bbox 3503 778 3605 829; x_wconf 85' lang='lat' dir='ltr'><strong>suis</strong></span> <span class='ocrx_word' id='word_1_226' title='bbox 3634 778 3772 845; x_wconf 83' lang='lat' dir='ltr'><strong>perti-</strong></span> 
     </span>
    </p>
   </div>
   <div class='ocr_carea' id='block_1_35' title="bbox 2143 863 3773 936">
    <p class='ocr_par' dir='ltr' id='par_1_35' title="bbox 2143 863 3773 936">
     <span class='ocr_line' id='line_1_35' title="bbox 2143 863 3773 936; baseline 0 -16"><span class='ocrx_word' id='word_1_227' title='bbox 2143 866 2353 920; x_wconf 88' lang='lat' dir='ltr'><strong>nentiis</strong></span> <span class='ocrx_word' id='word_1_228' title='bbox 2393 866 2450 920; x_wconf 93' lang='lat' dir='ltr'><strong>in</strong></span> <span class='ocrx_word' id='word_1_229' title='bbox 2484 870 2744 920; x_wconf 88' lang='lat' dir='ltr'><strong>nostrum</strong></span> <span class='ocrx_word' id='word_1_230' title='bbox 2778 863 3173 917; x_wconf 88' lang='lat' dir='ltr'><strong>mundibrinm</strong></span> <span class='ocrx_word' id='word_1_231' title='bbox 3199 868 3255 917; x_wconf 92' lang='lat' dir='ltr'><strong>et</strong></span> <span class='ocrx_word' id='word_1_232' title='bbox 3283 863 3658 929; x_wconf 85' lang='lat' dir='ltr'><strong>defensionem,</strong></span> <span class='ocrx_word' id='word_1_233' title='bbox 3691 882 3773 936; x_wconf 86' lang='lat' dir='ltr'><strong>pro</strong></span> 
     </span>
    </p>
   </div>
   <div class='ocr_carea' id='block_1_36' title="bbox 2145 951 3773 1025">
    <p class='ocr_par' dir='ltr' id='par_1_36' title="bbox 2145 951 3773 1025">
     <span class='ocr_line' id='line_1_36' title="bbox 2145 951 3773 1025; baseline -0.001 -17"><span class='ocrx_word' id='word_1_234' title='bbox 2145 955 2538 1025; x_wconf 88' lang='lat' dir='ltr'><strong>redemptione</strong></span> <span class='ocrx_word' id='word_1_235' title='bbox 2566 954 2775 1008; x_wconf 77' lang='lat' dir='ltr'><strong>animae</strong></span> <span class='ocrx_word' id='word_1_236' title='bbox 2830 958 3038 1006; x_wconf 68' lang='lat' dir='ltr'><strong>nostra:</strong></span> <span class='ocrx_word' id='word_1_237' title='bbox 3076 951 3504 1022; x_wconf 81' lang='lat' dir='ltr'><strong>susciperemus,</strong></span> <span class='ocrx_word' id='word_1_238' title='bbox 3550 960 3600 1006; x_wconf 89' lang='lat' dir='ltr'><strong>et</strong></span> <span class='ocrx_word' id='word_1_239' title='bbox 3653 969 3773 1020; x_wconf 84' lang='lat' dir='ltr'><strong>eam,</strong></span> 
     </span>
    </p>
   </div>
   <div class='ocr_carea' id='block_1_37' title="bbox 2145 1041 3773 1114">
    <p class='ocr_par' dir='ltr' id='par_1_37' title="bbox 2145 1041 3773 1114">
     <span class='ocr_line' id='line_1_37' title="bbox 2145 1041 3773 1114; baseline 0.001 -21"><span class='ocrx_word' id='word_1_240' title='bbox 2145 1060 2275 1114; x_wconf 71' lang='lat' dir='ltr'><strong>qua:</strong></span> <span class='ocrx_word' id='word_1_241' title='bbox 2308 1044 2366 1098; x_wconf 89' lang='lat' dir='ltr'><strong>in</strong></span> <span class='ocrx_word' id='word_1_242' title='bbox 2415 1044 2532 1097; x_wconf 86' lang='lat' dir='ltr'><strong>suis</strong></span> <span class='ocrx_word' id='word_1_243' title='bbox 2582 1042 2804 1112; x_wconf 85' lang='lat' dir='ltr'><strong>scriptis</strong></span> <span class='ocrx_word' id='word_1_244' title='bbox 2857 1042 3091 1095; x_wconf 89' lang='lat' dir='ltr'><strong>inventa</strong></span> <span class='ocrx_word' id='word_1_245' title='bbox 3135 1047 3242 1107; x_wconf 89' lang='lat' dir='ltr'><strong>est,</strong></span> <span class='ocrx_word' id='word_1_246' title='bbox 3283 1041 3695 1094; x_wconf 87' lang='lat' dir='ltr'><strong>convenientiam</strong></span> <span class='ocrx_word' id='word_1_247' title='bbox 3729 1047 3773 1095; x_wconf 81' lang='lat' dir='ltr'><strong>et</strong></span> 
     </span>
    </p>
   </div>
   <div class='ocr_carea' id='block_1_38' title="bbox 2145 1129 3772 1199">
    <p class='ocr_par' dir='ltr' id='par_1_38' title="bbox 2145 1129 3772 1199">
     <span class='ocr_line' id='line_1_38' title="bbox 2145 1129 3772 1199; baseline -0.002 -13"><span class='ocrx_word' id='word_1_248' title='bbox 2145 1132 2494 1186; x_wconf 87' lang='lat' dir='ltr'><strong>oblationem</strong></span> <span class='ocrx_word' id='word_1_249' title='bbox 2548 1138 2758 1186; x_wconf 68' lang='lat' dir='ltr'><strong>nostras</strong></span> <span class='ocrx_word' id='word_1_250' title='bbox 2793 1130 3145 1184; x_wconf 86' lang='lat' dir='ltr'><strong>auctoritatis</strong></span> <span class='ocrx_word' id='word_1_251' title='bbox 3182 1129 3390 1199; x_wconf 90' lang='lat' dir='ltr'><strong>scripto</strong></span> <span class='ocrx_word' id='word_1_252' title='bbox 3429 1129 3772 1183; x_wconf 86' lang='lat' dir='ltr'><strong>corroborare-</strong></span> 
     </span>
    </p>
   </div>
   <div class='ocr_carea' id='block_1_39' title="bbox 2149 1216 3773 1291">
    <p class='ocr_par' dir='ltr' id='par_1_39' title="bbox 2149 1216 3773 1291">
     <span class='ocr_line' id='line_1_39' title="bbox 2149 1216 3773 1291; baseline -0.002 -16"><span class='ocrx_word' id='word_1_253' title='bbox 2149 1238 2294 1275; x_wconf 88' lang='lat' dir='ltr'><strong>mus.</strong></span> <span class='ocrx_word' id='word_1_254' title='bbox 2331 1222 2443 1275; x_wconf 87' lang='lat' dir='ltr'><strong>Nos</strong></span> <span class='ocrx_word' id='word_1_255' title='bbox 2475 1220 2688 1291; x_wconf 89' lang='lat' dir='ltr'><strong>itaque,</strong></span> <span class='ocrx_word' id='word_1_256' title='bbox 2719 1217 3232 1273; x_wconf 88' lang='lat' dir='ltr'><strong>intervenientibus</strong></span> <span class='ocrx_word' id='word_1_257' title='bbox 3254 1216 3566 1271; x_wconf 82' lang='lat' dir='ltr'><strong>Bernhardo</strong></span> <span class='ocrx_word' id='word_1_258' title='bbox 3592 1217 3709 1270; x_wconf 72' lang='lat' dir='ltr'><strong>duce</strong></span> <span class='ocrx_word' id='word_1_259' title='bbox 3732 1223 3773 1271; x_wconf 89' lang='lat' dir='ltr'><strong>et</strong></span> 
     </span>
    </p>
   </div>
   <div class='ocr_carea' id='block_1_40' title="bbox 2149 1305 3773 1382">
    <p class='ocr_par' dir='ltr' id='par_1_40' title="bbox 2149 1305 3773 1382">
     <span class='ocr_line' id='line_1_40' title="bbox 2149 1305 3773 1382; baseline -0.004 -18"><span class='ocrx_word' id='word_1_260' title='bbox 2149 1311 2415 1382; x_wconf 89' lang='lat' dir='ltr'><strong>episcopo</strong></span> <span class='ocrx_word' id='word_1_261' title='bbox 2448 1311 2585 1378; x_wconf 72' lang='grc'>(102)</span> <span class='ocrx_word' id='word_1_262' title='bbox 2611 1307 2966 1372; x_wconf 85' lang='lat' dir='ltr'><strong>Thiederico,</strong></span> <span class='ocrx_word' id='word_1_263' title='bbox 2997 1307 3057 1360; x_wconf 91' lang='lat' dir='ltr'><strong>in</strong></span> <span class='ocrx_word' id='word_1_264' title='bbox 3105 1306 3266 1376; x_wconf 88' lang='lat' dir='ltr'><strong>cujus</strong></span> <span class='ocrx_word' id='word_1_265' title='bbox 3297 1307 3401 1359; x_wconf 89' lang='lat' dir='ltr'><strong>hoc</strong></span> <span class='ocrx_word' id='word_1_266' title='bbox 3427 1305 3773 1359; x_wconf 80' lang='lat' dir='ltr'><strong>monasterium</strong></span> 
     </span>
    </p>
   </div>
   <div class='ocr_carea' id='block_1_41' title="bbox 2151 1397 3776 1472">
    <p class='ocr_par' dir='ltr' id='par_1_41' title="bbox 2151 1397 3776 1472">
     <span class='ocr_line' id='line_1_41' title="bbox 2151 1397 3776 1472; baseline -0.003 -18"><span class='ocrx_word' id='word_1_267' title='bbox 2151 1402 2407 1472; x_wconf 86' lang='lat' dir='ltr'><strong>puellare</strong></span> <span class='ocrx_word' id='word_1_268' title='bbox 2434 1406 2824 1454; x_wconf 85' lang='lat' dir='ltr'><strong>constructum</strong></span> <span class='ocrx_word' id='word_1_269' title='bbox 2855 1405 2939 1451; x_wconf 90' lang='lat' dir='ltr'><strong>est</strong></span> <span class='ocrx_word' id='word_1_270' title='bbox 2986 1397 3234 1463; x_wconf 67' lang='lat' dir='ltr'><strong>dicacem,</strong></span> <span class='ocrx_word' id='word_1_271' title='bbox 3268 1413 3368 1467; x_wconf 89' lang='lat' dir='ltr'><strong>pro</strong></span> <span class='ocrx_word' id='word_1_272' title='bbox 3394 1397 3586 1450; x_wconf 70' lang='lat' dir='ltr'><strong>divinae</strong></span> <span class='ocrx_word' id='word_1_273' title='bbox 3611 1411 3776 1449; x_wconf 85' lang='lat' dir='ltr'><strong>merce-</strong></span> 
     </span>
    </p>
   </div>
   <div class='ocr_carea' id='block_1_42' title="bbox 2151 1485 3776 1559">
    <p class='ocr_par' dir='ltr' id='par_1_42' title="bbox 2151 1485 3776 1559">
     <span class='ocr_line' id='line_1_42' title="bbox 2151 1485 3776 1559; baseline -0.006 -15"><span class='ocrx_word' id='word_1_274' title='bbox 2151 1490 2240 1544; x_wconf 92' lang='lat' dir='ltr'><strong>dis</strong></span> <span class='ocrx_word' id='word_1_275' title='bbox 2292 1494 2626 1559; x_wconf 89' lang='lat' dir='ltr'><strong>augmento,</strong></span> <span class='ocrx_word' id='word_1_276' title='bbox 2689 1486 2879 1557; x_wconf 89' lang='lat' dir='ltr'><strong>ipsum</strong></span> <span class='ocrx_word' id='word_1_277' title='bbox 2927 1486 3262 1540; x_wconf 86' lang='lat' dir='ltr'><strong>monasterii</strong></span> <span class='ocrx_word' id='word_1_278' title='bbox 3313 1487 3490 1538; x_wconf 90' lang='lat' dir='ltr'><strong>locum</strong></span> <span class='ocrx_word' id='word_1_279' title='bbox 3530 1500 3645 1538; x_wconf 87' lang='lat' dir='ltr'><strong>cum</strong></span> <span class='ocrx_word' id='word_1_280' title='bbox 3688 1485 3776 1536; x_wconf 82' lang='lat' dir='ltr'><strong>suis</strong></span> 
     </span>
    </p>
   </div>
   <div class='ocr_carea' id='block_1_43' title="bbox 2153 1572 3778 1648">
    <p class='ocr_par' dir='ltr' id='par_1_43' title="bbox 2153 1572 3778 1648">
     <span class='ocr_line' id='line_1_43' title="bbox 2153 1572 3778 1648; baseline -0.005 -16"><span class='ocrx_word' id='word_1_281' title='bbox 2153 1576 2484 1648; x_wconf 88' lang='lat' dir='ltr'><strong>adjacentiis</strong></span> <span class='ocrx_word' id='word_1_282' title='bbox 2515 1580 2572 1629; x_wconf 87' lang='lat' dir='ltr'><strong>et</strong></span> <span class='ocrx_word' id='word_1_283' title='bbox 2594 1574 2861 1628; x_wconf 90' lang='lat' dir='ltr'><strong>omnibus</strong></span> <span class='ocrx_word' id='word_1_284' title='bbox 2893 1573 3258 1645; x_wconf 90' lang='lat' dir='ltr'><strong>pertinentiis</strong></span> <span class='ocrx_word' id='word_1_285' title='bbox 3285 1572 3344 1626; x_wconf 89' lang='lat' dir='ltr'><strong>in</strong></span> <span class='ocrx_word' id='word_1_286' title='bbox 3379 1579 3617 1626; x_wconf 89' lang='lat' dir='ltr'><strong>nostrum</strong></span> <span class='ocrx_word' id='word_1_287' title='bbox 3654 1588 3778 1625; x_wconf 88' lang='lat' dir='ltr'><strong>mun-</strong></span> 
     </span>
    </p>
   </div>
   <div class='ocr_carea' id='block_1_44' title="bbox 2154 1661 3782 1734">
    <p class='ocr_par' dir='ltr' id='par_1_44' title="bbox 2154 1661 3782 1734">
     <span class='ocr_line' id='line_1_44' title="bbox 2154 1661 3782 1734; baseline -0.004 -14"><span class='ocrx_word' id='word_1_288' title='bbox 2154 1665 2464 1720; x_wconf 87' lang='lat' dir='ltr'><strong>diburdnm</strong></span> <span class='ocrx_word' id='word_1_289' title='bbox 2496 1663 2869 1734; x_wconf 87' lang='lat' dir='ltr'><strong>suscepimus,</strong></span> <span class='ocrx_word' id='word_1_290' title='bbox 2900 1668 2958 1716; x_wconf 93' lang='lat' dir='ltr'><strong>et</strong></span> <span class='ocrx_word' id='word_1_291' title='bbox 2990 1662 3058 1716; x_wconf 90' lang='lat' dir='ltr'><strong>ad</strong></span> <span class='ocrx_word' id='word_1_292' title='bbox 3109 1661 3365 1716; x_wconf 88' lang='lat' dir='ltr'><strong>ordinem</strong></span> <span class='ocrx_word' id='word_1_293' title='bbox 3409 1661 3640 1732; x_wconf 88' lang='lat' dir='ltr'><strong>priorum</strong></span> <span class='ocrx_word' id='word_1_294' title='bbox 3670 1676 3782 1730; x_wconf 78' lang='lat' dir='ltr'><strong>pne-</strong></span> 
     </span>
    </p>
   </div>
   <div class='ocr_carea' id='block_1_45' title="bbox 2154 1748 3782 1825">
    <p class='ocr_par' dir='ltr' id='par_1_45' title="bbox 2154 1748 3782 1825">
     <span class='ocr_line' id='line_1_45' title="bbox 2154 1748 3782 1825; baseline -0.005 -17"><span class='ocrx_word' id='word_1_295' title='bbox 2154 1761 2450 1825; x_wconf 91' lang='lat' dir='ltr'><strong>ceptorum</strong></span> <span class='ocrx_word' id='word_1_296' title='bbox 2498 1752 2557 1806; x_wconf 92' lang='lat' dir='ltr'><strong>in</strong></span> <span class='ocrx_word' id='word_1_297' title='bbox 2589 1751 2856 1806; x_wconf 89' lang='lat' dir='ltr'><strong>omnibus</strong></span> <span class='ocrx_word' id='word_1_298' title='bbox 2885 1749 3372 1812; x_wconf 87' lang='lat' dir='ltr'><strong>conﬁrmavimus,</strong></span> <span class='ocrx_word' id='word_1_299' title='bbox 3431 1750 3531 1802; x_wconf 90' lang='lat' dir='ltr'><strong>hoc</strong></span> <span class='ocrx_word' id='word_1_300' title='bbox 3559 1748 3782 1818; x_wconf 77' lang='lat' dir='ltr'><strong>regiain-</strong></span> 
     </span>
    </p>
   </div>
   <div class='ocr_carea' id='block_1_46' title="bbox 2153 1837 3782 1914">
    <p class='ocr_par' dir='ltr' id='par_1_46' title="bbox 2153 1837 3782 1914">
     <span class='ocr_line' id='line_1_46' title="bbox 2153 1837 3782 1914; baseline -0.005 -18"><span class='ocrx_word' id='word_1_301' title='bbox 2153 1843 2304 1914; x_wconf 89' lang='lat' dir='ltr'><strong>signi</strong></span> <span class='ocrx_word' id='word_1_302' title='bbox 2375 1840 2790 1895; x_wconf 89' lang='lat' dir='ltr'><strong>roboravimus.</strong></span> <span class='ocrx_word' id='word_1_303' title='bbox 2878 1841 2996 1895; x_wconf 82' lang='lat' dir='ltr'><strong>Hoc</strong></span> <span class='ocrx_word' id='word_1_304' title='bbox 3077 1838 3322 1892; x_wconf 85' lang='lat' dir='ltr'><strong>ﬁrmiter</strong></span> <span class='ocrx_word' id='word_1_305' title='bbox 3371 1837 3680 1901; x_wconf 87' lang='lat' dir='ltr'><strong>sancientes,</strong></span> <span class='ocrx_word' id='word_1_306' title='bbox 3736 1842 3782 1888; x_wconf 90' lang='lat' dir='ltr'><strong>ut</strong></span> 
     </span>
    </p>
   </div>
   <div class='ocr_carea' id='block_1_47' title="bbox 2154 1924 3780 1997">
    <p class='ocr_par' dir='ltr' id='par_1_47' title="bbox 2154 1924 3780 1997">
     <span class='ocr_line' id='line_1_47' title="bbox 2154 1924 3780 1997; baseline -0.005 -14"><span class='ocrx_word' id='word_1_307' title='bbox 2154 1928 2615 1984; x_wconf 87' lang='lat' dir='ltr'><strong>sanctimoniales</strong></span> <span class='ocrx_word' id='word_1_308' title='bbox 2642 1928 2723 1981; x_wconf 90' lang='lat' dir='ltr'><strong>ibi</strong></span> <span class='ocrx_word' id='word_1_309' title='bbox 2779 1928 2892 1981; x_wconf 90' lang='lat' dir='ltr'><strong>Deo</strong></span> <span class='ocrx_word' id='word_1_310' title='bbox 2936 1927 3137 1980; x_wconf 88' lang='lat' dir='ltr'><strong>devote</strong></span> <span class='ocrx_word' id='word_1_311' title='bbox 3177 1942 3282 1997; x_wconf 91' lang='lat' dir='ltr'><strong>per</strong></span> <span class='ocrx_word' id='word_1_312' title='bbox 3326 1924 3644 1980; x_wconf 84' lang='lat' dir='ltr'><strong>decessionis</strong></span> <span class='ocrx_word' id='word_1_313' title='bbox 3669 1929 3780 1976; x_wconf 87' lang='lat' dir='ltr'><strong>tem-</strong></span> 
     </span>
    </p>
   </div>
   <div class='ocr_carea' id='block_1_48' title="bbox 2154 2010 3781 2089">
    <p class='ocr_par' dir='ltr' id='par_1_48' title="bbox 2154 2010 3781 2089">
     <span class='ocr_line' id='line_1_48' title="bbox 2154 2010 3781 2089; baseline -0.006 -16"><span class='ocrx_word' id='word_1_314' title='bbox 2154 2035 2294 2089; x_wconf 92' lang='lat' dir='ltr'><strong>pora</strong></span> <span class='ocrx_word' id='word_1_315' title='bbox 2335 2033 2510 2088; x_wconf 90' lang='lat' dir='ltr'><strong>quam</strong></span> <span class='ocrx_word' id='word_1_316' title='bbox 2556 2016 2852 2070; x_wconf 89' lang='lat' dir='ltr'><strong>meliorem</strong></span> <span class='ocrx_word' id='word_1_317' title='bbox 2903 2015 3191 2080; x_wconf 90' lang='lat' dir='ltr'><strong>noverint,</strong></span> <span class='ocrx_word' id='word_1_318' title='bbox 3244 2014 3396 2068; x_wconf 86' lang='lat' dir='ltr'><strong>inter</strong></span> <span class='ocrx_word' id='word_1_319' title='bbox 3423 2028 3479 2066; x_wconf 89' lang='lat' dir='ltr'><strong>se</strong></span> <span class='ocrx_word' id='word_1_320' title='bbox 3523 2010 3781 2082; x_wconf 73' lang='lat' dir='ltr'><strong>eligantu-</strong></span> 
     </span>
    </p>
   </div>
   <div class='ocr_carea' id='block_1_49' title="bbox 2154 2098 3785 2174">
    <p class='ocr_par' dir='ltr' id='par_1_49' title="bbox 2154 2098 3785 2174">
     <span class='ocr_line' id='line_1_49' title="bbox 2154 2098 3785 2174; baseline -0.007 -12"><span class='ocrx_word' id='word_1_321' title='bbox 2154 2113 2368 2173; x_wconf 86' lang='lat' dir='ltr'><strong>center,</strong></span> <span class='ocrx_word' id='word_1_322' title='bbox 2396 2111 2453 2160; x_wconf 88' lang='lat' dir='ltr'><strong>et</strong></span> <span class='ocrx_word' id='word_1_323' title='bbox 2489 2104 2597 2159; x_wconf 90' lang='lat' dir='ltr'><strong>sibi</strong></span> <span class='ocrx_word' id='word_1_324' title='bbox 2641 2107 2982 2174; x_wconf 59' lang='lat' dir='ltr'><strong>praeponam</strong></span> <span class='ocrx_word' id='word_1_325' title='bbox 3010 2102 3378 2170; x_wconf 88' lang='lat' dir='ltr'><strong>abbatissam,</strong></span> <span class='ocrx_word' id='word_1_326' title='bbox 3425 2098 3785 2155; x_wconf 87' lang='lat' dir='ltr'><strong>communicato</strong></span> 
     </span>
    </p>
   </div>
   <div class='ocr_carea' id='block_1_50' title="bbox 2154 2185 3785 2268">
    <p class='ocr_par' dir='ltr' id='par_1_50' title="bbox 2154 2185 3785 2268">
     <span class='ocr_line' id='line_1_50' title="bbox 2154 2185 3785 2268; baseline -0.007 -17"><span class='ocrx_word' id='word_1_327' title='bbox 2154 2195 2411 2268; x_wconf 88' lang='lat' dir='ltr'><strong>episcopi</strong></span> <span class='ocrx_word' id='word_1_328' title='bbox 2439 2193 2526 2248; x_wconf 90' lang='lat' dir='ltr'><strong>sui</strong></span> <span class='ocrx_word' id='word_1_329' title='bbox 2557 2209 2856 2247; x_wconf 91' lang='lat' dir='ltr'><strong>consensu.</strong></span> <span class='ocrx_word' id='word_1_330' title='bbox 2916 2192 3158 2262; x_wconf 88' lang='lat' dir='ltr'><strong>Insuper</strong></span> <span class='ocrx_word' id='word_1_331' title='bbox 3202 2191 3379 2245; x_wconf 86' lang='lat' dir='ltr'><strong>etiam</strong></span> <span class='ocrx_word' id='word_1_332' title='bbox 3427 2189 3486 2243; x_wconf 91' lang='lat' dir='ltr'><strong>in</strong></span> <span class='ocrx_word' id='word_1_333' title='bbox 3512 2185 3668 2242; x_wconf 89' lang='lat' dir='ltr'><strong>nostri</strong></span> <span class='ocrx_word' id='word_1_334' title='bbox 3695 2201 3785 2240; x_wconf 84' lang='lat' dir='ltr'><strong>me-</strong></span> 
     </span>
    </p>
   </div>
   <div class='ocr_carea' id='block_1_51' title="bbox 2157 2276 3785 2345">
    <p class='ocr_par' dir='ltr' id='par_1_51' title="bbox 2157 2276 3785 2345">
     <span class='ocr_line' id='line_1_51' title="bbox 2157 2276 3785 2345; baseline -0.007 -8"><span class='ocrx_word' id='word_1_335' title='bbox 2157 2283 2398 2338; x_wconf 89' lang='lat' dir='ltr'><strong>moriam</strong></span> <span class='ocrx_word' id='word_1_336' title='bbox 2428 2281 2678 2336; x_wconf 88' lang='lat' dir='ltr'><strong>nominis</strong></span> <span class='ocrx_word' id='word_1_337' title='bbox 2703 2280 3108 2334; x_wconf 89' lang='lat' dir='ltr'><strong>concessimus.</strong></span> <span class='ocrx_word' id='word_1_338' title='bbox 3141 2284 3206 2332; x_wconf 91' lang='lat' dir='ltr'><strong>ut</strong></span> <span class='ocrx_word' id='word_1_339' title='bbox 3228 2279 3304 2332; x_wconf 88' lang='lat' dir='ltr'><strong>ab</strong></span> <span class='ocrx_word' id='word_1_340' title='bbox 3342 2276 3650 2332; x_wconf 89' lang='lat' dir='ltr'><strong>hominibus</strong></span> <span class='ocrx_word' id='word_1_341' title='bbox 3673 2289 3785 2345; x_wconf 72' lang='lat' dir='ltr'><strong>prae-</strong></span> 
     </span>
    </p>
   </div>
   <div class='ocr_carea' id='block_1_52' title="bbox 2157 2361 3789 2428">
    <p class='ocr_par' dir='ltr' id='par_1_52' title="bbox 2157 2361 3789 2428">
     <span class='ocr_line' id='line_1_52' title="bbox 2157 2361 3789 2428; baseline -0.008 -1"><span class='ocrx_word' id='word_1_342' title='bbox 2157 2373 2322 2428; x_wconf 61' lang='lat' dir='ltr'><strong>dictae</strong></span> <span class='ocrx_word' id='word_1_343' title='bbox 2370 2369 2624 2424; x_wconf 73' lang='lat' dir='ltr'><strong>ecclesias</strong></span> <span class='ocrx_word' id='word_1_344' title='bbox 2670 2369 2869 2423; x_wconf 88' lang='lat' dir='ltr'><strong>usibus</strong></span> <span class='ocrx_word' id='word_1_345' title='bbox 2927 2372 2984 2421; x_wconf 91' lang='lat' dir='ltr'><strong>et</strong></span> <span class='ocrx_word' id='word_1_346' title='bbox 3039 2367 3300 2420; x_wconf 88' lang='lat' dir='ltr'><strong>servituti</strong></span> <span class='ocrx_word' id='word_1_347' title='bbox 3361 2365 3667 2420; x_wconf 88' lang='lat' dir='ltr'><strong>ancillarum</strong></span> <span class='ocrx_word' id='word_1_348' title='bbox 3716 2361 3789 2416; x_wconf 85' lang='lat' dir='ltr'><strong>Dei</strong></span> 
     </span>
    </p>
   </div>
   <div class='ocr_carea' id='block_1_53' title="bbox 2157 2449 3791 2527">
    <p class='ocr_par' dir='ltr' id='par_1_53' title="bbox 2157 2449 3791 2527">
     <span class='ocr_line' id='line_1_53' title="bbox 2157 2449 3791 2527; baseline -0.006 -15"><span class='ocrx_word' id='word_1_349' title='bbox 2157 2458 2399 2514; x_wconf 89' lang='lat' dir='ltr'><strong>subditis</strong></span> <span class='ocrx_word' id='word_1_350' title='bbox 2427 2457 2636 2526; x_wconf 89' lang='lat' dir='ltr'><strong>regalis</strong></span> <span class='ocrx_word' id='word_1_351' title='bbox 2677 2457 2764 2510; x_wconf 86' lang='lat' dir='ltr'><strong>vel</strong></span> <span class='ocrx_word' id='word_1_352' title='bbox 2804 2455 3121 2527; x_wconf 88' lang='lat' dir='ltr'><strong>imperialis</strong></span> <span class='ocrx_word' id='word_1_353' title='bbox 3150 2470 3378 2516; x_wconf 87' lang='lat' dir='ltr'><strong>census,</strong></span> <span class='ocrx_word' id='word_1_354' title='bbox 3413 2453 3506 2523; x_wconf 89' lang='lat' dir='ltr'><strong>qui</strong></span> <span class='ocrx_word' id='word_1_355' title='bbox 3541 2452 3660 2505; x_wconf 86' lang='lat' dir='ltr'><strong>inde</strong></span> <span class='ocrx_word' id='word_1_356' title='bbox 3682 2449 3791 2502; x_wconf 75' lang='lat' dir='ltr'><strong>sale-</strong></span> 
     </span>
    </p>
   </div>
   <div class='ocr_carea' id='block_1_54' title="bbox 2157 2539 3792 2617">
    <p class='ocr_par' dir='ltr' id='par_1_54' title="bbox 2157 2539 3792 2617">
     <span class='ocr_line' id='line_1_54' title="bbox 2157 2539 3792 2617; baseline -0.007 -16"><span class='ocrx_word' id='word_1_357' title='bbox 2157 2548 2254 2602; x_wconf 87' lang='lat' dir='ltr'><strong>bat</strong></span> <span class='ocrx_word' id='word_1_358' title='bbox 2301 2545 2571 2617; x_wconf 89' lang='lat' dir='ltr'><strong>persolvi,</strong></span> <span class='ocrx_word' id='word_1_359' title='bbox 2611 2561 2642 2598; x_wconf 89' lang='lat' dir='ltr'><strong>a</strong></span> <span class='ocrx_word' id='word_1_360' title='bbox 2689 2545 2850 2599; x_wconf 91' lang='lat' dir='ltr'><strong>nullo</strong></span> <span class='ocrx_word' id='word_1_361' title='bbox 2875 2543 3104 2607; x_wconf 87' lang='lat' dir='ltr'><strong>comite,</strong></span> <span class='ocrx_word' id='word_1_362' title='bbox 3160 2543 3253 2596; x_wconf 88' lang='lat' dir='ltr'><strong>vel</strong></span> <span class='ocrx_word' id='word_1_363' title='bbox 3295 2540 3562 2612; x_wconf 89' lang='lat' dir='ltr'><strong>judiciali,</strong></span> <span class='ocrx_word' id='word_1_364' title='bbox 3590 2539 3691 2593; x_wconf 85' lang='lat' dir='ltr'><strong>sive</strong></span> <span class='ocrx_word' id='word_1_365' title='bbox 3730 2552 3792 2590; x_wconf 83' lang='lat' dir='ltr'><strong>re-</strong></span> 
     </span>
    </p>
   </div>
   <div class='ocr_carea' id='block_1_55' title="bbox 2158 2631 3794 2707">
    <p class='ocr_par' dir='ltr' id='par_1_55' title="bbox 2158 2631 3794 2707">
     <span class='ocr_line' id='line_1_55' title="bbox 2158 2631 3794 2707; baseline -0.008 -17"><span class='ocrx_word' id='word_1_366' title='bbox 2158 2636 2266 2707; x_wconf 54' lang='lat' dir='ltr'><strong>giae</strong></span> <span class='ocrx_word' id='word_1_367' title='bbox 2321 2633 2630 2690; x_wconf 87' lang='lat' dir='ltr'><strong>exactionis</strong></span> <span class='ocrx_word' id='word_1_368' title='bbox 2697 2648 2937 2704; x_wconf 90' lang='lat' dir='ltr'><strong>persona</strong></span> <span class='ocrx_word' id='word_1_369' title='bbox 3002 2632 3276 2700; x_wconf 89' lang='lat' dir='ltr'><strong>deinceps</strong></span> <span class='ocrx_word' id='word_1_370' title='bbox 3333 2631 3606 2700; x_wconf 82' lang='lat' dir='ltr'><strong>exigatur;</strong></span> <span class='ocrx_word' id='word_1_371' title='bbox 3657 2636 3705 2680; x_wconf 88' lang='lat' dir='ltr'><strong>et</strong></span> <span class='ocrx_word' id='word_1_372' title='bbox 3744 2631 3794 2678; x_wconf 87' lang='lat' dir='ltr'><strong>ut</strong></span> 
     </span>
    </p>
   </div>
   <div class='ocr_carea' id='block_1_56' title="bbox 2159 2713 3794 2790">
    <p class='ocr_par' dir='ltr' id='par_1_56' title="bbox 2159 2713 3794 2790">
     <span class='ocr_line' id='line_1_56' title="bbox 2159 2713 3794 2790; baseline -0.009 -11"><span class='ocrx_word' id='word_1_373' title='bbox 2159 2725 2352 2779; x_wconf 90' lang='lat' dir='ltr'><strong>nullus</strong></span> <span class='ocrx_word' id='word_1_374' title='bbox 2428 2738 2636 2789; x_wconf 90' lang='lat' dir='ltr'><strong>comes,</strong></span> <span class='ocrx_word' id='word_1_375' title='bbox 2714 2721 2802 2774; x_wconf 91' lang='lat' dir='ltr'><strong>vel</strong></span> <span class='ocrx_word' id='word_1_376' title='bbox 2877 2720 3054 2790; x_wconf 84' lang='lat' dir='ltr'><strong>judex</strong></span> <span class='ocrx_word' id='word_1_377' title='bbox 3135 2717 3420 2788; x_wconf 89' lang='lat' dir='ltr'><strong>publicus,</strong></span> <span class='ocrx_word' id='word_1_378' title='bbox 3484 2721 3576 2770; x_wconf 90' lang='lat' dir='ltr'><strong>aut</strong></span> <span class='ocrx_word' id='word_1_379' title='bbox 3641 2713 3794 2784; x_wconf 84' lang='lat' dir='ltr'><strong>aliqua</strong></span> 
     </span>
    </p>
   </div>
   <div class='ocr_carea' id='block_1_57' title="bbox 2159 2804 3795 2885">
    <p class='ocr_par' dir='ltr' id='par_1_57' title="bbox 2159 2804 3795 2885">
     <span class='ocr_line' id='line_1_57' title="bbox 2159 2804 3795 2885; baseline -0.01 -16"><span class='ocrx_word' id='word_1_380' title='bbox 2159 2819 2360 2885; x_wconf 88' lang='lat' dir='ltr'><strong>potens</strong></span> <span class='ocrx_word' id='word_1_381' title='bbox 2428 2826 2670 2880; x_wconf 88' lang='lat' dir='ltr'><strong>persona</strong></span> <span class='ocrx_word' id='word_1_382' title='bbox 2727 2809 2992 2863; x_wconf 90' lang='lat' dir='ltr'><strong>homines</strong></span> <span class='ocrx_word' id='word_1_383' title='bbox 3040 2808 3298 2878; x_wconf 60' lang='lat' dir='ltr'><strong>praefata:</strong></span> <span class='ocrx_word' id='word_1_384' title='bbox 3353 2807 3591 2860; x_wconf 70' lang='lat' dir='ltr'><strong>ecclesia:</strong></span> <span class='ocrx_word' id='word_1_385' title='bbox 3628 2804 3681 2856; x_wconf 90' lang='lat' dir='ltr'><strong>in</strong></span> <span class='ocrx_word' id='word_1_386' title='bbox 3716 2818 3795 2854; x_wconf 86' lang='lat' dir='ltr'><strong>suo</strong></span> 
     </span>
    </p>
   </div>
   <div class='ocr_carea' id='block_1_58' title="bbox 2155 2888 3796 2974">
    <p class='ocr_par' dir='ltr' id='par_1_58' title="bbox 2155 2888 3796 2974">
     <span class='ocr_line' id='line_1_58' title="bbox 2155 2888 3796 2974; baseline -0.009 -18"><span class='ocrx_word' id='word_1_387' title='bbox 2155 2900 2392 2974; x_wconf 88' lang='lat' dir='ltr'><strong>judicio,</strong></span> <span class='ocrx_word' id='word_1_388' title='bbox 2428 2900 2686 2954; x_wconf 91' lang='lat' dir='ltr'><strong>bannum</strong></span> <span class='ocrx_word' id='word_1_389' title='bbox 2719 2897 2802 2952; x_wconf 91' lang='lat' dir='ltr'><strong>eis</strong></span> <span class='ocrx_word' id='word_1_390' title='bbox 2831 2895 3208 2966; x_wconf 89' lang='lat' dir='ltr'><strong>imponendo,</strong></span> <span class='ocrx_word' id='word_1_391' title='bbox 3232 2901 3334 2950; x_wconf 91' lang='lat' dir='ltr'><strong>aut</strong></span> <span class='ocrx_word' id='word_1_392' title='bbox 3357 2893 3619 2966; x_wconf 87' lang='lat' dir='ltr'><strong>justitiam</strong></span> <span class='ocrx_word' id='word_1_393' title='bbox 3643 2891 3704 2944; x_wconf 88' lang='lat' dir='ltr'><strong>ab</strong></span> <span class='ocrx_word' id='word_1_394' title='bbox 3732 2888 3796 2942; x_wconf 85' lang='lat' dir='ltr'><strong>eis</strong></span> 
     </span>
    </p>
   </div>
   <div class='ocr_carea' id='block_1_59' title="bbox 352 2977 3792 3056">
    <p class='ocr_par' dir='ltr' id='par_1_59' title="bbox 352 2977 3792 3056">
     <span class='ocr_line' id='line_1_59' title="bbox 352 2977 3792 3056; baseline -0.002 -19"><span class='ocrx_word' id='word_1_395' title='bbox 352 2998 458 3037; x_wconf 90' lang='lat' dir='ltr'><strong>nec</strong></span> <span class='ocrx_word' id='word_1_396' title='bbox 494 2999 608 3038; x_wconf 90' lang='lat' dir='ltr'><strong>non</strong></span> <span class='ocrx_word' id='word_1_397' title='bbox 649 2988 937 3038; x_wconf 83' lang='lat' dir='ltr'><strong>monetam</strong></span> <span class='ocrx_word' id='word_1_398' title='bbox 992 2984 1207 3055; x_wconf 88' lang='lat' dir='ltr'><strong>publici</strong></span> <span class='ocrx_word' id='word_1_399' title='bbox 1254 2985 1522 3055; x_wconf 89' lang='lat' dir='ltr'><strong>ponderis</strong></span> <span class='ocrx_word' id='word_1_400' title='bbox 1551 2991 1608 3040; x_wconf 91' lang='lat' dir='ltr'><strong>et</strong></span> <span class='ocrx_word' id='word_1_401' title='bbox 1641 2985 1772 3056; x_wconf 89' lang='lat' dir='ltr'><strong>puri</strong></span> <span class='ocrx_word' id='word_1_402' title='bbox 1804 2984 2048 3056; x_wconf 88' lang='lat' dir='ltr'><strong>argenti,</strong></span> <span class='ocrx_word' id='word_1_403' title='bbox 2083 2977 2124 3033; x_wconf 80' lang='grc' dir='ltr'><strong>Ο</strong></span> <span class='ocrx_word' id='word_1_404' title='bbox 2163 2989 2378 3043; x_wconf 86' lang='lat' dir='ltr'><strong>nullam</strong></span> <span class='ocrx_word' id='word_1_405' title='bbox 2444 2987 2808 3056; x_wconf 72' lang='lat' dir='ltr'><strong>aliquatenus</strong></span> <span class='ocrx_word' id='word_1_406' title='bbox 2864 2983 3163 3054; x_wconf 81' lang='lat' dir='ltr'><strong>exigendo,</strong></span> <span class='ocrx_word' id='word_1_407' title='bbox 3235 2983 3443 3036; x_wconf 83' lang='lat' dir='ltr'><strong>audeat</strong></span> <span class='ocrx_word' id='word_1_408' title='bbox 3503 2979 3792 3050; x_wconf 83' lang='lat' dir='ltr'><strong>inquietare,</strong></span> 
     </span>
    </p>
   </div>
   <div class='ocr_carea' id='block_1_60' title="bbox 352 3073 2051 3144">
    <p class='ocr_par' dir='ltr' id='par_1_60' title="bbox 352 3073 2051 3144">
     <span class='ocr_line' id='line_1_60' title="bbox 352 3073 2051 3144; baseline 0.002 -19"><span class='ocrx_word' id='word_1_409' title='bbox 352 3073 677 3142; x_wconf 87' lang='lat' dir='ltr'><strong>totumque.</strong></span> <span class='ocrx_word' id='word_1_410' title='bbox 722 3111 735 3124; x_wconf 94' lang='lat'><strong>.</strong></span> <span class='ocrx_word' id='word_1_411' title='bbox 777 3113 792 3126; x_wconf 94' lang='lat'><strong>.</strong></span> <span class='ocrx_word' id='word_1_412' title='bbox 851 3076 1190 3142; x_wconf 85' lang='lat' dir='ltr'><strong>potestatem</strong></span> <span class='ocrx_word' id='word_1_413' title='bbox 1248 3073 1500 3144; x_wconf 88' lang='lat' dir='ltr'><strong>eligendi</strong></span> <span class='ocrx_word' id='word_1_414' title='bbox 1566 3076 1716 3128; x_wconf 89' lang='lat' dir='ltr'><strong>inter</strong></span> <span class='ocrx_word' id='word_1_415' title='bbox 1789 3090 1868 3141; x_wconf 90' lang='lat' dir='ltr'><strong>se,</strong></span> <span class='ocrx_word' id='word_1_416' title='bbox 1933 3073 2051 3128; x_wconf 84' lang='lat' dir='ltr'><strong>sive</strong></span> 
     </span>
    </p>
   </div>
   <div class='ocr_carea' id='block_1_61' title="bbox 354 3159 2051 3233">
    <p class='ocr_par' dir='ltr' id='par_1_61' title="bbox 354 3159 2051 3233">
     <span class='ocr_line' id='line_1_61' title="bbox 354 3159 2051 3233; baseline 0.002 -21"><span class='ocrx_word' id='word_1_417' title='bbox 354 3159 610 3225; x_wconf 88' lang='lat' dir='ltr'><strong>aliunde,</strong></span> <span class='ocrx_word' id='word_1_418' title='bbox 667 3160 713 3212; x_wconf 90' lang='lat' dir='ltr'><strong>si</strong></span> <span class='ocrx_word' id='word_1_419' title='bbox 775 3161 1076 3214; x_wconf 90' lang='lat' dir='ltr'><strong>necessitas</strong></span> <span class='ocrx_word' id='word_1_420' title='bbox 1130 3168 1412 3232; x_wconf 86' lang='lat' dir='ltr'><strong>exposcat,</strong></span> <span class='ocrx_word' id='word_1_421' title='bbox 1473 3163 1825 3233; x_wconf 89' lang='lat' dir='ltr'><strong>episcopum,</strong></span> <span class='ocrx_word' id='word_1_422' title='bbox 1884 3179 2051 3233; x_wconf 68' lang='lat' dir='ltr'><strong>aequo</strong></span> 
     </span>
    </p>
   </div>
   <div class='ocr_carea' id='block_1_62' title="bbox 354 3247 2052 3318">
    <p class='ocr_par' dir='ltr' id='par_1_62' title="bbox 354 3247 2052 3318">
     <span class='ocr_line' id='line_1_62' title="bbox 354 3247 2052 3318; baseline 0.001 -16"><span class='ocrx_word' id='word_1_423' title='bbox 354 3252 549 3302; x_wconf 84' lang='lat' dir='ltr'><strong>tamen</strong></span> <span class='ocrx_word' id='word_1_424' title='bbox 601 3247 752 3318; x_wconf 88' lang='lat' dir='ltr'><strong>regis</strong></span> <span class='ocrx_word' id='word_1_425' title='bbox 797 3264 1097 3303; x_wconf 91' lang='lat' dir='ltr'><strong>consensu.</strong></span> <span class='ocrx_word' id='word_1_426' title='bbox 1136 3250 1200 3303; x_wconf 88' lang='lat' dir='ltr'><strong>Et</strong></span> <span class='ocrx_word' id='word_1_427' title='bbox 1237 3254 1301 3304; x_wconf 89' lang='lat' dir='ltr'><strong>ut</strong></span> <span class='ocrx_word' id='word_1_428' title='bbox 1347 3251 1472 3303; x_wconf 91' lang='lat' dir='ltr'><strong>hoc.</strong></span> <span class='ocrx_word' id='word_1_429' title='bbox 1517 3289 1530 3301; x_wconf 93' lang='lat'><strong>.</strong></span> <span class='ocrx_word' id='word_1_430' title='bbox 1575 3289 1589 3304; x_wconf 92' lang='lat'><strong>.</strong></span> <span class='ocrx_word' id='word_1_431' title='bbox 1620 3250 1949 3304; x_wconf 90' lang='lat' dir='ltr'><strong>roboratam</strong></span> <span class='ocrx_word' id='word_1_432' title='bbox 1981 3250 2052 3303; x_wconf 90' lang='lat' dir='ltr'><strong>si-</strong></span> 
     </span>
    </p>
   </div>
   <div class='ocr_carea' id='block_1_63' title="bbox 358 3335 1712 3408">
    <p class='ocr_par' dir='ltr' id='par_1_63' title="bbox 358 3335 1712 3408">
     <span class='ocr_line' id='line_1_63' title="bbox 358 3335 1712 3408; baseline 0.003 -20"><span class='ocrx_word' id='word_1_433' title='bbox 358 3335 482 3405; x_wconf 91' lang='lat' dir='ltr'><strong>gilli</strong></span> <span class='ocrx_word' id='word_1_434' title='bbox 513 3336 692 3389; x_wconf 91' lang='lat' dir='ltr'><strong>nostri</strong></span> <span class='ocrx_word' id='word_1_435' title='bbox 721 3336 1098 3406; x_wconf 89' lang='lat' dir='ltr'><strong>impressione</strong></span> <span class='ocrx_word' id='word_1_436' title='bbox 1129 3337 1396 3407; x_wconf 88' lang='lat' dir='ltr'><strong>insigniri</strong></span> <span class='ocrx_word' id='word_1_437' title='bbox 1417 3338 1712 3408; x_wconf 88' lang='lat' dir='ltr'><strong>jussimus.</strong></span> 
     </span>
    </p>
   </div>
   <div class='ocr_carea' id='block_1_64' title="bbox 429 3424 1824 3496">
    <p class='ocr_par' dir='ltr' id='par_1_64' title="bbox 429 3424 1824 3496">
     <span class='ocr_line' id='line_1_64' title="bbox 429 3424 1824 3496; baseline -0.001 -16"><span class='ocrx_word' id='word_1_438' title='bbox 429 3425 657 3492; x_wconf 85' lang='lat' dir='ltr'><strong>Signum</strong></span> <span class='ocrx_word' id='word_1_439' title='bbox 687 3424 872 3479; x_wconf 77' lang='lat' dir='ltr'><strong>domui</strong></span> <span class='ocrx_word' id='word_1_440' title='bbox 890 3427 1132 3480; x_wconf 85' lang='lat' dir='ltr'><strong>Heinrici</strong></span> <span class='ocrx_word' id='word_1_441' title='bbox 1153 3426 1268 3496; x_wconf 82' lang='grc' dir='ltr'><strong>(Μ.)</strong></span> <span class='ocrx_word' id='word_1_442' title='bbox 1291 3428 1436 3493; x_wconf 87' lang='lat' dir='ltr'><strong>regis</strong></span> <span class='ocrx_word' id='word_1_443' title='bbox 1458 3428 1824 3480; x_wconf 77' lang='lat' dir='ltr'><strong>invictissimi.</strong></span> 
     </span>
    </p>
   </div>
   <div class='ocr_carea' id='block_1_65' title="bbox 429 3512 2051 3585">
    <p class='ocr_par' dir='ltr' id='par_1_65' title="bbox 429 3512 2051 3585">
     <span class='ocr_line' id='line_1_65' title="bbox 429 3512 2051 3585; baseline 0.002 -21"><span class='ocrx_word' id='word_1_444' title='bbox 429 3512 754 3582; x_wconf 86' lang='lat' dir='ltr'><strong>Egilbertus</strong></span> <span class='ocrx_word' id='word_1_445' title='bbox 809 3515 1178 3568; x_wconf 85' lang='lat' dir='ltr'><strong>cancellarius</strong></span> <span class='ocrx_word' id='word_1_446' title='bbox 1234 3515 1352 3568; x_wconf 91' lang='lat' dir='ltr'><strong>vice</strong></span> <span class='ocrx_word' id='word_1_447' title='bbox 1409 3514 1674 3584; x_wconf 89' lang='lat' dir='ltr'><strong>Willigisi</strong></span> <span class='ocrx_word' id='word_1_448' title='bbox 1703 3513 2051 3585; x_wconf 87' lang='lat' dir='ltr'><strong>archicapel-</strong></span> 
     </span>
    </p>
   </div>
   <div class='ocr_carea' id='block_1_66' title="bbox 360 3599 852 3671">
    <p class='ocr_par' dir='ltr' id='par_1_66' title="bbox 360 3599 852 3671">
     <span class='ocr_line' id='line_1_66' title="bbox 360 3599 852 3671; baseline 0.002 -17"><span class='ocrx_word' id='word_1_449' title='bbox 360 3599 478 3654; x_wconf 89' lang='lat' dir='ltr'><strong>lani</strong></span> <span class='ocrx_word' id='word_1_450' title='bbox 506 3601 852 3671; x_wconf 84' lang='lat' dir='ltr'><strong>recognovit.</strong></span> 
     </span>
    </p>
   </div>
   <div class='ocr_carea' id='block_1_67' title="bbox 433 3689 2050 3755">
    <p class='ocr_par' dir='ltr' id='par_1_67' title="bbox 433 3689 2050 3755">
     <span class='ocr_line' id='line_1_67' title="bbox 433 3689 2050 3755; baseline -0.001 -12"><span class='ocrx_word' id='word_1_451' title='bbox 433 3691 572 3743; x_wconf 86' lang='lat' dir='ltr'><strong>Data</strong></span> <span class='ocrx_word' id='word_1_452' title='bbox 621 3705 716 3744; x_wconf 81' lang='lat' dir='ltr'><strong>vui</strong></span> <span class='ocrx_word' id='word_1_453' title='bbox 773 3690 1054 3745; x_wconf 87' lang='lat' dir='ltr'><strong>Kalendas</strong></span> <span class='ocrx_word' id='word_1_454' title='bbox 1105 3689 1282 3755; x_wconf 80' lang='lat' dir='ltr'><strong>Junii,</strong></span> <span class='ocrx_word' id='word_1_455' title='bbox 1313 3706 1467 3745; x_wconf 91' lang='lat' dir='ltr'><strong>anno</strong></span> <span class='ocrx_word' id='word_1_456' title='bbox 1520 3690 1833 3746; x_wconf 68' lang='lat' dir='ltr'><strong>Dominica:</strong></span> <span class='ocrx_word' id='word_1_457' title='bbox 1863 3689 2050 3744; x_wconf 89' lang='lat' dir='ltr'><strong>incar-</strong></span> 
     </span>
    </p>
   </div>
   <div class='ocr_carea' id='block_1_68' title="bbox 363 3776 2052 3844">
    <p class='ocr_par' dir='ltr' id='par_1_68' title="bbox 363 3776 2052 3844">
     <span class='ocr_line' id='line_1_68' title="bbox 363 3776 2052 3844; baseline -0.001 -13"><span class='ocrx_word' id='word_1_458' title='bbox 363 3777 607 3832; x_wconf 89' lang='lat' dir='ltr'><strong>nationis</strong></span> <span class='ocrx_word' id='word_1_459' title='bbox 641 3779 796 3844; x_wconf 93' lang='grc'>1003,</span> <span class='ocrx_word' id='word_1_460' title='bbox 842 3777 1155 3832; x_wconf 89' lang='lat' dir='ltr'><strong>indictione</strong></span> <span class='ocrx_word' id='word_1_461' title='bbox 1190 3794 1228 3843; x_wconf 89' lang='grc' dir='ltr'>ι,</span> <span class='ocrx_word' id='word_1_462' title='bbox 1258 3793 1410 3832; x_wconf 90' lang='lat' dir='ltr'><strong>anno</strong></span> <span class='ocrx_word' id='word_1_463' title='bbox 1447 3793 1580 3832; x_wconf 88' lang='lat' dir='ltr'><strong>vero</strong></span> <span class='ocrx_word' id='word_1_464' title='bbox 1633 3777 1832 3832; x_wconf 87' lang='lat' dir='ltr'><strong>domui</strong></span> <span class='ocrx_word' id='word_1_465' title='bbox 1877 3776 2052 3831; x_wconf 84' lang='lat' dir='ltr'><strong>Hein-</strong></span> 
     </span>
    </p>
   </div>
   <div class='ocr_carea' id='block_1_69' title="bbox 359 3865 711 3938">
    <p class='ocr_par' dir='ltr' id='par_1_69' title="bbox 359 3865 711 3938">
     <span class='ocr_line' id='line_1_69' title="bbox 359 3865 711 3938; baseline 0.006 -19"><span class='ocrx_word' id='word_1_466' title='bbox 359 3865 463 3920; x_wconf 91' lang='lat' dir='ltr'><strong>rici</strong></span> <span class='ocrx_word' id='word_1_467' title='bbox 493 3866 644 3938; x_wconf 88' lang='lat' dir='ltr'><strong>regis</strong></span> <span class='ocrx_word' id='word_1_468' title='bbox 673 3883 711 3921; x_wconf 81' lang='grc' dir='ltr'><strong>ι.</strong></span> 
     </span>
    </p>
   </div>
   <div class='ocr_carea' id='block_1_70' title="bbox 430 3955 1182 4011">
    <p class='ocr_par' dir='ltr' id='par_1_70' title="bbox 430 3955 1182 4011">
     <span class='ocr_line' id='line_1_70' title="bbox 430 3955 1182 4011; baseline -0.001 -2"><span class='ocrx_word' id='word_1_469' title='bbox 430 3958 636 4010; x_wconf 81' lang='lat' dir='ltr'><strong>Actum</strong></span> <span class='ocrx_word' id='word_1_470' title='bbox 667 3955 1182 4011; x_wconf 87' lang='lat' dir='ltr'><strong>Gebehildehusou.</strong></span> 
     </span>
    </p>
   </div>
   <div class='ocr_carea' id='block_1_71' title="bbox 1131 4043 1288 4098">
    <p class='ocr_par' dir='ltr' id='par_1_71' title="bbox 1131 4043 1288 4098">
     <span class='ocr_line' id='line_1_71' title="bbox 1131 4043 1288 4098; baseline -0.019 0"><span class='ocrx_word' id='word_1_471' title='bbox 1131 4043 1288 4098; x_wconf 83' lang='lat' dir='ltr'><strong>XVII.</strong></span> 
     </span>
    </p>
   </div>
   <div class='ocr_carea' id='block_1_72' title="bbox 363 4131 2058 4199">
    <p class='ocr_par' dir='ltr' id='par_1_72' title="bbox 363 4131 2058 4199">
     <span class='ocr_line' id='line_1_72' title="bbox 363 4131 2058 4199; baseline -0.002 -14"><span class='ocrx_word' id='word_1_472' title='bbox 363 4131 613 4199; x_wconf 82' lang='lat' dir='ltr'><strong>Diploma</strong></span> <span class='ocrx_word' id='word_1_473' title='bbox 643 4131 700 4185; x_wconf 92' lang='lat' dir='ltr'><strong>S.</strong></span> <span class='ocrx_word' id='word_1_474' title='bbox 731 4133 951 4184; x_wconf 85' lang='lat' dir='ltr'><strong>Henrici</strong></span> <span class='ocrx_word' id='word_1_475' title='bbox 995 4133 1139 4198; x_wconf 87' lang='lat' dir='ltr'><strong>regis</strong></span> <span class='ocrx_word' id='word_1_476' title='bbox 1170 4131 1540 4184; x_wconf 80' lang='lat' dir='ltr'><strong>Romanorum</strong></span> <span class='ocrx_word' id='word_1_477' title='bbox 1592 4144 1698 4198; x_wconf 82' lang='lat' dir='ltr'><strong>pro</strong></span> <span class='ocrx_word' id='word_1_478' title='bbox 1725 4131 2058 4198; x_wconf 83' lang='lat' dir='ltr'><strong>parthenone</strong></span> 
     </span>
    </p>
   </div>
   <div class='ocr_carea' id='block_1_73' title="bbox 433 4199 2054 4269">
    <p class='ocr_par' dir='ltr' id='par_1_73' title="bbox 433 4199 2054 4269">
     <span class='ocr_line' id='line_1_73' title="bbox 433 4199 2054 4269; baseline -0.001 -15"><span class='ocrx_word' id='word_1_479' title='bbox 433 4200 869 4266; x_wconf 72' lang='lat' dir='ltr'><strong>Mulmbechano,</strong></span> <span class='ocrx_word' id='word_1_480' title='bbox 900 4216 1004 4267; x_wconf 88' lang='lat' dir='ltr'><strong>quo</strong></span> <span class='ocrx_word' id='word_1_481' title='bbox 1057 4203 1347 4269; x_wconf 78' lang='lat' dir='ltr'><strong>privilegia</strong></span> <span class='ocrx_word' id='word_1_482' title='bbox 1401 4200 1571 4254; x_wconf 82' lang='lat' dir='ltr'><strong>eidem</strong></span> <span class='ocrx_word' id='word_1_483' title='bbox 1609 4200 1676 4253; x_wconf 87' lang='lat' dir='ltr'><strong>ab</strong></span> <span class='ocrx_word' id='word_1_484' title='bbox 1724 4199 1967 4264; x_wconf 79' lang='lat' dir='ltr'><strong>Amulfo</strong></span> <span class='ocrx_word' id='word_1_485' title='bbox 2004 4204 2054 4252; x_wconf 87' lang='lat' dir='ltr'><strong>et</strong></span> 
     </span>
    </p>
   </div>
   <div class='ocr_carea' id='block_1_74' title="bbox 435 4249 2128 4339">
    <p class='ocr_par' dir='ltr' id='par_1_74' title="bbox 435 4249 2128 4339">
     <span class='ocr_line' id='line_1_74' title="bbox 435 4249 2128 4339; baseline -0.001 -14"><span class='ocrx_word' id='word_1_486' title='bbox 435 4249 1173 4339; x_wconf 59' lang='grc' dir='ltr'><strong>δὶὲὸῆἷὶῖἑιῆῥὲιῗιᾶὀνίῐὶιξ</strong></span> <span class='ocrx_word' id='word_1_487' title='bbox 1189 4249 1796 4338; x_wconf 55' lang='grc' dir='ltr'><strong>’ὸὸῗὶίῖεεὲἆέὸὶινῖιῖγηὰζ</strong></span> <span class='ocrx_word' id='word_1_488' title='bbox 1815 4249 2054 4324; x_wconf 56' lang='grc' dir='ltr'><strong>’ὶὲὗὲνᾶιῶ</strong></span> <span class='ocrx_word' id='word_1_489' title='bbox 2086 4249 2128 4302; x_wconf 74' lang='grc' dir='ltr'><strong>ί)</strong></span> 
     </span>
    </p>
   </div>
   <div class='ocr_carea' id='block_1_75' title="bbox 434 4339 1698 4410">
    <p class='ocr_par' dir='ltr' id='par_1_75' title="bbox 434 4339 1698 4410">
     <span class='ocr_line' id='line_1_75' title="bbox 434 4339 1698 4410; baseline 0.002 -18"><span class='ocrx_word' id='word_1_490' title='bbox 434 4339 692 4406; x_wconf 60' lang='lat' dir='ltr'><strong>eligenda</strong></span> <span class='ocrx_word' id='word_1_491' title='bbox 709 4340 998 4394; x_wconf 72' lang='lat' dir='ltr'><strong>abbatissa:</strong></span> <span class='ocrx_word' id='word_1_492' title='bbox 1020 4346 1334 4410; x_wconf 84' lang='lat' dir='ltr'><strong>potestatem</strong></span> <span class='ocrx_word' id='word_1_493' title='bbox 1361 4341 1571 4408; x_wconf 78' lang='lat' dir='ltr'><strong>tribuit,</strong></span> <span class='ocrx_word' id='word_1_494' title='bbox 1595 4346 1698 4394; x_wconf 90' lang='lat' dir='ltr'><strong>etc.</strong></span> 
     </span>
    </p>
   </div>
   <div class='ocr_carea' id='block_1_76' title="bbox 1003 4429 1420 4499">
    <p class='ocr_par' dir='ltr' id='par_1_76' title="bbox 1003 4429 1420 4499">
     <span class='ocr_line' id='line_1_76' title="bbox 1003 4429 1420 4499; baseline 0.002 -17"><span class='ocrx_word' id='word_1_495' title='bbox 1003 4429 1188 4499; x_wconf 83' lang='lat' dir='ltr'><strong>(Anno</strong></span> <span class='ocrx_word' id='word_1_496' title='bbox 1245 4429 1420 4499; x_wconf 87' lang='lat' dir='ltr'><strong>l003.)</strong></span> 
     </span>
    </p>
   </div>
   <div class='ocr_carea' id='block_1_77' title="bbox 687 4515 1741 4589">
    <p class='ocr_par' dir='ltr' id='par_1_77' title="bbox 687 4515 1741 4589">
     <span class='ocr_line' id='line_1_77' title="bbox 687 4515 1741 4589; baseline 0.002 -19"><span class='ocrx_word' id='word_1_497' title='bbox 687 4515 985 4589; x_wconf 80' lang='lat' dir='ltr'><strong>[Martene,</strong></span> <span class='ocrx_word' id='word_1_498' title='bbox 1027 4519 1216 4587; x_wconf 74' lang='lat' dir='ltr'><strong>Ampi.</strong></span> <span class='ocrx_word' id='word_1_499' title='bbox 1269 4518 1479 4574; x_wconf 79' lang='lat' dir='ltr'><strong>Collect.</strong></span> <span class='ocrx_word' id='word_1_500' title='bbox 1515 4519 1555 4585; x_wconf 91' lang='lat' dir='ltr'><strong>l,</strong></span> <span class='ocrx_word' id='word_1_501' title='bbox 1590 4518 1741 4586; x_wconf 85' lang='lat'><strong>363.)</strong></span> 
     </span>
    </p>
   </div>
   <div class='ocr_carea' id='block_1_78' title="bbox 440 4605 2055 4678">
    <p class='ocr_par' dir='ltr' id='par_1_78' title="bbox 440 4605 2055 4678">
     <span class='ocr_line' id='line_1_78' title="bbox 440 4605 2055 4678; baseline 0 -18"><span class='ocrx_word' id='word_1_502' title='bbox 440 4607 500 4660; x_wconf 90' lang='lat' dir='ltr'><strong>ln</strong></span> <span class='ocrx_word' id='word_1_503' title='bbox 556 4605 790 4658; x_wconf 89' lang='lat' dir='ltr'><strong>nomine</strong></span> <span class='ocrx_word' id='word_1_504' title='bbox 850 4611 1058 4678; x_wconf 74' lang='lat' dir='ltr'><strong>sancta:</strong></span> <span class='ocrx_word' id='word_1_505' title='bbox 1109 4611 1167 4660; x_wconf 92' lang='lat' dir='ltr'><strong>et</strong></span> <span class='ocrx_word' id='word_1_506' title='bbox 1214 4606 1464 4660; x_wconf 67' lang='lat' dir='ltr'><strong>invidum</strong></span> <span class='ocrx_word' id='word_1_507' title='bbox 1495 4605 1808 4672; x_wconf 87' lang='lat' dir='ltr'><strong>Trinitatis,</strong></span> <span class='ocrx_word' id='word_1_508' title='bbox 1858 4609 2055 4661; x_wconf 75' lang='lat' dir='ltr'><strong>Hamu-</strong></span> 
     </span>
    </p>
   </div>
   <div class='ocr_carea' id='block_1_79' title="bbox 367 4693 1410 4750">
    <p class='ocr_par' dir='ltr' id='par_1_79' title="bbox 367 4693 1410 4750">
     <span class='ocr_line' id='line_1_79' title="bbox 367 4693 1410 4750; baseline 0.001 -2"><span class='ocrx_word' id='word_1_509' title='bbox 367 4710 465 4748; x_wconf 85' lang='lat' dir='ltr'><strong>cus</strong></span> <span class='ocrx_word' id='word_1_510' title='bbox 494 4693 688 4748; x_wconf 86' lang='lat' dir='ltr'><strong>divina</strong></span> <span class='ocrx_word' id='word_1_511' title='bbox 713 4695 936 4749; x_wconf 88' lang='lat' dir='ltr'><strong>favente</strong></span> <span class='ocrx_word' id='word_1_512' title='bbox 960 4694 1263 4749; x_wconf 89' lang='lat' dir='ltr'><strong>clementia</strong></span> <span class='ocrx_word' id='word_1_513' title='bbox 1292 4711 1410 4750; x_wconf 85' lang='lat' dir='ltr'><strong>rex.</strong></span> 
     </span>
    </p>
   </div>
   <div class='ocr_carea' id='block_1_80' title="bbox 436 4782 2063 4839">
    <p class='ocr_par' dir='ltr' id='par_1_80' title="bbox 436 4782 2063 4839">
     <span class='ocr_line' id='line_1_80' title="bbox 436 4782 2063 4839; baseline 0 -1"><span class='ocrx_word' id='word_1_514' title='bbox 436 4782 494 4839; x_wconf 89' lang='lat' dir='ltr'><strong>Si</strong></span> <span class='ocrx_word' id='word_1_515' title='bbox 537 4783 658 4837; x_wconf 93' lang='lat' dir='ltr'><strong>loca</strong></span> <span class='ocrx_word' id='word_1_516' title='bbox 706 4782 900 4837; x_wconf 89' lang='lat' dir='ltr'><strong>divino</strong></span> <span class='ocrx_word' id='word_1_517' title='bbox 964 4783 1144 4838; x_wconf 92' lang='lat' dir='ltr'><strong>cultui</strong></span> <span class='ocrx_word' id='word_1_518' title='bbox 1191 4784 1375 4838; x_wconf 91' lang='lat' dir='ltr'><strong>dicata</strong></span> <span class='ocrx_word' id='word_1_519' title='bbox 1419 4788 1613 4839; x_wconf 87' lang='lat' dir='ltr'><strong>nostro</strong></span> <span class='ocrx_word' id='word_1_520' title='bbox 1673 4782 2063 4838; x_wconf 87' lang='lat' dir='ltr'><strong>studuerimus</strong></span> 
     </span>
    </p>
   </div>
   <div class='ocr_carea' id='block_1_81' title="bbox 364 4870 2063 4943">
    <p class='ocr_par' dir='ltr' id='par_1_81' title="bbox 364 4870 2063 4943">
     <span class='ocr_line' id='line_1_81' title="bbox 364 4870 2063 4943; baseline 0.001 -17"><span class='ocrx_word' id='word_1_521' title='bbox 364 4871 718 4942; x_wconf 74' lang='lat' dir='ltr'><strong>amplificare</strong></span> <span class='ocrx_word' id='word_1_522' title='bbox 758 4870 1033 4939; x_wconf 89' lang='lat' dir='ltr'><strong>subsidio,</strong></span> <span class='ocrx_word' id='word_1_523' title='bbox 1067 4872 1268 4926; x_wconf 69' lang='lat' dir='ltr'><strong>aeterni</strong></span> <span class='ocrx_word' id='word_1_524' title='bbox 1309 4873 1475 4937; x_wconf 77' lang='lat' dir='ltr'><strong>regni</strong></span> <span class='ocrx_word' id='word_1_525' title='bbox 1501 4872 1824 4943; x_wconf 88' lang='lat' dir='ltr'><strong>portionem</strong></span> <span class='ocrx_word' id='word_1_526' title='bbox 1864 4889 1970 4927; x_wconf 89' lang='lat' dir='ltr'><strong>nos</strong></span> <span class='ocrx_word' id='word_1_527' title='bbox 1989 4874 2063 4927; x_wconf 91' lang='lat' dir='ltr'><strong>ob</strong></span> 
     </span>
    </p>
   </div>
   <div class='ocr_carea' id='block_1_82' title="bbox 367 4959 2066 5032">
    <p class='ocr_par' dir='ltr' id='par_1_82' title="bbox 367 4959 2066 5032">
     <span class='ocr_line' id='line_1_82' title="bbox 367 4959 2066 5032; baseline -0.001 -16"><span class='ocrx_word' id='word_1_528' title='bbox 367 4961 476 5016; x_wconf 93' lang='lat' dir='ltr'><strong>hoc</strong></span> <span class='ocrx_word' id='word_1_529' title='bbox 500 4960 805 5032; x_wconf 89' lang='lat' dir='ltr'><strong>adepturos</strong></span> <span class='ocrx_word' id='word_1_530' title='bbox 855 4974 976 5015; x_wconf 90' lang='lat' dir='ltr'><strong>esse</strong></span> <span class='ocrx_word' id='word_1_531' title='bbox 1023 4959 1246 5031; x_wconf 91' lang='lat' dir='ltr'><strong>liquido</strong></span> <span class='ocrx_word' id='word_1_532' title='bbox 1285 4961 1649 5016; x_wconf 82' lang='lat' dir='ltr'><strong>conﬁdimus.</strong></span> <span class='ocrx_word' id='word_1_533' title='bbox 1703 4962 2066 5032; x_wconf 88' lang='lat' dir='ltr'><strong>Quapropter</strong></span> 
     </span>
    </p>
   </div>
   <div class='ocr_carea' id='block_1_83' title="bbox 372 5049 2065 5121">
    <p class='ocr_par' dir='ltr' id='par_1_83' title="bbox 372 5049 2065 5121">
     <span class='ocr_line' id='line_1_83' title="bbox 372 5049 2065 5121; baseline 0.001 -17"><span class='ocrx_word' id='word_1_534' title='bbox 372 5050 594 5120; x_wconf 86' lang='lat' dir='ltr'><strong>noverit</strong></span> <span class='ocrx_word' id='word_1_535' title='bbox 620 5049 881 5104; x_wconf 88' lang='lat' dir='ltr'><strong>omnium</strong></span> <span class='ocrx_word' id='word_1_536' title='bbox 907 5049 1163 5105; x_wconf 86' lang='lat' dir='ltr'><strong>ﬁdelium</strong></span> <span class='ocrx_word' id='word_1_537' title='bbox 1187 5055 1537 5118; x_wconf 88' lang='lat' dir='ltr'><strong>nostrorum,</strong></span> <span class='ocrx_word' id='word_1_538' title='bbox 1560 5050 1930 5121; x_wconf 66' lang='lat' dir='ltr'><strong>praesentium</strong></span> <span class='ocrx_word' id='word_1_539' title='bbox 1958 5051 2065 5105; x_wconf 85' lang='lat' dir='ltr'><strong>sci-</strong></span> 
     </span>
    </p>
   </div>
   <div class='ocr_carea' id='block_1_84' title="bbox 373 5138 2064 5211">
    <p class='ocr_par' dir='ltr' id='par_1_84' title="bbox 373 5138 2064 5211">
     <span class='ocr_line' id='line_1_84' title="bbox 373 5138 2064 5211; baseline 0.002 -20"><span class='ocrx_word' id='word_1_540' title='bbox 373 5138 505 5192; x_wconf 90' lang='lat' dir='ltr'><strong>licet</strong></span> <span class='ocrx_word' id='word_1_541' title='bbox 533 5143 704 5210; x_wconf 90' lang='lat' dir='ltr'><strong>atque</strong></span> <span class='ocrx_word' id='word_1_542' title='bbox 753 5140 1104 5207; x_wconf 84' lang='lat' dir='ltr'><strong>futurorum,</strong></span> <span class='ocrx_word' id='word_1_543' title='bbox 1162 5138 1464 5205; x_wconf 90' lang='lat' dir='ltr'><strong>industria,</strong></span> <span class='ocrx_word' id='word_1_544' title='bbox 1505 5139 1752 5211; x_wconf 86' lang='lat' dir='ltr'><strong>qualiter</strong></span> <span class='ocrx_word' id='word_1_545' title='bbox 1797 5140 2064 5210; x_wconf 71' lang='lat' dir='ltr'><strong>quaedam</strong></span> 
     </span>
    </p>
   </div>
   <div class='ocr_carea' id='block_1_85' title="bbox 372 5221 2064 5295">
    <p class='ocr_par' dir='ltr' id='par_1_85' title="bbox 372 5221 2064 5295">
     <span class='ocr_line' id='line_1_85' title="bbox 372 5221 2064 5295; baseline 0.003 -22"><span class='ocrx_word' id='word_1_546' title='bbox 372 5221 712 5277; x_wconf 86' lang='lat' dir='ltr'><strong>venerabilis</strong></span> <span class='ocrx_word' id='word_1_547' title='bbox 751 5223 1055 5290; x_wconf 89' lang='lat' dir='ltr'><strong>abbatissa,</strong></span> <span class='ocrx_word' id='word_1_548' title='bbox 1088 5223 1324 5278; x_wconf 91' lang='lat' dir='ltr'><strong>nomine</strong></span> <span class='ocrx_word' id='word_1_549' title='bbox 1357 5223 1641 5288; x_wconf 89' lang='lat' dir='ltr'><strong>Bertheid,</strong></span> <span class='ocrx_word' id='word_1_550' title='bbox 1678 5224 2064 5295; x_wconf 65' lang='lat' dir='ltr'><strong>quaedamin:-</strong></span> 
     </span>
    </p>
   </div>
   <div class='ocr_carea' id='block_1_86' title="bbox 369 5307 2063 5383">
    <p class='ocr_par' dir='ltr' id='par_1_86' title="bbox 369 5307 2063 5383">
     <span class='ocr_line' id='line_1_86' title="bbox 369 5307 2063 5383; baseline 0.002 -21"><span class='ocrx_word' id='word_1_551' title='bbox 369 5307 610 5380; x_wconf 86' lang='lat' dir='ltr'><strong>perialia</strong></span> <span class='ocrx_word' id='word_1_552' title='bbox 665 5312 872 5366; x_wconf 90' lang='lat' dir='ltr'><strong>nostris</strong></span> <span class='ocrx_word' id='word_1_553' title='bbox 929 5312 1226 5368; x_wconf 89' lang='lat' dir='ltr'><strong>obtutibus</strong></span> <span class='ocrx_word' id='word_1_554' title='bbox 1271 5311 1703 5383; x_wconf 61' lang='lat' dir='ltr'><strong>representavit</strong></span> <span class='ocrx_word' id='word_1_555' title='bbox 1757 5317 2063 5383; x_wconf 67' lang='lat' dir='ltr'><strong>praecepta,</strong></span> 
     </span>
    </p>
   </div>
   <div class='ocr_carea' id='block_1_87' title="bbox 370 5398 2066 5468">
    <p class='ocr_par' dir='ltr' id='par_1_87' title="bbox 370 5398 2066 5468">
     <span class='ocr_line' id='line_1_87' title="bbox 370 5398 2066 5468; baseline 0.002 -19"><span class='ocrx_word' id='word_1_556' title='bbox 370 5411 475 5468; x_wconf 89' lang='lat' dir='ltr'><strong>per</strong></span> <span class='ocrx_word' id='word_1_557' title='bbox 511 5401 734 5450; x_wconf 89' lang='lat' dir='ltr'><strong>nostros</strong></span> <span class='ocrx_word' id='word_1_558' title='bbox 781 5403 1165 5454; x_wconf 88' lang='lat' dir='ltr'><strong>antecessores</strong></span> <span class='ocrx_word' id='word_1_559' title='bbox 1203 5398 1505 5454; x_wconf 81' lang='lat' dir='ltr'><strong>Arnolfnm</strong></span> <span class='ocrx_word' id='word_1_560' title='bbox 1571 5403 1627 5454; x_wconf 90' lang='lat' dir='ltr'><strong>et</strong></span> <span class='ocrx_word' id='word_1_561' title='bbox 1657 5399 1922 5454; x_wconf 87' lang='lat' dir='ltr'><strong>Ottonem</strong></span> <span class='ocrx_word' id='word_1_562' title='bbox 1978 5416 2066 5453; x_wconf 90' lang='lat' dir='ltr'><strong>se-</strong></span> 
     </span>
    </p>
   </div>
   <div class='ocr_carea' id='block_1_88' title="bbox 2159 3064 3794 3146">
    <p class='ocr_par' dir='ltr' id='par_1_88' title="bbox 2159 3064 3794 3146">
     <span class='ocr_line' id='line_1_88' title="bbox 2159 3064 3794 3146; baseline -0.01 -15"><span class='ocrx_word' id='word_1_563' title='bbox 2159 3079 2391 3146; x_wconf 87' lang='lat' dir='ltr'><strong>excepta</strong></span> <span class='ocrx_word' id='word_1_564' title='bbox 2414 3072 2779 3127; x_wconf 87' lang='lat' dir='ltr'><strong>solummodo</strong></span> <span class='ocrx_word' id='word_1_565' title='bbox 2801 3072 2928 3142; x_wconf 90' lang='lat' dir='ltr'><strong>lege</strong></span> <span class='ocrx_word' id='word_1_566' title='bbox 2950 3071 3048 3125; x_wconf 90' lang='lat' dir='ltr'><strong>illa</strong></span> <span class='ocrx_word' id='word_1_567' title='bbox 3077 3086 3255 3141; x_wconf 88' lang='lat' dir='ltr'><strong>quam</strong></span> <span class='ocrx_word' id='word_1_568' title='bbox 3279 3071 3569 3124; x_wconf 87' lang='lat' dir='ltr'><strong>advocatus</strong></span> <span class='ocrx_word' id='word_1_569' title='bbox 3588 3064 3794 3137; x_wconf 88' lang='lat' dir='ltr'><strong>episcopi</strong></span> 
     </span>
    </p>
   </div>
   <div class='ocr_carea' id='block_1_89' title="bbox 2159 3153 3796 3235">
    <p class='ocr_par' dir='ltr' id='par_1_89' title="bbox 2159 3153 3796 3235">
     <span class='ocr_line' id='line_1_89' title="bbox 2159 3153 3796 3235; baseline -0.007 -18"><span class='ocrx_word' id='word_1_570' title='bbox 2159 3164 2260 3235; x_wconf 90' lang='lat' dir='ltr'><strong>qui</strong></span> <span class='ocrx_word' id='word_1_571' title='bbox 2307 3161 2578 3233; x_wconf 65' lang='lat' dir='ltr'><strong>praesidet</strong></span> <span class='ocrx_word' id='word_1_572' title='bbox 2629 3160 2817 3215; x_wconf 88' lang='lat' dir='ltr'><strong>eidem</strong></span> <span class='ocrx_word' id='word_1_573' title='bbox 2885 3159 3157 3223; x_wconf 74' lang='lat' dir='ltr'><strong>ecclesias,</strong></span> <span class='ocrx_word' id='word_1_574' title='bbox 3215 3159 3384 3213; x_wconf 89' lang='lat' dir='ltr'><strong>solito</strong></span> <span class='ocrx_word' id='word_1_575' title='bbox 3449 3173 3594 3212; x_wconf 86' lang='lat' dir='ltr'><strong>more</strong></span> <span class='ocrx_word' id='word_1_576' title='bbox 3637 3155 3696 3209; x_wconf 87' lang='lat' dir='ltr'><strong>ab</strong></span> <span class='ocrx_word' id='word_1_577' title='bbox 3734 3153 3796 3206; x_wconf 81' lang='lat' dir='ltr'><strong>eis</strong></span> 
     </span>
    </p>
   </div>
   <div class='ocr_carea' id='block_1_90' title="bbox 2160 3240 3794 3321">
    <p class='ocr_par' dir='ltr' id='par_1_90' title="bbox 2160 3240 3794 3321">
     <span class='ocr_line' id='line_1_90' title="bbox 2160 3240 3794 3321; baseline -0.01 -13"><span class='ocrx_word' id='word_1_578' title='bbox 2160 3253 2330 3308; x_wconf 90' lang='lat' dir='ltr'><strong>debet</strong></span> <span class='ocrx_word' id='word_1_579' title='bbox 2403 3265 2724 3321; x_wconf 88' lang='lat' dir='ltr'><strong>reposcere,</strong></span> <span class='ocrx_word' id='word_1_580' title='bbox 2777 3254 2836 3302; x_wconf 89' lang='lat' dir='ltr'><strong>et</strong></span> <span class='ocrx_word' id='word_1_581' title='bbox 2901 3248 3001 3302; x_wconf 90' lang='lat' dir='ltr'><strong>illa</strong></span> <span class='ocrx_word' id='word_1_582' title='bbox 3059 3247 3209 3318; x_wconf 87' lang='lat' dir='ltr'><strong>juris</strong></span> <span class='ocrx_word' id='word_1_583' title='bbox 3259 3247 3562 3312; x_wconf 89' lang='lat' dir='ltr'><strong>sanctione,</strong></span> <span class='ocrx_word' id='word_1_584' title='bbox 3612 3244 3654 3297; x_wconf 87' lang='lat' dir='ltr'><strong>si</strong></span> <span class='ocrx_word' id='word_1_585' title='bbox 3687 3240 3794 3311; x_wconf 88' lang='lat' dir='ltr'><strong>quid</strong></span> 
     </span>
    </p>
   </div>
   <div class='ocr_carea' id='block_1_91' title="bbox 2160 3329 3796 3408">
    <p class='ocr_par' dir='ltr' id='par_1_91' title="bbox 2160 3329 3796 3408">
     <span class='ocr_line' id='line_1_91' title="bbox 2160 3329 3796 3408; baseline -0.011 -11"><span class='ocrx_word' id='word_1_586' title='bbox 2160 3339 2478 3396; x_wconf 86' lang='lat' dir='ltr'><strong>necessario</strong></span> <span class='ocrx_word' id='word_1_587' title='bbox 2530 3343 2766 3408; x_wconf 88' lang='lat' dir='ltr'><strong>propter</strong></span> <span class='ocrx_word' id='word_1_588' title='bbox 2825 3336 3068 3407; x_wconf 89' lang='lat' dir='ltr'><strong>capitale</strong></span> <span class='ocrx_word' id='word_1_589' title='bbox 3129 3335 3350 3390; x_wconf 89' lang='lat' dir='ltr'><strong>crimen</strong></span> <span class='ocrx_word' id='word_1_590' title='bbox 3405 3335 3464 3389; x_wconf 90' lang='lat' dir='ltr'><strong>in</strong></span> <span class='ocrx_word' id='word_1_591' title='bbox 3543 3329 3796 3405; x_wconf 70' lang='lat' dir='ltr'><strong>praesentia</strong></span> 
     </span>
    </p>
   </div>
   <div class='ocr_carea' id='block_1_92' title="bbox 2161 3417 3788 3499">
    <p class='ocr_par' dir='ltr' id='par_1_92' title="bbox 2161 3417 3788 3499">
     <span class='ocr_line' id='line_1_92' title="bbox 2161 3417 3788 3499; baseline -0.011 -13"><span class='ocrx_word' id='word_1_592' title='bbox 2161 3430 2322 3485; x_wconf 88' lang='lat' dir='ltr'><strong>ducis</strong></span> <span class='ocrx_word' id='word_1_593' title='bbox 2351 3445 2498 3499; x_wconf 91' lang='lat' dir='ltr'><strong>opus</strong></span> <span class='ocrx_word' id='word_1_594' title='bbox 2533 3427 2708 3481; x_wconf 87' lang='lat' dir='ltr'><strong>habet</strong></span> <span class='ocrx_word' id='word_1_595' title='bbox 2752 3425 2909 3479; x_wconf 89' lang='lat' dir='ltr'><strong>ﬁniri</strong></span> <span class='ocrx_word' id='word_1_596' title='bbox 2961 3423 3321 3494; x_wconf 88' lang='lat' dir='ltr'><strong>judicialiter</strong></span> <span class='ocrx_word' id='word_1_597' title='bbox 3350 3428 3407 3478; x_wconf 92' lang='lat' dir='ltr'><strong>et</strong></span> <span class='ocrx_word' id='word_1_598' title='bbox 3450 3417 3788 3477; x_wconf 83' lang='lat' dir='ltr'><strong>determinari.</strong></span> 
     </span>
    </p>
   </div>
   <div class='ocr_carea' id='block_1_93' title="bbox 2161 3505 3800 3574">
    <p class='ocr_par' dir='ltr' id='par_1_93' title="bbox 2161 3505 3800 3574">
     <span class='ocr_line' id='line_1_93' title="bbox 2161 3505 3800 3574; baseline -0.012 0"><span class='ocrx_word' id='word_1_599' title='bbox 2161 3521 2226 3574; x_wconf 88' lang='lat' dir='ltr'><strong>Et</strong></span> <span class='ocrx_word' id='word_1_600' title='bbox 2283 3522 2348 3572; x_wconf 89' lang='lat' dir='ltr'><strong>ut</strong></span> <span class='ocrx_word' id='word_1_601' title='bbox 2405 3517 2526 3571; x_wconf 70' lang='lat' dir='ltr'><strong>haec</strong></span> <span class='ocrx_word' id='word_1_602' title='bbox 2580 3519 2788 3569; x_wconf 70' lang='lat' dir='ltr'><strong>nostra:</strong></span> <span class='ocrx_word' id='word_1_603' title='bbox 2849 3512 3227 3567; x_wconf 89' lang='lat' dir='ltr'><strong>concessionis</strong></span> <span class='ocrx_word' id='word_1_604' title='bbox 3276 3511 3572 3567; x_wconf 88' lang='lat' dir='ltr'><strong>auctoritas</strong></span> <span class='ocrx_word' id='word_1_605' title='bbox 3621 3505 3800 3561; x_wconf 87' lang='lat' dir='ltr'><strong>tirmior</strong></span> 
     </span>
    </p>
   </div>
   <div class='ocr_carea' id='block_1_94' title="bbox 2161 3599 3797 3671">
    <p class='ocr_par' dir='ltr' id='par_1_94' title="bbox 2161 3599 3797 3671">
     <span class='ocr_line' id='line_1_94' title="bbox 2161 3599 3797 3671; baseline -0.013 -8"><span class='ocrx_word' id='word_1_606' title='bbox 2161 3609 2461 3671; x_wconf 89' lang='lat' dir='ltr'><strong>habeatur,</strong></span> <span class='ocrx_word' id='word_1_607' title='bbox 2537 3604 2646 3658; x_wconf 90' lang='lat' dir='ltr'><strong>hoc</strong></span> <span class='ocrx_word' id='word_1_608' title='bbox 2717 3607 2929 3656; x_wconf 56' lang='lat' dir='ltr'><strong>nostra;</strong></span> <span class='ocrx_word' id='word_1_609' title='bbox 3008 3600 3421 3655; x_wconf 87' lang='lat' dir='ltr'><strong>dominationis</strong></span> <span class='ocrx_word' id='word_1_610' title='bbox 3502 3599 3797 3668; x_wconf 65' lang='lat' dir='ltr'><strong>preceptum</strong></span> 
     </span>
    </p>
   </div>
   <div class='ocr_carea' id='block_1_95' title="bbox 2163 3681 3800 3765">
    <p class='ocr_par' dir='ltr' id='par_1_95' title="bbox 2163 3681 3800 3765">
     <span class='ocr_line' id='line_1_95' title="bbox 2163 3681 3800 3765; baseline -0.012 -13"><span class='ocrx_word' id='word_1_611' title='bbox 2163 3711 2338 3752; x_wconf 90' lang='lat' dir='ltr'><strong>manu</strong></span> <span class='ocrx_word' id='word_1_612' title='bbox 2387 3693 2624 3765; x_wconf 88' lang='lat' dir='ltr'><strong>propria</strong></span> <span class='ocrx_word' id='word_1_613' title='bbox 2679 3692 3038 3756; x_wconf 87' lang='lat' dir='ltr'><strong>roboratum,</strong></span> <span class='ocrx_word' id='word_1_614' title='bbox 3095 3695 3306 3744; x_wconf 68' lang='lat' dir='ltr'><strong>nostra:</strong></span> <span class='ocrx_word' id='word_1_615' title='bbox 3373 3685 3624 3758; x_wconf 88' lang='lat' dir='ltr'><strong>imaginis</strong></span> <span class='ocrx_word' id='word_1_616' title='bbox 3671 3681 3800 3750; x_wconf 84' lang='lat' dir='ltr'><strong>signo</strong></span> 
     </span>
    </p>
   </div>
   <div class='ocr_carea' id='block_1_96' title="bbox 2155 3779 2745 3857">
    <p class='ocr_par' dir='ltr' id='par_1_96' title="bbox 2155 3779 2745 3857">
     <span class='ocr_line' id='line_1_96' title="bbox 2155 3779 2745 3857; baseline -0.008 -16"><span class='ocrx_word' id='word_1_617' title='bbox 2155 3784 2446 3857; x_wconf 72' lang='lat' dir='ltr'><strong>jussimus</strong></span> <span class='ocrx_word' id='word_1_618' title='bbox 2459 3779 2745 3851; x_wconf 88' lang='lat' dir='ltr'><strong>insigniri.</strong></span> 
     </span>
    </p>
   </div>
   <div class='ocr_carea' id='block_1_97' title="bbox 2231 3853 3800 3942">
    <p class='ocr_par' dir='ltr' id='par_1_97' title="bbox 2231 3853 3800 3942">
     <span class='ocr_line' id='line_1_97' title="bbox 2231 3853 3800 3942; baseline -0.014 -14"><span class='ocrx_word' id='word_1_619' title='bbox 2231 3853 2466 3942; x_wconf 67' lang='grc' dir='ltr'><strong>εἰς]ηῶ</strong></span> <span class='ocrx_word' id='word_1_620' title='bbox 2511 3870 2696 3924; x_wconf 80' lang='lat' dir='ltr'><strong>domui</strong></span> <span class='ocrx_word' id='word_1_621' title='bbox 2741 3869 2964 3923; x_wconf 83' lang='lat' dir='ltr'><strong>Henrici</strong></span> <span class='ocrx_word' id='word_1_622' title='bbox 3011 3868 3158 3934; x_wconf 84' lang='lat' dir='ltr'><strong>regis</strong></span> <span class='ocrx_word' id='word_1_623' title='bbox 3223 3869 3287 3920; x_wconf 82' lang='lat' dir='ltr'><strong>in</strong></span> <span class='ocrx_word' id='word_1_624' title='bbox 3335 3866 3550 3920; x_wconf 79' lang='lat' dir='ltr'><strong>Christo</strong></span> <span class='ocrx_word' id='word_1_625' title='bbox 3599 3855 3800 3914; x_wconf 79' lang='lat' dir='ltr'><strong>invictis-</strong></span> 
     </span>
    </p>
   </div>
   <div class='ocr_carea' id='block_1_98' title="bbox 2162 3978 2306 4018">
    <p class='ocr_par' dir='ltr' id='par_1_98' title="bbox 2162 3978 2306 4018">
     <span class='ocr_line' id='line_1_98' title="bbox 2162 3978 2306 4018; baseline -0.035 0"><span class='ocrx_word' id='word_1_626' title='bbox 2162 3978 2306 4018; x_wconf 70' lang='lat' dir='ltr'><strong>simz.</strong></span> 
     </span>
    </p>
   </div>
   <div class='ocr_carea' id='block_1_99' title="bbox 2235 4029 3803 4119">
    <p class='ocr_par' dir='ltr' id='par_1_99' title="bbox 2235 4029 3803 4119">
     <span class='ocr_line' id='line_1_99' title="bbox 2235 4029 3803 4119; baseline -0.012 -16"><span class='ocrx_word' id='word_1_627' title='bbox 2235 4047 2558 4119; x_wconf 89' lang='lat' dir='ltr'><strong>Egilbertus</strong></span> <span class='ocrx_word' id='word_1_628' title='bbox 2594 4041 2964 4098; x_wconf 89' lang='lat' dir='ltr'><strong>cancellarius</strong></span> <span class='ocrx_word' id='word_1_629' title='bbox 3019 4041 3138 4096; x_wconf 88' lang='lat' dir='ltr'><strong>vice</strong></span> <span class='ocrx_word' id='word_1_630' title='bbox 3195 4039 3464 4111; x_wconf 88' lang='lat' dir='ltr'><strong>Willigisi</strong></span> <span class='ocrx_word' id='word_1_631' title='bbox 3509 4029 3803 4103; x_wconf 86' lang='lat' dir='ltr'><strong>archicapel-</strong></span> 
     </span>
    </p>
   </div>
   <div class='ocr_carea' id='block_1_100' title="bbox 2164 4134 2524 4194">
    <p class='ocr_par' dir='ltr' id='par_1_100' title="bbox 2164 4134 2524 4194">
     <span class='ocr_line' id='line_1_100' title="bbox 2164 4134 2524 4194; baseline -0.014 0"><span class='ocrx_word' id='word_1_632' title='bbox 2164 4139 2284 4194; x_wconf 90' lang='lat' dir='ltr'><strong>lani</strong></span> <span class='ocrx_word' id='word_1_633' title='bbox 2312 4134 2524 4192; x_wconf 87' lang='lat' dir='ltr'><strong>notavi.</strong></span> 
     </span>
    </p>
   </div>
   <div class='ocr_carea' id='block_1_101' title="bbox 2663 4215 3749 4289">
    <p class='ocr_par' dir='ltr' id='par_1_101' title="bbox 2663 4215 3749 4289">
     <span class='ocr_line' id='line_1_101' title="bbox 2663 4215 3749 4289; baseline -0.012 -13"><span class='ocrx_word' id='word_1_634' title='bbox 2663 4223 2833 4276; x_wconf 86' lang='lat' dir='ltr'><strong>Locus</strong></span> <span class='ocrx_word' id='word_1_635' title='bbox 2874 4219 3048 4287; x_wconf 84' lang='lat' dir='ltr'><strong>sigilli</strong></span> <span class='ocrx_word' id='word_1_636' title='bbox 3077 4219 3222 4289; x_wconf 83' lang='lat' dir='ltr'><strong>quod</strong></span> <span class='ocrx_word' id='word_1_637' title='bbox 3249 4223 3330 4273; x_wconf 88' lang='lat' dir='ltr'><strong>est</strong></span> <span class='ocrx_word' id='word_1_638' title='bbox 3358 4215 3749 4285; x_wconf 62' lang='lat' dir='ltr'><strong>inwgenimum.</strong></span> 
     </span>
    </p>
   </div>
   <div class='ocr_carea' id='block_1_102' title="bbox 2241 4293 3806 4365">
    <p class='ocr_par' dir='ltr' id='par_1_102' title="bbox 2241 4293 3806 4365">
     <span class='ocr_line' id='line_1_102' title="bbox 2241 4293 3806 4365; baseline -0.01 0"><span class='ocrx_word' id='word_1_639' title='bbox 2241 4312 2380 4365; x_wconf 88' lang='lat' dir='ltr'><strong>Data</strong></span> <span class='ocrx_word' id='word_1_640' title='bbox 2419 4325 2480 4364; x_wconf 83' lang='lat' dir='ltr'><strong>in</strong></span> <span class='ocrx_word' id='word_1_641' title='bbox 2533 4309 2663 4363; x_wconf 90' lang='lat' dir='ltr'><strong>Idus</strong></span> <span class='ocrx_word' id='word_1_642' title='bbox 2715 4307 2901 4364; x_wconf 80' lang='lat' dir='ltr'><strong>Martii</strong></span> <span class='ocrx_word' id='word_1_643' title='bbox 2947 4323 3102 4362; x_wconf 89' lang='lat' dir='ltr'><strong>anno</strong></span> <span class='ocrx_word' id='word_1_644' title='bbox 3147 4304 3559 4362; x_wconf 89' lang='lat' dir='ltr'><strong>incarnationis</strong></span> <span class='ocrx_word' id='word_1_645' title='bbox 3624 4293 3806 4356; x_wconf 88' lang='lat' dir='ltr'><strong>Domini</strong></span> 
     </span>
    </p>
   </div>
   <div class='ocr_carea' id='block_1_103' title="bbox 2170 4388 3805 4464">
    <p class='ocr_par' dir='ltr' id='par_1_103' title="bbox 2170 4388 3805 4464">
     <span class='ocr_line' id='line_1_103' title="bbox 2170 4388 3805 4464; baseline -0.01 -10"><span class='ocrx_word' id='word_1_646' title='bbox 2170 4401 2326 4464; x_wconf 90' lang='grc'>1003,</span> <span class='ocrx_word' id='word_1_647' title='bbox 2379 4396 2695 4452; x_wconf 89' lang='lat' dir='ltr'><strong>indictione</strong></span> <span class='ocrx_word' id='word_1_648' title='bbox 2742 4414 2780 4464; x_wconf 81' lang='grc' dir='ltr'>ι,</span> <span class='ocrx_word' id='word_1_649' title='bbox 2836 4411 2988 4449; x_wconf 91' lang='lat' dir='ltr'><strong>anno</strong></span> <span class='ocrx_word' id='word_1_650' title='bbox 3047 4410 3181 4450; x_wconf 87' lang='lat' dir='ltr'><strong>vero</strong></span> <span class='ocrx_word' id='word_1_651' title='bbox 3239 4394 3437 4449; x_wconf 86' lang='lat' dir='ltr'><strong>domui</strong></span> <span class='ocrx_word' id='word_1_652' title='bbox 3495 4388 3702 4448; x_wconf 81' lang='lat' dir='ltr'><strong>Henrici</strong></span> <span class='ocrx_word' id='word_1_653' title='bbox 3736 4399 3805 4438; x_wconf 85' lang='lat' dir='ltr'><strong>re-</strong></span> 
     </span>
    </p>
   </div>
   <div class='ocr_carea' id='block_1_104' title="bbox 2166 4484 2853 4559">
    <p class='ocr_par' dir='ltr' id='par_1_104' title="bbox 2166 4484 2853 4559">
     <span class='ocr_line' id='line_1_104' title="bbox 2166 4484 2853 4559; baseline -0.006 -17"><span class='ocrx_word' id='word_1_654' title='bbox 2166 4485 2398 4559; x_wconf 86' lang='lat' dir='ltr'><strong>gnantis</strong></span> <span class='ocrx_word' id='word_1_655' title='bbox 2435 4486 2622 4540; x_wconf 89' lang='lat' dir='ltr'><strong>adhuc</strong></span> <span class='ocrx_word' id='word_1_656' title='bbox 2643 4484 2853 4555; x_wconf 90' lang='lat' dir='ltr'><strong>primo.</strong></span> 
     </span>
    </p>
   </div>
   <div class='ocr_carea' id='block_1_105' title="bbox 2237 4574 2690 4630">
    <p class='ocr_par' dir='ltr' id='par_1_105' title="bbox 2237 4574 2690 4630">
     <span class='ocr_line' id='line_1_105' title="bbox 2237 4574 2690 4630; baseline -0.009 0"><span class='ocrx_word' id='word_1_657' title='bbox 2237 4579 2441 4630; x_wconf 81' lang='lat' dir='ltr'><strong>Actum</strong></span> <span class='ocrx_word' id='word_1_658' title='bbox 2469 4574 2690 4630; x_wconf 70' lang='lat' dir='ltr'><strong>Mindaa.</strong></span> 
     </span>
    </p>
   </div>
   <div class='ocr_carea' id='block_1_106' title="bbox 2920 4680 3109 4735">
    <p class='ocr_par' dir='ltr' id='par_1_106' title="bbox 2920 4680 3109 4735">
     <span class='ocr_line' id='line_1_106' title="bbox 2920 4680 3109 4735; baseline 0 -1"><span class='ocrx_word' id='word_1_659' title='bbox 2920 4680 3109 4735; x_wconf 82' lang='lat' dir='ltr'><strong>XVIII.</strong></span> 
     </span>
    </p>
   </div>
   <div class='ocr_carea' id='block_1_107' title="bbox 2171 4775 3812 4847">
    <p class='ocr_par' dir='ltr' id='par_1_107' title="bbox 2171 4775 3812 4847">
     <span class='ocr_line' id='line_1_107' title="bbox 2171 4775 3812 4847; baseline -0.013 -12"><span class='ocrx_word' id='word_1_660' title='bbox 2171 4783 2228 4837; x_wconf 92' lang='lat' dir='ltr'><strong>S.</strong></span> <span class='ocrx_word' id='word_1_661' title='bbox 2279 4781 2538 4835; x_wconf 79' lang='lat' dir='ltr'><strong>Henricus</strong></span> <span class='ocrx_word' id='word_1_662' title='bbox 2599 4780 2895 4847; x_wconf 82' lang='lat' dir='ltr'><strong>imperator</strong></span> <span class='ocrx_word' id='word_1_663' title='bbox 2943 4779 3224 4845; x_wconf 80' lang='lat' dir='ltr'><strong>conﬁrmat</strong></span> <span class='ocrx_word' id='word_1_664' title='bbox 3275 4775 3622 4846; x_wconf 78' lang='lat' dir='ltr'><strong>possessiones</strong></span> <span class='ocrx_word' id='word_1_665' title='bbox 3661 4777 3812 4822; x_wconf 82' lang='lat' dir='ltr'><strong>mona-</strong></span> 
     </span>
    </p>
   </div>
   <div class='ocr_carea' id='block_1_108' title="bbox 2241 4856 3734 4930">
    <p class='ocr_par' dir='ltr' id='par_1_108' title="bbox 2241 4856 3734 4930">
     <span class='ocr_line' id='line_1_108' title="bbox 2241 4856 3734 4930; baseline -0.011 -6"><span class='ocrx_word' id='word_1_666' title='bbox 2241 4870 2398 4924; x_wconf 84' lang='lat' dir='ltr'><strong>sterii</strong></span> <span class='ocrx_word' id='word_1_667' title='bbox 2428 4868 2484 4922; x_wconf 93' lang='lat' dir='ltr'><strong>S.</strong></span> <span class='ocrx_word' id='word_1_668' title='bbox 2518 4868 2750 4921; x_wconf 86' lang='lat' dir='ltr'><strong>Bavonis</strong></span> <span class='ocrx_word' id='word_1_669' title='bbox 2781 4865 3107 4930; x_wconf 88' lang='lat' dir='ltr'><strong>Gandensis,</strong></span> <span class='ocrx_word' id='word_1_670' title='bbox 3133 4865 3344 4919; x_wconf 83' lang='lat' dir='ltr'><strong>Ordinis</strong></span> <span class='ocrx_word' id='word_1_671' title='bbox 3375 4879 3422 4918; x_wconf 87' lang='lat' dir='ltr'><strong>s.</strong></span> <span class='ocrx_word' id='word_1_672' title='bbox 3474 4856 3734 4915; x_wconf 83' lang='lat' dir='ltr'><strong>Benedicti</strong></span> 
     </span>
    </p>
   </div>
   <div class='ocr_carea' id='block_1_109' title="bbox 2828 4953 3216 5022">
    <p class='ocr_par' dir='ltr' id='par_1_109' title="bbox 2828 4953 3216 5022">
     <span class='ocr_line' id='line_1_109' title="bbox 2828 4953 3216 5022; baseline -0.008 -13"><span class='ocrx_word' id='word_1_673' title='bbox 2828 4954 3010 5022; x_wconf 79' lang='lat' dir='ltr'><strong>(Anno</strong></span> <span class='ocrx_word' id='word_1_674' title='bbox 3041 4953 3216 5021; x_wconf 86' lang='lat' dir='ltr'><strong>l003.)</strong></span> 
     </span>
    </p>
   </div>
   <div class='ocr_carea' id='block_1_110' title="bbox 2536 5037 3505 5114">
    <p class='ocr_par' dir='ltr' id='par_1_110' title="bbox 2536 5037 3505 5114">
     <span class='ocr_line' id='line_1_110' title="bbox 2536 5037 3505 5114; baseline -0.004 -18"><span class='ocrx_word' id='word_1_675' title='bbox 2536 5040 2796 5114; x_wconf 68' lang='grc' dir='ltr'><strong>[Μίνωας.</strong></span> <span class='ocrx_word' id='word_1_676' title='bbox 2831 5041 2969 5111; x_wconf 87' lang='lat' dir='ltr'><strong>Opp.</strong></span> <span class='ocrx_word' id='word_1_677' title='bbox 3004 5041 3252 5110; x_wconf 73' lang='lat' dir='ltr'><strong>diplom,</strong></span> <span class='ocrx_word' id='word_1_678' title='bbox 3288 5041 3330 5108; x_wconf 87' lang='grc' dir='ltr'>Ι,</span> <span class='ocrx_word' id='word_1_679' title='bbox 3355 5037 3505 5110; x_wconf 73' lang='grc'><strong>347.]</strong></span> 
     </span>
    </p>
   </div>
   <div class='ocr_carea' id='block_1_111' title="bbox 2245 5129 3486 5188">
    <p class='ocr_par' dir='ltr' id='par_1_111' title="bbox 2245 5129 3486 5188">
     <span class='ocr_line' id='line_1_111' title="bbox 2245 5129 3486 5188; baseline -0.006 0"><span class='ocrx_word' id='word_1_680' title='bbox 2245 5133 2524 5188; x_wconf 64' lang='grc' dir='ltr'><strong>Ηεκιιιειτδ</strong></span> <span class='ocrx_word' id='word_1_681' title='bbox 2552 5129 2746 5185; x_wconf 88' lang='lat' dir='ltr'><strong>divina</strong></span> <span class='ocrx_word' id='word_1_682' title='bbox 2773 5129 2999 5184; x_wconf 87' lang='lat' dir='ltr'><strong>favente</strong></span> <span class='ocrx_word' id='word_1_683' title='bbox 3029 5129 3336 5184; x_wconf 89' lang='lat' dir='ltr'><strong>clementia</strong></span> <span class='ocrx_word' id='word_1_684' title='bbox 3364 5143 3486 5182; x_wconf 81' lang='lat' dir='ltr'><strong>rex.</strong></span> 
     </span>
    </p>
   </div>
   <div class='ocr_carea' id='block_1_112' title="bbox 2245 5205 3824 5291">
    <p class='ocr_par' dir='ltr' id='par_1_112' title="bbox 2245 5205 3824 5291">
     <span class='ocr_line' id='line_1_112' title="bbox 2245 5205 3824 5291; baseline -0.011 -15"><span class='ocrx_word' id='word_1_685' title='bbox 2245 5222 2304 5277; x_wconf 90' lang='lat' dir='ltr'><strong>Si</strong></span> <span class='ocrx_word' id='word_1_686' title='bbox 2331 5238 2398 5275; x_wconf 88' lang='lat' dir='ltr'><strong>ea</strong></span> <span class='ocrx_word' id='word_1_687' title='bbox 2446 5236 2574 5291; x_wconf 68' lang='lat' dir='ltr'><strong>quas</strong></span> <span class='ocrx_word' id='word_1_688' title='bbox 2611 5219 2810 5273; x_wconf 88' lang='lat' dir='ltr'><strong>ﬁdeles</strong></span> <span class='ocrx_word' id='word_1_689' title='bbox 2841 5217 3088 5274; x_wconf 89' lang='lat' dir='ltr'><strong>nostri...</strong></span> <span class='ocrx_word' id='word_1_690' title='bbox 3119 5217 3334 5273; x_wconf 89' lang='lat' dir='ltr'><strong>Idcirco</strong></span> <span class='ocrx_word' id='word_1_691' title='bbox 3362 5213 3581 5271; x_wconf 87' lang='lat' dir='ltr'><strong>noverit</strong></span> <span class='ocrx_word' id='word_1_692' title='bbox 3605 5205 3824 5264; x_wconf 87' lang='lat' dir='ltr'><strong>omnium</strong></span> 
     </span>
    </p>
   </div>
   <div class='ocr_carea' id='block_1_113' title="bbox 2178 5307 3820 5373">
    <p class='ocr_par' dir='ltr' id='par_1_113' title="bbox 2178 5307 3820 5373">
     <span class='ocr_line' id='line_1_113' title="bbox 2178 5307 3820 5373; baseline -0.013 -8"><span class='ocrx_word' id='word_1_693' title='bbox 2178 5310 2436 5366; x_wconf 89' lang='lat' dir='ltr'><strong>lidelium</strong></span> <span class='ocrx_word' id='word_1_694' title='bbox 2480 5314 2690 5363; x_wconf 64' lang='lat' dir='ltr'><strong>sanctae</strong></span> <span class='ocrx_word' id='word_1_695' title='bbox 2753 5307 2852 5361; x_wconf 86' lang='lat' dir='ltr'><strong>Dei</strong></span> <span class='ocrx_word' id='word_1_696' title='bbox 2897 5307 3175 5373; x_wconf 57' lang='lat' dir='ltr'><strong>Ecclesiae,</strong></span> <span class='ocrx_word' id='word_1_697' title='bbox 3215 5311 3561 5368; x_wconf 89' lang='lat' dir='ltr'><strong>nostrorum,</strong></span> <span class='ocrx_word' id='word_1_698' title='bbox 3614 5307 3820 5370; x_wconf 64' lang='lat' dir='ltr'><strong>prasen-</strong></span> 
     </span>
    </p>
   </div>
   <div class='ocr_carea' id='block_1_114' title="bbox 2175 5389 3821 5464">
    <p class='ocr_par' dir='ltr' id='par_1_114' title="bbox 2175 5389 3821 5464">
     <span class='ocr_line' id='line_1_114' title="bbox 2175 5389 3821 5464; baseline -0.012 -11"><span class='ocrx_word' id='word_1_699' title='bbox 2175 5399 2324 5454; x_wconf 87' lang='lat' dir='ltr'><strong>tium</strong></span> <span class='ocrx_word' id='word_1_700' title='bbox 2356 5397 2570 5452; x_wconf 88' lang='lat' dir='ltr'><strong>scilicet</strong></span> <span class='ocrx_word' id='word_1_701' title='bbox 2612 5403 2669 5451; x_wconf 89' lang='lat' dir='ltr'><strong>et</strong></span> <span class='ocrx_word' id='word_1_702' title='bbox 2701 5396 3025 5450; x_wconf 83' lang='lat' dir='ltr'><strong>futurorum</strong></span> <span class='ocrx_word' id='word_1_703' title='bbox 3054 5395 3353 5460; x_wconf 89' lang='lat' dir='ltr'><strong>industria,</strong></span> <span class='ocrx_word' id='word_1_704' title='bbox 3385 5392 3530 5464; x_wconf 92' lang='lat' dir='ltr'><strong>quod</strong></span> <span class='ocrx_word' id='word_1_705' title='bbox 3561 5389 3642 5441; x_wconf 85' lang='lat' dir='ltr'><strong>vir</strong></span> <span class='ocrx_word' id='word_1_706' title='bbox 3686 5396 3821 5435; x_wconf 87' lang='lat' dir='ltr'><strong>vene-</strong></span> 
     </span>
    </p>
   </div>
   <div class='ocr_carea' id='block_1_115' title="bbox 444 5546 2238 5620">
    <p class='ocr_par' dir='ltr' id='par_1_115' title="bbox 444 5546 2238 5620">
     <span class='ocr_line' id='line_1_115' title="bbox 444 5546 2238 5620; baseline -0.002 -17"><span class='ocrx_word' id='word_1_707' title='bbox 444 5548 595 5616; x_wconf 74' lang='grc'>(102)</span> <span class='ocrx_word' id='word_1_708' title='bbox 633 5547 930 5613; x_wconf 77' lang='lat' dir='ltr'><strong>Mindensi,</strong></span> <span class='ocrx_word' id='word_1_709' title='bbox 978 5554 1042 5604; x_wconf 90' lang='lat' dir='ltr'><strong>ut</strong></span> <span class='ocrx_word' id='word_1_710' title='bbox 1079 5553 1238 5620; x_wconf 88' lang='lat' dir='ltr'><strong>patet</strong></span> <span class='ocrx_word' id='word_1_711' title='bbox 1274 5566 1341 5605; x_wconf 81' lang='lat' dir='ltr'><strong>ex</strong></span> <span class='ocrx_word' id='word_1_712' title='bbox 1378 5550 1692 5620; x_wconf 86' lang='lat' dir='ltr'><strong>diplomate</strong></span> <span class='ocrx_word' id='word_1_713' title='bbox 1729 5548 1950 5604; x_wconf 85' lang='lat' dir='ltr'><strong>Ottonis</strong></span> <span class='ocrx_word' id='word_1_714' title='bbox 1982 5546 2238 5602; x_wconf 86' lang='lat' dir='ltr'><strong>secundi.</strong></span> 
     </span>
    </p>
   </div>
  </div>
