3914 6190
144 324 224 377 253
1362 314 1757 373 DIPLOIIATA
1799 316 1925 374 ECC
1938 313 2325 371 LESlASTICA
3491 315 3595 369 2ὅὶ

146 443 303 500 rabilis
347 439 704 497 Eremboldus
749 438 915 505 abba,
960 455 1025 494 ex
1085 440 1430 493 monasterio
1471 440 1778 505 Gaudeusi,
1810 442 1853 495 Α
1893 440 2078 511 plagis
2130 455 2193 494 ac
2250 437 2577 506 territoriis,
2662 439 2811 493 infra
2866 439 3143 494 ditionem
3193 440 3427 511 imperii
3485 458 3592 496 no-

145 534 267 604 quod
294 536 369 586 est
387 530 553 584 situm
583 529 681 582 ubi
736 528 951 583 Scaldis
978 528 1191 583 ﬂuvius
1222 529 1408 599 Legite
1442 529 1615 584 ﬂuvio
1638 533 1786 600 jun—
1902 529 2024 597 stri,
2046 530 2203 599 juste
2228 545 2291 582 ac
2338 527 2599 597 legaliter
2654 528 2925 599 possidet,
2988 530 3075 582 vel
3131 544 3262 600 quae
3322 529 3594 600 deinceps

145 624 283 692 gitur,
310 624 681 673 constructum
714 633 743 669 a
779 618 835 671 Β.
869 618 1130 671 Amando
1162 619 1430 688 pontiﬁce
1472 619 1531 672 in
1564 619 1787 672 honore
1898 618 2103 687 injure
2141 617 2321 689 ipsius
2368 616 2546 670 sancti
2604 617 2709 671 loci
2739 618 2984 670 voluerit
3014 617 3207 670 divina
3255 618 3435 687 pietas
3491 634 3597 671 au-

144 712 185 764 S.
215 707 341 763 Petri
370 705 638 777 principis
698 705 1112 774 apostolorum,
1167 705 1261 759 ubi
1312 708 1483 760 etiam
1544 705 1786 775 insignis
1898 708 2041 776 geri,
2082 708 2152 760 ad
2191 722 2389 759 causas
2426 706 2740 760 audiendas
2799 707 2886 759 vel
2930 705 3090 778 freda
3148 706 3451 776 exigenda,
3497 711 3597 759 aut

114 816 117 819 λ
150 800 266 852 Bavo
292 795 565 849 confessor
610 794 821 848 Christi
851 792 1114 863 quiescit,
1158 793 1361 847 obtulit
1392 793 1558 847 nobis
1587 798 1786 845 aucto-
1898 798 2227 849 mansiones
2260 796 2344 848 vel
2375 800 2597 864 paratas
2621 795 2928 859 faciendas,
2953 800 3053 847 aut
3083 795 3451 862 ﬁdeiussores
3484 797 3591 849 tol-

147 887 336 939 ritatem
366 882 741 936 immunitatis
771 882 970 935 domui
1001 882 1377 935 antecessoris
1422 882 1622 943 nostri,
1674 881 1787 934 sci-
1900 883 2117 950 lendus,
2141 888 2235 937 aut
2269 882 2531 936 homines
2561 882 2714 936 illius
2760 882 2887 948 loci,
2920 889 3037 936 tam
3087 882 3371 953 ingenuos
3424 899 3595 954 quam

148 970 858 1027 licetOttonisinvictissimi
892 970 1271 1041 imperatoris.
1898 987 2109 1033 servos,
2170 987 2343 1041 super
2373 978 2583 1024 terram
2635 970 2813 1040 ipsius
2869 978 3306 1025 commanentes
3358 971 3597 1025 distrin-

204 1063 254 1115 In
290 1077 393 1131 qua
430 1058 833 1112 continebatur
869 1058 1149 1112 insertum
1212 1059 1462 1129 qualiter
1515 1062 1654 1128 ipse,
1712 1059 1787 1113 ob

144 1165 357 1203 amorem
394 1149 488 1201 Dei
519 1154 575 1201 et
613 1148 915 1217 praemium
946 1153 1175 1201 aeternae
1210 1148 1620 1213 retributionis,
1659 1164 1791 1219 pro-

144 1241 369 1309 prietates
415 1252 627 1301 rerum,
682 1238 1067 1307 quorumdam
1117 1237 1417 1306 tyrannica
1486 1236 1788 1290 invasione

144 1329 314 1395 injuste
368 1330 700 1395 prmreptas,
748 1325 936 1378 eidem
1020 1325 1373 1379 monasterio
1450 1325 1788 1390 restituerit,

143 1416 327 1484 hocque
376 1430 489 1466 sum
547 1412 1001 1467 conﬁrmationis
1050 1414 1262 1483 scripto
1311 1414 1684 1480 roboraverit,
1737 1418 1796 1468 et

142 1503 265 1573 quod
294 1502 524 1571 gratiam
552 1501 818 1555 fraternae
851 1501 1135 1555 societatis
1165 1502 1224 1556 in
1266 1502 1469 1556 eodem
1505 1510 1791 1557 monaste-

144 1591 209 1645 rio
232 1591 327 1645 sibi
378 1606 702 1644 concessam
754 1590 1042 1658 habuerit,
1096 1592 1186 1645 vel
1238 1591 1486 1661 qualiter
1532 1592 1793 1645 omnium

141 1678 417 1733 exactiones
445 1678 810 1732 teloneorum
840 1677 1165 1733 indulserit.

197 1769 289 1821 Pro
303 1766 583 1821 firmitatis
622 1782 871 1837 namque
892 1767 1081 1822 studio
1103 1768 1323 1839 rogavit
1346 1784 1449 1822 nos
1486 1769 1792 1838 praedictus

142 1856 475 1911 Eremboldus
523 1856 697 1909 abbas
736 1871 861 1909 eam
909 1856 1190 1915 renovari,
1241 1856 1452 1911 scilicet
1482 1863 1566 1924 ut,
1615 1863 1793 1911 tanta:

142 1945 385 1998 ﬁrmitatis
428 1945 615 2015 gratia
673 1949 925 1998 nostram
993 1960 1222 2015 quoque
1276 1945 1794 2016 superadderemus

141 2032 519 2086 auctoritatem.
600 2032 774 2101 Cujus
852 2032 1119 2102 petitioni
1203 2033 1453 2086 libenter
1496 2049 1793 2088 assensum

140 2125 438 2187 annuentes,
474 2120 835 2175 decrevimus
893 2120 1066 2191 regiae
1118 2119 1415 2191 dignitatis
1444 2128 1796 2190 praeceptum

139 2210 255 2276 ﬁeri,
309 2208 569 2263 videlicet
612 2214 674 2263 ut
732 2209 1147 2263 monasterium
1232 2225 1324 2263 res
1400 2226 1531 2263 suas
1606 2210 1797 2281 quiete

140 2297 403 2368 possideat,
434 2313 683 2368 quarum
720 2298 841 2352 haec
863 2303 997 2351 sunt
1024 2297 1297 2351 vocabula
1330 2314 1343 2351 :

196 2387 294 2441 Hoc
316 2392 395 2439 est
425 2386 489 2439 in
521 2402 671 2456 pago
696 2385 1073 2456 Baagbatensi
1103 2386 1296 2439 villam
1330 2386 1623 2441 Suolmam
1648 2386 1797 2457 (l03)

140 2490 244 2528 cum
278 2475 522 2528 ecclesiis
554 2474 778 2529 duabus
807 2479 863 2528 et
892 2474 1162 2528 omnibus
1208 2474 1545 2544 adjacentiis
1573 2475 1713 2540 suis,
1746 2480 1802 2527 et

142 2560 303 2615 villam
333 2562 599 2616 Holthem
629 2561 777 2632 (104)
811 2576 943 2615 cum
970 2561 1210 2615 ecclesia
1237 2577 1301 2615 ac
1332 2562 1495 2630 silva,
1526 2567 1583 2616 et
1608 2562 1799 2630 ,Μετε-

139 2650 288 2715 shem,
321 2656 374 2703 et
406 2650 770 2704 Fliethersele
799 2650 942 2721 (l05)
974 2666 1104 2703 cum
1137 2650 1387 2703 ecclesiis
1434 2656 1489 2703 et
1536 2650 1802 2704 omnibus

140 2736 454 2806 appendiciis
476 2737 848 2804 eorum,etin
870 2738 1071 2791 eodem
1094 2754 1243 2808 pago
1259 2738 1419 2791 villas
1441 2738 1527 2792 his
1550 2738 1801 2791 nomini-

140 2824 223 2875 bus
241 2824 428 2889 dictas,
453 2826 663 2879 Herem
685 2832 740 2877 et
762 2825 1033 2879 Lietheka
1054 2834 1111 2879 et
1131 2826 1364 2880 Setteka
1386 2834 1442 2879 et
1471 2826 1799 2889 Cranihom,

140 2917 184 2962 et
208 2911 257 2964 in
292 2914 417 2966 Rieu
444 2912 646 2967 Boholt
676 2914 843 2981 (l06).
879 2914 1018 2968 Cum
1052 2914 1299 2967 coclesiis
1357 2914 1620 2984 singulis,
1650 2915 1803 2968 silvis

1901 1060 2136 1131 gendos,
2189 1076 2291 1115 nec
2349 1061 2495 1113 ullas
2541 1059 2955 1113 redhibitiones
3009 1066 3109 1113 aut
3164 1059 3389 1113 illicitas
3436 1076 3595 1114 occa-

1902 1149 2090 1203 siones
2146 1148 2543 1219 requirendas,
2606 1149 2815 1201 nostris
2868 1164 2933 1201 ac
2990 1141 3205 1201 futuris
3241 1149 3599 1217 temporibus

1903 1237 2128 1308 ingredi
2175 1237 2409 1300 audeat,
2468 1236 2556 1289 vel
2595 1248 2661 1289 ea
2707 1252 2836 1307 qua:
2893 1252 3065 1307 supra
3108 1242 3427 1290 memorata
3466 1242 3601 1289 sunt

1903 1327 2135 1397 penitus
2165 1326 2394 1395 exigere
2424 1330 2763 1395 praesumat.

1974 1414 2081 1469 Sed
2106 1420 2163 1467 et
2181 1419 2496 1466 memorato
2517 1411 2884 1475 monasterio,
2918 1428 3015 1482 spe
3036 1411 3407 1466 beatitudinis
3427 1418 3598 1466 aeter-

1906 1519 2017 1571 nae,
2049 1510 2112 1557 ut
2136 1504 2206 1556 ad
2238 1504 2479 1555 salutem
2511 1501 2719 1553 anima:
2754 1516 2893 1554 mea:
2917 1500 2975 1553 iu
3004 1505 3215 1553 aeterna
3249 1502 3440 1571 quiete
3473 1518 3600 1572 pro-

1907 1592 2113 1659 veniat,
2146 1606 2278 1645 cum
2303 1590 2475 1645 cessis
2503 1588 2696 1655 fredis,
2756 1588 3019 1642 omnium
3069 1590 3415 1643 teloniornm
3463 1606 3600 1644 exa-

1910 1681 2126 1736 ctiones
2156 1680 2406 1734 indultas
2444 1695 2566 1733 esse
2606 1678 2866 1732 volumus
2911 1694 2973 1731 ac
3004 1677 3292 1743 remissas,
3344 1679 3488 1731 sicut
3541 1679 3598 1731 in

1904 1775 2191 1841 praecepto
2223 1766 2593 1822 antecessoris
2621 1767 2732 1821 mei
2764 1767 3094 1821 continetur
3152 1782 3164 1818 :
3224 1766 3303 1820 ita
3334 1771 3397 1819 ut
3453 1782 3601 1837 quo-

1903 1859 2011 1913 ties
2048 1873 2154 1929 pro
2186 1857 2433 1911 utilitate
2474 1855 2806 1910 monasterii
2862 1871 2925 1908 ac
2953 1855 3195 1908 fratrum
3245 1854 3474 1925 aliquas
3514 1854 3600 1908 di-

1905 1947 2011 2017 rigi
2038 1946 2362 2016 contigerit,
2397 1961 2500 2014 per
2531 1945 2753 1999 diversa
2802 1945 2925 1997 loca
2973 1944 3202 2013 imperii
3247 1942 3431 1996 nostri
3457 1959 3597 1996 eun-

1904 2036 2057 2091 tibus
2086 2042 2145 2089 et
2181 2034 2617 2099 revertentibus,
2673 2033 2888 2103 absque
2920 2032 3033 2086 ulla
3066 2030 3481 2085 sollicitationis
3511 2031 3598 2085 in-

1905 2123 2262 2195 quietudine,
2311 2123 2604 2192 negotium
2656 2137 2825 2175 suum
2872 2120 3039 2174 liceat
3077 2136 3335 2173 exercere
3402 2123 3599 2189 quate-

1906 2229 2012 2267 nus
2058 2212 2208 2282 ipsos
2259 2226 2449 2264 servos
2485 2209 2581 2264 Dei
2622 2209 2832 2263 ibidem
2874 2208 3216 2261 famulantes
3267 2223 3371 2276 pro
3402 2223 3494 2260 me
3524 2212 3602 2259 at-

1906 2318 2017 2372 que
2049 2305 2200 2354 statu
2235 2299 2397 2369 regni
2424 2316 2456 2351 a
2490 2300 2601 2352 Deo
2632 2297 2773 2351 mihi
2804 2295 3080 2360 concessi,
3121 2296 3340 2365 jugiter
3374 2294 3597 2348 miseri-

1907 2387 2161 2442 cordiam
2205 2386 2304 2441 Dei
2329 2401 2563 2440 exorare
2598 2385 2860 2439 delectet.
2905 2385 2976 2438 Ut
3005 2389 3198 2437 autem
3231 2383 3402 2452 hujus
3433 2397 3599 2435 reno-

1906 2476 2149 2531 vationis
2208 2492 2273 2529 ac
2320 2474 2772 2529 conﬁrmationis
2834 2471 3143 2525 auctoritas
3201 2471 3479 2539 majorem
3543 2470 3600 2522 in

1910 2565 2009 2618 Dei
2032 2563 2265 2616 nomine
2299 2562 2554 2616 obtineat
2582 2562 2857 2632 vigorem,
2911 2575 3086 2613 manu
3136 2559 3370 2630 propria
3409 2557 3605 2611 subter

1908 2652 2261 2715 conﬁrmavi,
2318 2650 2630 2720 annuliqne
2675 2648 3049 2718 impressione
3101 2646 3381 2718 assignari
3432 2647 3595 2716 jussi.

1978 2740 2210 2804 Signum
2244 2741 2458 2793 Domini
2489 2740 2709 2792 Henrici
2736 2740 2881 2805 regis
2912 2738 3278 2790 invictissimi.

1982 2828 2304 2897 Egilbertus
2333 2826 2728 2891 cancellarius,
2770 2826 2887 2878 vice
2940 2824 3204 2895 Willigisi
3247 2823 3590 2892 archicapel-

1910 2915 2049 2979 lani,
2073 2916 2424 2985 recognovit.

138 3005 183 3051 et
205 3000 454 3054 omnibus
485 3001 843 3071 appendiciis
886 3002 1135 3071 propriis
1162 3021 1176 3068 ;
1207 3018 1348 3072 quas
1370 3002 1602 3073 quidem
1641 3004 1802 3057 villas
1836 3004 1876 3059 C
1984 3005 2124 3058 Data
2180 3004 2353 3057 Nonis
2385 3002 2698 3069 Februarii,
2759 3018 2910 3056 anno
2965 3000 3279 3056 Dominicse
3330 3000 3601 3053 incarna-

138 3102 245 3141 cum
272 3089 391 3141 aliis
421 3089 615 3155 rebus,
645 3092 1028 3159 quorumdam
1083 3090 1279 3143 hostili
1326 3091 1677 3160 praedatione
1706 3092 1803 3144 iu-

132 3175 259 3243 juste
288 3177 576 3247 abreptas,
610 3178 878 3231 dominus
916 3183 1241 3232 antecessor
1284 3186 1478 3232 noster
1521 3179 1803 3249 gloriosus

140 3263 420 3333 imperator
444 3268 581 3337 jure
610 3282 675 3319 ac
706 3266 799 3335 pie
832 3266 1159 3320 redonavit.

194 3354 250 3407 Et
273 3354 330 3408 in
367 3354 512 3410 Bien
544 3355 738 3408 villam
771 3356 1075 3421 Frunethe,
1108 3371 1240 3409 cum
1287 3356 1525 3409 ecclesia
1572 3362 1629 3410 et
1674 3372 1805 3411 om-

140 3440 279 3495 nibus
304 3444 653 3512 appenditiis
685 3443 949 3515 propriis.
991 3445 1056 3498 Et
1084 3460 1285 3497 nemus
1317 3444 1534 3498 Summi
1558 3445 1807 3499 Gerotha

137 3533 184 3581 et
204 3528 258 3582 in
286 3531 523 3585 Wilrika
581 3532 879 3586 ecclesiam
947 3548 1078 3587 cum
1134 3534 1499 3604 appenditiis.
1561 3534 1625 3587 In
1658 3550 1806 3604 pago

139 3631 340 3688 quoque
364 3620 588 3674 Scaldis
625 3621 1040 3691 possessionem
1079 3622 1354 3676 vocabulo
1388 3622 1575 3686 Erika,
1608 3627 1665 3675 et
1702 3624 1801 3676 Pa-

138 3704 412 3776 pingolant
438 3725 575 3762 cum
602 3710 838 3763 ecclesia
868 3715 924 3763 et
955 3710 1227 3764 omnibus
1290 3711 1637 3781 appenditiis
1668 3726 1806 3780 pro-

140 3794 276 3862 priis,
305 3801 359 3850 et
387 3813 567 3867 super
602 3798 919 3852 0drorstiet
950 3803 1186 3861 terram,
1222 3799 1282 3853 in
1313 3815 1426 3868 qua
1457 3805 1703 3869 possunt
1730 3798 1807 3853 ali

138 3897 249 3936 oves
288 3885 645 3956 quingentae,
678 3892 735 3939 et
764 3886 1048 3958 quidquid
1104 3904 1167 3941 ex
1200 3888 1417 3942 ditione
1459 3888 1512 3942 S.
1566 3888 1808 3943 Bavonis

140 3969 188 4023 in
216 3972 523 4028 Bevelanda
571 3976 716 4040 (107)
765 3981 823 4028 et
874 3975 934 4028 in
966 3976 1239 4041 Walacra,
1294 3982 1352 4029 et
1400 3976 1460 4030 in
1506 3977 1806 4032 Bruinsela

140 4061 392 4115 contineri
419 4062 799 4134 dignoscitur,
828 4069 886 4117 et
941 4064 1000 4116 in
1030 4064 1285 4134 Essperia
1310 4071 1522 4119 terram
1574 4065 1633 4119 in
1694 4082 1808 4136 qua

139 4156 346 4212 possunt
373 4152 532 4221 pasci
595 4166 855 4204 verveces
908 4167 1052 4214 cccc,
1112 4155 1257 4206 etin
1293 4153 1407 4206 alio
1464 4154 1590 4207 loco
1636 4170 1713 4207 cc.
1751 4161 1808 4208 et

143 4235 188 4287 in
216 4236 451 4293 Holfcols
471 4256 647 4310 super
672 4240 914 4294 ﬂuvium
946 4241 1088 4295 Lora
1118 4257 1257 4294 cccc.

198 4325 297 4379 Hoc
342 4344 504 4398 ergo,
564 4345 691 4382 cum
731 4328 888 4382 omni
920 4346 1112 4383 rerum
1169 4331 1238 4384 ad
1300 4346 1359 4384 se
1390 4330 1803 4401 pertinentium

141 4428 336 4468 summa
373 4417 730 4487 integritate,
779 4418 1191 4471 conﬁrmamus
1246 4419 1581 4489 perenniter
1612 4420 1811 4475 usibus

141 4503 351 4558 fratrum
406 4505 637 4575 praefati
666 4506 930 4571 cmuobii,
970 4507 1075 4561 sub
1106 4512 1381 4576 perpetua
1428 4508 1810 4562 immunitatis

139 4588 462 4659 defensioue,
496 4610 562 4647 ac
614 4600 827 4649 nostra:
858 4595 1215 4649 celsitudinis
1244 4596 1390 4649 facto
1440 4601 1804 4651 testamento.

142 4678 227 4731 Per
278 4683 428 4751 quod
492 4682 765 4752 jubemus
824 4689 997 4753 atque
1052 4684 1435 4753 praecepimus
1503 4689 1567 4738 ut
1620 4685 1811 4739 nullus

137 4780 302 4821 comes
332 4774 430 4823 aut
464 4770 643 4839 judex
676 4770 962 4838 publicus,
1015 4770 1280 4837 vicarius,
1334 4772 1663 4839 advocatus,
1710 4789 1811 4826 seu

136 4855 353 4921 quilibet
406 4874 479 4913 ex
535 4858 839 4926 iudiciaria
907 4865 1183 4927 potestate
1234 4860 1293 4914 in
1342 4861 1622 4924 ecclesias,

138 4942 240 4996 loca
287 4948 369 4999 vel
422 4962 619 5017 agros,
676 4964 776 5001 seu
832 4948 1088 5018 reliquas
1144 4949 1532 5018 possessiones
1587 4950 1812 5019 praefati

136 5036 472 5103 monasterii,
520 5052 661 5106 quas
705 5037 983 5091 moderno
1040 5041 1301 5107 tempore
1353 5037 1413 5091 in
1461 5038 1814 5109 quibuslibet

195 5140 858 5215 (l03)Su_olmam,liodie
889 5144 1151 5197 Muninea:
1173 5143 1388 5207 Swolm,
1420 5142 1578 5196 vicus
1631 5160 1812 5215 prope

136 5210 551 5274 Sollegemium.

194 5281 327 5354 (104)
362 5285 608 5344 Holtem,
642 5285 814 5354 vulgo
847 5285 1129 5345 Hanthem,
1165 5284 1319 5338 vicus
1345 5284 1511 5337 tertio
1543 5283 1812 5338 milliario

136 5366 164 5401 a
196 5353 543 5407 Gandavoin
596 5353 764 5424 cujus
789 5354 1017 5407 basilica
1060 5354 1373 5423 parochiali
1426 5354 1566 5407 olim
1623 5357 1809 5422 sepul-

137 5426 240 5474 tum
267 5424 371 5478 fuit
402 5440 613 5494 corpus
670 5429 726 5481 S.
781 5425 964 5479 Livini
1018 5426 1273 5495 episcopi
1325 5432 1381 5479 et
1424 5426 1812 5480 Gandeusium

140 5496 365 5567 patroni,
398 5496 742 5567 videturque
772 5496 1093 5550 etiamnum
1150 5496 1407 5550 tumulus
1464 5496 1677 5550 ibidem
1719 5496 1813 5549 in-

140 5564 303 5631 gentis
333 5566 528 5633 molis,
582 5564 711 5622 cuin
766 5582 936 5622 cavea
962 5568 1333 5622 subterranea
1365 5583 1379 5621 :
1438 5573 1500 5621 ut
1528 5567 1588 5621 in
1638 5566 1816 5621 Fastis

1714 4866 1814 4915 aut
1872 4910 1877 4913 ν

1912 3091 2083 3146 tionis
2116 3093 2421 3147 millesimo
2476 3092 2668 3153 tertio,
2728 3090 3035 3145 indictione
3088 3090 3295 3161 prima,
3319 3106 3471 3142 anno
3523 3104 3604 3140 se-

1914 3181 2101 3235 cundo
2131 3181 2328 3235 domui
2360 3181 2585 3237 Henrici
2614 3180 2834 3252 regisll.

1986 3274 2186 3324 Actum
2213 3270 2271 3323 in
2289 3269 2646 3341 Aquisgrano
2677 3268 2889 3340 palatio
2918 3268 3176 3322 feliciter.

2695 3358 2826 3412 XIX.

1914 3448 2167 3517 Diploma
2200 3448 2344 3513 regis
2415 3447 2636 3500 Henrici
2722 3448 2814 3511 II,
2875 3446 3209 3500 concedentis
3268 3443 3609 3497 Adalberoui

2215 3536 2399 3589 comiti
2419 3534 2656 3588 bannum
2678 3550 2841 3602 super
2869 3539 3105 3601 agrestes
3127 3535 3303 3599 feras.

2424 3623 2612 3692 (Anno
2656 3625 2811 3685 l003,
2843 3624 2910 3676 30
2942 3622 3099 3691 Jun.)

2364 3711 2541 3777 [Ried,
2571 3711 2665 3764 ubi
2709 3727 2899 3779 supra,
2933 3728 2987 3779 p.
3025 3710 3170 3781 122]

1986 3800 2045 3853 ln
2076 3798 2309 3853 nomine
2342 3803 2549 3851 sanctae
2606 3802 2663 3849 et
2692 3797 3009 3851 individua).
3038 3795 3356 3859 Trinitatis,
3390 3796 3611 3848 Hamm-

1915 3902 2011 3940 cns
2037 3884 2227 3939 divina
2257 3883 2481 3938 favente
2512 3882 2825 3936 clementia
2856 3897 2972 3936 rex.

1988 3974 2197 4028 Notum
2244 3972 2319 4025 sit
2376 3970 2646 4025 omnibus
2682 3969 2893 4023 nostris
2923 3968 3210 4037 ﬁdelibus,
3234 3965 3613 4038 praesentibus

1918 4062 2130 4117 scilicet
2158 4066 2213 4115 et
2243 4060 2471 4127 futuris,
2502 4060 2748 4129 qualiter
2791 4074 2919 4124 nos,
2950 4057 3120 4112 ﬁdele
3145 4072 3249 4127 per
3272 4054 3464 4107 omnia
3495 4069 3611 4107 ser-

1918 4149 2118 4204 vitium
2176 4147 2367 4202 dilecti
2422 4147 2591 4200 nobis
2645 4146 2871 4200 comitis
2922 4144 3185 4200 videlicet
3240 4142 3614 4198 Adalberonis

1920 4241 2231 4304 intuentes,
2263 4243 2435 4307 atque
2469 4235 2649 4306 ipsius
2687 4234 3161 4305 supplicationem
3186 4249 3289 4304 per
3323 4232 3611 4285 interven-

1922 4336 2047 4383 tum
2078 4324 2387 4381 venerandi
2426 4324 2689 4395 praesulis
2718 4323 3067 4379 Gotescalchi
3098 4322 3477 4385 attendentes,
3507 4317 3613 4372 sibi

1922 4422 2095 4488 prout
2123 4416 2246 4486 ipse
2276 4414 2678 4484 postulaverat,
2708 4413 2843 4482 quia
2874 4411 3139 4482 legaliter
3187 4410 3499 4482 potuimus,
3532 4424 3617 4461 re-

1924 4505 2068 4577 galis
2104 4503 2375 4574 potentiae
2408 4503 2665 4556 bannum
2714 4516 2885 4571 super
2931 4505 3182 4569 agrestes
3207 4500 3355 4553 feras
3383 4513 3614 4551 conces-

1921 4593 2102 4647 simus
2131 4592 2281 4647 inter
2305 4592 2446 4646 duos
2476 4591 2682 4644 ﬂuvios
2706 4592 2881 4644 Ysara
2908 4595 2961 4643 et
2996 4588 3235 4643 Liubasa
3282 4594 3397 4639 tam
3446 4600 3617 4655 super

1921 4682 2213 4753 propriam
2259 4681 2458 4750 ipsius,
2509 4679 2609 4749 qui
2641 4679 2911 4750 prmfatus
2939 4682 3043 4742 est,
3073 4675 3450 4730 Adalberonis
3506 4679 3618 4727 ter-

1923 4787 2069 4837 ram,
2102 4785 2276 4841 quam
2306 4784 2481 4839 super
2511 4768 2815 4822 domorum
2848 4766 3264 4837 pontiﬁcalium
3295 4764 3382 4816 vel
3416 4778 3613 4815 mona-

1924 4856 2299 4913 steriorumin
2324 4856 2595 4922 abbaciis,
2622 4872 2752 4926 quae
2774 4855 2854 4909 ibi
2877 4854 3037 4909 nobis
3067 4853 3376 4923 pertinent,
3410 4852 3613 4909 terras,

1922 4950 2040 5003 sive
2078 4947 2340 5003 omnium
2385 4945 2616 4999 illorum
2647 4944 2949 4999 hominum
3007 4948 3204 5001 terras,
3238 4938 3337 5009 qui
3388 4938 3445 4991 in
3486 4951 3617 5006 pre-

1922 5037 2069 5091 senti
2093 5037 2180 5090 vel
2208 5036 2269 5089 in
2306 5034 2499 5089 futuro
2521 5032 2858 5104 hujusmodi
2886 5046 3008 5086 rem
3056 5044 3185 5083 cum
3216 5043 3283 5080 eo
3331 5024 3617 5078 collauda-

1926 5142 2164 5209 Belgicis
2196 5144 2260 5194 l2
2292 5140 2428 5193 Nov.
2461 5138 2640 5193 fusius
2669 5136 2933 5207 explicui.

1998 5203 2147 5281 (ἴοὸ)
2206 5210 2590 5275 Fliethersele,
2650 5203 2821 5281 hodie
2885 5204 3225 5281 Yliedersele
3298 5218 3398 5256 seu
3431 5203 3615 5274 vulgo

1934 5277 2234 5346 Vlierzeels,
2266 5281 2517 5335 secundo
2544 5280 2736 5346 lapide
2764 5278 2837 5332 ab
2867 5277 3079 5330 Alosto.

1999 5297 2234 5346 ierzeets,
2266 5297 2517 5335 secundo
2544 5297 2597 5333 1a
2646 5297 2736 5333 lae
2764 5297 2837 5332 an
2867 5297 3079 5330 mosto.

1997 5355 2139 5422 (l06)
2178 5352 2424 5417 Bocholt,
2459 5297 2749 5414 Boucgout,
2800 5363 2983 5422 pagus
3022 5344 3145 5417 agri
3182 5345 3405 5401 Riensis
3438 5361 3615 5416 prope

1930 5425 2117 5479 Liram
2142 5423 2211 5476 de
2242 5439 2357 5494 quo
2390 5438 2587 5494 supra,
2622 5421 2866 5494 pag:_2‘9.

1997 5495 2147 5562 (l0?)
2205 5486 2522 5548 Bevelanda
2574 5486 2641 5545 et
2702 5486 2978 5557 Walacra,
3031 5488 3235 5543 insulas
3311 5486 3616 5548 Zelandiaa,

1929 5567 2212 5623 Beverlant
2230 5570 2281 5618 et
2314 5564 2598 5618 Valchren.
