3914 6190
269 293 374 344 255

1566 289 1620 341 S.
1668 287 1958 342 llENlthl
1998 285 2472 343 IMPERATOBIS
3651 295 3739 347 258

272 411 416 466 bunt
436 427 496 465 in
528 410 800 465 comitatu
819 408 1105 473 Friderici,
1145 408 1244 477 qui
1268 408 1489 478 judicat
1516 408 1575 461 in
1608 408 1967 478 Hacbingun.
2011 412 2053 463 A
2084 407 2370 462 videntur.
2404 407 2563 472 Quod
2603 424 2707 462 nos
2752 406 3028 476 petitione
3080 407 3378 462 Theodrici
3403 408 3742 468 Mimidonen~

271 502 332 555 in
362 517 510 572 pago
545 499 928 569 Sundergowe
960 516 975 551 :
1008 497 1261 568 primum
1313 498 1383 552 ab
1434 496 1616 551 hostio
1670 496 1972 567 praedicto-

276 606 402 643 rum
464 588 800 654 ﬂuviorum,
864 588 1093 642 Ysaram
1148 602 1376 640 sursum
1431 602 1625 640 versus
1662 602 1844 657 usque
1902 586 1973 639 ad

278 677 651 745 Hobenberg;
706 676 838 729 inde
899 675 970 727 ad
1038 675 1443 744 Huggenberg,
1486 675 1555 728 ad
1615 674 1973 737 Cumizdorf;

275 766 407 821 inde
439 765 509 819 ad
540 765 789 833 Carpbse
817 768 874 816 et
932 762 1262 829 Winiduwe,
1316 762 1634 816 secundum
1683 778 1818 815 vero
1876 763 1972 815 de-

284 870 513 908 cursum
575 850 833 907 ﬂuminis
877 850 1118 904 Liubase
1158 851 1427 921 (Laisach)
1460 866 1640 920 usque
1694 850 1763 904 ad
1824 849 1971 902 Wol-

284 941 734 996 veradeshusun.
769 941 968 995 Nostra
998 939 1177 1009 igitur
1209 939 1407 1008 regali,
1463 944 1529 992 ut
1564 937 1978 1009 praescriptum

280 1035 386 1097 est,
427 1029 782 1093 auctoritate,
838 1028 987 1080 inter
1019 1028 1468 1097 praenominatos
1533 1026 1737 1082 ﬂuvius
1770 1031 1826 1080 et
1853 1032 1977 1080 ter-

281 1118 470 1172 minos
498 1118 751 1171 bannutn
786 1116 1097 1186 agrestium
1152 1116 1400 1168 ferarum
1431 1114 1483 1168 ei
1538 1114 1882 1168 tradidimus
1920 1117 1979 1167 et

282 1223 384 1277 per
417 1206 523 1260 hoc
546 1211 899 1274 praeceptum
932 1203 1360 1271 largitisumus,
1384 1203 1542 1273 regio
1574 1202 1746 1255 verbo
1786 1201 1978 1255 omni-

283 1294 448 1349 mode
476 1293 878 1347 interdicentes
908 1298 1212 1361 quatenus,
1269 1293 1376 1345 hoc
1406 1291 1646 1356 ambitu,
1707 1290 1829 1344 sine
1871 1306 1974 1343 sua

282 1383 462 1454 ipsius
493 1370 905 1447 licentia,feras
928 1381 1074 1443 illas,
1111 1396 1241 1450 qum
1291 1379 1350 1433 in
1381 1379 1507 1433 aliis
1540 1378 1979 1433 dominicalibus

282 1470 508 1525 forestis
539 1469 597 1523 in
626 1470 816 1523 banno
848 1473 982 1521 sunt
1013 1467 1237 1537 positae,
1278 1469 1469 1521 nullus
1524 1467 1718 1530 aliquo
1746 1466 1980 1537 ingenio

285 1560 371 1613 vel
402 1573 613 1628 genere
664 1556 910 1610 venandi
960 1555 1457 1626 audeatdeinceps
1506 1561 1752 1625 captare.
1798 1557 1863 1609 Et
1916 1559 1983 1609 ut

286 1648 410 1701 haec
440 1650 651 1699 nostra:
676 1644 1059 1699 concessionis
1088 1643 1394 1698 auctoritas
1424 1642 1643 1698 stabilis
1671 1648 1730 1697 et
1768 1641 1976 1696 incon—

286 1734 449 1788 vulsa
504 1737 860 1803 permaneat,
922 1732 1072 1786 hanc
1119 1731 1392 1803 praacepti
1460 1731 1638 1785 nostri
1704 1731 1977 1802 paginam

291 1838 467 1876 manu
499 1819 732 1891 propria
762 1820 1122 1887 roborantes,
1156 1820 1321 1891 signo
1352 1819 1846 1890 nostraeimaginis
1874 1818 1983 1873 im-

286 1908 460 1980 primi
482 1909 781 1980 jussimus.

357 1999 584 2064 Signum
649 1997 838 2051 damni
880 1998 1103 2052 Henrici
1172 1999 1317 2064 regis
1357 1999 1722 2052 invictissimi.
1770 1996 1985 2067 (Mono-

288 2084 582 2155 gramma.)

361 2173 679 2244 Egilbertus
730 2172 1104 2227 cancellarius
1155 2173 1275 2227 vice
1317 2174 1581 2246 Willigisi
1638 2173 1983 2245 archicapel-

294 2261 411 2315 lani
442 2260 764 2330 recognovi.

361 2351 503 2403 Data
535 2366 574 2404 ιι
610 2349 733 2404 Kal.
790 2348 947 2413 Julii,
1009 2364 1161 2403 anno
1194 2348 1506 2403 Dominica’.
1575 2349 1992 2405 incarnationis

300 2441 451 2504 l003,
512 2437 711 2492 indict.
746 2455 783 2503 ι,
816 2453 967 2490 anno
997 2453 1133 2491 vero
1185 2438 1382 2492 domui
1442 2437 1697 2493 Heinrici
1755 2437 1993 2493 secundi

294 2541 460 2595 regn.
494 2524 768 2589 secundo,
800 2529 1005 2578 Actum
1037 2525 1387 2595 Radespone.

579 2614 712 2669 Cum
742 2612 928 2681 sigillo
959 2613 1207 2668 maxima
1229 2628 1297 2666 ea:
1321 2617 1481 2682 parte
1508 2615 1706 2679 fracto.

1104 2736 1210 2791 XX.

303 2847 364 2899 S.
425 2845 667 2898 Heinrici
702 2844 1051 2912 privilegium
1125 2842 1445 2895 Frederuuaa
1503 2841 1794 2897 abbatissa
1870 2858 1993 2896 con-

1041 2945 1261 2984 cessum.

942 3036 1122 3106 (Anno
1177 3036 1352 3107 1004.)

730 3139 1004 3210 [Dronke,
1033 3143 1128 3195 ubi
1157 3157 1348 3212 supra,
1369 3157 1424 3211 p.
1455 3141 1569 3214 60.]

374 3247 433 3301 C.
490 3248 553 3301 In
613 3248 850 3303 nomine
908 3253 1117 3302 sanctas
1179 3254 1238 3301 et
1312 3247 1628 3301 individua;
1678 3245 1991 3311 Trinitatis,

307 3335 606 3393 Hemmcus
634 3337 827 3391 divina
855 3337 1078 3390 favente
1109 3336 1410 3390 clementia
1451 3352 1566 3389 rex.

374 3424 643 3479 Omnium
688 3429 899 3479 sanctae
940 3424 1039 3479 Dei
1068 3423 1332 3478 Ecclesia:
1358 3427 1807 3493 nostrorumque
1839 3424 1993 3478 ﬁde-

303 3512 443 3566 lium
473 3512 837 3583 praesentium
859 3529 924 3567 ac
944 3513 1270 3567 futurorum
1287 3511 1604 3581 comperiat
1633 3511 1995 3578 universitas,

303 3601 548 3669 qualiter
619 3602 832 3656 domna
912 3601 1237 3656 Frederuna
1300 3600 1647 3654 venerabilis
1707 3600 1993 3654 abbatissa

2084 495 2161 549 sis
2186 496 2442 566 episcopi
2475 495 2693 563 fecisse,
2732 495 2995 550 omnium
3028 500 3231 550 noscat
3259 496 3590 553 universitas
3617 502 3741 555 tide-

2084 585 2249 641 lium.
2318 585 2400 640 Ad
2460 585 2583 639 haec
2639 584 2946 638 statuimus
2992 584 3149 638 utin
3181 585 3417 654 prefalaa
3473 585 3745 643 abbatissa:

2085 690 2321 745 suasque
2361 673 2574 728 sororis
2598 673 2903 727 comitissaa
2944 677 3227 744 potestate
3276 673 3586 744 predictum
3645 692 3745 731 mo.

2087 762 2402 817 nasterium
2435 768 2492 817 et
2534 762 2763 817 abbatia
2812 768 3009 817 nostro
3043 764 3313 832 persistat
3357 778 3614 816 concessu
3644 766 3747 819 die.

2085 852 2191 906 bus
2222 851 2352 906 vitae
2384 867 2617 917 earum;
2653 857 2784 919 post
2831 851 3053 905 obitum
3084 866 3219 904 vero
3250 856 3616 922 utrarumque
3666 869 3749 907 ea-

2086 956 2214 995 rum
2238 941 2309 994 ad
2341 944 2597 993 nostrum
2630 940 2922 1010 publicum
2953 940 3154 993 eadem
3176 938 3406 993 abbatia
3431 940 3524 1009 jus
3551 940 3609 993 in
3632 956 3749 1011 per-

2086 1035 2324 1099 petuum
2352 1028 2653 1098 pertineat.
2685 1029 2929 1099 Insuper
2962 1034 3156 1082 autem
3196 1028 3461 1082 volumus
3505 1035 3563 1082 ut
3616 1030 3751 1083 nulla

2088 1117 2275 1186 major
2306 1117 2424 1170 sive
2449 1116 2638 1170 minor
2676 1115 2838 1185 regni
2870 1116 3046 1169 nostri
3079 1131 3325 1186 persona
3358 1116 3418 1168 in
3440 1116 3629 1170 eadem
3664 1118 3749 1171 ab-

2093 1205 2246 1259 batia
2279 1204 2551 1276 placitum
2584 1204 2767 1258 facere
2793 1210 2893 1257 aut
2918 1204 3173 1274 aliquam
3202 1203 3311 1257 sibi
3341 1204 3650 1258 molestiam
3680 1205 3749 1258 in-

2088 1293 2237 1348 ferre
2266 1295 2352 1347 vel
2384 1292 2674 1364 publicam
2701 1291 3063 1346 funccionem
3111 1306 3394 1357 exercere,
3453 1291 3558 1346 nisi
3601 1294 3748 1346 advo-

2089 1386 2246 1435 catus
2271 1381 2574 1435 abbatissas
2606 1387 3049 1451 sanctarumque
3078 1379 3438 1434 monialium.
3474 1382 3579 1435 Hoc
3602 1382 3750 1435 etiam

2091 1474 2282 1523 nostra
2312 1470 2490 1540 regali
2538 1471 2878 1524 auctoritate
2899 1469 3085 1531 eidem
3118 1468 3490 1522 concedimus
3540 1470 3750 1524 abbatiaa

2092 1564 2156 1613 ut
2207 1562 2415 1613 sancta:
2456 1559 2734 1612 monIaIes
2772 1558 3028 1627 ejusdem
3083 1556 3441 1620 monasterii,
3492 1557 3747 1612 abbatissa

2091 1646 2376 1710 defuncta,
2422 1646 2710 1700 licentiam
2761 1645 3012 1701 habeant
3038 1645 3293 1716 eligendi
3343 1645 3516 1700 aliam
3546 1646 3612 1699 ad
3665 1646 3754 1700 hoc

2096 1735 2381 1790 idoneam.
2412 1737 2477 1789 Et
2505 1741 2569 1789 ut
2595 1735 2771 1805 hujus
2802 1740 3012 1789 nostrae
3043 1734 3405 1789 auctoritatis
3434 1740 3751 1805 praeceptum

2094 1824 2319 1878 ﬁrmius
2331 1823 2761 1894 omnitempore
2784 1828 3131 1893 perseveret,
3153 1824 3300 1877 hanc
3315 1822 3584 1891 paginam
3603 1838 3752 1877 manu

2096 1912 2331 1984 propria
2385 1913 2744 1979 roborantes,
2793 1911 2984 1982 sigillo
3032 1916 3228 1966 nostro
3303 1911 3575 1982 jussimus
3639 1909 3756 1964 insi-

2096 2001 2267 2072 gniri.

2165 2090 2399 2156 Signum
2445 2088 2630 2143 damni
2681 2089 2922 2143 Heinrici
2968 2087 3155 2154 (L.M.)
3204 2090 3354 2154 regis
3426 2089 3759 2142 invictissimi.

2170 2177 2494 2247 Egilbertus
2541 2176 2910 2231 cancellarius
2957 2175 3076 2229 vice
3134 2174 3400 2247 Willigisi
3449 2174 3762 2245 archicapel-

2098 2266 2209 2319 lani
2244 2264 2461 2319 notavi.

2172 2354 2310 2408 Data
2339 2370 2440 2407 ιιιι.
2475 2354 2619 2407 Νοιι.
2650 2352 2979 2416 Novembr.,
3007 2367 3160 2405 anno
3195 2350 3507 2406 Domimca
3536 2349 3762 2404 incarna-

2103 2441 2271 2496 tionis
2305 2443 2461 2507 1004,
2495 2440 2813 2494 indictione
2860 2456 2920 2503 ιι,
2977 2455 3129 2493 anno
3192 2455 3329 2494 vero
3391 2438 3585 2493 domui
3622 2437 3763 2492 Hein-

2099 2530 2203 2584 rici
2232 2531 2285 2585 II
2315 2529 2466 2599 regis
2496 2545 2576 2582 ιιι.
2608 2532 2812 2584 Actum
2837 2528 3233 2598 Magadeburc.

2880 2652 3011 2705 XXI.

2101 2761 2349 2830 Diploma
2378 2759 2435 2814 S.
2469 2759 2693 2813 Henrici
2732 2757 3118 2812 Keminadcnsi
3142 2757 3426 2824 virginum
3476 2755 3763 2810 monasterio

2783 2860 2990 2899 concess
2997 2861 3086 2898 um
3097 2884 3113 2898 .

2746 2951 2934 3019 (Anno
2988 2948 3165 3017 1004.)

2103 3060 2501 3113 Monasterium
2551 3057 2649 3111 sub
2706 3071 2807 3111 sua
2856 3057 3188 3124 proiectione
3240 3054 3473 3122 suscipit
3497 3056 3545 3105 et
3582 3049 3763 3103 monia-

2267 3146 2407 3200 iibus
2435 3150 2752 3214 potestatem
2780 3143 3035 3211 eligendae
3060 3143 3349 3196 abbatissa:
3379 3138 3623 3195 concedit.

2423 3232 2714 3305 [Martene,
2743 3234 2934 3302 Ampi.
3005 3232 3217 3289 Collect.
3255 3232 3297 3296 l,
3335 3231 3478 3295 365.]

2177 3343 2236 3396 In
2268 3341 2503 3395 nomine
2542 3346 2752 3394 sanctae
2807 3344 2859 3394 et
2911 3337 3220 3393 individua:
3272 3335 3585 3402 Trinitatis,
3633 3334 3762 3387 llas-

2106 3446 2256 3485 !ucus
2282 3428 2474 3483 divina
2503 3429 2730 3483 favente
2760 3427 3063 3482 clementia
3080 3443 3199 3481 rex.

2176 3516 2447 3573 Omnium
2460 3520 2668 3570 sanctie
2685 3514 2784 3570 Dei
2800 3516 3055 3570 Ecclesiae
3068 3518 3510 3584 nostrorumque
3523 3508 3762 3571 ﬁdelium,

2106 3604 2476 3675 prtesentium
2508 3619 2571 3658 ac
2600 3602 3277 3671 futurorum,comperiat
3300 3599 3635 3655 universitas
3656 3609 3767 3666 qua-

305 3689 542 3759 ejusque
580 3706 743 3744 soror
769 3692 946 3745 Imma
980 3688 1292 3755 comitissa,
1326 3689 1546 3744 Gerone
1604 3688 1811 3743 comite
1844 3688 1995 3760 adju-

2172 3708 2239 3747 er
2256 3692 2492 3747 domina
2511 3692 2824 3747 Frideruna
2835 3706 3058 3745 necnon
3072 3690 3382 3749 abbatissa,
3396 3690 3622 3758 ejusque
3633 3696 3766 3737 soror

307 3783 496 3844 vante,
566 3784 1010 3833 construxerunt
1088 3777 1375 3848 quoddam
1463 3778 1872 3832 monasterium
1929 3778 2001 3832 ad
2109 3783 2291 3836 Imma
2311 3781 2860 3842 comitissa,b‘erone
2886 3779 3094 3833 comite
3114 3778 3444 3848 adjuvante,
3475 3778 3766 3830 construxe-

305 3865 583 3920 bonorem
615 3872 825 3921 sanctas
858 3866 959 3921 Dei
1011 3866 1307 3936 genitricis
1344 3871 1401 3920 et
1429 3869 1723 3936 perpetua
1765 3864 2002 3935 virginis
2109 3876 2247 3924 runt,
2269 3869 2561 3941 quoddam
2591 3868 2736 3939 (108)
2765 3867 3177 3921 monasterium
3207 3866 3267 3920 in
3289 3866 3563 3919 honorem
3589 3863 3766 3915 sancta:

307 3952 495 4007 Marias
521 3954 865 4020 dedicatum,
891 3955 961 4008 ad
997 3954 1150 4024 quod
1180 3970 1411 4007 omnem
1442 3952 1863 4016 hareditatem,
1894 3953 2004 4006 hoc
2114 3959 2213 4013 Dei
2230 3957 2519 4028 genitricis
2532 3962 2589 4010 et
2607 3955 3151 4027 perpetuasvirginis
3165 3954 3354 4009 Maria:
3372 3944 3767 4013 dedicatum,“

308 4046 395 4094 est
446 4041 806 4102 Keminetan.
844 4043 1084 4112 Haegen,
1140 4040 1351 4110 Barigi,
1392 4040 1733 4106 Tundiriun,
1768 4039 1995 4107 Othere,

2172 4047 2265 4101 10d
2294 4062 2526 4099 omnem
2550 4045 2965 4111 baereditatem,
2999 4046 3105 4097 hoc
3126 4049 3211 4097 est
3263 4040 3653 4102 Keminadam,
3683 4035 3768 4089 Ho-

307 4130 429 4183 haac
452 4135 587 4183 sunt
624 4129 686 4183 in
714 4129 930 4196 Tilitbi,
977 4130 1214 4182 Varstan
1245 4128 1304 4181 in
1331 4131 1507 4197 Auga,
1562 4127 1770 4191 Bothe,
1802 4126 1861 4180 in
1890 4128 1995 4181 Wi-

2172 4150 2247 4202 ιιι,
2296 4135 2503 4203 Barigi,
2534 4132 2899 4196 Tundivium,
2922 4132 3164 4200 Othere;
3194 4132 3316 4185 haec
3346 4135 3481 4184 sunt
3516 4129 3573 4182 in
3598 4120 3767 4181 Tilichi

312 4217 677 4306 Militi/eme},
709 4217 1051 4306 ΒδῐῇᾁεΠ-γὶο.
1118 4218 1608 4306 Hotmannessun,
1651 4216 1999 4306 WWitthorp,
2031 4253 2071 4306 ο
2110 4224 2391 4276 Warstan.
2450 4222 2512 4275 in
2567 4225 2732 4291 Auga
2764 4221 3010 4286 Rohten,
3044 4221 3103 4274 in
3134 4217 3538 4273 Wakenafalde
3595 4211 3768 4306 Barda-

315 4302 1616 4375 Britlingi,Biangibudiburg.Adduncsthorp,
1643 4303 1999 4369 Hatherbiki,
2032 4298 2067 4306 ”
2113 4311 2245 4377 wik,
2297 4311 2828 4374 Hottmannessum,
2880 4309 3162 4378 Wintorp,
3211 4305 3523 4376 'Britlingi,
3582 4298 3767 4368 Biangi,

314 4392 712 4447 Bodanbusou.
758 4392 1133 4462 Sutherhurg,
1175 4393 1235 4445 in
1294 4391 1614 4462 Bardanga,
1664 4392 1908 4458 Claniki,
1946 4393 2006 4447 in
2117 4398 2432 4469 Budiburg,
2503 4398 2929 4469 Addunestorp,
3006 4396 3343 4461 Hatterbiki,
3406 4392 3770 4449 Bodenhusen,

314 4481 578 4547 Drevani,
640 4481 1246 4553 Wigmannesbursta],
1296 4480 1739 4551 Bennedestorp,
1781 4481 1840 4534 in
1889 4481 2007 4535 Mo-
2115 4486 2453 4552 Suterburg,
2515 4486 2576 4539 in
2623 4487 2922 4556 Gardanga
2981 4484 3280 4555 Clomkey;
3312 4484 3373 4538 in
3415 4485 3626 4537 Drevan
3652 4475 3774 4544 Wig-

314 4569 444 4636 sidi,
507 4569 729 4636 Widila,
800 4570 1159 4634 Waldersidi,
1231 4568 1563 4637 Kokerhiki,
1620 4569 1680 4622 in
1712 4570 2004 4638 Heilanga,
2117 4575 2647 4645 manuesburgscal,
2724 4576 3116 4644 Benuestorp;
3200 4573 3259 4627 in
3319 4570 3520 4628 Mosidi
3581 4563 3770 4624 Widila,

315 4658 554 4723 Holana,
603 4658 753 4725 Ann,
786 4657 983 4723 Setila,
1040 4657 1100 4711 in
1135 4658 1490 4727 Hogtrunga,
1537 4657 1815 4728 Hepstidi,
1858 4657 1995 4712 Sini-

2172 4663 2475 4730 'aldersidi,
2506 4662 2876 4727 Kokerbilki;
2906 4662 2964 4716 in
3000 4662 3273 4731 Heilanga
3322 4660 3554 4719 Holana,
3582 4660 3769 4709 Aunse-

312 4762 435 4816 gas,
464 4752 781 4817 cunctaque
814 4760 1010 4800 earum
1061 4746 1153 4800 hic
1182 4750 1605 4816 prememorata
1655 4746 1856 4816 predia
1886 4761 2011 4816 gra-
2117 4753 2251 4818 tila;
2293 4751 2353 4805 in
2403 4753 2728 4821 Hostrunga
2771 4748 3123 4820 Hepenstidi,
3180 4748 3435 4819 Sungad,
3495 4746 3775 4809 cunctaque

313 4834 534 4891 tiSSima
586 4835 878 4889 voluntate
909 4833 1294 4900 tradiderunt,
1326 4850 1456 4905 quae
1488 4849 1618 4886 vero
1650 4833 1757 4886 sita
1782 4839 1918 4886 sunt
1944 4833 2006 4887 in
2119 4855 2318 4894 eorum
2348 4839 2441 4893 hic
2470 4844 2907 4910 prmmemorata
2935 4836 3172 4908 [praedia
3229 4835 3550 4908 gratissima
3599 4828 3775 4881 volun—

315 4932 591 4986 comitatu
623 4930 938 4987 Bernhardi
982 4930 1163 4999 ducis,
1223 4931 1398 4999 unde,
1456 4936 1707 4984 nostram
1758 4931 2010 5001 regalem
2118 4932 2235 4982 tate
2283 4927 2660 4982 tradideruut.
2710 4926 2850 4991 Quae
2895 4941 3030 4980 vero
3086 4926 3197 4978 sita
3251 4928 3384 4977 sunt
3414 4922 3473 4975 in
3530 4914 3773 4972 comitatu

316 5036 599 5090 aggressa!
631 5021 1012 5089 majestatem,
1045 5018 1334 5089 supplices
1355 5023 1701 5088 rogaverunt
1729 5023 1792 5072 ut
1822 5018 2012 5089 ipsum
2123 5016 2359 5070 Bevardi
2387 5016 2568 5081 ducis,
2600 5016 2772 5079 unde,
2808 5020 3063 5069 nostram
3097 5013 3353 5083 regalem
3381 5020 3651 5080 aggressa!
3678 5015 3772 5054 ωειο

318 5109 731 5163 monasterium
762 5109 823 5163 in
876 5107 1061 5163 nostri
1113 5106 1528 5160 mundiburdio
1567 5106 2010 5177 susciperemus,
2114 5104 2407 5175 jestatem,
2444 5105 2730 5175 supplices
2783 5106 3153 5173 rogaverunt,
3196 5106 3259 5155 ut
3287 5100 3479 5170 ipsum
3516 5092 3772 5150 monaste-

318 5195 561 5267 talisque
612 5197 889 5251 libertatis
918 5212 984 5250 ac
1013 5195 1158 5267 legis
1183 5194 1495 5265 primatum
1546 5196 2010 5260 concederemus,
2122 5192 2274 5245 rium
2306 5192 2367 5245 iu
2396 5198 2594 5246 nostro
2635 5190 3049 5260 mundiburgio
3080 5188 3517 5259 susciperemus,
3564 5178 3775 5247 ωΙίειῖιιθ

318 5284 549 5354 quelem
580 5285 982 5348 Gandesbeim,
1031 5283 1444 5354 Quitilinburg,
1479 5283 1778 5339 Heriwurti
1816 5290 2015 5339 tenere
2124 5280 2406 5336 libertatis
2452 5298 2517 5335 ac
2570 5271 2711 5353 legis
2764 5280 3077 5352 primatum
3136 5278 3595 5341 concederemus,
3657 5278 3775 5336 qua-

394 5458 544 5528 (108)
606 5458 759 5512 Istud
819 5460 1235 5513 monasterium
1300 5474 1566 5513 successu
1621 5458 1896 5527 temporis
1955 5458 2016 5512 iu

2126 5456 2391 5534 Cpn_rado
2431 5456 2474 5534 ll
2501 5455 2848 5534 imperatore
2901 5458 2957 5534 et
2998 5432 3250 5534 Eugenio
3278 5468 3425 5524 papa
3460 5451 3551 5513 Ill,
3578 5441 3777 5498 tandem

327 5534 764 5601 praeposituram
797 5530 1052 5584 Curbeia‘.
1108 5547 1273 5584 novin
1304 5545 1662 5598 conversum,
1695 5530 2018 5584 faventibus

2129 5529 2197 5583 ad
2226 5522 2674 5590 Brunswicenses
2704 5527 2874 5580 duces
2899 5522 3145 5579 transiit.
