4016 6202
182 306 269 355 257
1439 291 1845 349 DIPLOMATA
1884 293 2019 348 ECC
2028 288 2431 345 LESIASTICA
2443 330 2455 341 .

3612 300 3716 349 258

179 427 279 479 lem
307 414 1080 493 (109)68ndersheim010),
1115 410 1541 482 Guintilihurg,
1583 415 1899 469 Gernivisti
1936 418 1987 468 Α
2016 411 2259 468 omnino
2327 401 2797 480 transfundimus,
2874 414 3150 476 dedimus,
3232 417 3588 486 donavimus,
3653 426 3719 473 ιιι

182 519 354 566 tenere
380 507 662 561 viderunt.
707 502 869 569 Quod
905 518 1006 555 nos
1035 500 1315 572 petitione
1360 499 1719 556 Theoderici
1753 503 1903 556 Min-

181 597 426 655 donensis
465 594 720 666 episcopi
775 590 974 646 fecisse
1015 589 1251 644 omnino
1280 594 1488 641 noscat
1540 590 1907 643 universitas

181 688 431 743 ﬁdelium.
474 684 557 738 Ad
610 684 719 736 hoc
752 679 1059 733 statuimus
1089 683 1148 731 ut
1179 678 1238 730 in
1271 675 1535 747 praefata:
1575 677 1907 731 abbatissa:

181 790 391 845 suaeque
442 770 659 825 sororis
712 767 1017 822 comitissae.
1064 764 1400 837 praedictum
1448 764 1909 817 monasterium

182 868 230 917 et
277 860 493 917 abbatia
554 864 756 912 nostro
818 854 1087 925 persistat
1136 866 1415 907 consensu
1473 849 1711 903 diebus
1777 851 1911 905 vita:

182 965 395 1014 eorum;
454 952 589 1017 post
650 926 869 998 obitdm
920 958 1054 996 vero
1105 948 1480 1008 utrarumque
1531 952 1774 991 earum
1836 939 1907 993 ad

180 1043 413 1093 nostrum
444 1034 748 1106 publicum
779 1031 979 1086 eadem
1020 1030 1241 1084 abbatia
1284 1028 1379 1098 jus
1419 1025 1479 1078 in
1526 1028 1906 1093 perpetuum

181 1125 460 1196 pertineat.
513 1123 762 1192 Insuper
812 1124 1002 1174 autem
1053 1118 1317 1171 volumus
1365 1116 1431 1168 ut
1476 1109 1656 1165 nulla
1718 1114 1908 1185 major

182 1220 267 1268 aut
306 1213 489 1267 minor
536 1209 708 1279 regni
756 1208 933 1262 nostri
991 1222 1238 1276 persona
1280 1204 1342 1258 in
1395 1200 1603 1256 eadem
1664 1201 1901 1258 abbatis

182 1302 433 1370 placitum
463 1300 675 1364 facere,
720 1302 820 1349 aut
865 1295 1121 1365 aliquam
1151 1292 1257 1347 sibi
1289 1289 1619 1345 molestiam
1652 1288 1893 1357 inferre,

182 1390 259 1442 vel
285 1387 566 1459 publicam
610 1384 962 1438 functionem
994 1382 1226 1451 exigere
1261 1380 1490 1450 [suppl.,
1520 1380 1890 1451 praesumat],

182 1477 280 1531 nisi
328 1477 632 1530 advocatus
679 1471 978 1526 abbatissa:
1011 1474 1472 1540 cunctarumque
1518 1469 1888 1524 monialium.

185 1566 281 1619 Hoc
326 1565 491 1618 etiam
541 1568 740 1616 nostra
782 1560 957 1629 regali
1017 1558 1357 1611 auctoritate
1400 1557 1469 1611 ad
1522 1557 1635 1611 hoc
1683 1573 1891 1611 conce-

183 1656 352 1711 dimus
400 1651 670 1713 abhatiae,
734 1653 795 1700 ut
840 1646 1308 1700 sanctimoniales
1361 1645 1622 1715 ejusdem
1678 1661 1885 1698 mona-
1922 1687 1966 1740 Β

183 1742 344 1806 sterii,
383 1739 668 1793 abbatissa
709 1736 989 1797 defuncta,
1022 1734 1319 1788 licentiam
1350 1734 1602 1788 habeant
1634 1732 1891 1801 eligendi

183 1831 335 1884 aliam
386 1828 456 1882 ad
510 1828 622 1880 hoc
680 1825 965 1877 idoneam.
1026 1825 1090 1877 Et
1149 1828 1212 1876 ut
1266 1828 1475 1876 nostra)
1525 1820 1893 1874 auctoritatis

183 1922 515 1989 praeceptum
560 1913 788 1969 ﬁrmius
832 1911 988 1965 omni
1036 1916 1303 1981 tempore
1342 1914 1693 1981 perseveret,
1741 1909 1894 1963 hanc

182 2007 433 2078 paginam
463 2017 643 2058 manu
687 1999 919 2070 propria
957 1998 1299 2052 roborantes
1330 1999 1497 2069 signo
1531 2001 1739 2051 nostro
1766 1997 1895 2066 jus-

185 2097 348 2148 simus
378 2090 668 2161 insigniri.

243 2180 461 2248 Signum
481 2177 671 2231 domui
692 2175 908 2230 Henrici
928 2175 1069 2241 regis
1092 2172 1469 2225 invictissimi.

247 2268 536 2336 Egibertus
586 2260 952 2317 cancellarius
988 2276 1109 2314 vice
1152 2258 1409 2328 Willigisi
1439 2255 1900 2327 archicapellani

185 2356 375 2409 notavi.

248 2445 378 2498 Data
422 2460 474 2497 ιν
521 2443 707 2496 Nonas
739 2437 1095 2501 Novembris,
1146 2450 1300 2489 anno
1337 2432 1657 2490 Dominicae
1710 2434 1898 2487 incar-

188 2533 420 2586 nationis
462 2532 622 2599 1004,
655 2528 966 2583 indictione
1012 2542 1073 2591 ιι,
1120 2540 1274 2578 anno
1324 2538 1460 2577 vero
1499 2520 1709 2576 domui
1748 2523 1901 2577 Hen-

188 2623 276 2675 rici
306 2621 473 2691 regis.
527 2663 537 2673 .
584 2660 597 2672 .
645 2660 657 2672 .

250 2714 440 2764 Actum
475 2706 883 2778 Magadeburg.

980 2790 1142 2846 XXII.

254 2887 305 2941 S.
359 2886 638 2941 Henricus
686 2883 938 2939 Ecclesiae
984 2878 1255 2937 Comensis
1284 2874 1581 2945 privilegia
1612 2875 1906 2940 conﬁrmat

715 2977 765 3026 et
779 2972 1147 3041 possessiones
1177 2969 1359 3033 auget.

838 3062 897 3128 (A
907 3072 1026 3113 uno
1062 3052 1243 3124 1004.)

556 3148 831 3221 [υεὶιθὶιί,
867 3147 1047 3200 Italia
1082 3158 1263 3209 sacra,
1298 3142 1356 3204 V,
1386 3137 1537 3208 280.]

261 3241 321 3294 In
349 3239 590 3294 nomine
616 3242 827 3292 sauctze
852 3242 911 3290 et
933 3231 1251 3289 individum
1268 3227 1583 3291 Trinitatis,
1620 3228 1908 3283 Haumccs

202 3328 540 3383 Francorum
568 3327 897 3396 pariterque
923 3318 1432 3390 Longobardorum
1460 3314 1653 3369 divina
1681 3315 1908 3371 favente

199 3416 500 3471 clementia
530 3430 648 3469 rex.

265 3505 473 3559 Notum
519 3503 592 3556 sit
641 3499 912 3556 omnibus
967 3494 1179 3550 nostris
1226 3490 1491 3548 tidelibus
1520 3487 1677 3558 quia,
1730 3490 1907 3545 inter-

202 3599 364 3646 ventu
419 3589 690 3645 Everardi
738 3585 983 3653 Cumani
1015 3582 1267 3654 episcopi
1314 3578 1510 3635 divino
1543 3584 1825 3646 respectu,
1854 3585 1911 3633 et

202 3680 449 3733 remedio
504 3674 1054 3747 gloriosissimorum
1103 3680 1530 3724 antecessorum
1579 3671 1908 3720 nostrorum

202 3767 635 3838 imperatorum,
666 3769 720 3818 et
752 3759 1170 3833 propagatione
1201 3754 1365 3826 regni
1415 3749 1613 3816 nostri,
1645 3750 1911 3807 dedimus

202 3856 259 3910 in
299 3858 592 3926 integrum
640 3870 705 3907 ac
749 3852 807 3906 in
854 3853 1203 3920 perpetuum
1255 3845 1311 3899 S.
1366 3839 1633 3896 Abundio
1676 3855 1909 3895 omnem

205 3945 351 3999 illam
384 3950 612 4016 partem
644 3941 713 3996 de
763 3946 948 3994 castro
992 3934 1323 3996 Berinzona,
1375 3945 1505 4000 quae
1544 3927 1612 3981 ad
1656 3934 1907 3982 nostram

205 4015 490 4103 publicam
522 4029 803 4101 pertinuit
840 4032 959 4080 tam
986 4024 1145 4078 intus
1173 4035 1349 4093 quam
1380 4016 1538 4080 foris,
1564 4030 1692 4068 cum
1724 4015 1909 4070 omni-

206 4121 303 4175 bus
339 4119 693 4193 appendiciis
743 4122 801 4171 et
840 4111 1204 4186 pertinentiis
1251 4108 1392 4174 suis,
1442 4120 1570 4193 cum
1622 4106 1909 4167 mercatis,

208 4192 507 4272 theloneis,
552 4222 681 4260 cum
734 4202 1001 4259 omnibus
1049 4198 1297 4270 publicis
1342 4192 1622 4249 reditibus
1670 4198 1725 4246 et
1777 4193 1909 4247 fun-

208 4299 508 4362 ctionibus,
540 4311 669 4349 cum
707 4294 833 4363 ipsa
858 4300 1090 4362 quoque
1128 4293 1314 4358 porta,
1358 4297 1487 4354 quae
1516 4281 1745 4351 publico
1777 4281 1907 4335 usui

209 4386 481 4441 hactenus
508 4381 834 4445 deservivit,
885 4384 950 4432 ut
994 4377 1192 4441 libere,
1238 4386 1457 4435 secure,
1490 4370 1705 4440 quiete,
1752 4369 1906 4441 paci-

211 4476 309 4530 ﬁce
340 4490 474 4529 cum
514 4471 675 4527 omni
706 4472 1025 4541 potestate;
1058 4469 1115 4519 et
1159 4462 1315 4517 idem
1350 4458 1660 4514 Everardus
1691 4459 1908 4529 episco-

212 4582 312 4635 pus
341 4565 652 4628 Cumauus,
687 4575 791 4631 pro
832 4558 1164 4625 integritate
1209 4566 1326 4604 sum
1378 4547 1513 4603 tidei
1563 4552 1618 4601 et
1661 4548 1909 4619 puritate

213 4653 451 4717 servitii,
479 4656 536 4704 et
565 4664 766 4704 omnes
797 4645 885 4700 sui
908 4656 1263 4698 successores
1292 4637 1544 4691 habeant
1570 4642 1629 4693 et
1656 4640 1908 4701 teneant,

215 4747 267 4795 et
302 4739 583 4812 quidquid
634 4751 833 4792 eorum
887 4733 1147 4786 voluntas
1196 4725 1530 4791 decreverit,
1585 4725 1656 4779 ad
1696 4726 1912 4779 cultum

215 4830 468 4883 divinum
495 4827 744 4892 faciant;
776 4823 912 4895 quia
943 4820 1278 4892 praedictum
1317 4820 1566 4869 castrum
1614 4814 1915 4868 Birinzona

215 4934 341 4972 cum
392 4917 659 4972 omnibus
706 4929 834 4985 quae
886 4914 957 4966 ad
1010 4908 1155 4965 illud
1215 4908 1370 4961 intus
1424 4910 1523 4958 aut
1550 4904 1688 4959 foris
1738 4902 1914 4975 perti-

219 5012 485 5071 nuerunt,
539 5021 573 5059 a
621 5008 813 5057 nostro
864 5001 999 5071 jure
1057 5004 1114 5052 et
1166 4993 1451 5059 dominio,
1508 4999 1566 5048 et
1634 4992 1705 5047 ab
1756 4991 1916 5046 omni

218 5096 444 5164 publica
474 5092 829 5164 repetitione,
871 5091 932 5144 in
956 5089 1051 5159 jus
1091 5090 1148 5142 et
1194 5082 1516 5141 dominium
1564 5082 1619 5137 S.
1664 5079 1918 5135 Abundii

292 5271 437 5339 (109)
467 5266 877 5325 Gandersheim
906 5263 1329 5339 nobilissimum
1369 5257 1665 5339 virginum
1692 5256 1924 5337 Benedi-

224 5328 502 5395 ctinarum
568 5339 974 5392 monasterium
1029 5335 1089 5388 in
1149 5333 1355 5387 ducatu
1417 5328 1827 5383 Brunswicensi
1890 5343 1921 5380 a

225 5412 522 5482 Liutolpho
571 5411 852 5465 Saxonum
898 5409 1139 5482 ducedet
1186 5403 1304 5458 Oda
1342 5401 1465 5472 ejus
1504 5402 1748 5471 conjuge
1796 5397 1922 5452 fun-

225 5477 425 5537 datum'
449 5483 558 5537 fuit
587 5481 735 5535 circa
759 5493 971 5532 annum
996 5477 1118 5531 852.

300 5556 344 5617 (t
362 5556 444 5624 10)
476 5552 626 5607 Istud
654 5548 1062 5605 monasterium
1099 5541 1358 5599 condidit
1387 5540 1674 5597 Mathildis
1702 5538 1922 5609 regina,

2013 502 2232 571 absque
2260 498 2377 554 ullo
2422 507 2678 570 respectu
2734 506 2789 555 et
2831 502 2952 556 sine
3012 505 3169 557 omni
3224 505 3452 574 publica
3493 506 3720 578 inquie-

2014 590 2237 655 tudine,
2284 586 2477 641 omnia
2523 590 2843 660 supradicta
2882 592 3225 661 pertinentia
3270 608 3398 647 cum
3440 595 3619 648 servis
3661 599 3721 649 et

2017 677 2235 732 ancillis
2268 676 2344 730 ita
2374 680 2624 739 teneant.
2660 679 2937 748 judicent,
2981 680 3270 746 ordinent,
3320 682 3463 735 sicut
3509 688 3719 737 cetera

2015 766 2156 828 loca,
2200 779 2328 834 quae
2374 769 2504 819 ante
2561 773 2791 820 centum
2844 784 3021 821 annos
3073 769 3312 823 ecclesia
3359 769 3412 823 S.
3462 769 3715 824 Abundii

2017 851 2333 923 acquisivit,
2370 857 2427 905 et
2457 853 2656 907 tenuit.
2694 855 2859 908 Decet
2891 856 3043 909 enim
3085 862 3142 909 et
3171 872 3351 927 regno
3383 863 3583 911 nostro
3629 861 3715 910 est

2014 941 2429 995 incrementum
2472 941 2541 995 de
2584 941 2654 995 iis
2694 959 2823 1013 qua:
2873 944 3020 996 Deus
3064 943 3245 1011 dedit,
3284 944 3525 1009 donare,
3571 949 3630 998 et
3661 944 3715 998 ei

2014 1030 2291 1084 honorem
2334 1029 2650 1085 retribuere
2708 1031 2807 1101 qui
2867 1031 3045 1100 gratis
3094 1031 3354 1095 honorat,
3404 1037 3460 1086 et
3508 1048 3543 1085 a
3594 1046 3711 1103 quo

2012 1117 2200 1172 omnis
2228 1117 2415 1170 honor
2432 1118 2706 1187 procedit.
2742 1121 3091 1173 Honoremus
3123 1135 3261 1189 ergo
3288 1124 3533 1187 sanctos,
3565 1120 3711 1173 dite-

2010 1221 2138 1259 mus
2170 1205 2291 1258 loca
2319 1211 2668 1275 sanctorum,
2717 1212 2773 1261 et
2815 1209 2966 1277 ipsos
3009 1207 3161 1276 apud
3209 1208 3387 1261 Deum
3419 1208 3711 1276 adjutores

2006 1294 2320 1348 habeamus
2369 1300 2426 1349 et
2473 1296 2899 1350 intercessores.
2948 1298 3053 1349 Per
3110 1296 3218 1349 hoc
3272 1295 3426 1348 enim
3482 1296 3709 1364 praede-

2006 1397 2252 1436 cessores
2296 1383 2477 1436 nostri
2510 1384 2754 1436 multum
2790 1385 2904 1437 Deo
2944 1384 3309 1452 placuerunt,
3346 1398 3452 1452 per
3494 1381 3605 1434 hoc
3655 1386 3712 1434 et

2004 1486 2111 1524 nos
2149 1486 2442 1540 speramus
2480 1477 2538 1526 et
2581 1472 2710 1524 vita:
2741 1473 2981 1524 salutem
3022 1474 3078 1523 et
3107 1470 3270 1539 regni
3299 1476 3702 1536 augmentum,

2005 1564 2065 1612 et
2091 1558 2247 1627 pacis
2291 1560 2795 1630 prosperitatisque
2828 1561 3133 1613 honorem.
3187 1558 3458 1611 Jubemus
3505 1556 3705 1626 igitur,

2006 1652 2072 1699 ut
2116 1646 2307 1700 nullas
2356 1649 2487 1713 dux,
2549 1649 2818 1714 marchio,
2874 1663 3084 1713 comes,
3132 1645 3463 1711 vicecomes,
3514 1646 3711 1699 nullus

2011 1734 2264 1802 Latinus,
2313 1738 2505 1791 nullus
2533 1739 2937 1804 Tlieutonicus,
2974 1738 3129 1789 nulla
3176 1734 3340 1804 regni
3372 1734 3553 1788 nostri
3584 1750 3711 1787 ma-

2010 1839 2125 1892 gna
2154 1826 2238 1879 vel
2282 1843 2453 1897 parva
2490 1843 2735 1897 persona
2778 1828 3046 1896 deinceps
3096 1825 3166 1879 de
3210 1824 3483 1894 praedicto
3522 1831 3710 1877 castro

2012 1911 2334 1983 Birinzona,
2363 1920 2462 1969 aut
2492 1915 2560 1969 de
2591 1916 2782 1987 aliqua
2820 1916 2943 1985 ejus
2971 1913 3342 1984 pertinentia,
3394 1917 3492 1966 aut
3533 1913 3710 1977 intus,

2013 2006 2117 2054 aut
2162 2002 2295 2057 foris
2343 2005 2459 2057 ullo
2496 2004 2553 2057 in
2592 2010 2851 2074 tempore
2890 2019 2992 2073 per
3035 2002 3267 2073 aliquod
3318 2001 3619 2071 ingenium
3652 2018 3711 2054 se

2016 2090 2393 2146 intromittere
2420 2093 2623 2147 audeat
2654 2110 2755 2147 nec
2786 2108 3036 2163 unquam
3069 2091 3383 2146 ecclesiam.
3416 2090 3473 2145 S.
3516 2091 3710 2145 Abun-

2016 2177 2097 2231 dii
2144 2179 2272 2234 inde
2319 2180 2612 2234 disvestire
2665 2185 2999 2251 prmsumat,
3057 2184 3155 2233 aut
3213 2178 3555 2232 Everardum
3613 2195 3714 2231 no-

2018 2271 2195 2321 strum
2243 2268 2637 2323 ﬁdelissimum
2686 2270 3017 2339 episcopum
3064 2269 3405 2332 Cumanum,
3447 2273 3547 2319 aut
3594 2267 3718 2335 ejus

2017 2357 2197 2411 ullum
2246 2374 2623 2413 successorem
2677 2358 2808 2411 inde
2855 2356 3193 2428 inquietare,
3243 2356 3567 2421 molestare,
3618 2359 3720 2407 aut

2017 2462 2122 2517 per
2141 2447 2303 2501 illum
2338 2448 2609 2518 placitum
2660 2447 2898 2517 fatigare
2943 2445 3264 2500 contendat.
3318 2443 3374 2498 Si
3430 2443 3560 2513 quis
3618 2460 3717 2497 au-

2016 2540 2132 2589 tem
2163 2534 2377 2602 fecerit,
2406 2536 2560 2589 mille
2592 2537 2767 2589 libras
2808 2533 3189 2606 probatissimi
3219 2531 3344 2585 auri
3382 2536 3715 2600 componat,

2019 2623 2386 2678 medietatem
2430 2624 2613 2691 nobis,
2663 2629 2720 2678 et
2765 2624 2819 2678 S.
2874 2622 3135 2677 Abundio
3183 2623 3459 2684 alteram;
3507 2626 3563 2675 et
3610 2623 3716 2675 hoc

2018 2717 2368 2783 prasceptum
2440 2713 2796 2784 temporibus
2861 2712 3131 2767 omnibus
3194 2711 3252 2763 in
3311 2726 3414 2763 sua
3490 2715 3721 2764 maneat

2016 2800 2306 2856 firmitate.
2363 2800 2521 2865 Quod
2581 2805 2645 2855 ut
2695 2800 2885 2855 verius
2936 2802 3221 2865 credatur,
3273 2803 3329 2853 et
3380 2798 3719 2869 diligentius

2016 2887 2366 2954 observetur,
2416 2889 2524 2942 hoc
2578 2893 2930 2960 praeceptum
2982 2887 3150 2942 scribi
3199 2885 3498 2955 jussimus,
3544 2902 3719 2940 manu

1944 2970 1985 3025 C
2020 2981 2215 3031 nostra
2265 2976 2643 3045 ﬁrmavimus,
2694 2982 2752 3031 et
2791 2982 2986 3032 nostro
3044 2975 3233 3046 sigillo
3274 2974 3524 3046 insignia
3569 2991 3724 3046 pra:-

2019 3064 2295 3135 cepimus.

2090 3153 2315 3220 Signum
2336 3156 2399 3208 D.
2430 3155 2653 3210 Henrici
2680 3155 3029 3210 invictissimi
3056 3155 3224 3219 regis.

2090 3242 2409 3313 Egilbertus
2456 3243 2826 3298 cancellarius
2873 3243 2944 3297 ad
2992 3241 3174 3296 vicem
3228 3241 3488 3313 Villigisii
3530 3242 3721 3296 archi-

2017 3328 2300 3399 capellani
2339 3330 2689 3399 recognovit.

2092 3417 2215 3471 Dat.
2271 3434 2310 3471 ιι
2370 3418 2446 3473 Id.
2500 3418 2679 3483 Junii,
2738 3434 2889 3472 anno
2939 3418 3251 3473 Dominicas
3301 3418 3715 3473 incarnationis

2017 3505 2325 3560 millesimo
2356 3514 2583 3577 quarto,
2618 3505 2930 3561 indictione
2974 3508 3243 3572 secunda,
3298 3524 3449 3562 anno
3488 3523 3624 3562 vero
3656 3508 3718 3560 D.

2020 3593 2251 3649 Henrici
2312 3595 2363 3647 II
2420 3596 2572 3663 regis
2629 3596 2815 3650 tertio.
2879 3600 3084 3651 Actum
3139 3596 3196 3651 in
3252 3597 3617 3653 Lacunavara
3666 3596 3723 3649 in

2023 3682 2122 3735 Dei
2151 3682 2380 3737 nomine
2419 3683 2681 3738 feliciter.
2722 3689 2917 3738 Amen.

2784 3772 2969 3827 XXIII.

2093 3877 2150 3932 S.
2182 3877 2403 3930 Henrici
2433 3876 2676 3945 diploma
2717 3893 2818 3946 per
2866 3877 3011 3945 quod
3054 3878 3327 3946 praedium
3362 3877 3736 3949 Pipinesdor/f

2235 3964 2493 4019 Ecclesia:
2538 3966 2919 4021 Wormatiensz
2941 3966 3245 4020 liberaliter
3282 3970 3511 4034 confert.

2673 4073 2857 4142 (Anno
2900 4072 3081 4142 1004.)

2221 4176 2547 4245 [Schannat,
2587 4180 2945 4247 Episcopatus
2985 4178 3274 4245 Wormat.,
3306 4181 3380 4241 II,
3416 4178 3525 4252 36.]

2092 4278 2154 4332 In
2184 4277 2414 4330 nomine
2439 4281 2647 4330 sanctas
2669 4284 2726 4331 et
2749 4277 3059 4332 individua:
3081 4278 3398 4348 Trinitatis,
3434 4281 3732 4335 HEINRICUS

2021 4366 2215 4422 divina
2247 4364 2469 4419 favente
2495 4365 2799 4420 clementia
2828 4382 2945 4419 rex.

2093 4454 2151 4507 Si
2194 4453 2316 4505 loca
2360 4460 2689 4507 sanctorum
2736 4453 3168 4508 muniticientias
3214 4455 3423 4525 regalis
3467 4456 3729 4525 largitate

2022 4542 2418 4606 sublimamus,
2454 4542 2561 4595 hoc
2587 4542 2753 4596 nobis
2775 4548 2889 4596 tam
2912 4543 2972 4595 in
3004 4544 3300 4612 praesentis
3331 4544 3460 4598 vitm
3490 4545 3734 4598 decursu

2024 4647 2201 4703 quam
2240 4629 2297 4683 in
2332 4630 2539 4684 futuras
2570 4631 2769 4700 gloria:
2800 4638 2951 4685 statu
2989 4631 3257 4700 prodesse
3290 4633 3509 4703 liquido
3541 4632 3722 4704 proti-

2024 4726 2233 4775 temur.
2296 4718 2539 4772 Proinde
2597 4719 2816 4774 noverit
2872 4719 3133 4773 omnium
3196 4728 3406 4775 sanctae
3469 4721 3567 4774 Dei
3624 4722 3727 4775 Ec-

2025 4810 2208 4865 clesia:
2270 4814 2714 4879 nostrorumque
2774 4807 3031 4861 ﬁdelium
3101 4807 3405 4874 industria,
3486 4809 3733 4879 qualiter

2029 4896 2385 4954 Burchardus
2432 4902 2642 4950 sanctae
2691 4896 3120 4951 Wormatiensis
3183 4897 3440 4950 Ecclesiae
3493 4912 3738 4951 venera-

2026 4987 2156 5042 bilis
2187 4986 2417 5056 przesul,
2467 4989 2720 5038 nostram
2777 4985 2996 5055 regiam
3051 4983 3191 5037 adiit
3238 4983 3534 5037 humiliter
3573 4984 3737 5037 obse-

2028 5091 2195 5138 crans
2232 5072 2641 5138 excellentiam,
2673 5079 2738 5128 ut
2767 5074 3050 5145 praedium
3086 5072 3241 5142 quod
3270 5071 3482 5125 habere
3512 5072 3573 5125 in
3604 5072 3739 5127 villa

2032 5251 2263 5307 Heurici
2304 5249 2552 5321 Aucupis
2599 5250 2753 5321 regis
2797 5251 3217 5321 Germanorum
3248 5246 3479 5317 conjux,
3529 5247 3589 5321 in
3638 5264 3739 5321 eo—

2032 5339 2145 5394 que
2204 5321 2307 5376 sub
2364 5318 2636 5394 saeculari
2673 5318 2872 5394 habitu
2932 5318 3259 5394 religiosam
3325 5321 3496 5394 vitam
3556 5319 3735 5394 duxit.

2032 5389 2215 5448 Situm
2254 5398 2338 5446 est
2381 5402 2573 5447 autem
2624 5391 2681 5444 in
2722 5391 2950 5444 dicacesi
3014 5389 3437 5444 Haberstatensi
3479 5394 3534 5443 et
3582 5390 3641 5444 in
3672 5406 3739 5441 eo

2036 5480 2150 5517 una
2180 5479 2311 5518 cum
2338 5464 2579 5518 Henrico
2607 5476 2741 5530 rege
2764 5461 3024 5532 quiescit.
