4016 6202
348 308 451 363 259

1653 302 1708 359 S.
1753 294 2036 359 HENRICI
2079 297 2553 362 IMPERATORIS
3760 309 3855 364 260

348 437 717 507 nuncupante
767 428 1148 504 Pipinesdorﬂ'
1184 430 1465 497 videmur,
1506 446 1608 485 suo
1656 428 1943 501 episcopio
1983 445 2046 483 ac
2076 433 2122 484 Α
2159 433 2302 484 tum.
2359 429 2521 495 Quod
2587 434 2652 485 ut
2720 429 2909 484 verius
2962 430 3242 497 credatur,
3301 427 3755 505 diligentiusque
3795 436 3858 490 ab

346 531 555 582 sanctae
614 522 1012 578 Wormatiensi
1072 521 1333 576 Ecclesiae
1388 520 1447 574 in
1508 521 1787 574 honorem
1864 518 2046 573 sancti

348 616 501 671 Petri
549 612 936 685 apostolorum
993 610 1267 680 principis
1326 609 1621 674 dedicatae,
1676 606 1890 678 largiri,
1943 623 2044 660 no-

347 711 474 759 strae
523 719 628 773 pro
659 700 912 754 remedio
945 699 1175 763 animm,
1208 698 1596 766 dignaremur.
1631 696 1805 765 Cujus
1852 694 2045 766 itaque

346 792 634 865 petitioni,
669 806 773 861 per
801 788 1185 841 interventum
1210 785 1566 856 Cunigundae
1590 790 1797 838 nostra}
1826 784 2044 838 dilectae

345 880 608 951 conjugis
650 877 913 932 videlicet
952 875 1187 944 reginae,
1234 890 1297 927 ac
1329 890 1433 944 pro
1476 874 1683 927 futura:
1716 888 2045 926 remunera-

345 969 517 1024 tionis
570 970 903 1037 augmento,
956 978 1251 1016 assensum
1321 962 1665 1031 praebentes,
1743 960 2044 1030 praefatum

345 1056 650 1129 praedium,
699 1053 854 1123 quod
902 1057 988 1105 est
1026 1051 1200 1104 situm
1247 1049 1308 1103 in
1355 1049 1489 1103 villa
1535 1048 1936 1119 Pipinesdortf,
1987 1048 2047 1101 in

343 1161 494 1216 pago
529 1143 887 1212 Mulselgowe
916 1140 977 1193 in
1022 1139 1297 1193 comitatu
1339 1156 1473 1192 vero
1516 1180 1527 1191 .
1576 1180 1587 1191 .
1635 1180 1646 1190 .
1693 1179 1704 1191 .
1751 1180 1763 1192 .
1824 1137 2046 1207 integre

347 1250 476 1287 cum
527 1230 746 1285 cunctis
792 1230 910 1283 suis
954 1228 1340 1299 pertinentiis,
1388 1227 1494 1281 hoc
1550 1231 1637 1280 est
1676 1226 1845 1292 areis,
1902 1226 2045 1278 aedi—

348 1322 512 1387 ﬁciis,
584 1319 761 1373 servis
825 1325 882 1372 et
928 1317 1165 1383 ancillis,
1235 1316 1400 1369 terris
1451 1315 1618 1369 cultis
1689 1319 1745 1368 et
1813 1313 2047 1367 incultis

344 1408 540 1477 pratis,
569 1404 816 1475 pascuis,
846 1402 1019 1467 silvis,
1053 1400 1470 1463 venationibus,
1500 1404 1629 1462 etc.,
1657 1399 1777 1470 jam
1807 1414 2046 1469 preme-

346 1501 585 1549 morata:
643 1492 890 1545 ecclesia:
947 1490 1125 1542 sancti
1184 1488 1355 1547 Petri,
1416 1489 1653 1558 ejusque
1708 1486 2043 1555 rectoribus,

344 1583 445 1653 qui
485 1597 589 1651 pro
621 1585 879 1648 tempore
917 1577 992 1630 ibi
1024 1576 1270 1629 ordinati
1318 1576 1550 1639 fuerint,
1590 1576 1764 1645 regali
1798 1580 1853 1629 et
1894 1590 2041 1645 prm-

341 1671 547 1740 ceptali
595 1669 699 1723 hac
748 1669 956 1737 pagina
994 1664 1396 1727 conceSsimus,
1454 1669 1509 1717 et
1557 1664 1627 1717 de
1679 1668 1872 1717 nostro
1913 1664 2045 1733 jure

339 1760 400 1812 in
456 1759 579 1827 ejus
603 1757 699 1826 jus
745 1797 759 1810 .
812 1796 825 1809 .
868 1795 880 1807 .
926 1797 936 1808 .
985 1797 996 1807 .
1044 1794 1056 1806 .
1104 1756 1168 1806 ut
1198 1755 1318 1806 haec
1356 1753 1661 1806 auctoritas
1710 1758 1903 1805 nostra
1953 1751 2043 1804 in-

340 1846 666 1901 violabilem
703 1844 759 1897 in
788 1843 886 1896 Dei
909 1842 1143 1895 nomine
1171 1841 1422 1895 obtineat
1447 1840 1838 1905 stabilitatem,
1871 1855 2041 1893 manu

340 1942 533 1989 nostra
586 1934 940 1998 rcborantes,
990 1948 1115 1985 eam
1160 1930 1345 2000 sigillo
1390 1936 1581 1984 nostro
1629 1930 1825 1984 subter
1868 1929 2041 1999 jussi-

341 2038 470 2077 mus
503 2021 787 2091 insigniri.

410 2111 638 2175 Signum
665 2110 850 2162 damni
876 2109 1119 2161 [Ieinrici
1146 2108 1494 2160 invictissimi
1520 2108 1684 2173 regis.

411 2198 731 2267 Egilbertus
777 2194 1146 2249 caucellarius
1204 2194 1325 2248 vice
1373 2194 1634 2264 Willigisi
1692 2193 2040 2264 archicapel-

338 2286 452 2337 lani
483 2284 833 2353 recognovit.

412 2375 528 2426 Dat.
564 2388 595 2423 v
628 2371 865 2427 Kalend.
907 2369 1185 2435 Januarii,
1221 2386 1372 2423 anno
1419 2370 1727 2423 Dominicaz
1757 2369 2037 2423 incarnat.

339 2461 494 2525 tOOi,
535 2460 731 2514 indict.
775 2476 834 2525 ιι,
885 2476 1037 2513 anno
1076 2474 1211 2512 vero
1262 2458 1459 2512 domui
1503 2456 1754 2513 Heinrici
1803 2458 2040 2511 secundi

334 2549 498 2617 regni
538 2566 615 2603 ιιι.

405 2642 607 2691 Actum
640 2637 982 2706 Dbornburg
1024 2636 1083 2689 in
1119 2634 1217 2689 Dei
1268 2634 1503 2688 nomine
1555 2633 1813 2697 feliciter,
1846 2650 2032 2689 amen.

1097 2724 1273 2778 XXIV.

920 2814 1094 2882 Super
1120 2814 1438 2867 emunitate.

982 2905 1173 2967 (Anno
1212 2901 1389 2965 1004.)

505 2989 694 3060 [Apud
722 2988 1011 3057 Ludewig,
1042 2989 1243 3056 Script.
1274 3003 1388 3043 re'r.
1423 2988 1613 3043 Germ.
1654 2988 1696 3054 Ι,
1724 2989 1871 3056 330.]

405 3081 466 3133 ln
496 3078 731 3132 nomine
762 3084 971 3131 sancta:
1007 3081 1063 3130 et
1088 3076 1400 3131 individuae
1443 3076 1757 3140 Trinitatis,
1800 3076 2032 3130 Hamm-

336 3184 431 3220 cus
459 3166 653 3221 divina
674 3167 899 3219 favente
920 3164 1240 3229 clementia,
1272 3180 1388 3218 rex.

403 3256 546 3318 Quia
574 3255 621 3308 si
642 3254 753 3325 piis
781 3254 880 3307 Dei
913 3253 1314 3306 famulantium
1339 3251 1791 3322 ﬂagitationibus
1815 3267 2034 3306 accom-

334 3344 636 3396 modamus
683 3341 998 3411 benignum
1053 3340 1333 3406 auditum,
1381 3356 1621 3394 summae
1659 3339 1858 3393 salutis
1902 3341 2031 3395 inde

332 3430 636 3501 provenire
676 3430 841 3483 nobis
879 3430 1276 3482 incunctanter
1323 3429 1614 3483 credimus
1659 3428 1979 3482 remedium
2013 3446 2025 3483 :

333 3519 543 3573 idcirco
574 3518 836 3573 omnium
885 3524 1092 3571 sanctae
1129 3518 1227 3571 Dei
1273 3517 1531 3571 Ecclesiae
1562 3516 1819 3571 ﬁdelium
1853 3533 2032 3571 nove-

332 3609 405 3661 rit
433 3607 794 3678 religiositas,
828 3607 1120 3677 quoniam,
1170 3611 1287 3660 tam
1335 3606 1544 3660 anima:
1573 3610 1780 3660 nostrae
1815 3621 2027 3659 consu-

331 3696 531 3762 lentes,
568 3712 739 3767 quam
784 3696 956 3749 etiam
996 3695 1187 3750 dilecti
1230 3694 1410 3748 nostri
1457 3694 1778 3749 Godehardi
1811 3694 2031 3748 abbatis

329 3784 703 3855 petitionibus
774 3784 1255 3855 obtemperantes,
1324 3783 1716 3837 venerabilem
1784 3783 2030 3838 Mauritii

331 3874 596 3944 martyris
635 3872 920 3927 abbatiam
950 3872 1154 3927 Altaha
1198 3879 1607 3943 nuncupatam,
1662 3871 1769 3925 sub
1816 3876 2027 3925 nostra:

329 3962 679 4016 defensionis
702 3962 1177 4016 mundiburdium
1215 3976 1281 4013 ac
1310 3960 1639 4023 tuitionem,
1680 3975 1809 4013 cum
1843 3959 2027 4013 omni-

331 4054 432 4104 bus
466 4052 653 4104 eidem
686 4050 935 4121 praafata:
968 4049 1209 4102 abbatia:
1237 4048 1429 4117 aliquo
1464 4048 1636 4101 modo
1683 4047 2025 4101 adhaerenti-

331 4139 455 4204 bus,
483 4139 631 4191 villis
663 4153 795 4190 vero
845 4136 1136 4201 lserahofi,
1187 4135 1521 4201 Suartzaha,
1563 4134 1757 4201 Coella,
1786 4134 2023 4202 Gunzia,

331 4225 726 4290 Munichdortf,
810 4224 1095 4289 Puecboﬁ‘,
1178 4221 1568 4286 Oberanhaus,
1643 4220 2024 4292 Usterlingen,

328 4314 703 4381 Gotzulting,
767 4310 1079 4380 Otilingen,
1153 4308 1579 4373 Richerisdorff,
1662 4308 2029 4380 Boltheringa

330 4399 692 4471 nuncupatis,
741 4414 841 4451 seu
909 4398 1081 4451 etiam
1136 4396 1358 4449 caeteris
1410 4396 1715 4467 cujuslibet
1770 4396 2029 4452 utilitatis

328 4485 853 4551 commoditatibus,
886 4486 1141 4551 familiis,
1190 4484 1439 4551 tributis,
1472 4484 1808 4551 tributariis,
1860 4486 2029 4540 rebus

330 4574 639 4630 mobilibus
673 4580 728 4629 et
759 4574 1171 4637 immobilibus,
1212 4572 1340 4640 viis,
1371 4572 1559 4639 inviis,
1591 4573 1767 4640 silvis,
1790 4573 2026 4642 saginis,

328 4663 513 4734 aquis,
581 4662 1013 4734 piscationibus,
1092 4662 1280 4724 molis,
1355 4660 1720 4729 molendinis,
1783 4662 2025 4731 pascuis,

325 4752 702 4822 compascuis,
751 4751 867 4805 sive
909 4750 1104 4820 apium
1157 4751 1395 4822 pascuis,
1437 4751 1693 4822 quaesitis
1748 4756 1805 4805 et
1846 4750 2032 4822 inqui-

329 4841 538 4905 rendis,
588 4857 686 4895 nec
737 4857 849 4893 non
895 4841 1046 4909 justa
1101 4839 1471 4909 acquisitione
1531 4840 1715 4893 eidem
1773 4839 2029 4909 praefatae

326 4929 569 4985 abbatiaa
597 4927 979 5000 pertinentiis.
1016 4928 1418 4997 Prwcipientes
1446 4928 1625 4998 igitur
1652 4927 1832 4998 regali
1880 4945 2032 4983 sum-

327 5019 522 5074 mitate
579 5018 858 5073 edicimus
913 5020 977 5070 ut
1047 5017 1239 5069 nullus
1296 5016 1429 5080 dux,
1492 5016 1766 5082 marcbio,
1820 5032 2027 5083 comes,

328 5108 657 5173 \‘icecomes,
736 5103 1078 5169 schuldasio,
1134 5102 1351 5173 scapio,
1410 5120 1510 5157 seu
1567 5105 1760 5176 aliqua
1822 5122 2031 5175 magna

326 5195 413 5248 vel
474 5212 646 5265 parva
695 5211 961 5265 persona,
1016 5194 1286 5247 eumdem
1327 5192 1445 5261 jam
1490 5192 1707 5248 dictum
1767 5192 2029 5248 abbatem

326 5299 576 5352 suosque
622 5299 975 5337 successores
1030 5280 1383 5350 prmscriptis
1443 5280 1612 5334 rebus
1683 5281 2028 5351 inquietare,

328 5371 652 5436 molestare,
711 5372 797 5424 vel
855 5371 1153 5425 disvestire
1210 5374 1541 5439 prazsumat.
1610 5370 1669 5423 Si
1721 5370 1851 5440 quis
1899 5387 2031 5424 vero

323 5460 498 5529 hujus
522 5458 841 5528 praescripti
873 5458 1073 5524 nostri,
1106 5458 1260 5529 quod
1292 5457 1474 5513 absit!
1526 5457 1772 5512 violator
1806 5458 2033 5513 exstite-

325 5548 414 5613 rit,
476 5547 615 5600 sciat
662 5562 721 5600 se
770 5546 1225 5615 compositurum
1266 5546 1391 5600 auri
1425 5545 1632 5617 optimi
1682 5544 1857 5598 libras
1905 5562 2031 5599 cen-

2153 518 2424 573 omnibus
2454 520 2806 587 observetur,
2840 518 2987 572 banc
3022 518 3280 574 chartam
3319 520 3454 574 inde
3481 521 3859 591 conscriptam

2153 624 2331 662 manu
2358 608 2591 679 propria
2624 609 2958 663 roborantes
2989 608 3280 679 sigillique
3309 610 3492 663 nostri
3523 610 3858 681 impressio-

2153 712 2225 749 ne
2244 697 2524 765 jussimus
2548 696 2839 767 insigniri.

2230 786 2430 838 Datum
2464 802 2515 839 v1
2546 786 2668 840 Kal.
2717 785 2904 846 Febr..
2947 786 3068 841 ind.
3120 803 3179 847 ιι,
3239 802 3393 841 anno
3429 788 3745 843 Dominicie
3783 789 3862 843 in-

2154 873 2497 928 carnationis
2531 875 2704 941 1004ς
2754 890 2906 929 anno
2949 891 3084 928 vero
3110 876 3308 929 domni
3347 876 3577 932 Henrici
3622 877 3674 931 ιι
3719 878 3862 947 regis

2156 978 2233 1016 ιιι.
2259 965 2464 1017 Actum
2491 962 2765 1030 Altisteri,
2813 964 2872 1017 in
2914 963 3013 1017 Dei
3046 964 3279 1018 nomine
3337 965 3600 1019 feliciter.
3658 968 3858 1020 Aman.

2935 1053 3085 1106 XXV.

2154 1140 2276 1193 Rem
2305 1142 2569 1193 Henricus
2598 1139 2766 1193 donat
2811 1142 2979 1194 veteri
3019 1142 3237 1209 capellae
3285 1141 3566 1210 quoddam
3614 1146 3706 1197 sui
3725 1146 3861 1213 juris

2215 1227 2485 1295 praedium
2531 1228 2590 1280 in
2632 1228 2931 1293 Nortgowe,
2972 1233 3022 1281 et
3053 1228 3326 1296 quidquid
3363 1232 3422 1283 in
3464 1229 3685 1285 duabus
3726 1232 3860 1285 uillis

2227 1318 2435 1368 Durnin
2464 1320 2515 1369 et
2542 1316 2862 1370 Mantatahi
2880 1316 3215 1384 possidebat.

2802 1405 2989 1475 (Anno
3026 1404 3207 1474 1004.)

2620 1490 2806 1563 [Ried,
2840 1492 2937 1545 ubi
2954 1507 3124 1561 supra
3154 1508 3210 1562 p.
3246 1492 3389 1563 £23.]

2229 1579 2290 1631 In
2344 1578 2580 1632 nomine
2625 1584 2833 1632 sanctas
2881 1585 2937 1632 et
2982 1579 3297 1633 individuus
3344 1580 3647 1634 Trinitatis
3701 1583 3854 1636 Hem-

2156 1682 2308 1719 ulcus
2340 1666 2532 1721 divina
2561 1667 2786 1721 favente
2810 1667 3115 1721 clementia
3144 1683 3258 1722 rex.

2226 1756 2433 1809 Notum
2456 1755 2531 1809 sit
2572 1755 2840 1809 omnibus
2882 1755 3146 1810 ﬁdelibus
3195 1756 3429 1822 nostris,
3478 1758 3860 1827 przesentibus

2155 1843 2366 1896 scilicet
2392 1848 2450 1896 et
2478 1843 2706 1907 futuris,
2755 1843 3002 1914 qualiter
3046 1860 3151 1897 nos
3193 1844 3263 1897 ad
3316 1844 3536 1913 regiam
3582 1847 3859 1916 capellam

2155 1932 2310 1985 intus
2340 1932 2398 1984 in
2439 1931 2665 1985 civitate
2696 1932 3123 2001 Radesponensi
3160 1932 3220 1985 in
3269 1932 3551 1987 honorem
3597 1936 3856 1987 sacratis-

2153 2020 2313 2073 simm
2362 2020 2632 2089 Virginis,
2671 2019 2771 2073 Dei
2804 2020 3094 2089 genitricis
3124 2019 3336 2085 Mariae,
3378 2037 3408 2073 a
3440 2022 3603 2075 nobis
3631 2038 3859 2092 repara-

2150 2113 2268 2161 tam
2308 2109 2595 2179 quoddam
2645 2108 2821 2161 nostri
2853 2107 3000 2176 juris
3040 2109 3319 2178 prtedium
3371 2111 3429 2162 in
3474 2110 3782 2180 Nortgowe
3809 2118 3859 2163 et

2152 2196 2211 2249 in
2250 2198 2521 2250 comitatu
2555 2197 2945 2251 0nda|sca|cbi
2994 2198 3224 2250 comitis
3273 2199 3473 2263 situm,
3516 2200 3660 2252 item
3695 2200 3856 2270 quid-

2151 2284 2291 2354 quid
2340 2284 2401 2338 in
2445 2286 2669 2339 duabus
2713 2286 2858 2339 villis
2888 2285 3119 2339 nomine
3178 2286 3399 2340 Durnin
3443 2291 3501 2340 et
3547 2288 3858 2342 Mantalahi

2149 2372 2439 2442 possidere
2490 2373 2595 2427 visi
2625 2390 2843 2439 sumus,
2889 2374 3305 2428 interveniente
3350 2374 3648 2445 Taginone
3674 2377 3857 2445 lage-

2149 2460 2526 2530 deburgensis
2567 2463 2849 2516 Ecclesiae
2890 2463 3336 2533 archiepiscopo,
3369 2464 3669 2533 quondam
3718 2467 3858 2534 ejus-

2148 2548 2278 2601 dem
2326 2549 2559 2616 capella:
2600 2549 2933 2619 praeposito,
2967 2565 3067 2619 per
3097 2550 3202 2603 hoc
3253 2550 3441 2620 regale
3496 2560 3857 2620 praeceptum

2148 2641 2426 2706 perpetua
2464 2636 2589 2707 lege
2630 2638 2969 2691 tradidimus
3015 2654 3143 2691 cum
3180 2638 3450 2691 omnibus
3487 2639 3858 2709 pertinentiis

2147 2729 2205 2777 et
2234 2724 2575 2778 utilitatibus
2621 2726 2760 2793 suis,
2803 2725 2911 2780 hoc
2949 2732 3033 2780 est
3070 2726 3245 2791 areis,
3275 2724 3555 2791 aedificiis,
3587 2727 3777 2780 servis
3804 2733 3857 2781 et

2149 2812 2393 2877 ancillis,
2428 2812 2601 2883 agris,
2647 2814 2885 2883 campis,
2918 2814 3083 2868 terris
3125 2815 3291 2868 cultis
3320 2821 3376 2869 et
3417 2815 3673 2881 incultis,
3726 2831 3853 2886 pra-

2145 2901 2237 2965 tis,
2300 2900 2523 2967 pascuis
2574 2902 2693 2955 sive
2752 2902 3126 2972 compascuis,
3190 2903 3363 2969 silvis,
3425 2903 3850 2967 venationibus,

2058 2982 2099 3036 C
2138 2988 2317 3057 aquis,
2355 3004 2751 3060 aquarumque
2781 2990 3136 3057 decursibus,
3168 2991 3532 3057 molendinis,
3574 2992 3849 3060 piscatio-

2144 3075 2335 3142 nibus,
2385 3078 2491 3130 viis
2534 3082 2591 3131 et
2647 3077 2838 3145 inviis,
2870 3078 3111 3132 exitibus
3149 3084 3207 3132 et
3235 3078 3533 3145 reditibus,
3592 3082 3853 3149 quaesitis

2144 3168 2203 3216 et
2230 3163 2609 3233 inquirendis,
2635 3181 2736 3219 seu
2757 3165 2978 3219 caeteris
3004 3164 3442 3235 quibuscunque
3467 3167 3854 3235 perninentiis

2145 3249 2201 3302 in
2252 3256 2562 3321 perpetuos
2591 3253 2855 3306 (ecclesia
2884 3256 2941 3306 et
2977 3253 3438 3323 congregationis
3481 3252 3705 3308 ibidem
3744 3256 3852 3308 Deo

2143 3339 2414 3392 canonice
2455 3340 2757 3394 militantis
2790 3357 2945 3395 usus.
2989 3341 3057 3395 Et
3105 3346 3166 3394 ut
3206 3342 3326 3395 haec
3375 3347 3567 3395 nostra
3614 3343 3851 3397 traditio

2144 3426 2363 3480 stabilis
2432 3433 2488 3481 et
2562 3428 2893 3483 inconvulsa
2967 3435 3322 3499 permaneat,
3406 3429 3556 3483 hanc
3628 3426 3847 3485 cartam

2142 3529 2317 3569 manu
2348 3517 2583 3587 propria
2604 3517 2948 3584 roboratam,
2994 3517 3183 3587 sigillo
3214 3522 3407 3571 nostro
3438 3518 3703 3587 imprimi
3736 3518 3852 3586 jus-

2142 3604 2341 3659 simus.

2214 3693 2440 3760 Signum
2491 3692 2679 3748 domui
2722 3695 2971 3748 Heinrici
3015 3696 3158 3763 regis
3220 3696 3589 3748 invictissimi.
3637 3695 3850 3764 (Mono-

2152 3779 2445 3849 gramma.)

2210 3868 2535 3937 Egilbertus
2584 3868 2961 3923 caucellarius
3002 3868 3122 3923 vice
3178 3869 3443 3940 Willigisi
3504 3870 3852 3942 archicapel-

2140 3956 2260 4009 lani
2289 3956 2611 4026 recognovi.

2213 4046 2349 4098 Data
2402 4062 2456 4099 Vl
2504 4046 2586 4101 Id.
2642 4046 2805 4101 Febr.
2859 4062 3011 4101 anno
3062 4047 3342 4102 incarnat.
3403 4046 3633 4101 Domin.
3692 4048 3850 4107 1004.

2137 4133 2332 4188 indict.
2373 4149 2416 4199 1,
2443 4150 2596 4188 anno
2630 4150 2763 4188 vero
2793 4134 2991 4189 domni
3023 4134 3279 4189 Heinrici
3308 4134 3542 4189 secundi
3585 4151 3754 4205 regn.
3792 4152 3845 4187 ιι.

2205 4225 2409 4275 Actum
2439 4221 2496 4274 in
2534 4222 2782 4277 Vuarim.

2468 4311 2720 4377 Sigillum
2744 4313 2974 4367 illwsum
2998 4314 3145 4366 intus
3170 4314 3510 4381 impressum.

2898 4401 3072 4455 XXVI.

2139 4489 2253 4542 Rea:
2282 4488 2544 4541 Henricus
2593 4488 2649 4542 11
2696 4487 2863 4542 donat
2916 4489 3241 4543 monasterio
3290 4489 3549 4554 inferiori
3571 4488 3850 4557 praedium

2209 4578 2267 4629 in
2304 4576 2547 4630 curtibus
2603 4575 2885 4630 Ratisbon.
2920 4575 2979 4630 id
3026 4580 3104 4631 est
3131 4578 3190 4629 in
3237 4576 3647 4645 Regensburger
3675 4577 3849 4643 Burg-

2208 4663 2440 4729 frieden.

2793 4752 2979 4821 (Anno
3013 4753 3191 4822 4005.)

2665 4840 2849 4911 [Ried,
2880 4840 3001 4894 ibid
3030 4882 3045 4906 ,
3077 4857 3133 4911 p.
3174 4840 3314 4909 ιρι]

2212 4928 2276 4982 ln
2327 4928 2561 4983 nomine
2607 4932 2816 4983 sancte
2875 4934 2933 4982 et
2977 4928 3288 4982 individua;
3334 4926 3651 4993 Trinitatis,
3685 4928 3855 4981 “BIN-

2142 5032 2295 5071 mcus
2317 5017 2508 5072 divina
2538 5018 2759 5071 favente
2789 5016 3095 5071 clementia
3130 5028 3247 5071 rex.

2211 5104 2270 5160 Si
2324 5106 2435 5175 piis
2495 5106 2594 5159 Dei
2646 5104 3051 5159 famulantium
3106 5103 3483 5174 petitionibus
3524 5102 3855 5174 praebemus

2143 5208 2459 5260 assensum,
2488 5198 2721 5247 aeterna:
2747 5192 3234 5248 remunerationis
3264 5193 3464 5261 procul
3500 5192 3675 5246 dubio
3708 5192 3846 5247 inde

2142 5280 2355 5335 oboriri
2410 5280 2574 5334 nobis
2619 5297 2917 5352 speramus
2947 5281 3288 5335 remedium.
3323 5280 3541 5334 Idcirco
3584 5279 3849 5333 omnium

2142 5375 2352 5424 sanctae
2402 5368 2503 5424 Dei
2553 5370 2813 5424 Ecclesia:
2867 5369 3151 5435 ﬁdelium,
3198 5370 3573 5440 praesentium
3632 5368 3851 5422 scilicet

2139 5463 2198 5513 et
2225 5458 2573 5523 futurorum,
2602 5458 2821 5512 noverit
2850 5457 3135 5513 industria
3163 5457 3414 5528 qualiter
3443 5473 3567 5522 nos,
3601 5460 3716 5510 tam
3740 5472 3850 5525 pro

2142 5546 2348 5600 animae
2387 5552 2596 5601 nostrae
2646 5548 2909 5601 consultu
2961 5562 3134 5616 quam
3170 5546 3343 5599 etiam
3391 5561 3497 5615 pro
3537 5544 3843 5599 dilectissi-
