4016 6202
375 307 476 358 21ὶ3
1677 301 1730 354 S.
1778 296 1922 352 HEN
1933 296 2071 354 RlCl

2247 297 2592 354 EBATORIS
3767 305 3856 356 264

374 426 670 497 Suaninga
701 425 873 495 (128),
906 423 1092 480 Purch
1116 425 1280 493 (t29),
1323 422 1634 477 nominatis
1660 436 1791 476 cum
1821 420 2074 476 ecclesiis
2111 425 2152 475 Α
2185 426 2387 476 statem
2434 426 2732 492 presumat
2776 419 3068 475 vindicare
3120 422 3206 475 vel
3255 421 3418 492 quasi
3464 422 3859 478 hereditarium

375 520 430 570 et
462 514 720 580 decimis,
754 514 905 567 villis
927 518 985 568 et
1013 511 1394 577 censualibus,
1418 510 1750 565 hominibus
1772 526 1837 564 ac
1863 507 2074 563 manci-

373 605 485 676 piis
516 604 816 674 utriusque
860 617 1045 669 sexus,
1099 616 1230 655 cum
1286 600 1450 654 terris
1500 599 1666 653 cultis
1715 602 1770 652 et
1823 597 2071 664 incultis,

374 692 622 765 pascuis,
653 691 852 763 pratis,
877 690 1053 755 silvis,
1103 705 1234 743 cum
1284 687 1540 758 quaesitis
1597 691 1652 740 et
1689 685 2071 757 inquirendis,

375 780 685 836 mobilibus
713 785 772 832 et
796 777 1204 840 immobilibus,
1258 792 1387 830 cum
1418 775 1671 828 vassallis
1729 773 2071 828 ministeria-

371 870 524 924 libus
553 868 937 937 omnibusque
960 867 1212 937 ipsorum
1237 863 1715 936 possessionibus.
1759 863 1870 916 Ista
1900 862 2076 932 igitur

373 973 502 1012 cum
535 957 801 1011 omnibus
832 953 1184 1026 appendiciis
1205 954 1344 1020 suis,
1376 959 1432 1006 et
1475 967 1838 1022 quascunque
1888 951 2076 1004 adhuc

369 1044 661 1100 nominari
681 1049 936 1116 possunt,
971 1041 1340 1097 concedimus
1370 1046 1429 1094 et
1458 1040 1715 1110 legitime
1764 1038 2074 1092 conﬁrma-

374 1149 504 1188 mus
535 1133 606 1187 ad
637 1133 912 1203 reliquias
957 1137 1285 1185 sanctorum
1339 1128 1649 1184 Steinensis
1709 1126 1986 1193 ecclesiae,
2012 1129 2078 1182 ut

369 1237 475 1292 per
532 1235 887 1274 successurus
973 1223 1150 1272 etates
1217 1217 1315 1270 ille
1377 1211 1552 1270 abbas
1599 1214 1712 1269 illis
1745 1215 2078 1269 dominetur

373 1310 475 1381 qui
502 1312 572 1364 ad
592 1309 851 1380 ejusdem
873 1307 1126 1361 ecclesiae
1152 1305 1415 1375 regimen
1437 1309 1492 1357 et
1521 1319 1716 1358 curam
1739 1319 2072 1374 promovea-

373 1404 490 1469 tur,
521 1403 578 1452 et
605 1413 737 1452 cum
781 1396 896 1450 suis
931 1393 1225 1449 monachis
1257 1409 1361 1463 pro
1401 1392 1566 1446 nobis
1596 1397 1652 1446 et
1698 1391 2076 1446 antecessori-

378 1490 484 1542 bus
511 1486 719 1540 nostris
751 1485 1002 1539 divinam
1039 1482 1308 1553 pietatem
1357 1481 1583 1535 assidue
1625 1481 1930 1551 implorare
1961 1495 2076 1534 non

373 1575 702 1645 pigritetur.
737 1574 816 1626 Ad
845 1574 968 1628 hac
998 1587 1226 1641 quoque
1253 1570 1514 1624 omnium
1554 1569 1854 1622 hominum
1887 1567 2076 1622 tideli—

372 1663 474 1716 tati
527 1663 790 1715 volumus
858 1661 1156 1714 notiticare
1194 1658 1330 1728 quia
1412 1657 1660 1710 castrum
1721 1656 2073 1710 Babinberch

380 1751 628 1815 dictum,
654 1750 712 1803 in
743 1747 1173 1803 Austrifranciaa
1206 1751 1367 1818 parte
1414 1745 1607 1808 situm,
1631 1745 1750 1814 jam
1801 1745 2076 1798 molimur

375 1839 437 1892 in
469 1839 666 1892 sedem
727 1837 1087 1908 episcopatus
1132 1835 1464 1900 sublimare,
1521 1849 1698 1905 quare
1731 1849 1962 1887 necesse
1993 1838 2078 1887 est

375 1943 480 1981 nos
514 1925 844 1996 prediorum
892 1924 1301 1979 donationibus
1352 1928 1408 1976 et
1460 1939 1650 1976 rerum
1682 1921 1862 1992 copiis
1891 1921 2072 1975 unde-

374 2030 602 2085 cunque
657 2013 1126 2085 provenientibus
1165 2012 1402 2066 ditando
1443 2010 1811 2080 ampliﬁcare.
1871 2011 2075 2063 Decre-

376 2103 562 2156 vimus
595 2119 729 2173 ergo
769 2109 825 2156 et
886 2107 1106 2155 certum
1165 2101 1358 2154 animo
1413 2098 1711 2169 posuimus
1762 2114 1830 2152 ea
1877 2097 2076 2169 predia

376 2193 513 2246 illuc
557 2191 894 2246 contradere
952 2205 1083 2261 quae
1132 2189 1295 2243 nobis
1346 2187 1695 2242 hereditario
1739 2187 1869 2258 jure
1899 2187 2076 2240 conti-

374 2285 584 2350 gerunt
637 2280 696 2333 in
753 2278 872 2332 istis
921 2278 1178 2348 partibus
1247 2277 1604 2332 Alemannim
1646 2280 1776 2346 post
1827 2282 2074 2328 mortem

379 2366 677 2438 Hadewige
732 2367 1044 2422 Purcbardi
1102 2365 1262 2419 ducis
1327 2365 1537 2418 vidule.
1599 2365 1794 2434 Ipsum
1846 2379 2076 2434 quoque

376 2456 792 2510 monasterium
827 2454 1043 2517 Steiue,
1071 2453 1140 2507 de
1167 2454 1328 2524 cujus
1359 2458 1508 2506 statu
1538 2458 1594 2506 et
1649 2451 2077 2506 modiﬁcatione

369 2544 489 2614 jam
522 2544 764 2614 egimus,
801 2541 1275 2612 Babinbergensis
1305 2542 1452 2596 sedis
1483 2540 1766 2612 episcopis
1797 2541 2076 2612 subjicere

375 2632 656 2687 volumus.
687 2634 766 2687 Eo
816 2636 1010 2686 tamen
1067 2636 1233 2701 pacto
1292 2635 1348 2684 et
1387 2631 1608 2684 ratione
1656 2634 1719 2683 ut
1769 2629 1962 2683 nullus
1988 2630 2074 2682 vel

373 2720 631 2792 ipsorum
657 2721 1060 2792 episcoporum
1085 2724 1182 2773 aut
1206 2719 1452 2774 aliorum
1505 2723 1808 2789 potentum
1856 2734 2074 2788 praesu-

375 2817 494 2865 mat
567 2809 810 2880 alicujus
872 2808 1089 2878 iniquae
1137 2807 1448 2861 exactionis
1495 2809 1582 2860 vel
1637 2806 2076 2860 constructionis

371 2897 704 2967 gravamina
733 2896 819 2950 vel
855 2895 1067 2949 damna
1125 2895 1234 2966 ipsi
1278 2896 1399 2948 loco
1453 2899 1553 2948 aut
1608 2897 1732 2962 ejus
1763 2891 2075 2948 abbatibus

2185 509 2478 577 invadere,
2508 509 2618 564 nisi
2648 524 2714 563 ex
2744 508 2965 563 abbatis
3028 509 3455 564 constitutione.
3496 510 3862 567 Ministeriali-

2184 597 2293 652 bus
2322 614 2555 668 quoque
2581 597 2835 652 vassallis
2853 614 2995 667 quos
3017 597 3360 652 tradidimus
3380 598 3565 653 eidem
3589 601 3863 666 ecclesiae,

2187 685 2373 750 liceat,
2406 701 2534 740 cum
2557 686 2646 740 his
2672 702 2819 756 quos
2845 685 2914 740 ad
2947 686 3341 756 episcopatum
3375 687 3713 757 praedictum
3745 689 3865 743 dare

2185 773 2558 839 decrevimus,
2581 771 2854 828 consueto
2896 773 3150 828 honestae
3191 773 3483 828 societatis
3519 791 3683 830 more
3709 777 3867 831 vitam

2186 878 2377 931 agere,
2410 868 2609 916 mutuo
2642 862 2788 916 ﬁlias
2821 879 2951 915 suas
3007 862 3066 916 in
3117 863 3456 934 conjugium
3509 864 3650 918 dare
3680 880 3864 919 secun-

2186 951 2324 1006 dum
2361 966 2727 1006 communem
2786 951 3042 1017 libitum,
3073 957 3128 1006 et
3182 953 3488 1023 accipere;
3546 952 3866 1024 sobolesque

2187 1055 2382 1094 earum
2439 1040 2591 1111 apud
2651 1041 2956 1094 alterutros
3013 1040 3295 1094 stabiliter
3349 1042 3408 1094 in
3452 1041 3608 1095 illius
3634 1041 3865 1095 ecclesia

2185 1134 2562 1199 permaneant
2607 1128 2980 1200 proprietate,
3021 1127 3092 1182 ad
3133 1128 3296 1198 cujus
3353 1135 3540 1199 partes
3601 1129 3736 1198 ipse
3777 1147 3867 1200 per

2188 1216 2774 1270 matrimoniidautur
2801 1217 3249 1287 copulationem.
3291 1219 3423 1273 Hth
3453 1217 3636 1288 igitur
3664 1219 3866 1272 decreta

2187 1309 2396 1360 nostra;
2425 1304 2766 1369 traditionis,
2792 1310 2848 1359 et
2863 1305 3253 1360 corroboratio
3286 1311 3495 1360 nostra;
3541 1307 3859 1370 autoritatis,

2187 1398 2253 1447 ut
2289 1394 2511 1448 firmior
2549 1394 2608 1447 in
2639 1394 3073 1448 succedentibus
3119 1394 3400 1448 habeatur
3427 1394 3600 1448 annis
3650 1399 3706 1448 et
3751 1395 3861 1448 dili-

2187 1481 2417 1552 gentius
2445 1483 2798 1549 observetur,
2861 1483 3095 1554 propria
3145 1500 3325 1538 manu
3372 1500 3500 1538 eam
3531 1483 3862 1538 conﬁrmavi-

2187 1587 2334 1637 mus,
2370 1575 2427 1624 et
2457 1571 2646 1641 sigillo
2665 1576 2862 1626 nostro
2895 1572 3132 1642 sigillari
3157 1573 3456 1642 jussimus.

2257 1662 2490 1727 Signum
2520 1661 2728 1715 domini
2781 1663 3000 1716 Henrici
3038 1665 3386 1731 imperatoris
3413 1661 3661 1715 secundi.

2257 1749 2572 1820 Sigefridus
2601 1751 2748 1818 (130)
2770 1750 3145 1804 cancellarius
3179 1751 3238 1804 in
3275 1751 3398 1804 vice
3431 1750 3861 1820 Brunonis(l3ti

2187 1839 2672 1892 archicancellarii
2694 1855 2926 1910 recogn.
2948 1840 3085 1892 Data
3109 1840 3230 1894 Kal.
3256 1839 3379 1894 Oct.
3404 1839 3605 1893 indict.
3629 1855 3686 1892 ιιι
3711 1840 3860 1908 U32),

2184 1941 2337 1979 anno
2368 1926 2559 1980 Dnicas
2585 1926 2804 1980 incarn.
2832 1942 2883 1979 iv
2906 1926 3077 1995 (133),
3113 1942 3263 1980 anno
3291 1925 3489 1980 domui
3524 1926 3680 1996 regis
3713 1926 3860 1981 Hein-

2183 2013 2290 2068 rici
2346 2031 2418 2067 1v.
2451 2018 2654 2068 Actum
2673 2019 2759 2068 est
2783 2015 2947 2069 Ulma
2976 2015 3233 2069 feliciter.

2922 2103 3149 2158 XXVIII.

2183 2192 2244 2246 S.
2274 2193 2538 2246 Henricus
2571 2193 2870 2260 imperator
2921 2193 3207 2262 conﬁrmat
3255 2191 3638 2257 fundationcm
3682 2193 3866 2256 collegii

2255 2283 2634 2334 canonicorum
2707 2283 2769 2334 in
2841 2281 3056 2335 ecclesia
3130 2281 3343 2335 Sancta
3410 2281 3614 2334 Crucis
3682 2280 3861 2342 Leodii,

2253 2369 2407 2434 facta
2442 2384 2540 2438 per
2567 2370 2858 2437 Notgerum
2881 2371 3188 2439 episcOpum
3207 2368 3581 2424 Leodiensem.

2833 2456 3028 2525 (Anno
3064 2457 3244 2526 1005.)

2545 2543 2812 2615 Nireus,
2839 2546 2982 2614 Opp.
3006 2545 3255 2614 diplom.,
3284 2545 3355 2610 Il,
3381 2543 3526 2617 808.]

2260 2633 2323 2686 In
2355 2633 2588 2687 nomine
2629 2637 2839 2687 sanctas
2891 2641 2950 2688 et
3003 2633 3312 2688 individua:
3369 2634 3689 2700 Trinitatis,
3744 2634 3865 2687 Hav-

2185 2735 2348 2774 mcus
2376 2721 2567 2775 divina
2597 2722 2940 2790 disponente
3005 2722 3309 2777 clementia
3330 2740 3360 2778 a
3391 2722 3508 2776 Deo
3556 2727 3862 2776 coronatus.

2186 2818 2242 2866 et
2271 2810 2342 2864 ab
2364 2811 2522 2865 omni
2554 2811 2721 2882 plebe
2751 2811 2811 2866 in
2833 2827 3077 2881 regnum
3121 2812 3369 2882 gloriose
3395 2812 3702 2866 exaltatus.

2254 2899 2592 2971 Quicunque
2621 2900 3027 2954 catholicorum
3044 2941 3056 2955 .
3073 2940 3108 2955 ..

374 2987 462 3040 vel
491 2983 965 3056 procuratoribus
986 2999 1082 3036 seu
1125 2983 1295 3036 rebus
1325 2981 1560 3042 inferre,
1595 2986 1654 3034 et
1707 2995 1811 3034 nec
1839 2996 2076 3034 censum
2113 2988 2154 3042 C.
2261 2990 2624 3060 Quapropter
2675 2993 2874 3043 notum
2925 3006 3046 3044 esse
3127 2990 3456 3059 cupimus...
3509 2989 3757 3060 qualiter
3794 2986 3865 3039 vir

375 3073 603 3143 exigere
644 3087 751 3126 nec
814 3069 1124 3140 quicquam
1182 3084 1386 3122 eorum
1475 3067 1674 3122 usibus
1753 3067 2071 3121 detrahere.

375 3160 796 3216 Tantummodo
869 3158 1027 3212 enim
1108 3156 1497 3224 concedimus,
1546 3161 1628 3221 ut,
1657 3155 1924 3210 defuncto
1986 3155 2074 3226 ip-

375 3250 492 3304 sius
546 3246 1008 3318 cougregationis
1089 3245 1314 3310 abbate,
1393 3245 1722 3316 quicunque
1789 3260 1820 3297 a
1883 3259 2078 3297 mona-

375 3338 496 3392 chis
552 3338 638 3391 vel
687 3336 839 3390 inter
917 3351 976 3388 se
1047 3334 1137 3387 vel
1189 3334 1260 3388 de
1311 3333 1423 3387 alio
1481 3347 1711 3403 quoque
1774 3335 1907 3385 noto
1954 3346 2080 3385 mo-

375 3425 626 3480 nasterio
681 3423 952 3478 canonice
1019 3437 1380 3476 successurus
1438 3421 1704 3491 eligatur,
1763 3419 1896 3474 huic
1978 3435 2080 3490 per

375 3513 662 3584 prmdicta:
693 3511 844 3566 sedis
873 3510 1205 3581 episcopum
1232 3525 1370 3564 cura
1425 3507 1754 3563 monasterii
1783 3523 2078 3562 commen-

375 3603 560 3657 detur.
583 3601 686 3655 Cui
725 3601 898 3654 etiam
940 3599 1009 3653 ad
1071 3599 1216 3653 bene
1283 3598 1589 3652 vivendum
1635 3613 1699 3650 ac
1739 3597 2081 3666 regulariter

376 3706 507 3744 suos
539 3689 851 3760 regendum
882 3704 944 3742 ac
974 3687 1214 3759 perinde
1243 3686 1436 3741 omnia
1474 3685 1894 3756 disponendum
1926 3685 2075 3739 idem

375 3778 646 3849 deinceps
676 3777 926 3842 obediat,
973 3793 1006 3830 a
1061 3791 1176 3846 quo
1229 3780 1286 3830 et
1331 3781 1551 3828 metum
1607 3773 1834 3840 habeat,
1886 3788 1958 3827 ne
1989 3789 2078 3826 res

373 3867 625 3921 ecclesias
681 3881 798 3920 sum
839 3864 1138 3935 dissipare,
1191 3863 1280 3918 vel
1347 3862 1544 3916 liberis
1598 3867 1698 3916 aut
1727 3861 2076 3932 quibuslibet

375 3955 576 4010 alienis
613 3954 948 4009 hominibus
975 3952 1256 4008 beneﬁcia
1284 3967 1350 4006 ex
1382 3949 1838 4022 possessionibus
1855 3951 2076 4019 impru-

373 4043 576 4098 denter
647 4041 961 4096 concedere
1017 4043 1348 4110 praesumat.
1424 4039 1704 4092 Praeterea
1752 4037 2077 4091 audivimus

373 4131 683 4201 plerosque
773 4144 974 4182 eorum
1054 4127 1156 4198 qui
1231 4125 1597 4180 ecclesiarum
1650 4124 2079 4178 constituuntur

2188 3093 2413 3149 magna!
2444 3077 2760 3132 sanctitatis
2789 3082 2845 3132 et
2898 3078 3032 3132 satis
3063 3078 3254 3150 dignae
3305 3080 3669 3145 reverentiae,
3726 3077 3864 3132 dom-

2185 3181 2294 3220 nus
2327 3166 2612 3232 Notgerus
2663 3166 2964 3236 episcopus
3023 3167 3285 3221 Ecclesia
3331 3167 3385 3221 S.
3433 3166 3647 3232 Mariae,
3677 3164 3862 3220 sancti-

2186 3270 2299 3326 que
2350 3253 2638 3309 I.amberti
2692 3256 2958 3326 martyris
3010 3255 3272 3326 provisor
3325 3260 3383 3309 et
3425 3261 3641 3321 custos,
3698 3253 3860 3309 studio

2185 3343 2363 3398 divini
2407 3343 2621 3398 amoris
2684 3360 3006 3409 succensus,
3083 3345 3378 3398 ecclesiam
3445 3344 3754 3416 quamdam
3813 3342 3861 3394 in

2186 3431 2326 3484 urbe
2362 3431 2571 3486 Leodio
2595 3433 2741 3501 (134)
2767 3448 2798 3485 a
2825 3431 3214 3487 fundamentis
3261 3434 3528 3496 extruxit,
3580 3433 3638 3486 in
3675 3445 3862 3485 memo-

2187 3518 2331 3574 riam
2362 3520 2624 3575 videlicet
2656 3525 2712 3575 et
2754 3520 2983 3575 laudem
3031 3521 3174 3591 ligni
3231 3521 3289 3577 S.
3347 3521 3565 3588 Crucis,
3613 3526 3667 3576 et
3712 3534 3858 3574 cauo-

2186 3607 2447 3663 nieorum
2475 3608 2797 3663 ccenobium
2831 3609 3042 3664 ibidem
3077 3608 3348 3679 instituit,
3388 3615 3466 3676 et,
3517 3626 3625 3681 pro
3657 3622 3858 3681 prome-

2187 3697 2361 3752 renda
2385 3702 2601 3752 interna
2641 3697 2776 3763 vita,
2809 3713 2872 3751 ex
2897 3697 3222 3768 sumptibus
3248 3698 3366 3752 suis
3413 3697 3473 3751 in
3531 3697 3732 3752 eodem
3759 3697 3858 3748 loco

2189 3785 2303 3838 Deo
2352 3785 2730 3838 militantibus
2787 3784 3117 3839 struendam
3181 3783 3446 3838 decenter
3504 3785 3855 3848 ornavit;ut,

2187 3877 2510 3927 sanctorum
2572 3874 2808 3928 Patrum
2864 3873 3122 3927 instituta
3185 3879 3511 3945 sequentes,
3553 3874 3646 3927 die
3680 3878 3854 3926 noctu-

2186 3977 2297 4033 que
2319 3961 2566 4016 serviant
2603 3978 2707 4032 pro
2751 3977 2888 4033 pace
2927 3962 3092 4033 regni
3145 3962 3346 4027 nostri,
3395 3968 3451 4015 et
3489 3960 3856 4016 incolumitate

2185 4053 2379 4102 nostra
2403 4053 2459 4103 et
2482 4049 2866 4103 dilectissimus
2901 4049 3159 4120 conjugis
3206 4055 3440 4114 nostrae,
3477 4053 3534 4102 et
3585 4065 3690 4120 pro
3735 4061 3854 4102 una-

2187 4136 2446 4192 nimitate
2478 4137 2812 4194 Christianas
2831 4138 2985 4204 fidei,
3017 4139 3087 4192 ad
3120 4139 3300 4192 Deum
3331 4136 3722 4191 indesinenter
3756 4148 3858 4205 pre-

373 4217 631 4317 ξὶάνοοεξῐί
660 4215 856 4270 debila
882 4214 1450 4317 Q°t?§t3fe'm°1tum
1484 4211 1682 4317 fimi“:
1715 4216 1797 4317 “liv
1838 4210 2075 4317 qnimde:
2111 4263 2154 4317 Β
2191 4241 2282 4280 ces
2329 4225 2594 4293 fundant,
2642 4243 2758 4280 una
2802 4227 2990 4280 cibum
3039 4225 3288 4296 capiant,
3330 4225 3547 4296 pariter
3571 4223 3855 4285 dormiant,

374 4305 579 4358 beri-nt
619 4318 741 4356 esse
796 4300 1036 4356 modesti
1090 4299 1439 4368 defensores,
1487 4299 1851 4370 impudenter
1895 4298 2074 4355 eli'ecti

377 4391 490 4444 sint
519 4405 754 4460 rapaces
805 4397 861 4444 et
922 4387 1192 4458 injuriosi
1249 4393 1558 4456 exactores,
1614 4387 1827 4443 Idcirco
1871 4393 2079 4443 nostrae

377 4479 588 4549 placuit
611 4476 984 4548 providentiae
1016 4477 1073 4530 in
1107 4475 1326 4530 abbatis
1355 4474 1508 4530 illius
1554 4479 1610 4530 et
1666 4475 1905 4530 fratrum
1939 4493 2077 4531 suo-

378 4582 508 4620 rum
542 4566 648 4620 hoc
677 4565 1092 4636 perpetualiter
1127 4580 1341 4635 ponere
1385 4564 1683 4635 potestate,
1729 4569 1810 4630 ut,
1845 4564 2080 4635 sapien-

377 4659 502 4708 tum
531 4653 918 4714 usiconsiliis,
953 4669 1020 4706 ex
1059 4652 1140 4706 eis
1185 4668 1330 4724 quos
1375 4652 1526 4707 inter
1571 4658 1829 4723 potentes
1885 4652 2080 4707 saeculi

379 4741 644 4796 noverint
699 4758 820 4796 esse
878 4741 1166 4812 mqmtatis
1225 4745 1281 4795 et
1353 4741 1649 4796 modestia:
1729 4740 2080 4796 amantiores

381 4831 600 4902 eligant
625 4830 745 4884 suis
784 4836 1180 4901 competenter
1216 4829 1352 4884 locis
1389 4830 1692 4884 advocatos
1737 4834 1794 4882 et
1822 4827 2082 4883 defenso-

378 4935 485 4973 res.
523 4918 637 4973 Nec
679 4918 846 4973 aliter
882 4917 1188 4990 quisquam
1234 4917 1495 4972 omnium
1551 4915 1658 4970 sibi
1712 4916 1859 4970 hanc
1921 4921 2080 4986 pote-

448 5042 596 5112 (128)
634 5041 1015 5112 Swaningen,
1043 5040 1104 5094 in
1151 5041 1464 5111 Alpegovia
1513 5039 1964 5110 Nigra-Silvana,
2005 5055 2078 5103 an

377 5114 713 5178 Sweningen
755 5113 813 5166 in
843 5111 1022 5166 veteri
1055 5112 1530 5166 Bertholdesbara
1557 5112 1936 5181 intelligatur,
1961 5125 2078 5165 non

380 5184 543 5237 facile
573 5186 835 5238 dixerim.

449 5255 596 5325 (l29)
630 5253 800 5326 Burg,
830 5253 994 5326 cujus
1024 5252 1466 5326 nominis‘vetus
1492 5255 1740 5326 castrum
1787 5250 1846 5305 in
1891 5253 2081 5326 _Heg_o-

378 5325 469 5380 via
500 5341 514 5390 ;
547 5322 702 5378 vicus
731 5322 789 5379 in
855 5322 1193 5392 Brisgovia;
1246 5323 1507 5393 aliusque
1564 5325 1688 5394 ejus
1747 5322 1998 5377 nominis
2017 5324 2078 5377 in

352 5443 354 5445 ,
381 5395 854 5450 Bertholdesbara
882 5400 1124 5450 exstant.

448 5469 604 5535 (130)
628 5465 964 5536 Sigefridus,
995 5483 1086 5533 ep.
1118 5462 1616 5536 Monasteriensis.,

449 5531 593 5604 (131)
622 5531 831 5597 Brimo,
863 5531 1153 5590 successor
1207 5535 1474 5606 Sigefridi
1498 5534 1560 5588 iu
1606 5533 1938 5604 episcopatu
1962 5535 2076 5588 Au-
2146 5531 2150 5535 Χ

2195 4313 2455 4380 totosque
2484 4325 2542 4364 se
2565 4309 2760 4364 divino
2779 4310 2957 4364 cultui
2991 4309 3343 4379 mancipent.

2260 4397 2443 4462 Quare
2500 4397 2651 4453 idem
2727 4398 2998 4470 praefatus
3048 4397 3284 4451 antistes
3323 4395 3464 4451 adiit
3519 4392 3854 4468 praesentiam

2191 4486 2486 4556 dignitatis
2544 4492 2770 4550 nostrai,
2825 4487 3123 4542 humiliter
3169 4486 3499 4558 supplicans
3551 4493 3617 4540 ut
3642 4485 3697 4540 id
3727 4481 3858 4554 quod

2188 4576 2470 4630 industria
2526 4575 2871 4646 pontificalis
2914 4576 3193 4647 sagaciter
3245 4575 3626 4647 disposuerat,
3677 4569 3859 4642 regalis

2189 4681 2395 4720 manus
2451 4664 2722 4720 ﬁrmitate
2764 4664 3161 4720 inconvulsum
3218 4669 3277 4718 et
3313 4662 3711 4718 indissolubile
3755 4673 3859 4730 per-

2189 4759 2438 4810 maneat.

2256 4843 2690 4914 Assignavimus
2728 4845 2921 4898 autem
2955 4841 3141 4898 eidem
3172 4841 3435 4896 Ecclesia;
3466 4857 3570 4912 per
3603 4840 3859 4894 interven-

2187 4935 2311 4986 tum
2351 4932 2607 5003 ejusdem
2647 4931 2910 5003 presulis
2953 4931 3078 4986 loca
3133 4930 3399 5002 quaedam
3452 4921 3859 5000 congregationi

2188 5043 2453 5106 gustano,
2483 5037 2657 5092 frater
2691 5037 2936 5092 Heinrici
2974 5037 3141 5108 regis.
3173 5037 3312 5091 Tam
3363 5035 3676 5108 Sigefridus
3705 5046 3858 5108 quam

2190 5103 2380 5165 Bruuo
2407 5103 2465 5163 in
2508 5124 2748 5162 numero
2806 5103 3274 5162 cancellariorum
3324 5113 3380 5162 et
3430 5103 3859 5162 archicancclla-

2188 5182 2403 5236 riorum
2438 5179 2968 5250 ap.Ma|inkrotium
2991 5179 3411 5233 desiderantur.

2259 5251 2405 5318 (l3?)
2439 5251 2678 5304 Indictio
2711 5267 2767 5304 ιιι
2789 5252 3053 5304 convenit
3073 5265 3220 5304 anno
3263 5251 3419 5304 1005.

2259 5317 2405 5393 (133)
2431 5321 2470 5374 l.
2491 5337 2541 5375 e.
2575 5322 2730 5386 1005,
2755 5323 2893 5376 Nam
2921 5338 2935 5374 l
2966 5337 3095 5375 cum
3123 5320 3274 5393 linea
3303 5326 3623 5374 transversa
3667 5317 3723 5371 in
3748 5329 3858 5393 ver-

2187 5386 2321 5458 tice,
2352 5386 2982 5463 quamdautographum
3018 5390 3287 5462 exprimit
3335 5405 3640 5445 numerum
3693 5386 3857 5441 mille-

2186 5461 2416 5518 narium
2444 5461 2674 5518 indicat.

2260 5534 2406 5602 (154)
2470 5531 2800 5588 Leodiensis
2880 5531 3119 5587 ecclesia
3183 5531 3482 5602 collegiate
3563 5529 3616 5584 S.
3684 5523 3857 5584 Cruci:
