3914 6190
119 295 186 348 265

118 435 188 489 pro
212 410 581 483 opportunitate
614 408 1093 473 administranda,
1149 409 1416 464 videlicet
1474 411 1532 465 in
1564 428 1710 483 pago
1742 415 1787 467 Α

117 506 359 560 Arduennae
390 498 740 553 Bertlioniam
773 497 989 562 villam,
1031 502 1236 552 etc.....

167 595 211 647 Et
234 597 281 644 ut
305 590 405 643 haec
447 587 671 640 collatio
708 586 923 639 Divinm
956 586 1213 640 servituti
1250 587 1474 641 addicta
1518 604 1718 642 secun-

118 686 211 737 dum
239 679 493 751 prmfatam
550 676 946 729 definitionem
1005 675 1350 729 inviolabilis
1382 681 1437 729 et
1472 677 1717 731 indisso-

119 768 255 822 lubilis
275 768 381 835 jure
430 769 784 833 permaneat,
840 763 1024 815 edicto
1063 763 1240 817 banni
1290 765 1468 818 nostri
1511 765 1720 819 confir-

118 857 216 911 mari
241 856 499 923 jussimus.
558 853 739 906 ethos
771 852 957 921 apices
990 852 1301 920 majestatis
1348 858 1557 906 nostra?
1588 854 1721 907 inde

118 945 203 998 ﬁeri
247 942 603 1014 pracepimus,
646 958 749 1010 per
795 958 941 1011 quos
963 941 1336 1010 jdecernimus
1367 942 1723 1013 atquejube-

116 1051 204 1086 mus
227 1049 283 1086 ne
330 1030 442 1101 quis
500 1030 559 1082 in
608 1034 918 1099 posterum,
978 1030 1169 1100 aliquo
1226 1030 1458 1083 stimulo
1490 1030 1723 1084 malitiae

116 1128 260 1183 tactus,
288 1119 400 1173 huic
429 1118 697 1188 praecepti
755 1118 937 1170 nostri
982 1118 1278 1172 traditioni
1332 1119 1539 1172 audeat
1585 1135 1722 1173 cou-

116 1210 251 1263 traire.

162 1298 243 1352 Sed
267 1297 390 1350 sicut
436 1311 467 1348 a
497 1295 734 1365 prmfato
780 1295 1027 1365 praesule
1058 1296 1372 1349 secundum
1417 1296 1515 1351 Dei
1547 1296 1724 1367 placi-

114 1393 197 1438 tum
217 1390 282 1437 est
323 1383 655 1446 ordinatum,
686 1383 764 1435 sic
795 1382 853 1435 in
885 1382 1039 1435 omni
1091 1384 1427 1437 succedente
1481 1385 1725 1453 posteri-

111 1481 191 1526 tate
224 1472 583 1547 .indiscussum
616 1477 671 1523 et
698 1471 1130 1531 immutilatum,
1173 1472 1400 1525 decreto
1440 1472 1727 1526 ﬁrmitatis

114 1568 263 1615 nostrae
289 1560 699 1613 irrevocabilem
750 1560 809 1612 in
867 1560 967 1613 Dei
995 1560 1231 1613 nomine
1265 1561 1520 1615 obtineat
1552 1560 1725 1615 stabi-

111 1653 289 1713 litatem,
342 1650 561 1703 dextera
616 1648 794 1717 regali
879 1648 1362 1717 consignavimus,
1432 1654 1486 1703 et
1556 1647 1726 1719 sigilli

111 1738 243 1790 nostri
270 1737 626 1807 impressione
650 1736 929 1805 jussimus
958 1736 1243 1805 insigniri.

161 1827 262 1879 Data
290 1827 446 1879 Nonis
502 1826 735 1895 Aprilis,
795 1841 945 1879 anno
980 1825 1288 1878 Dominicaa
1322 1824 1731 1878 incarnationis

110 1915 350 1967 millesimo
402 1915 627 1984 quinto,
692 1912 1003 1966 indictione
1063 1913 1251 1979 tertia,
1326 1929 1476 1965 anno
1530 1912 1729 1966 domui

110 2002 277 2055 Henrici
306 2003 525 2055 secundi
560 2003 711 2071 regis
743 2002 929 2055 tertio.

156 2096 315 2144 Actum
340 2091 679 2162 Aquisgrani
711 2091 769 2144 in
803 2090 901 2144 Dei
935 2090 1165 2144 nomine
1217 2090 1477 2143 feliciter.
1525 2092 1727 2143 Amen.

798 2216 967 2269 XXIX.

152 2320 194 2372 S.
259 2322 501 2374 Henricus
573 2322 785 2389 praedia
857 2320 1105 2388 quaedam
1170 2320 1337 2373 donat
1406 2324 1730 2375 monasterio

322 2410 634 2474 Altahensi,
666 2414 873 2478 petente
894 2408 1211 2464 Godehardo
1234 2408 1443 2463 abbate.

677 2516 862 2585 (Anno
908 2516 1088 2584 t005.)

195 2619 351 2690 {Apud
386 2622 679 2691 [.udewig,
707 2623 907 2690 Script.
942 2637 1048 2675 rer.
1084 2622 1265 2674 Germ.
1311 2621 1410 2685 IlI,
1448 2619 1597 2691 33L]

150 2708 193 2761 ln
241 2712 456 2764 nomine
498 2717 707 2763 sanctae
757 2714 813 2763 et
852 2710 1157 2763 individua:
1204 2709 1511 2777 Trinitatis,
1570 2710 1733 2763 Ham-

100 2812 210 2848 mcrs
236 2798 409 2851 divina
440 2800 668 2853 favente
690 2799 992 2851 clementia
1022 2814 1138 2851 rex.

148 2885 331 2953 Regalis
359 2888 511 2940 enim
546 2886 896 2939 excellentiae
943 2886 1105 2939 decet
1165 2885 1519 2953 majestatem
1552 2885 1726 2938 ratio-

95 2974 317 3027 nabilibus
347 2976 453 3028 sibi
512 2992 544 3028 a
576 2974 816 3028 Domino
848 2972 1361 3043 supplicationibus
1413 2972 1728 3026 misericor-
1763 2979 1802 3033 C

95 3058 204 3111 diter
254 3064 561 3116 concedere
620 3062 1129 3132 perpetrationem,
1198 3065 1478 3130 quatenus
1531 3076 1731 3113 eorum

92 3149 279 3203 assiduis
318 3152 589 3220 precibus
640 3156 696 3204 et
742 3150 1073 3204 seculariter
1121 3149 1624 3219 tranquilliterque
1678 3153 1734 3202 et

93 3238 376 3293 aternaliter
442 3239 693 3293 caelestis
752 3239 933 3292 bravii
1010 3238 1331 3291 diademate
1403 3242 1728 3290 coronetur.

90 3324 309 3385 Quocirca
362 3327 709 3382 universalis
770 3327 1026 3381 fidelium
1095 3331 1446 3390 nostrorum,
1485 3342 1734 3395 praesen-

92 3412 193 3466 tium
220 3416 417 3469 scilicet
460 3422 519 3471 et
551 3416 906 3481 futurorum,
947 3414 1167 3467 noverit
1196 3413 1497 3478 industria,
1541 3412 1733 3482 quali-

90 3503 149 3552 ter
170 3504 379 3572 quidam
438 3504 788 3558 venerabilis
846 3502 1218 3557 Godebardus
1249 3502 1441 3567 abbas,
1474 3501 1735 3571 provisor

90 3603 183 3639 vero
225 3593 543 3648 Altahensis
594 3592 949 3665 monasterii,
1008 3591 1403 3644 celsitudinem
1461 3589 1733 3660 potentiae

89 3678 208 3730 nobis
252 3698 281 3732 a
328 3683 439 3735 Deo
511 3696 795 3735 concessa:
852 3680 1042 3746 subiit,
1077 3678 1373 3733 humiliter
1422 3678 1735 3747 implorans

87 3768 129 3813 ut
154 3782 239 3819 nos
280 3771 595 3839 quamdam
626 3769 838 3833 villam,
892 3768 1190 3837 Flinspach
1220 3766 1451 3833 dictam,
1487 3765 1547 3818 in
1584 3781 1735 3835 pago

86 3850 490 3927 Sweinichgouin
523 3858 693 3911 sitam
750 3862 806 3910 et
864 3858 922 3909 in
970 3855 1239 3909 comitatu
1302 3854 1590 3908 Tiemonis
1640 3870 1733 3907 co-

88 3942 217 4007 mitis,
262 3947 389 3999 olim
448 3947 734 4017 praedicto
788 3944 1137 3998 monasterio
1179 3958 1279 3995 suo
1328 3942 1731 4012 pertinentem,

88 4027 237 4085 dolore
264 4049 374 4087 non
428 4051 617 4104 parvo
676 4038 854 4086 tactus
898 4031 1137 4102 perdere
1189 4030 1342 4101 quod
1381 4031 1533 4100 juste
1586 4029 1737 4082 visus

89 4122 147 4165 est
170 4116 352 4173 habere
383 4123 625 4185 debere,
674 4137 739 4174 eo
787 4120 1087 4173 restituere
1120 4118 1511 4187 dignaremur.
1565 4117 1738 4185 Cujus

86 4216 159 4253 nos
198 4209 479 4279 condignae
558 4208 829 4279 petitioni
881 4208 1306 4261 assentiendum
1370 4206 1492 4261 fore
1546 4205 1736 4259 existi-

88 4299 277 4357 mantes,
311 4299 581 4351 eamdem
626 4298 746 4367 jam
809 4297 1018 4350 dictam
1076 4295 1268 4348 villam
1304 4299 1496 4348 nostra
1556 4293 1735 4363 regali

88 4380 333 4437 traditione
358 4391 538 4457 atque
589 4384 817 4455 pagina,
857 4384 926 4437 ad
963 4388 1092 4437 ante
1149 4384 1363 4436 dictum
1394 4383 1447 4437 S.
1491 4382 1737 4436 Mauritii

83 4473 438 4526 monasterium
516 4473 583 4526 in
652 4472 854 4526 Altaha
911 4476 1303 4525 constructum
1364 4471 1739 4524 concedentes

81 4557 402 4625 restituimus,
464 4560 941 4627 restauravimus,
1008 4559 1364 4626 donavimus,
1415 4562 1593 4630 atque
1640 4557 1737 4611 fir-

80 4644 285 4701 missime
330 4650 766 4704 subscribentes
806 4665 872 4703 eo
927 4647 1409 4702 consolidavimus
1439 4647 1510 4700 ad
1568 4644 1741 4699 aedifi-

80 4732 298 4803 candum,
330 4739 808 4805 restaurandum,
841 4737 1389 4806 maceriandumque
1438 4734 1740 4805 praefatum

77 4826 472 4891 monasterium,
550 4841 682 4879 cum
767 4824 894 4877 aliis
969 4824 1219 4877 ecclesiis
1302 4822 1740 4891 coenobiumque

1762 1700 1801 1752 B

1766 4253 1808 4305 D

82 4965 350 5037 §Hmptibus
429 4966 677 5037 Notgeri
749 4965 1075 5019 Leodiensis
1151 4963 1409 5037 episcopi
1465 4962 1743 5037 aedificata

80 5030 189 5107 fuit;
226 5039 319 5107 qui
376 5055 512 5092 eam
556 5030 919 5091 consecravit
978 5052 1131 5090 anno
1185 5030 1450 5107 979,7die
1500 5036 1587 5107 23A
1637 5033 1741 5107 Oc-

81 5103 257 5183 tobris,'
282 5110 339 5161 in
383 5124 581 5183 eaque
648 5107 897 5161 instituit
985 5114 1040 5160 et
1092 5105 1367 5183 fundavit
1414 5104 1743 5183 quindecim

79 5180 355 5246 ggnonicos.
396 5176 629 5233 Horum
676 5194 919 5232 numero
976 5182 1177 5246 postea
1237 5192 1371 5230 ann.
1408 5176 1543 5229 1044
1586 5176 1745 5246 auxit

84 5240 205 5297 Walo
232 5248 567 5304 Leodiensis
608 5250 907 5319 episcopus
956 5240 1139 5318 usque
1188 5248 1258 5319 ad
1313 5246 1514 5315 viginti
1567 5245 1740 5315 quin-

82 5326 189 5396 que;
218 5321 323 5396 qui
343 5322 592 5375 tandem
642 5318 720 5373 ad
766 5318 1001 5396 triginta
1031 5318 1305 5396 ascendit,
1355 5332 1484 5369 cum
1511 5331 1744 5396 priapo-

80 5393 155 5460 suo
198 5388 251 5442 et
296 5394 548 5458 decano,
589 5388 967 5460 quorum'ille
1006 5406 1036 5442 e
1087 5388 1743 5460 gremiocanonicorum

81 5459 284 5525 tpclesitn
358 5457 719 5515 catbe'dralis
790 5460 848 5515 S.
928 5457 1212 5514 Lanib'erti
1280 5457 1574 5525 eligendus
1640 5461 1741 5509 est.

84 5523 220 5584 [nam
250 5548 278 5585 e
325 5532 672 5603 praebendis
727 5530 985 5601 possidet
1032 5531 1204 5585 abbas
1262 5523 1615 5584 Bellireditus
1647 5542 1742 5580 or-

338 5640 633 5703 PATnOL.
687 5635 858 5702 CXL.

1282 276 1673 344 DlPLOMATA
1714 286 2263 347 ECCLESIASTICA.

3422 292 3525 354 266

1826 413 2089 479 fratrum,
2145 414 2281 485 quia
2349 415 2419 469 ob
2469 415 2575 469 hoc
2628 416 2936 485 praedictus
2990 416 3161 471 abbas
3209 420 3524 489 requisivit,

1827 503 2099 573 quoniam
2173 509 2327 557 terra
2408 520 2645 559 arenosa
2724 510 2809 559 est
2888 506 3268 578 maceriaeque
3347 510 3524 563 utilis.

1825 591 2132 645 Tradentes
2184 592 2362 661 igitur
2401 593 2461 645 in
2510 593 2811 664 proprium
2860 594 2915 649 S.
2971 594 3216 649 Mauritii
3278 596 3528 650 subscri-

1825 684 2041 750 ptoque
2081 680 2274 734 abbati
2322 697 2426 735 nec
2466 697 2583 735 non
2617 687 2673 735 et
2730 683 2845 736 suis
2886 684 3325 749 successoribus,
3369 686 3529 756 quid-

1828 768 1963 838 quid
1994 768 2145 821 inter
2195 770 2411 823 Winter
2452 775 2509 823 et
2552 771 2921 825 llotfkircben
2951 772 3406 843 videturjacere,
3442 776 3528 828 vel

1828 857 1997 909 etiam
2030 857 2101 910 ad
2142 862 2271 910 ante
2302 858 2574 927 scriptum
2607 860 3021 914 monasterium
3056 860 3198 914 inibi
3226 862 3527 932 respicere,

1828 961 1957 998 cum
1983 945 2250 999 omnibus
2277 947 2448 1000 rebus
2507 948 2817 1001 mobilibus
2839 955 2894 1002 et
2925 949 3339 1015 immobilibus,
3364 953 3530 1006 terris

1828 1034 1993 1087 cultis
2024 1034 2112 1086 vel
2160 1034 2405 1099 incultis,
2463 1034 2662 1100 vineis,
2710 1036 2936 1097 vinetis,
2981 1038 3348 1104 molendinis,
3402 1040 3526 1104 viis,

1830 1122 2015 1187 inviis,
2078 1122 2352 1185 aediﬁciis,
2404 1122 2647 1176 exitibus
2679 1130 2735 1177 et
2769 1125 3084 1191 reditibus;
3128 1126 3317 1195 sylvis,
3368 1144 3532 1181 vena-

1828 1209 2099 1274 tionibus,
2162 1210 2337 1280 pratis
2402 1212 2647 1279 pascuis,
2723 1214 3095 1283 compascuis,
3166 1214 3283 1268 sive
3336 1216 3530 1285 apium

1829 1296 2077 1367 pascuis,
2122 1297 2304 1367 aquis,
2355 1314 2753 1369 aquarumque
2811 1300 3165 1367 decursibus,
3207 1304 3533 1372 piscationi-

1832 1385 1958 1451 bus,
1992 1384 2224 1439 familiis
2277 1385 2578 1456 utriusque
2628 1403 2812 1452 sexus,
2865 1390 3125 1458 quaesitis
3152 1395 3207 1443 et
3236 1391 3530 1461 inquiren-

1832 1474 1939 1539 dis,
1972 1489 2072 1527 seu
2105 1473 2392 1539 omnibus,
2427 1490 2555 1544 qua:
2590 1474 2701 1528 dici
2730 1476 2817 1528 vel
2850 1477 3021 1529 scribi
3059 1476 3403 1531 intrinsecus
3434 1495 3530 1531 seu

1834 1561 2184 1614 extrinsecus
2236 1561 2475 1630 possint,
2536 1562 2898 1631 pertinentiis
2960 1570 3018 1617 et
3046 1565 3417 1621 utilitatibus.
3471 1568 3536 1619 Et

1836 1654 1901 1703 ut
1940 1651 2059 1703 haec
2111 1654 2319 1703 nostra:
2375 1650 2700 1703 traditionis
2730 1652 3038 1705 auctoritas
3070 1654 3289 1707 stabilis
3340 1660 3396 1707 et
3445 1655 3533 1708 in-

1837 1740 2110 1792 convulsa
2164 1742 2517 1808 permaneat,
2578 1739 2721 1792 hanc
2766 1740 3034 1807 [chartam
3095 1740 3227 1796 inde
3287 1746 3533 1797 conscri-

1838 1832 1995 1897 ptam
2067 1843 2245 1880 manu
2319 1827 2555 1897 propria
2610 1827 2944 1882 roborantes
3009 1829 3295 1901 sigillique
3353 1833 3533 1885 nostri

1838 1916 2211 1984 impressione
2240 1914 2504 1984 insigniri
2530 1916 2823 1984 jussimus.

1910 2005 2050 2057 Data
2083 2002 2256 2057 Nonis
2309 2004 2660 2069 Novembris,
2720 2005 2914 2057 indict.
2950 2022 2987 2070 l,
3039 2023 3190 2060 anno
3229 2009 3536 2062 Dominicaz

1838 2090 2249 2144 incarnationis
2306 2094 2461 2155 1005,
2504 2107 2655 2143 anno
2698 2108 2828 2145 vero
2869 2093 3089 2147 domini
3142 2096 3389 2149 Heinrici
3450 2115 3537 2150 se-

1838 2179 2009 2233 cundi
2064 2179 2214 2247 regis
2267 2196 2335 2231 iv.
2398 2182 2598 2232 Actum
2634 2180 2851 2234 Werdw
2905 2181 2961 2233 in
2997 2182 3093 2236 Dei
3124 2184 3358 2237 nomine
3411 2185 3534 2238 feli-

1838 2268 1999 2321 citer.

2594 2340 2738 2392 XXX.

1977 2427 2239 2479 Henricus
2310 2428 2364 2479 ΙΙ
2440 2428 2736 2494 imperator
2792 2430 3016 2481 innovat
3088 2430 3535 2497 praedecessorum

1908 2498 2275 2549 immunitates
2323 2502 2373 2550 et
2416 2500 2737 2565 privilegia,
2770 2502 3092 2553 monasterio
3134 2501 3192 2557 S.
3244 2503 3538 2555 Maximini

1909 2582 2170 2621 οοηερεεα.

1837 2428 1891 2481 S.

2352 2637 2536 2707 (Anno
2566 2640 2719 2701 1005,
2762 2642 2792 2690 9
2821 2640 3023 2709 April.)

2054 2705 2410 2777 [Hontheim,
2436 2710 2575 2762 Hist.
2614 2712 2818 2762 Trevir.
2844 2705 3067 2778 diplom.
3095 2712 3136 2777 Ι,
3172 2712 3322 2783 350.]

1908 2796 1973 2848 In
2003 2796 2236 2848 nomine
2269 2800 2478 2849 sancta:
2511 2800 2567 2849 et
2615 2797 2931 2851 individuw
2964 2798 3273 2867 Trinitatis,
3317 2802 3538 2855 Hamm—

1840 2899 1940 2937 cus
1961 2884 2152 2936 divina
2176 2884 2401 2938 favente
2424 2885 2727 2938 clementia
2752 2901 2871 2939 rex.

1911 2972 2190 3035 Quoniam
2241 2974 2448 3042 regalis
2504 2978 2927 3028 antecessorum
2966 2980 3292 3030 nostrorum
3345 2979 3540 3048 provi-

1844 3060 2034 3113 dentia
2079 3066 2133 3113 et
2193 3062 2517 3116 sollicitudo
2575 3063 2632 3115 in
2682 3065 3076 3117 construendis
3131 3067 3538 3120 constructisve

1842 3148 2193 3202 stabiliendis
2251 3149 2348 3202 Dei
2407 3150 2656 3203 ecclesiis
2699 3150 2792 3221 pie
2816 3152 3034 3220 jugiter
3062 3152 3398 3223 invigilavit,
3450 3155 3535 3208 id-

1841 3236 1988 3289 circo
2047 3237 2255 3291 Christi
2324 3238 2735 3309 benignissima
2793 3240 3181 3307 miseratione,
3246 3242 3305 3296 in
3378 3244 3539 3313 cujus

1842 3339 2018 3376 manu
2057 3339 2258 3393 regum
2280 3325 2453 3377 corda
2480 3326 2565 3378 vel
2590 3325 2722 3394 jura
2747 3325 3085 3392 consistunt,
3118 3328 3279 3397 regni
3303 3328 3537 3383 illorum

1843 3410 2189 3483 diuturnitas
2238 3412 2531 3481 paciﬁcata
2588 3412 2769 3482 viguit
2807 3418 2864 3467 et
2918 3414 3188 3471 efﬂoruit.
3219 3416 3374 3470 Unde
3433 3434 3539 3472 nos

1842 3498 1935 3567 pie
1995 3499 2410 3568 salubriterque
2454 3499 2523 3553 de
2576 3500 2756 3553 nostri
2788 3506 2941 3555 statu
2992 3504 3149 3573 regni
3207 3509 3535 3571 tractantes,

1841 3587 2218 3657 devotamque
2250 3587 2478 3640 illorum
2501 3588 2944 3643 sollicitudinem
2976 3590 3189 3645 imitari
3220 3594 3536 3663 cupientes,

1842 3673 2137 3745 privilegia
2191 3680 2611 3729 antecessorum
2663 3683 2987 3731 nostrorum
3017 3694 3219 3749 regum
3274 3682 3390 3733 sive
3424 3682 3536 3735 im-

1843 3768 2172 3834 peratorum
2226 3763 2483 3817 cmnobio
2552 3764 2605 3818 S.
2642 3765 2953 3831 Maximini,
2999 3768 3099 3835 qui
3150 3767 3208 3819 in
3269 3768 3539 3823 suburbio

1842 3851 2205 3905 Trevirorum
2261 3851 2588 3921 requiescit,
2682 3868 2947 3906 concessa
3004 3854 3091 3907 vel
3122 3856 3413 3922 attributa,
3465 3859 3539 3911 ob

1844 3939 2229 3993 interventum
2251 3938 2634 3993 dilectissimus
2651 3942 2913 4011 conjugis
2935 3948 3167 4007 nostraa,
3187 3943 3540 4013 Cunigunda:

1844 4027 2106 4080 videlicet
2148 4028 2387 4097 reginae,
2430 4033 2625 4082 nostra
2681 4029 2853 4083 etiam
2887 4030 3223 4083 auctoritate
3271 4031 3541 4086 roborare

1847 4114 2223 4175 decrevimus,
2260 4118 2323 4167 ut
2358 4120 2413 4168 et
2443 4119 2871 4170 antecessorum
2902 4121 3233 4172 nostrorum
3263 4118 3540 4173 benevola

1848 4204 2027 4275 pietas
2058 4219 2175 4256 non
2208 4220 2236 4256 a
2270 4203 2435 4257 nobis
2464 4205 2724 4275 neglecta
2753 4205 3104 4272 debilitetur,
3139 4212 3194 4261 et
3238 4209 3541 4263 monacho-

1847 4307 1975 4345 rum
2034 4290 2179 4345 inibi
2220 4292 2334 4344 Deo
2388 4292 2757 4347 servientium
2800 4295 3187 4365 tranquillitas
3231 4297 3300 4349 ab
3351 4298 3543 4368 aliqua

1848 4379 2369 4434 subintroducenda
2417 4397 2665 4451 persona
2693 4397 2809 4434 non
2849 4381 3318 4453 inquietetur;ea
3364 4385 3540 4456 siqui-

1850 4469 1976 4522 dem
2037 4468 2257 4522 ratione
2307 4475 2370 4523 ut
2433 4470 2584 4523 idem
2638 4470 2985 4537 coenobium,
3040 4472 3142 4526 ubi
3192 4479 3542 4543 prtenotatus

1850 4562 2074 4611 sanctus
2095 4557 2346 4628 pontifex
2370 4557 2692 4629 requiescit,
2717 4559 2807 4612 cui
2827 4560 3181 4615 venerandus
3204 4562 3348 4631 (135)
3371 4563 3544 4617 abbas

1850 4645 2116 4701 Ofderath
2158 4662 2309 4699 nunc
2369 4662 2617 4716 praeesse
2665 4646 2909 4713 videtur,
2963 4648 3109 4702 sicut
3140 4650 3245 4702 sub
3294 4656 3546 4704 anteces-

1850 4749 2043 4787 sorum
2075 4739 2421 4797 nostrorum,
2457 4737 2536 4787 sic
2568 4734 2673 4787 sub
2706 4738 2898 4788 nostro
2930 4752 3160 4807 quoque
3181 4738 3333 4807 jure,
3368 4754 3540 4791 mun-

1851 4821 2114 4875 diburdio
2164 4826 2219 4875 et
2266 4821 2594 4875 defensione
2665 4822 2954 4889 consistat,
3013 4840 3119 4878 nec
3177 4824 3347 4877 alicui
3421 4824 3542 4879 sedi

1850 4963 2001 5017 diuis
2048 4963 2630 5017 Prtemonstratiensis
2689 4964 2902 5033 Leodii,
2960 4964 3132 5017 aliam
3180 4962 3394 5018 habent
3424 4966 3535 5020 PP.

1850 5034 2080 5088 Jesuitaz
2110 5050 2215 5104 pro
2245 5050 2416 5087 onere
2437 5034 3058 5089 docendihumaniora.

1924 5103 2116 5157 Porro
2148 5106 2256 5158 hoc
2290 5106 2567 5173 templum
2622 5107 2683 5157 in
2726 5107 2826 5158 illo
2884 5105 3041 5158 urbis
3070 5103 3386 5159 editissimo
3419 5106 3543 5161 loco

1852 5176 2132 5244 Notgerus
2198 5174 2467 5227 aediﬁcari
2502 5177 2738 5241 curavit,
2799 5179 2862 5227 ut
2918 5175 3266 5244 prmpediret
3321 5182 3544 5232 exstru-

1853 5245 2100 5298 ctionem
2132 5244 2297 5309 arcis,
2339 5261 2511 5314 quam
2564 5246 2798 5314 quidam
2832 5248 3033 5314 potens
3078 5245 3138 5298 in
3166 5245 3339 5299 armis
3362 5250 3547 5303 medi—

1852 5316 2082 5369 tabatur
2133 5314 2726 5388 ibidemuexstruere,
2808 5331 2934 5388 qua
3002 5315 3139 5388 urbs
3218 5316 3547 5388 impugnari

1853 5389 2105 5465 poterat,
2125 5388 2182 5437 et
2214 5386 2285 5439 ab
2314 5385 2467 5439 illius
2515 5384 2931 5439 habitatoribus
2983 5385 3167 5441 clerus
3195 5393 3253 5441 et
3301 5384 3547 5460 populus

1857 5471 2131 5510 ODDI‘lml.

1896 5472 2083 5595 parii?
2092 5472 2145 5579 1A
2158 5525 2288 5582 bbas
2320 5527 2584 5592 O/‘derath
2615 5541 2755 5579 nunc
2782 5542 3010 5595 praeesse
3050 5529 3283 5583 videtur.
3311 5530 3546 5586 Ofdera-

3244 5643 3281 5699 9
