4016 6202
381 281 482 332 267
1689 276 1744 330 S.
1790 274 2076 331 llENRlCI
2119 276 2190 330 ΙΜ
2204 275 2594 332 PERATORIS
3813 279 3942 329 268

384 407 483 456 aut
535 401 806 468 ecclesim,
840 405 1071 471 excepto
1114 405 1324 456 nostra:
1381 399 1562 470 regali
1621 403 1896 470 potestate
1939 399 2075 469 (sic),
2111 402 2155 454 Α
2194 416 2322 472 qua!
2353 416 2506 454 nunc
2543 400 2612 453 ad
2658 414 2762 453 nos
2811 398 3097 469 pertinere
3148 399 3391 467 videtur,
3438 399 3947 454 transfundimus

385 506 891 569 succ'cssorumque
922 495 1269 555 nostrorum,
1303 488 1604 554 famulum,
1639 494 1735 541 aut
1759 489 2080 559 appendex,
2193 495 2249 542 et
2314 489 2596 556 largimur
2641 487 2930 541 Eberardo
2995 490 3250 542 Cumano
3305 489 3601 559 episcopo,
3673 489 3945 558 suisque

383 580 473 633 vel
526 579 960 634 beneficiarium
1011 578 1317 648 subjaceat.
1369 576 1747 630 Concedimus
1797 577 1970 631 etiam
2001 577 2084 631 eis
2193 579 2616 633 successoribus
2667 595 2700 631 a
2731 582 2930 631 nostra
2959 583 3123 647 parte
3156 577 3224 630 ad
3277 581 3506 647 partem
3536 576 3594 631 S.
3626 577 3838 631 Mariae
3874 581 3946 628 et

385 669 630 722 liberum
677 667 976 722 arbitrium
1036 666 1186 720 inter
1243 681 1302 719 se
1361 665 1614 736 eligendi
1669 666 1933 720 abbatem
1981 665 2083 720 tali
2193 666 2546 722 S.Abuudii.
2600 665 3003 735 Prmcipientes
3059 681 3197 735 ergo
3255 665 3652 720 deliberamus
3685 671 3755 719 ut
3787 666 3950 718 nul-

386 756 605 810 honore
637 756 898 826 dignum,
952 760 1009 809 et
1039 755 1108 808 ad
1142 755 1199 808 id
1251 753 1507 808 ofﬁcium
1557 753 1852 819 idoneum,
1905 759 1971 807 ut
2017 771 2084 808 eo
2195 757 2284 810 lus
2333 760 2545 808 nostrae
2620 753 2889 825 potestati
2961 753 3273 824 subjectus,
3331 759 3436 808 aut
3489 753 3950 823 subjiciendusx,

387 846 642 899 securius
698 845 957 899 divinum
1021 844 1090 897 ab
1150 843 1264 897 illis
1319 843 1630 913 impleatur
1678 843 2084 909 ministerium,
2195 845 2413 898 scilicet
2457 844 2591 907 dux,
2627 842 2902 908 marchio,
2955 844 3278 913 episcopus,
3319 859 3538 909 comes,
3568 844 3948 905 vicecomes,

391 949 744 1003 summaeque
783 932 1124 1003 propensius
1169 932 1481 1001 majestatis
1529 949 1634 1002 pro
1667 932 1834 986 nobis
1873 932 2085 1002 implo-
2197 930 2470 1000 nullaque
2501 929 2750 983 maxima
2777 929 2862 982 vel
2901 945 3078 999 parva
3106 945 3349 999 persona
3378 930 3635 983 audeant
3669 929 3947 1000 inquie—

389 1025 518 1075 rent
569 1021 864 1074 auxilium.
924 1020 1162 1090 Insuper
1190 1019 1362 1073 etiam
1420 1020 1782 1074 concedimus
1843 1023 1906 1074 ut
1932 1019 2086 1074 idem
2196 1023 2317 1072 tare
2346 1019 2436 1072 vel
2475 1019 2776 1072 molestare
2829 1023 2929 1072 aut
2977 1017 3271 1072 disvestire
3311 1018 3626 1088 prmfatum
3690 1019 3947 1089 episco-

392 1109 566 1163 abbas
594 1109 814 1179 sibique
845 1107 1146 1162 commissa
1191 1107 1558 1177 congregatio
1601 1123 1917 1178 eorumque
1960 1123 2087 1162 suc-
2196 1123 2337 1178 pum
2369 1107 2456 1162 vel
2487 1108 2609 1177 ejus
2628 1123 2998 1162 successores.
3026 1106 3230 1177 Siquis
3253 1123 3389 1161 vero
3406 1107 3595 1161 facere
3625 1123 3939 1177 praesum-

390 1214 642 1252 cessores
673 1202 1012 1268 potestatem
1071 1196 1317 1250 habeant
1371 1196 1696 1250 advocatias
1754 1197 2088 1250 monasterii
2195 1197 2395 1266 pserit,
2440 1195 2581 1249 sciat
2633 1211 2692 1250 se
2731 1195 3184 1267 compositurum
3238 1195 3368 1250 auri
3409 1195 3722 1266 purissimi
3783 1196 3932 1250 libr.

394 1286 504 1352 soi,
534 1285 628 1339 cui
658 1285 855 1346 velint,
906 1283 1100 1344 dandi,
1131 1283 1339 1353 cuique
1399 1284 1596 1344 velint,
1627 1282 1888 1336 tollendi.
1934 1283 1999 1336 Et
2028 1287 2092 1334 ut
2203 1286 2324 1350 100,
2357 1284 2721 1340 medietatem
2751 1289 2960 1339 nostrai
2990 1285 3158 1354 parti,
3190 1289 3246 1337 et
3286 1284 3662 1339 medietatem
3705 1301 3934 1354 supra-

397 1374 556 1429 nulla
594 1371 1235 1443 cujuslibetjudiciariae
1265 1371 1561 1440 dignitatis
1587 1387 1834 1441 persona
1877 1370 1936 1424 in
1969 1385 2092 1423 cur-
2201 1373 2352 1426 dicto
2403 1373 2658 1443 prmsuli,
2697 1372 2930 1444 suisque
2961 1373 3404 1426 successoribus.
3461 1373 3630 1437 Quod
3703 1378 3774 1426 ut
3839 1390 3935 1425 ve-

397 1463 549 1516 tibus
602 1477 800 1514 eorum
842 1459 1132 1530 placidum
1188 1459 1399 1513 habere
1447 1464 1780 1527 praesumat,
1813 1459 2088 1513 telonium
2199 1460 2319 1517 rius
2370 1462 2652 1528 credatur,
2714 1478 2885 1516 manu
2920 1462 3149 1532 propria
3199 1461 3932 1528 corroborantes,_nostri

397 1549 698 1604 anavibus
760 1563 963 1601 eorum
1022 1548 1212 1600 nullus
1266 1547 1474 1617 exigat,
1523 1547 1860 1618 familiaque
1891 1563 2091 1601 eorum
2203 1549 2376 1619 sigilli
2434 1551 2810 1622 impressione
2868 1550 3086 1620 signari
3162 1550 3532 1620 prmcipimns
3588 1551 3746 1605 hanc
3817 1566 3934 1620 pa-

400 1639 655 1691 bannum
684 1641 740 1688 et
765 1635 949 1689 fraedae
980 1634 1124 1688 nulli
1154 1634 1264 1688 nisi
1295 1636 1485 1688 abbati
1511 1637 1816 1706 persolvat,
1847 1635 2088 1690 nullius-
2131 1683 2167 1734 Β
2205 1639 2420 1708 ginam.

401 1741 512 1796 que
551 1723 663 1777 nisi
693 1723 911 1776 abbatis
967 1722 1056 1776 vel
1095 1722 1163 1775 ab
1213 1739 1280 1777 eo
1331 1723 1773 1777 constitutorum
1808 1723 2096 1794 placidum
2131 1722 2166 1734 “’
2275 1729 2504 1794 Signum
2533 1727 2971 1782 dominiHenrici
3003 1725 3047 1798 -ί-
3075 1729 3220 1795 regis
3247 1729 3620 1784 invictissimi.

403 1812 678 1876 attendat,
733 1816 790 1865 et
819 1811 879 1864 in
901 1811 1140 1881 singulis
1161 1811 1485 1865 civitatibus
1518 1812 1808 1882 regalibus
1827 1813 1916 1867 vel
1941 1829 2061 1882 prie
2077 1843 2097 1855 -

403 1901 651 1955 fectoriis
719 1900 960 1953 liberam
1025 1903 1363 1970 potestatem
1421 1900 1671 1954 habeant
1739 1901 1990 1955 intrandi
2042 1906 2099 1955 et

405 1989 669 2053 exeundi,
692 1988 974 2043 vendendi
1003 1993 1059 2042 et
1088 1988 1339 2052 emendi,
1371 1989 1636 2059 pascendi
1665 1994 1722 2043 et
1750 1988 2097 2060 adaquandi,

405 2077 570 2149 eique
596 2093 768 2148 opera
807 2076 1021 2146 regalia
1050 2077 1138 2130 vel
1165 2077 1478 2130 comitialia
1527 2077 1783 2132 funditus
1812 2078 2100 2148 perdona-

2276 1818 2440 1870 Anno
2473 1815 2785 1871 Dominicoe
2811 1814 3222 1870 incarnationis
3253 1817 3408 1870 1006.

2959 1903 3112 1958 XXXI
3125 1919 3155 1956 Α.

2209 1993 2266 2047 8.
2326 1994 2544 2046 Henrici
2591 1994 2640 2047 Il
2701 1997 3048 2062 preceptum,
3102 2006 3201 2060 per
3249 1989 3396 2060 quod
3468 1993 3768 2062 universas
3829 1994 3940 2045 Ec-

2277 2064 2448 2117 clesiae
2539 2060 2952 2116 W’orniatieiisis
2999 2063 3335 2132 possessione
3405 2060 3581 2115 eidem
3626 2065 3944 2128 conﬁrmat

2279 2135 2525 2202 aliasque
2553 2133 2901 2202 superaddit.

2856 2224 3039 2287 (Anno
3086 2221 3268 2290 l006.)

2408 2291 2734 2362 [Schannat,
2766 2295 3122 2361 Episcopatus
3179 2289 3467 2356 Wermat.,
3501 2291 3573 2357 ll,
3607 2289 3730 2361 36.]

2282 2382 2348 2435 In
2406 2381 2640 2435 nomine
2688 2386 2896 2435 sanctae
2927 2386 2983 2434 et
3032 2379 3343 2434 individua!
3372 2379 3701 2445 Trinitatis,
3767 2381 3952 2434 Huis-

2212 2482 2363 2522 mcus
2392 2467 2585 2521 divina
2611 2467 2832 2522 favente
2865 2467 3168 2521 clementia
3193 2483 3314 2522 rex.

2283 2555 2436 2610 Nihil
2488 2555 2847 2610 commodius
2919 2555 2990 2610 ad
3035 2559 3248 2608 nostrae
3307 2553 3686 2608 sublimitatis
3743 2555 3953 2609 hono-

2212 2660 2356 2710 rem,
2381 2644 2676 2714 nostrique
2724 2644 3022 2716 regiminis
3051 2643 3573 2698 corroborationem
3614 2659 3801 2712 passa
3866 2643 3950 2698 fa-

2212 2749 2340 2787 cere
2379 2733 2686 2800 credimus,
2721 2749 2895 2804 quam
2941 2732 3006 2798 si,
3040 2737 3367 2786 sanctarum
3399 2731 3498 2784 Dei
3529 2731 3952 2785 Ecclesiarum

2213 2822 2489 2876 habentes
2541 2821 3001 2883 sollicitudinem,
3060 2836 3260 2874 earum
3318 2822 3480 2874 dotes
3544 2819 3955 2873 inconvulsas

2217 2927 2442 2966 servare
2500 2911 2907 2965 studuerimus.
2965 2909 3046 2964 Ob
3096 2909 3205 2962 hoc
3259 2907 3516 2962 omnium
3572 2912 3805 2961 sanctae
3847 2908 3958 2961 Dei

2223 3000 2483 3053 Ecclesim
2512 2999 2772 3053 fidelium
2802 2998 3024 3053 noverit
3055 2996 3356 3060 industria,
3412 2995 3812 3065 presentinm
3845 2998 3959 3050 sci-

2221 3086 2352 3140 licet
2371 3092 2429 3141 et
2452 3087 2799 3154 futurorum,
2825 3091 3108 3157 quatenus
3126 3085 3333 3138 divina:
3365 3085 3957 3153 recompensationis

2221 3176 2631 3241 emolumento,
2689 3190 2794 3229 nec
2847 3190 2961 3228 non
2999 3171 3120 3245 [ad]
3149 3171 3464 3227 beatissimi
3521 3173 3955 3242 apostolorum

2219 3263 2498 3333 principis
2532 3263 2681 3317 Petri
2711 3265 3157 3328 venerationem,
3188 3261 3246 3315 in
3279 3261 3440 3331 cujus
3459 3261 3756 3314 honorem
3781 3262 3956 3315 Vuor

2222 3352 2514 3406 matiensis
2567 3351 2928 3422 episcopatus
2999 3350 3272 3404 fundatus
3337 3364 3457 3403 esse
3535 3349 3947 3419 dignoscitur,

2221 3441 2336 3495 sive
2367 3441 2434 3495 ad
2477 3440 2856 3494 monitionem
2889 3445 2946 3494 et
2998 3439 3338 3509 petitionem
3379 3437 3725 3505 Burchardi,
3780 3439 3949 3508 ejus-

2221 3530 2352 3584 dem
2383 3529 2532 3583 sedis
2563 3528 2919 3582 devotissimi
2964 3526 3247 3598 praesulis,
3299 3531 3768 3598 pramemorataa
3841 3528 3949 3580 Ec-

2220 3619 2404 3672 clesiae
2434 3633 2540 3688 per
2584 3618 2757 3688 hujus
2801 3621 3008 3671 nostrae
3057 3614 3440 3669 concessionis
3472 3615 3752 3684 paginam
3798 3630 3950 3668 con-

2219 3709 2517 3761 firmamus
2565 3707 2758 3760 omnia
2799 3722 2930 3776 qum
2974 3720 3141 3773 reges
3199 3707 3256 3757 et
3304 3702 3689 3772 imperatores
3745 3704 3948 3756 nostri

2221 3813 2447 3868 quoque
2496 3802 2905 3860 antecessores,
2954 3793 3071 3846 sive
3123 3809 3248 3858 nos,
3281 3791 3466 3845 eidem
3506 3791 3774 3844 Ecclesia
3808 3808 3950 3846 con-

2219 3887 2503 3950 tulerunt;
2538 3901 2604 3938 ea
2635 3883 2900 3937 videlicet
2931 3882 3146 3936 ratione
3193 3885 3256 3934 ut
3302 3879 3574 3949 praefatus
3620 3880 3948 3950 cpiscopus

2220 3974 2420 4044 suique
2468 3988 2815 4026 successores
2847 3971 3108 4025 universa
3141 3985 3258 4022 suae
3315 3967 3597 4032 Ecclesim,
3649 3974 3722 4022 ut
3775 3970 3944 4023 dixi-

2223 4078 2368 4127 mus,
2427 4062 2630 4115 collata
2689 4059 2958 4125 habeant,
3020 4061 3273 4124 teneant,
3332 4057 3692 4126 ﬁrmiterque
3747 4060 3944 4127 possi-

2218 4151 2410 4217 deant,
2436 4150 2696 4203 omnium
2725 4149 3027 4202 hominum
3060 4146 3462 4200 molestatione
3495 4150 3551 4198 et
3595 4147 3943 4200 contradic-

2219 4240 2372 4293 tione
2413 4244 2649 4301 remota,
2683 4236 2836 4308 quod
2883 4242 2946 4290 ut
2991 4251 3157 4288 verus
3214 4234 3498 4298 credatur,
3553 4233 3940 4303 diligentius-

2217 4343 2330 4398 que
2377 4327 2447 4380 ab
2477 4326 2744 4380 omnibus
2798 4326 3148 4385 observetur,
3181 4322 3330 4376 hanc
3359 4327 3573 4376 cartam
3608 4320 3748 4375 inde
3798 4339 3941 4377 con-

2219 4415 2509 4485 scriptam,
2543 4430 2717 4468 manu
2755 4413 2988 4484 prapria
3018 4412 3376 4474 roboranles,
3411 4409 3707 4480 sigillique
3740 4414 3938 4465 nostri

2217 4503 2615 4570 impressione,
2649 4509 2712 4555 ut
2731 4504 2932 4556 subtus
2959 4500 3202 4564 videtur,
3236 4497 3503 4568 insigniri
3533 4497 3855 4567 jussimus,
3883 4507 3943 4553 et

2216 4609 2286 4647 ex
2329 4591 2575 4662 proprio
2628 4591 2930 4645 Ecclesiam
2987 4589 3157 4642 sitam
3213 4587 3273 4640 in
3326 4586 3626 4651 suburbio,
3677 4587 3937 4641 alteram

2215 4698 2332 4736 uno
2387 4683 2458 4736 ab
2516 4682 2655 4735 urbe
2704 4678 3014 4734 milliario.
3049 4719 3061 4733 .
3099 4720 3112 4734 .
3151 4720 3164 4732 .
3224 4677 3326 4731 .ad
3361 4692 3524 4729 usum
3583 4677 3936 4745 praebenda»

2215 4769 2453 4824 fratrum
2482 4769 2893 4824 contradimus.

2391 4859 2619 4925 Signum
2657 4857 2866 4911 domini
2899 4856 3157 4910 Heinrici
3185 4855 3330 4922 regis
3363 4853 3742 4906 invictissimi.

2286 4948 2643 5003 Eberhardus
2698 4943 3070 5000 cancellarius
3117 4941 3237 4996 vice
3264 4939 3522 5012 Vuilligii
3551 4940 3938 5012 archicapel-

2214 5036 2332 5091 lani
2362 5035 2690 5106 recognovi.

405 2183 550 2220 mus.
603 2167 666 2219 Et
719 2170 785 2218 ut
846 2166 954 2218 hoc
999 2165 1356 2219 auctoritatis
1420 2170 1683 2219 nostrum
1749 2171 2098 2237 praeceptum

406 2253 638 2308 firmum
693 2257 749 2308 et
788 2252 987 2307 stabile
1032 2257 1389 2324 permaneat,
1426 2271 1597 2308 manu
1632 2255 1865 2326 propria
1915 2270 2103 2309 corro-

406 2344 694 2408 borantes,
755 2342 930 2410 sigilli
983 2342 1161 2396 nostri
1226 2341 1604 2412 impressione
1663 2342 1866 2413 signiri
1935 2342 2102 2413 jussi-

407 2448 535 2486 mus
570 2431 745 2500 (l36).
1143 2440 1146 2443 ·

619 2520 846 2585 Signum
869 2518 1054 2572 damni
1080 2520 1321 2573 Heinrici
1349 2521 1492 2586 regis
1518 2521 1886 2573 invictissimi.

478 2608 798 2679 Egilbertus
845 2606 1236 2671 cancellarius,
1285 2607 1402 2660 vice
1434 2606 1697 2676 Willigisi
1751 2607 2099 2676 archicapel-

405 2698 545 2762 lani,
578 2694 900 2765 recognovi.
965 2695 1105 2748 Data
1145 2710 1177 2745 v
1210 2695 1288 2748 Id.
1331 2695 1548 2766 April.,
1582 2711 1733 2748 anno
1795 2695 2103 2749 Dominicaa

407 2784 819 2841 incarnationis
854 2784 1007 2848 1005,
1058 2782 1366 2836 indictione
1399 2800 1479 2850 ιιι,
1513 2799 1662 2837 anno
1700 2799 1833 2837 vero
1882 2783 2106 2838 domini

411 2872 659 2927 Heinrici
692 2870 925 2924 secundi
950 2869 1100 2939 regis
1133 2886 1212 2923 ιιι.
1245 2873 1446 2924 Actum
1501 2871 1849 2941 Aquisgrani
1915 2871 1975 2925 in
2005 2871 2105 2924 Dei

411 2960 644 3015 nomine
672 2958 933 3012 feliciter.
965 2960 1166 3012 Amen.

1162 3047 1339 3100 XXXI.

413 3139 467 3192 S.
530 3137 790 3190 Henricus
829 3134 1078 3188 Ecclesia:
1145 3135 1422 3188 Comensis
1473 3137 1767 3203 privilegia
1827 3133 2112 3206 conﬁrmat

926 3209 976 3257 et
1007 3208 1366 3272 possessiones
1405 3209 1584 3272 auget.

1080 3290 1262 3360 (Anno
1295 3292 1472 3356 1006.)

771 3361 1041 3435 [Ughelli,
1093 3365 1260 3417 Italia
1293 3378 1469 3427 sacra,
1505 3364 1567 3430 V,
1601 3362 1754 3434 281.]

487 3455 550 3507 In
581 3451 812 3506 nomine
834 3455 1040 3504 sanctas
1058 3455 1116 3503 et
1141 3449 1449 3504 individuo:
1478 3451 1790 3516 Trinitatis,
1826 3454 2111 3508 Haumcus

415 3541 607 3595 divina
653 3541 877 3594 favente
916 3538 1216 3592 clementia
1248 3554 1361 3592 rex.
1419 3540 1560 3593 Cum
1593 3545 1924 3594 nostrorum
1971 3541 2110 3596 ﬁde-

416 3631 558 3682 lium
617 3625 989 3699 petitionibus
1033 3630 1106 3680 ait
1136 3633 1509 3697 augmentum
1559 3633 1766 3683 nostrae
1820 3629 2112 3685 tidelitatis

414 3717 643 3789 pietatis
691 3721 900 3769 nostrze
941 3731 1107 3768 aures
1135 3718 1656 3784 accommodamus,
1695 3718 1878 3772 multo
1907 3719 2112 3773 melius

414 3823 535 3862 esse
581 3805 908 3860 inducimus
961 3805 1008 3858 si
1077 3803 1175 3858 Dei
1223 3805 1474 3859 ecclesiis
1530 3806 1753 3877 aliquid
1805 3822 1873 3860 ex
1906 3807 2111 3862 nostris

414 3896 686 3951 libentius
707 3893 1130 3961 donaverimus,
1153 3908 1396 3963 quarum
1416 3894 1710 3963 juvamine
1734 3896 1921 3965 majus
1945 3896 2111 3950 nobis

412 3985 832 4040 incrementum
887 3987 1211 4050 praestatur,
1271 3981 1569 4052 nostrique
1629 3983 1793 4051 regni
1832 3985 2109 4039 celsitudo

412 4072 714 4126 solidatur.
769 4073 974 4120 Noscat
1026 4068 1220 4138 itaque
1260 4069 1519 4122 omnium
1554 4068 1810 4123 tidelium
1856 4087 2109 4141 prmsens

415 4165 471 4213 et
495 4160 689 4213 futura
733 4154 1009 4216 collectio,
1041 4171 1142 4208 nos
1189 4171 1292 4223 pro
1351 4156 1606 4209 remedio
1637 4157 1846 4210 animae
1899 4163 2107 4213 nostrae

414 4253 740 4314 nostraeque
796 4243 1076 4311 conjugis,
1117 4257 1181 4296 ac
1230 4243 1395 4312 regni
1427 4244 1608 4298 nostri
1648 4245 1978 4314 stabilitate,
2011 4246 2094 4300 in-
2135 4247 2178 4300 D

412 4339 670 4388 terventu
721 4331 993 4400 Egilberti
1069 4329 1445 4400 Frisingensis
1515 4333 1787 4404 episcopi,
1863 4335 2105 4389 donasse

414 4422 699 4476 Eberardo
749 4421 1004 4472 Cumano
1037 4419 1328 4489 episcopo,
1401 4419 1633 4490 suisque
1685 4423 2105 4477 successoribus

413 4510 483 4564 ad
530 4514 750 4579 partem
783 4506 836 4561 S.
875 4506 1060 4561 Maria:
1091 4507 1147 4561 S.
1176 4506 1424 4562 Abundii
1473 4525 1704 4563 omnem
1738 4511 2104 4566 medietatem

411 4596 834 4652 vicecomitatus
873 4594 941 4648 de
970 4595 1342 4663 Valletellina,
1375 4601 1433 4651 et
1468 4597 1702 4651 omnino
1733 4599 2104 4654 transfudisse

412 4683 693 4756 quidquid
753 4683 823 4735 ad
896 4682 1056 4736 illam
1102 4682 1463 4738 medietatem
1515 4685 1782 4755 pertinet,
1839 4693 1937 4740 aut
1967 4687 2106 4741 citra

410 4777 596 4830 lacum
653 4773 996 4834 Cumanum,
1073 4777 1173 4824 aut
1238 4771 1521 4827 Belasium
1580 4772 1649 4826 ab
1700 4773 1857 4828 omni
1905 4781 2103 4830 nostro

406 4863 654 4938 publico,
704 4866 760 4914 et
790 4859 1010 4914 dedisse
1049 4859 1118 4912 ad
1151 4860 1562 4930 proprietatem
1620 4862 1944 4933 supradicto
1981 4863 2102 4934 epi-

405 4967 600 5023 scopo.
629 4955 684 5004 et
712 4947 1136 5004 successoribus
1185 4950 1308 5016 ejus
1355 4956 1470 5005 tam
1525 4951 1586 5004 in
1618 4952 1894 5016 districto,
1927 4969 2103 5024 quam

405 5041 464 5095 in
493 5039 788 5110 precantia
813 5043 870 5092 et
886 5035 1204 5102 erimarias,
1233 5043 1406 5107 atque
1432 5039 1492 5091 in
1534 5039 1692 5093 omni
1731 5040 2100 5109 pertinentia,

2140 2965 2180 3018 C

2285 5160 2329 5230 (1
2344 5157 2433 5226 36)
2451 5159 2640 5227 Sigilli
2653 5162 2826 5213 nostri
2835 5157 3202 5230 impressione.
3227 5153 3489 5230 Sigillum
3503 5153 3835 5230 praesentis
3849 5155 3941 5210 di-

2212 5224 2563 5302 plomatisfa
2587 5224 2973 5302 Zyilesionon
3004 5227 3252 5289 editum,
3281 5227 3340 5279 in
3372 5241 3441 5278 eo
3462 5224 3774 5302 singulare
3825 5234 3942 5292 est,

2213 5296 2368 5373 quod
2416 5296 2779 5372 imperatoris
2823 5300 3092 5373 dextera,
3139 5312 3254 5350 non
3289 5302 3375 5373 ut
3426 5296 3563 5349 alias
3597 5301 3942 5373 sceptrum,

2211 5365 2308 5426 sed
2339 5365 2566 5426 crucem
2615 5371 2939 5443 protendat,
2985 5368 3216 5424 sinistra
3247 5365 3488 5438 globum
3546 5367 3713 5420 nulla
3750 5381 3944 5423 cruce

2212 5443 2553 5514 insignitum
2577 5447 2788 5498 teneat.

405 5163 541 5234 thus
553 5163 724 5216 abbas
742 5163 899 5216 nullo
923 5160 1194 5234 deinceps
1213 5161 1389 5234 veteri
1409 5166 1782 5234 monumento
1796 5162 2103 5234 inscriptus

404 5233 632 5303 legitur.
686 5235 826 5287 Viue
863 5234 987 5299 ejus
1017 5233 1171 5285 diem
1204 5232 1472 5286 ultimum
1505 5232 1660 5302 (nam
1687 5233 1756 5286 de
1786 5249 1936 5288 anno
1959 5232 2102 5288 nihil

405 5305 650 5357 habetur
698 5311 1078 5371 Compertum)
1138 5304 1217 5356 ita
1264 5303 1393 5357 fasti
1445 5303 1832 5358 Maxiiuiuiani
1891 5306 2099 5359 edunt:

402 5390 492 5426 xu
522 5375 640 5427 Kal.
671 5375 793 5428 Jul.
829 5375 1123 5438 O/‘tradus.
1181 5373 1367 5428 abbas.
1407 5381 1622 5428 nostrae.
1645 5378 2099 5443 congregationis.

402 5445 546 5498 Eum
573 5445 812 5525 excepit.
838 5443 1159 5525 Vinrichus,
1211 5445 1388 5500 Nonis
1448 5445 1678 5511 Martiis,
1719 5461 1956 5516 quoquo
2002 5447 2101 5501 de-

402 5527 564 5569 mum
595 5529 765 5580 anno,
797 5521 1194 5585 inauguratus.
