4016 6202
143 284 237 330 269

1389 274 1783 335 DIPLOMATA
1828 274 2390 337 ECCLESIASTICA.

3543 299 3649 350 270

212 397 352 449 Data
406 411 439 447 ιι
499 394 650 448 Non.
710 393 893 447 Martii
942 392 1138 448 indict.
1198 410 1279 458 ιιι,
1346 411 1496 448 anno
1544 396 1705 450 Dom.
1750 396 1840 449 in-

2016 412 2125 449 .aco
2156 399 2330 469 (MSS),
2366 401 2495 455 Edla
2546 404 2717 473 (146),
2769 406 3011 475 Tungris
3045 408 3205 477 (147),
3260 412 3415 481 Hoyo
3475 414 3647 481 (148),

136 489 344 537 carnat.
386 484 543 544 1006,
571 497 731 535 anno
762 497 893 535 vero
921 482 1139 536 domini
1174 481 1423 537 Heinrici
1470 485 1709 539 secundi
1749 500 1841 537 re-

144 571 367 639 gnantis
389 588 439 623 v.

201 664 407 713 Actum
440 658 817 713 Laudenburc
849 658 1105 712 feliciter.
1139 661 1339 714 Amen.

870 755 1095 809 XXXIII.

139 848 190 901 S.
216 848 483 900 Henricus
544 846 594 898 Π
652 844 786 912 imp.
850 842 915 896 Β.
976 844 1203 908 Notgero
1260 842 1545 898 Leodimzsi
1591 846 1840 914 episcopo

201 919 427 984 ejusque
466 914 884 984 successoribus,
912 914 1195 983 conﬁrmat
1250 915 1502 969 abbatias
1552 921 1602 969 et
1673 917 1837 969 cccle-

203 983 344 1039 sias’
372 988 718 1051 collegiatas,
750 983 1080 1048 Lobienscm,
1141 986 1196 1039 S.
1239 985 1505 1051 Hubertz‘,
1567 987 1838 1040 Brom'en-

201 1074 328 1120 sem,
375 1058 833 1119 Gemblacensem,
890 1055 1218 1119 Fossensem,
1280 1059 1685 1120 Maloniensem,
1719 1058 1837 1113 Να-

201 1142 554 1191 murcensem,
587 1129 1018 1190 Dionantensem,
1084 1126 1415 1192 Eichensem,
1477 1128 1835 1182 Mechh’nien-

202 1214 331 1264 sem,
381 1200 775 1264 Tungrensem,
816 1197 1099 1250 Huiensem
1120 1203 1168 1249 et
1204 1199 1619 1265 Trajectensem.

777 1284 960 1355 (Anno
1020 1286 1202 1355 1006.)

494 1375 765 1444 [Μίτωιιε.
800 1378 935 1444 Opp.
967 1374 1197 1443 diplnm.
1232 1375 1325 1440 III,
1363 1373 1475 1446 11.]

206 1466 261 1518 ln
289 1463 536 1517 nomine
585 1468 794 1517 sancta:
851 1467 904 1517 et
932 1463 1251 1517 individuus
1283 1464 1594 1529 Trinitatis,
1631 1466 1834 1520 Hamm-

138 1568 222 1605 crs
254 1551 452 1605 divina
476 1551 700 1603 favente
731 1550 1035 1603 clementia
1066 1566 1181 1605 rex.

205 1638 378 1692 Nobis
413 1638 781 1708 profuturum
813 1644 869 1692 et
897 1639 971 1692 ad
1006 1638 1181 1692 vitam
1241 1643 1586 1709 prmsentem
1617 1639 1832 1693 transi-

136 1728 401 1798 gendam,
450 1731 507 1780 et
562 1726 631 1779 ad
662 1726 908 1781 futuram
942 1726 1191 1781 feliciter
1219 1728 1611 1794 obtinendam,
1645 1729 1833 1781 credi-

134 1832 254 1869 mus
318 1821 381 1869 et
430 1814 658 1881 scimus,
719 1814 785 1877 si,
838 1816 1159 1869 secundum
1214 1815 1473 1871 ﬁdelium
1505 1823 1834 1871 nostrorum

128 1906 297 1973 justas
348 1903 681 1974 petitiones,
727 1903 1143 1957 ecclesiasticas
1178 1904 1497 1970 facultates,
1555 1910 1611 1959 et
1642 1906 1833 1975 cujus-

133 2007 233 2061 que
292 1991 602 2062 potestatis
670 1990 976 2061 judiciaria
1030 1991 1437 2060 jurisdictione
1496 1993 1831 2047 liberaveri-

134 2096 271 2146 mus,
305 2085 369 2134 et
412 2080 675 2134 liberatas
706 2079 1298 2151 augmentaverimus,
1332 2087 1389 2136 et
1436 2087 1838 2152 augmentatas

135 2170 300 2239 regali
332 2170 611 2241 praecepti
657 2170 979 2224 munimine
1032 2171 1275 2225 tuendas
1336 2187 1459 2226 esse
1518 2170 1837 2226 ﬁrmaveri-

137 2276 275 2313 mus.

200 2350 570 2420 Quapropter
596 2352 796 2403 notum
832 2363 955 2401 esse
985 2348 1249 2401 volumus
1309 2348 1582 2403 omnibus
1631 2348 1840 2403 nostris

139 2436 418 2499 ﬁdelibus,
452 2442 567 2491 tam
621 2437 828 2490 futuris
876 2452 1054 2506 quam
1110 2438 1515 2507 praesentibus,
1568 2438 1705 2509 quia
1754 2438 1841 2491 vir

137 2525 482 2579 venerabilis
538 2525 825 2579 Notkerus
907 2525 1258 2593 Tungrensis
1330 2541 1433 2578 seu
1510 2525 1842 2580 Leodiensis

138 2614 457 2684 episcopus.
542 2614 828 2684 quoddam
906 2618 1258 2683 praeceptum
1351 2614 1562 2668 nostris
1636 2614 1843 2669 obtulit

139 2704 450 2770 obtutibus,
492 2703 649 2773 quod
684 2707 805 2755 erat
835 2702 1075 2756 secundi
1103 2701 1350 2769 Ottonis,
1386 2702 1755 2773 imperatoris
1787 2706 1845 2756 et

139 2792 552 2861 consanguinei
582 2791 785 2853 nostri,
847 2796 905 2845 et
953 2806 1129 2844 manu
1181 2789 1499 2853 ﬁrmatum,
1559 2796 1615 2844 et
1655 2790 1843 2859 sigillo

142 2881 462 2950 signatum;
498 2880 558 2932 in
600 2895 712 2949 quo
738 2878 1039 2933 dicebatur
1069 2877 1217 2947 quod
1255 2895 1369 2932 non
1395 2879 1581 2931 solum
1638 2878 1760 2946 ipse
1789 2883 1847 2931 et

1952 484 2217 554 Trajecto
2252 487 2418 558 (149),
2445 491 2678 545 Malinas
2700 495 2877 561 (150),
2898 496 3055 549 velin
3090 500 3309 552 caeteris
3334 500 3487 566 locis,
3518 519 3647 556 cum

1951 574 2226 629 omnibus
2278 577 2448 630 rebus
2470 580 2556 632 vel
2596 579 2928 637 hominibus
2984 584 3055 637 ad
3090 601 3148 638 se
3202 588 3648 657 pertinentibus,

1953 659 2130 715 libere
2197 680 2299 734 per
2355 681 2411 717 se
2474 667 2869 736 consisterent,
2937 672 3007 726 ab
3056 675 3214 727 omni
3244 676 3647 746 inquietudine

1947 748 2265 818 judiciariae
2292 756 2584 823 potestatis
2612 757 2858 811 defensae
2891 765 2947 813 et
2973 776 3186 815 securae.
3216 772 3537 819 manerent.

2023 840 2203 910 Ilujus
2244 842 2564 895 securitatis
2621 847 3041 915 auctoritatem,
3094 851 3172 903 sic
3216 853 3287 905 ab
3319 859 3642 909 antecesso-

1949 925 2110 981 ribus
2142 930 2354 983 nostris
2415 934 2863 1004 promulgatam,
2916 943 3000 1005 ut,
3064 940 3136 992 ob
3177 957 3429 995 amorem
3466 945 3561 997 Dei
3592 950 3650 999 et

1947 1018 2325 1071 reverentiam
2360 1019 2615 1089 ejusdem
2651 1023 2923 1092 ecclesize,
2957 1042 3216 1080 assensus
3273 1032 3451 1083 nostri
3484 1033 3642 1102 adje-

1945 1105 2134 1160 ctione
2213 1106 2598 1176 ﬁrmaremus,
2677 1112 2823 1181 petit
2912 1115 3222 1184 praedictus
3306 1121 3648 1173 venerabilis

1947 1194 2269 1264 episcopus.
2370 1220 2373 1223 λ

2019 1283 2193 1353 Cujus
2216 1284 2385 1354 justm
2419 1289 2473 1338 et
2500 1284 2829 1341 rationabili
2872 1288 3135 1358 petitioni
3174 1307 3371 1347 aurem
3401 1293 3650 1349 libenter

1944 1372 2522 1441 accommodavimus,
2576 1379 2632 1428 et
2662 1374 2765 1428 hoc
2808 1382 3019 1430 nostra;
3091 1380 3444 1434 auctoritatis
3500 1399 3643 1452 prae-

1945 1464 2217 1529 ceptum;
2251 1476 2387 1529 erga
2418 1462 2600 1532 ipsam
2660 1464 2966 1518 Ecclesiam
2996 1467 3252 1521 tuitionis
3300 1471 3503 1537 gratia,
3540 1488 3646 1540 pro

1945 1548 2126 1601 divini
2155 1550 2337 1602 cultus
2403 1566 2621 1619 amore,
2664 1556 2719 1604 et
2762 1553 2971 1607 anima:
3031 1559 3239 1609 nostrae
3279 1558 3483 1624 salute,
3517 1560 3645 1612 tieri

1942 1636 2317 1703 decrevimus,
2406 1655 2511 1709 per
2599 1641 2757 1711 quod
2828 1642 3159 1698 ﬁrmissime
3243 1645 3513 1714 jubemus
3580 1652 3645 1701 ut

1943 1721 2213 1793 deinceps
2246 1725 2435 1778 nullus
2467 1742 2677 1793 comes,
2712 1730 2905 1783 nullus
2931 1731 3128 1800 judex,
3159 1731 3268 1785 nisi
3300 1734 3389 1786 cui
3432 1734 3647 1804 episco-

1942 1826 2052 1881 pus
2081 1812 2456 1881 commiserit,
2488 1813 2546 1866 in
2586 1816 2860 1884 praedicta
2898 1818 3040 1885 loca,
3110 1821 3196 1872 vel
3245 1838 3447 1875 eorum
3480 1824 3647 1876 terri-

1942 1898 2114 1965 toria,
2151 1916 2281 1970 qua:
2319 1900 2380 1954 in
2429 1902 2783 1972 quibuslibet
2827 1907 2993 1977 pagis
3050 1906 3199 1961 infra
3243 1910 3405 1979 regni
3466 1912 3646 1965 nostri

1945 1986 2252 2054 ditionem,
2315 1993 2371 2042 et
2422 2005 2576 2042 nunc
2636 1991 2871 2060 habent,
2928 1999 2985 2047 et
3036 1994 3095 2048 in
3153 1996 3345 2049 futuro
3385 1997 3648 2053 habenda

1945 2080 2100 2141 sunt,
2135 2077 2204 2129 ad
2234 2094 2433 2131 causas
2460 2079 2796 2149 audiendas,
2849 2083 2937 2136 vel
2971 2083 3036 2137 ad
3069 2084 3246 2148 freda,
3308 2092 3407 2141 aut
3436 2088 3645 2143 banna.

1944 2168 2045 2218 aut
2066 2164 2301 2232 tributa,
2339 2173 2436 2220 aut
2463 2167 2533 2221 de
2586 2170 2831 2224 statione
2858 2171 3114 2238 navium,
3158 2174 3247 2227 vel
3291 2174 3361 2228 de
3391 2178 3652 2246 qualibet

1944 2252 2059 2307 alia
2109 2269 2193 2322 re,
2250 2255 2465 2308 telonia
2514 2255 2817 2327 exigenda,
2867 2262 2967 2312 aut
3040 2260 3234 2331 aliqua
3277 2261 3651 2319 districtionis

1945 2341 2182 2411 negotia
2212 2359 2383 2413 super
2423 2344 2706 2413 homines,
2741 2350 2858 2400 tam
2916 2346 3199 2417 ingenuos
3230 2366 3403 2420 quam
3460 2368 3652 2406 servos

1947 2430 2006 2483 in
2039 2430 2121 2483 eis
2152 2437 2474 2495 manentes,
2503 2436 2838 2501 exercenda,
2870 2437 3082 2490 nostris
3112 2442 3166 2491 et
3192 2438 3401 2493 futuris
3422 2444 3649 2511 tempo-

1947 2518 2108 2572 ribus
2165 2519 2392 2589 ingredi
2451 2521 2678 2588 audeat,
2727 2525 2815 2578 vel
2856 2525 3171 2596 quidquam
3227 2526 3287 2581 in
3317 2528 3395 2581 eis
3453 2534 3653 2584 contra

1949 2607 2308 2662 voluntatem
2352 2609 2607 2680 episcopi
2663 2627 3172 2685 successorumque
3214 2616 3338 2686 ejus
3368 2621 3651 2673 attentare

1953 2696 2181 2750 audeat.

2022 2783 2129 2838 Sed
2164 2783 2276 2854 ipsi
2305 2786 2539 2856 praesuli
2579 2789 3113 2861 successoribusque
3142 2791 3258 2845 suis
3314 2796 3369 2847 et
3400 2809 3555 2848 nunc
3601 2800 3659 2849 et

1953 2888 2180 2942 semper
2209 2872 2379 2928 liceat
2408 2891 2497 2928 res
2527 2876 2821 2945 praedictae
2855 2880 3136 2945 Ecclesiae,
3172 2884 3227 2934 et
3272 2880 3360 2934 illi
3392 2882 3658 2938 subdita-

140 2975 296 3038 pater
356 2984 518 3033 suus,
568 2967 793 3037 primus
833 2966 1103 3020 videlicet
1137 2966 1264 3020 Otto
1285 2966 1607 3036 imperator
1635 2966 1845 3019 virtute
1879 2962 1918 3015 C
1956 2976 2109 3025 rum,
2143 2960 2246 3015 sub
2278 2962 2536 3015 tuitionis
2567 2968 2736 3033 atque
2764 2964 3152 3021 immanitatis
3188 2973 3401 3022 nostra:
3454 2970 3658 3025 defen-

136 3063 187 3110 et
240 3058 505 3121 nomine,
564 3056 663 3109 sed
716 3061 1109 3109 antecessores
1140 3070 1361 3121 eorum,
1414 3070 1577 3124 reges
1632 3054 1846 3109 scilicet

142 3146 512 3211 Francorum,
551 3143 809 3214 Pipinus,
845 3143 1099 3207 Carolus,
1157 3142 1493 3208 Ludovicus,
1548 3142 1847 3197 Lotharius

137 3238 191 3286 et
227 3234 372 3287 item
409 3233 663 3297 Carolus,
698 3236 754 3286 et
808 3232 984 3285 etiam
1016 3231 1205 3284 caeteri
1246 3230 1399 3300 regis
1460 3234 1845 3285 antecessores

138 3326 191 3373 et
226 3336 589 3375 successores
622 3335 844 3387 eorum,
873 3320 1061 3373 eidem
1091 3319 1355 3373 Ecclesiae
1386 3322 1596 3371 sancta:
1656 3320 1844 3374 Maria:

139 3414 190 3462 et
217 3408 403 3462 sancti
428 3408 740 3476 Lamberti,
782 3408 874 3461 cui
917 3412 1149 3461 auctore
1180 3409 1294 3461 Deo
1352 3407 1506 3461 idem
1540 3406 1845 3477 episcopus

139 3500 368 3564 praeest,
402 3510 507 3564 per
554 3494 907 3547 auctoritatis
967 3509 1083 3547 suae
1140 3496 1430 3564 prazcepta
1487 3493 1847 3549 contulerant

140 3590 199 3635 ut
221 3588 277 3637 et
315 3583 449 3652 ipsa
477 3586 533 3634 et
584 3598 701 3634 suae
756 3580 1128 3652 appenditize,
1184 3597 1314 3652 quas
1375 3583 1508 3632 sunt
1534 3580 1840 3636 videlicet:

144 3672 331 3725 Lobiis
362 3671 529 3739 (137),
557 3676 614 3723 et
642 3670 701 3722 in
730 3670 854 3723 loco
878 3669 976 3739 qui
1008 3669 1214 3723 dicitur
1239 3669 1310 3722 ad
1341 3668 1608 3722 Sanctum
1635 3668 1846 3724 Huber-

141 3766 258 3813 tum
292 3759 465 3827 (138),
504 3758 711 3813 Bronio
735 3757 909 3826 (l39),
930 3756 1234 3811 Gembluos
1258 3757 1439 3825 (140),
1466 3755 1644 3809 I‘ossis
1677 3758 1843 3825 (141),

142 3849 196 3901 in
225 3848 476 3902 Malonia
501 3846 669 3913 (142),
703 3848 987 3900 Namurco
1007 3846 1173 3915 (143),
1196 3846 1480 3899 Dionanto
1508 3844 1679 3913 (144),
1710 3845 1846 3901 Ceu-

208 3955 359 4023 (t37)
394 3953 613 4019 Lobiis,
645 3952 854 4006 Gallice
886 3951 1105 4017 Lobbes,
1162 3949 1629 4023 potensabbatia
1660 3950 1846 4023 Bene-

144 4020 495 4078 dictinorum
531 4024 597 4077 ad
636 4024 833 4077 Lobim
868 4023 1126 4088 ﬂuvium,
1159 4020 1324 4090 cujus
1346 4020 1519 4073 abbas
1549 4026 1633 4074 est
1664 4021 1846 4076 admi-

147 4098 420 4148 nistrator
449 4096 508 4147 in
530 4095 956 4164 pontilicalillus
971 4095 1331 4164 episcopatus
1351 4091 1691 4164 ‘Leodiensis
1713 4093 1846 4164 sede

146 4172 399 4219 vacante.
469 4162 787 4234 Diplomata
855 4162 1104 4234 plurima
1168 4162 1258 4217 ’ad
1350 4162 1497 4215 hanc
1558 4162 1845 4218 abbatiam

146 4236 463 4307 spectantia
492 4236 614 4289 vide
646 4236 799 4304 apud
830 4235 1100 4288 Mirazum.

214 4310 366 4372 (138)
394 4307 449 4360 S.
477 4303 779 4372 llubert’us,
826 4306 966 4359 olim
996 4305 1317 4360 Andainum
1361 4305 1565 4371 potens
1621 4303 1850 4359 abbatia

149 4377 647 4432 Benedictinorum
700 4378 758 4429 in
812 4376 992 4446 Sylvis
1049 4374 1405 4446 Arduennis,
1484 4373 1543 4427 in
1627 4374 1851 4446 dimcesi

151 4447 471 4513 Leodiensi,
525 4449 675 4500 clara
703 4444 1056 4500 miraculosis
1104 4444 1503 4515 sanationibus
1547 4460 1676 4515 qua:
1705 4445 1853 4502 ﬁunt

150 4521 208 4573 in
238 4526 456 4571 virtute
489 4518 867 4588 reliquiarum
900 4518 955 4571 S.
992 4517 1223 4588 Huberti
1256 4514 1530 4588 episcopi.

220 4590 369 4659 (139)
402 4585 699 4653 Bromium,
730 4589 868 4641 alias
910 4588 965 4642 S.
1000 4587 1261 4659 Gcrardi,
1293 4585 1522 4659 abbatia
1556 4585 1840 4640 Benedict.

150 4661 207 4713 in
228 4656 511 4713 comitatu
542 4675 606 4712 ac
636 4658 864 4713 dimcesi
895 4658 1290 4723 Namurcensi,
1315 4656 1477 4710 unita
1499 4671 1713 4709 mensae
1735 4659 1851 4727 epi-

147 4730 363 4807 scopali
400 4731 789 4807 Mamurcensi.
810 4800 843 4807 __
977 4800 1006 4807 Α
1102 4801 1116 4807 _
1137 4801 1150 4807 _
1398 4797 1412 4807 .
1439 4797 1452 4807 ι
1518 4795 1551 4807 η

216 4797 369 4870 (140)
407 4801 737 4864 Gembluos,
772 4800 931 4866 alias,
967 4800 1330 4863 Gemblacum,
1363 4797 1591 4870 abbatia
1632 4797 1845 4870 Bened.

152 4867 233 4925 in~
263 4871 771 4925 Gallo-Brabantia
826 4888 890 4924 ac
928 4870 1157 4923 dioecesi
1224 4867 1618 4934 Namurcensi,
1657 4869 1849 4938 cujus

147 4943 322 4996 abbas
353 4947 440 4995 est
469 4942 723 5010 primum
772 4957 984 5008 comes,
1017 4941 1356 5011 primusque
1386 4938 1443 4991 in
1472 4937 1718 4992 comitiis
1746 4937 1847 4993 no-

153 5013 358 5065 bilium
385 5011 725 5077 Brabantiaz,

218 5086 364 5153 (141)
399 5083 604 5149 Fossis,
637 5083 951 5153 capitulum
1003 5082 1415 5136 canonicorum
1471 5080 1525 5135 S.
1591 5079 1847 5135 Folliano

154 5169 404 5219 sacrum,
448 5154 601 5206 haud
634 5154 832 5223 procul
866 5155 1169 5207 Namurco.

222 5226 366 5294 (142)
418 5222 685 5290 Malonia,
750 5225 980 5278 abbatia
1033 5222 1441 5278 canonicorum
1495 5222 1846 5292 regularium

156 5310 333 5365 prope
367 5296 735 5349 Namurcum.

223 5362 369 5447 (1⁷43)
406 5367 713 5446 Namurco,
730 5362 1580 5447 lirbsuepiscopalis,primaria
1609 5364 1843 5447 comita-

154 5434 243 5489 tus
280 5436 705 5491 Namurceusis.
730 5438 823 5490 Est
854 5434 973 5490 illic
997 5434 1165 5507 capit.
1201 5434 1594 5507 catliedraleS.
1625 5436 1842 5507 Albini,

156 5511 208 5560 et
233 5507 541 5577 collegiata
573 5507 983 5561 canonicorum
1039 5504 1095 5561 Β.
1133 5506 1352 5571 Mariae;
1384 5504 1521 5559 item
1568 5504 1675 5560 fuit
1705 5506 1843 5560 olim

161 5578 477 5648 capitulum
491 5578 545 5633 S.
570 5577 718 5632 Petri
752 5578 813 5631 in
838 5578 1060 5632 Castro.

1955 3050 2139 3115 sione,
2200 3054 2422 3104 remota
2451 3051 2624 3106 totius
2661 3053 2984 3122 judiciariaa
3016 3056 3317 3126 potestatis
3365 3057 3653 3129 inquietu-

1955 3139 2108 3200 dine,
2144 3138 2366 3209 quietas
2396 3140 2708 3210 possiderc,
2765 3146 2821 3195 et
2874 3150 3070 3198 nostro
3132 3145 3380 3215 imperio
3432 3163 3657 3216 parere,

1956 3232 2127 3297 atque
2155 3243 2260 3297 pro
2290 3226 2688 3284 incolumitate
2721 3232 2903 3285 nostri
2935 3238 2991 3285 et
3020 3237 3234 3287 nostrae
3275 3234 3566 3305 conjugis,
3603 3242 3660 3290 et

1955 3331 2060 3385 pro
2094 3318 2238 3368 statu
2264 3331 2327 3368 ac
2357 3315 2733 3371 diuturnitate
2768 3320 2933 3389 regni
2969 3320 3168 3383 nostri,
3203 3337 3317 3375 una
3350 3339 3477 3377 cum
3506 3324 3657 3379 clero

1955 3410 2013 3458 et
2044 3404 2258 3473 populo
2289 3403 2397 3457 sibi
2428 3404 2709 3473 subjecto,
2734 3407 3098 3462 clementiam
3141 3409 3241 3463 Dei
3267 3411 3486 3481 jugiter
3517 3428 3651 3467 exo-

1956 3507 2103 3557 rare,
2140 3496 2195 3545 et
2226 3492 2508 3563 quidquid
2538 3494 2607 3547 de
2635 3495 2887 3564 praafatis
2927 3496 3100 3550 rebus
3131 3497 3533 3567 Ecclesiarum,
3564 3502 3658 3571 jus

1955 3580 2077 3634 ﬁsci
2137 3578 2363 3650 exigere
2434 3586 2678 3651 poterat,
2738 3584 3027 3653 praedictae
3078 3586 3332 3639 ecclesia:
3390 3593 3555 3657 esset,
3598 3595 3661 3644 ut

1955 3668 2225 3737 deinceps
2257 3668 2325 3722 ad
2356 3671 2751 3739 peragendum
2811 3673 2910 3725 Dei
2951 3672 3248 3729 servitium
3282 3683 3657 3747 augmentum

1954 3761 2010 3812 et
2033 3758 2494 3826 supplementum
2528 3758 2645 3812 ﬁat.

2027 3845 2205 3914 Hujus
2235 3843 2428 3915 itaque
2484 3847 2759 3917 praecepti
2818 3847 3235 3919 auctoritatem,
3286 3855 3351 3905 ut
3422 3854 3659 3910 nomine

2026 3951 2175 4031 (144)
2211 3949 2511 4031 Dionanto,
2547 3952 2829 4022 oppidum
2859 3953 2929 4008 ad
2962 3954 3197 4023 Mosam,
3232 3957 3328 4011 ubi
3356 3960 3660 4031 collegiate

1956 4022 2192 4078 ecclesia
2227 4022 2281 4074 Β.
2319 4021 2506 4075 Maria:
2538 4021 2715 4077 sacra.

2030 4092 2172 4162 (145)
2193 4093 2564 4167 Ceumacum,
2598 4094 2735 4167 alias
2757 4095 3046 4167 Qinacum,
3079 4097 3397 4167 capitulum
3428 4104 3654 4157 canoni-

1957 4180 2156 4219 corum
2192 4164 2250 4215 B.
2286 4162 2474 4215 Marias
2508 4164 2723 4233 Virgini
2754 4164 3024 4219 dicatum.

2034 4235 2183 4314 (146),
2204 4233 2505 4314 Edlanalias
2522 4236 2705 4314 βέβαι’,
2746 4237 2918 4314 vulgo
2962 4238 3255 4314 Maseyck,
3289 4243 3567 4314 oppidum
3598 4246 3659 4299 in

1962 4304 2188 4360 diwcesi
2220 4320 2282 4357 ac
2337 4304 2637 4370 Campinia
2679 4304 2997 4369 Leodiensi.
3052 4304 3149 4363 ubi
3200 4304 3436 4368 ecclesia
3488 4317 3655 4370 colle-

1962 4320 2188 4360 uiwcem
2220 4320 2282 4357 ac
2337 4320 2637 4428 pampinis.
2681 4320 2997 4369 Leouiensi,
3052 4320 3149 4363 ubi
3200 4320 3436 4368 ecclesia

1961 4378 2115 4447 giata
2152 4374 2475 4447 SSLvirgini
2525 4392 2587 4429 us
2624 4378 2877 4432 Harlindi
2909 4394 2973 4431 ac
3004 4379 3231 4436 Renildi
3264 4400 3441 4440 sacra.

2035 4447 2174 4519 (147)
2232 4444 2497 4519 Tungris,
2547 4448 2695 4519 urbs
2738 4448 3144 4519 antiquissima
3199 4453 3456 4510 dioecesis
3514 4457 3652 4512 Leo-

1960 4516 2195 4596 diensis,
2248 4516 2536 4595 quondam
2605 4518 2795 4599 sedes_
2832 4516 3034 4599 regum
3092 4523 3536 4599 Tungrensium,
3597 4544 3661 4582 ac

1961 4589 2280 4711 pgriplioxx'lum
2303 4588 2724 4657 episcoporum.
2757 4589 2853 4643 Est
2904 4588 3041 4644 illuc
3090 4588 3325 4650 ecclésia
3355 4588 3657 4669 collegiate

2033 4729 2176 4799 (MS)
2219 4730 2402 4804 ΔΗολῖο,
2434 4728 2604 4804 vulgo
2636 4732 2787 4804 IIuy,
2817 4730 3012 4804 civitas
3038 4733 3109 4787 ad
3135 4734 3344 4791 Mosam
3379 4738 3646 4804 ﬂuvium;

1958 4815 2090 4853 cum
2118 4798 2351 4853 euclesia
2383 4798 2684 4869 collegiata
2729 4803 2785 4854 Β.
2820 4802 2889 4854 Μ.
2926 4802 2987 4853 ν.

2029 4870 2176 4949 (149)
2207 4871 2486 4949 Trajecto,
2514 4870 2581 4949 ad
2606 4872 3111 4949 Mosamiluviu‘m,
3142 4876 3315 4949 vulgo
3345 4879 3656 4946 Maestrich,

1960 4942 2093 4994 urbs
2125 4939 2527 5001 munitissima,
2564 4941 2733 4994 hodie
2766 4943 2869 4996 sub
2888 4943 3143 4998 dominio
3174 4939 3436 5001 Statuum
3465 4939 3659 5002 [ταξάθὲ

1958 5017 2213 5088 ratorum
2252 5010 2450 5077 Belgii.
2486 5011 2631 5088 §un_t
2658 5012 3197 5088 illic_dum_ecclesiw
3228 5019 3544 5088 collegiate:
3571 5035 3657 5073 ca-

1959 5083 2320 5141 nonicorum.
2350 5097 2467 5134 una
2492 5082 2546 5136 S.
2580 5083 2857 5145 Servatio,
2884 5085 3061 5138 altera
3094 5087 3151 5139 Β.
3187 5088 3255 5140 M.
3305 5082 3573 5144 V.'sacra.

2030 5154 2174 5229 (_lE'_)O)
2227 5152 2484 5229 Malitias,
2533 5154 2669 5207 urbs
2713 5154 3213 5229 arcliiepiscopalis
3271 5157 3330 5211 in
3368 5160 3661 5229 proviucia

1959 5222 2201 5299 Belgica.
2249 5222 2359 5299 Est‘
2385 5222 2499 5299 illic
2532 5222 3127 5299 metropolitanadivo
3159 5222 3446 5282 Rumoldo
3478 5248 3656 5299 sacra,

1956 5294 2016 5347 in
2048 5292 2503 5365 quacapitulum
2532 5292 2936 5349 canonicorum
2962 5295 3264 5351 fundatum
3292 5300 3401 5353 fuit
3419 5301 3488 5355 ab
3509 5292 3659 5357 anno

1957 5364 2123 5419 996a
2280 5364 2961 5443 Nptgeroleodiensium
2998 5366 3285 5443 episcopo.
3316 5371 3511 5443 Aliqui
3543 5373 3658 5443 pri-

1956 5451 2111 5510 mam
2148 5435 2273 5505 ejus
2327 5433 2730 5510 fundationem
2782 5433 3051 5491 referunt
3095 5438 3165 5492 ad
3192 5433 3405 5510 _ipsum
3429 5433 3510 5498 ‘S.
3543 5433 3657 5499 Ru-

1957 5505 2588 5595 moldum_e_3pisctipzim
2649 5511 2703 5559 et
2752 5511 3085 5576 martyrem,
3143 5505 3257 5581 qui
3295 5513 3436 5567 obiit
3507 5515 3654 5567 circa

1963 5593 2182 5630 annum
2228 5602 2239 5628 4
2263 5593 2338 5629 15h
