  <div class='ocr_page' id='page_1' title='image "/cluster/home/n/w/nwhite01/storage/ocr_20150623/140/hvd.32044054760004/141.png"; bbox 0 0 4016 6202; ppageno 0'>
   <div class='ocr_carea' id='block_1_1' title="bbox 385 341 480 394">
    <p class='ocr_par' dir='ltr' id='par_1_1' title="bbox 385 341 480 394">
     <span class='ocr_line' id='line_1_1' title="bbox 385 341 480 394; baseline 0 -1"><span class='ocrx_word' id='word_1_1' title='bbox 385 341 480 394; x_wconf 72' lang='lat'><strong>271</strong></span> 
     </span>
    </p>
   </div>
   <div class='ocr_carea' id='block_1_2' title="bbox 1695 318 2588 385">
    <p class='ocr_par' dir='ltr' id='par_1_2' title="bbox 1695 318 2588 385">
     <span class='ocr_line' id='line_1_2' title="bbox 1695 318 2588 385; baseline -0.011 0"><span class='ocrx_word' id='word_1_2' title='bbox 1695 329 1750 385; x_wconf 89' lang='lat' dir='ltr'><strong>S.</strong></span> <span class='ocrx_word' id='word_1_3' title='bbox 1794 325 1834 383; x_wconf 83' lang='grc' dir='ltr'>Η</span> <span class='ocrx_word' id='word_1_4' title='bbox 1847 325 2076 382; x_wconf 86' lang='lat' dir='ltr'><strong>ENRICI</strong></span> <span class='ocrx_word' id='word_1_5' title='bbox 2117 323 2187 380; x_wconf 62' lang='lat' dir='ltr'><strong>Ill</strong></span> <span class='ocrx_word' id='word_1_6' title='bbox 2201 318 2588 378; x_wconf 77' lang='lat' dir='ltr'><strong>PERA&#39;I‘ORIS</strong></span> 
     </span>
    </p>
   </div>
   <div class='ocr_carea' id='block_1_3' title="bbox 3813 319 3927 369">
    <p class='ocr_par' dir='ltr' id='par_1_3' title="bbox 3813 319 3927 369">
     <span class='ocr_line' id='line_1_3' title="bbox 3813 319 3927 369; baseline 0 0"><span class='ocrx_word' id='word_1_7' title='bbox 3813 319 3927 369; x_wconf 66' lang='lat'><strong>‘27?</strong></span> 
     </span>
    </p>
   </div>
   <div class='ocr_carea' id='block_1_4' title="bbox 385 439 3934 529">
    <p class='ocr_par' dir='ltr' id='par_1_4' title="bbox 385 439 3934 529">
     <span class='ocr_line' id='line_1_4' title="bbox 385 439 3934 529; baseline -0.006 -16"><span class='ocrx_word' id='word_1_8' title='bbox 385 459 586 529; x_wconf 85' lang='lat' dir='ltr'><strong>ipsius,</strong></span> <span class='ocrx_word' id='word_1_9' title='bbox 613 455 712 528; x_wconf 85' lang='lat' dir='ltr'><strong>qui</strong></span> <span class='ocrx_word' id='word_1_10' title='bbox 738 454 906 509; x_wconf 89' lang='lat' dir='ltr'><strong>nobis</strong></span> <span class='ocrx_word' id='word_1_11' title='bbox 957 450 1330 524; x_wconf 64' lang='lat' dir='ltr'><strong>praecipiendi</strong></span> <span class='ocrx_word' id='word_1_12' title='bbox 1380 449 1658 506; x_wconf 84' lang='lat' dir='ltr'><strong>concessit</strong></span> <span class='ocrx_word' id='word_1_13' title='bbox 1708 452 2072 520; x_wconf 88' lang='lat' dir='ltr'><strong>potestatem,</strong></span> <span class='ocrx_word' id='word_1_14' title='bbox 2105 448 2150 500; x_wconf 84' lang='grc' dir='ltr'><strong>Α</strong></span> <span class='ocrx_word' id='word_1_15' title='bbox 2190 443 2384 511; x_wconf 90' lang='lat' dir='ltr'><strong>moda,</strong></span> <span class='ocrx_word' id='word_1_16' title='bbox 2405 448 2620 497; x_wconf 68' lang='lat' dir='ltr'><strong>aeterna</strong></span> <span class='ocrx_word' id='word_1_17' title='bbox 2650 446 2707 494; x_wconf 93' lang='lat' dir='ltr'><strong>et</strong></span> <span class='ocrx_word' id='word_1_18' title='bbox 2736 456 2961 509; x_wconf 81' lang='lat' dir='ltr'><strong>semper</strong></span> <span class='ocrx_word' id='word_1_19' title='bbox 2991 455 3263 493; x_wconf 86' lang='lat' dir='ltr'><strong>mansura</strong></span> <span class='ocrx_word' id='word_1_20' title='bbox 3282 439 3343 494; x_wconf 94' lang='lat' dir='ltr'><strong>in</strong></span> <span class='ocrx_word' id='word_1_21' title='bbox 3363 439 3523 494; x_wconf 63' lang='lat' dir='ltr'><strong>caelis</strong></span> <span class='ocrx_word' id='word_1_22' title='bbox 3555 440 3934 495; x_wconf 83' lang='lat' dir='ltr'><strong>studeamus</strong></span> 
     </span>
    </p>
   </div>
   <div class='ocr_carea' id='block_1_5' title="bbox 386 536 2082 618">
    <p class='ocr_par' dir='ltr' id='par_1_5' title="bbox 386 536 2082 618">
     <span class='ocr_line' id='line_1_5' title="bbox 386 536 2082 618; baseline -0.009 -16"><span class='ocrx_word' id='word_1_23' title='bbox 386 547 705 618; x_wconf 86' lang='lat' dir='ltr'><strong>pleniorem</strong></span> <span class='ocrx_word' id='word_1_24' title='bbox 733 543 990 596; x_wconf 75' lang='lat' dir='ltr'><strong>obtineat</strong></span> <span class='ocrx_word' id='word_1_25' title='bbox 1025 541 1308 610; x_wconf 77' lang='lat' dir='ltr'><strong>vigorem,</strong></span> <span class='ocrx_word' id='word_1_26' title='bbox 1343 543 1415 592; x_wconf 83' lang='lat' dir='ltr'><strong>et</strong></span> <span class='ocrx_word' id='word_1_27' title='bbox 1471 555 1504 591; x_wconf 90' lang='lat' dir='ltr'><strong>a</strong></span> <span class='ocrx_word' id='word_1_28' title='bbox 1560 536 1824 591; x_wconf 84' lang='lat' dir='ltr'><strong>ﬁdelibus</strong></span> <span class='ocrx_word' id='word_1_29' title='bbox 1873 539 2082 588; x_wconf 69' lang='lat' dir='ltr'><strong>sancta:</strong></span> 
     </span>
    </p>
   </div>
   <div class='ocr_carea' id='block_1_6' title="bbox 391 627 2086 700">
    <p class='ocr_par' dir='ltr' id='par_1_6' title="bbox 391 627 2086 700">
     <span class='ocr_line' id='line_1_6' title="bbox 391 627 2086 700; baseline -0.009 -11"><span class='ocrx_word' id='word_1_30' title='bbox 391 635 488 689; x_wconf 92' lang='lat' dir='ltr'><strong>Dei</strong></span> <span class='ocrx_word' id='word_1_31' title='bbox 517 633 800 700; x_wconf 74' lang='lat' dir='ltr'><strong>Ecclesiae,</strong></span> <span class='ocrx_word' id='word_1_32' title='bbox 831 648 894 684; x_wconf 91' lang='lat' dir='ltr'><strong>ac</strong></span> <span class='ocrx_word' id='word_1_33' title='bbox 927 630 1136 684; x_wconf 80' lang='lat' dir='ltr'><strong>nostris</strong></span> <span class='ocrx_word' id='word_1_34' title='bbox 1195 627 1530 696; x_wconf 89' lang='lat' dir='ltr'><strong>diligentius</strong></span> <span class='ocrx_word' id='word_1_35' title='bbox 1589 628 1978 687; x_wconf 76' lang='lat' dir='ltr'><strong>conservetur,</strong></span> <span class='ocrx_word' id='word_1_36' title='bbox 2026 627 2086 674; x_wconf 89' lang='lat' dir='ltr'><strong>et</strong></span> 
     </span>
    </p>
   </div>
   <div class='ocr_carea' id='block_1_7' title="bbox 388 711 2083 794">
    <p class='ocr_par' dir='ltr' id='par_1_7' title="bbox 388 711 2083 794">
     <span class='ocr_line' id='line_1_7' title="bbox 388 711 2083 794; baseline -0.01 -15"><span class='ocrx_word' id='word_1_37' title='bbox 388 741 561 778; x_wconf 89' lang='lat' dir='ltr'><strong>manu</strong></span> <span class='ocrx_word' id='word_1_38' title='bbox 591 721 824 794; x_wconf 90' lang='lat' dir='ltr'><strong>propria</strong></span> <span class='ocrx_word' id='word_1_39' title='bbox 881 718 1259 779; x_wconf 83' lang='lat' dir='ltr'><strong>firmavimus,</strong></span> <span class='ocrx_word' id='word_1_40' title='bbox 1317 721 1374 769; x_wconf 91' lang='lat' dir='ltr'><strong>et</strong></span> <span class='ocrx_word' id='word_1_41' title='bbox 1415 714 1589 784; x_wconf 78' lang='lat' dir='ltr'><strong>sigilli</strong></span> <span class='ocrx_word' id='word_1_42' title='bbox 1636 713 1815 767; x_wconf 83' lang='lat' dir='ltr'><strong>nostri</strong></span> <span class='ocrx_word' id='word_1_43' title='bbox 1846 711 2083 781; x_wconf 85' lang='lat' dir='ltr'><strong>impres-</strong></span> 
     </span>
    </p>
   </div>
   <div class='ocr_carea' id='block_1_8' title="bbox 387 807 1141 879">
    <p class='ocr_par' dir='ltr' id='par_1_8' title="bbox 387 807 1141 879">
     <span class='ocr_line' id='line_1_8' title="bbox 387 807 1141 879; baseline -0.012 -12"><span class='ocrx_word' id='word_1_44' title='bbox 387 814 568 878; x_wconf 87' lang='lat' dir='ltr'><strong>sione,</strong></span> <span class='ocrx_word' id='word_1_45' title='bbox 600 809 819 879; x_wconf 85' lang='lat' dir='ltr'><strong>signari</strong></span> <span class='ocrx_word' id='word_1_46' title='bbox 841 807 1141 878; x_wconf 87' lang='lat' dir='ltr'><strong>jussimus.</strong></span> 
     </span>
    </p>
   </div>
   <div class='ocr_carea' id='block_1_9' title="bbox 459 893 1826 972">
    <p class='ocr_par' dir='ltr' id='par_1_9' title="bbox 459 893 1826 972">
     <span class='ocr_line' id='line_1_9' title="bbox 459 893 1826 972; baseline -0.01 -17"><span class='ocrx_word' id='word_1_47' title='bbox 459 901 500 972; x_wconf 64' lang='grc' dir='ltr'><strong>-ξ-</strong></span> <span class='ocrx_word' id='word_1_48' title='bbox 527 902 781 967; x_wconf 76' lang='lat' dir='ltr'><strong>Sigillum</strong></span> <span class='ocrx_word' id='word_1_49' title='bbox 811 898 1016 950; x_wconf 77' lang='lat' dir='ltr'><strong>domini</strong></span> <span class='ocrx_word' id='word_1_50' title='bbox 1044 896 1266 948; x_wconf 87' lang='lat' dir='ltr'><strong>Henrici</strong></span> <span class='ocrx_word' id='word_1_51' title='bbox 1292 895 1435 960; x_wconf 85' lang='lat' dir='ltr'><strong>regis</strong></span> <span class='ocrx_word' id='word_1_52' title='bbox 1457 893 1826 944; x_wconf 77' lang='lat' dir='ltr'><strong>invictissimi.</strong></span> 
     </span>
    </p>
   </div>
   <div class='ocr_carea' id='block_1_10' title="bbox 1116 983 1337 1038">
    <p class='ocr_par' dir='ltr' id='par_1_10' title="bbox 1116 983 1337 1038">
     <span class='ocr_line' id='line_1_10' title="bbox 1116 983 1337 1038; baseline -0.005 -2"><span class='ocrx_word' id='word_1_53' title='bbox 1116 983 1337 1038; x_wconf 80' lang='lat' dir='ltr'><strong>XXXIV.</strong></span> 
     </span>
    </p>
   </div>
   <div class='ocr_carea' id='block_1_11' title="bbox 390 1067 2086 1140">
    <p class='ocr_par' dir='ltr' id='par_1_11' title="bbox 390 1067 2086 1140">
     <span class='ocr_line' id='line_1_11' title="bbox 390 1067 2086 1140; baseline -0.009 -9"><span class='ocrx_word' id='word_1_54' title='bbox 390 1079 681 1132; x_wconf 78' lang='lat' dir='ltr'><strong>Henricum</strong></span> <span class='ocrx_word' id='word_1_55' title='bbox 711 1076 798 1140; x_wconf 90' lang='grc' dir='ltr'><strong>ΙΙ,</strong></span> <span class='ocrx_word' id='word_1_56' title='bbox 837 1074 1134 1128; x_wconf 67' lang='grc' dir='ltr'><strong>ϐιιτοηιαηίεε</strong></span> <span class='ocrx_word' id='word_1_57' title='bbox 1154 1077 1202 1124; x_wconf 79' lang='lat' dir='ltr'><strong>et</strong></span> <span class='ocrx_word' id='word_1_58' title='bbox 1250 1071 1423 1123; x_wconf 73' lang='lat' dir='ltr'><strong>Ilalz&#39;ze</strong></span> <span class='ocrx_word' id='word_1_59' title='bbox 1473 1083 1591 1132; x_wconf 71' lang='lat' dir='ltr'><strong>rem,</strong></span> <span class='ocrx_word' id='word_1_60' title='bbox 1635 1067 1733 1118; x_wconf 83' lang='lat' dir='ltr'><strong>sub</strong></span> <span class='ocrx_word' id='word_1_61' title='bbox 1785 1080 1879 1117; x_wconf 85' lang='lat' dir='ltr'><strong>suo</strong></span> <span class='ocrx_word' id='word_1_62' title='bbox 1931 1079 2086 1140; x_wconf 84' lang='lat' dir='ltr'><strong>mun-</strong></span> 
     </span>
    </p>
   </div>
   <div class='ocr_carea' id='block_1_12' title="bbox 463 1136 2089 1212">
    <p class='ocr_par' dir='ltr' id='par_1_12' title="bbox 463 1136 2089 1212">
     <span class='ocr_line' id='line_1_12' title="bbox 463 1136 2089 1212; baseline -0.009 -12"><span class='ocrx_word' id='word_1_63' title='bbox 463 1149 717 1200; x_wconf 78' lang='lat' dir='ltr'><strong>diburdio</strong></span> <span class='ocrx_word' id='word_1_64' title='bbox 771 1136 1000 1212; x_wconf 74' lang='lat' dir='ltr'><strong>suscipit</strong></span> <span class='ocrx_word' id='word_1_65' title='bbox 1057 1142 1443 1208; x_wconf 81' lang='lat' dir='ltr'><strong>Landulphum</strong></span> <span class='ocrx_word' id='word_1_66' title='bbox 1533 1141 1932 1202; x_wconf 76' lang='lat' dir='ltr'><strong>Cremonensem</strong></span> <span class='ocrx_word' id='word_1_67' title='bbox 1981 1136 2089 1202; x_wconf 72' lang='lat' dir='ltr'><strong>epi-</strong></span> 
     </span>
    </p>
   </div>
   <div class='ocr_carea' id='block_1_13' title="bbox 460 1233 697 1287">
    <p class='ocr_par' dir='ltr' id='par_1_13' title="bbox 460 1233 697 1287">
     <span class='ocr_line' id='line_1_13' title="bbox 460 1233 697 1287; baseline -0.013 -15"><span class='ocrx_word' id='word_1_68' title='bbox 460 1233 697 1287; x_wconf 85' lang='lat' dir='ltr'><strong>scopum.</strong></span> 
     </span>
    </p>
   </div>
   <div class='ocr_carea' id='block_1_14' title="bbox 1031 1282 1446 1346">
    <p class='ocr_par' dir='ltr' id='par_1_14' title="bbox 1031 1282 1446 1346">
     <span class='ocr_line' id='line_1_14' title="bbox 1031 1282 1446 1346; baseline -0.007 -11"><span class='ocrx_word' id='word_1_69' title='bbox 1031 1285 1221 1346; x_wconf 80' lang='lat' dir='ltr'><strong>(Anno</strong></span> <span class='ocrx_word' id='word_1_70' title='bbox 1266 1282 1446 1346; x_wconf 77' lang='grc'><strong>100³7.)</strong></span> 
     </span>
    </p>
   </div>
   <div class='ocr_carea' id='block_1_15' title="bbox 779 1368 1740 1439">
    <p class='ocr_par' dir='ltr' id='par_1_15' title="bbox 779 1368 1740 1439">
     <span class='ocr_line' id='line_1_15' title="bbox 779 1368 1740 1439; baseline -0.008 -12"><span class='ocrx_word' id='word_1_71' title='bbox 779 1371 1092 1438; x_wconf 71' lang='lat' dir='ltr'><strong>lMuratori,</strong></span> <span class='ocrx_word' id='word_1_72' title='bbox 1121 1372 1315 1439; x_wconf 82' lang='lat' dir='ltr'><strong>Antiq.</strong></span> <span class='ocrx_word' id='word_1_73' title='bbox 1350 1370 1475 1423; x_wconf 82' lang='lat' dir='ltr'><strong>Ital.</strong></span> <span class='ocrx_word' id='word_1_74' title='bbox 1517 1368 1563 1433; x_wconf 86' lang='grc' dir='ltr'>Ι,</span> <span class='ocrx_word' id='word_1_75' title='bbox 1597 1368 1740 1431; x_wconf 80' lang='grc'><strong>991.]</strong></span> 
     </span>
    </p>
   </div>
   <div class='ocr_carea' id='block_1_16' title="bbox 461 1455 2090 1520">
    <p class='ocr_par' dir='ltr' id='par_1_16' title="bbox 461 1455 2090 1520">
     <span class='ocr_line' id='line_1_16' title="bbox 461 1455 2090 1520; baseline -0.01 0"><span class='ocrx_word' id='word_1_76' title='bbox 461 1468 526 1520; x_wconf 91' lang='lat' dir='ltr'><strong>In</strong></span> <span class='ocrx_word' id='word_1_77' title='bbox 557 1465 792 1519; x_wconf 88' lang='lat' dir='ltr'><strong>nomine</strong></span> <span class='ocrx_word' id='word_1_78' title='bbox 825 1466 1033 1514; x_wconf 67' lang='lat' dir='ltr'><strong>sancta:</strong></span> <span class='ocrx_word' id='word_1_79' title='bbox 1056 1465 1111 1513; x_wconf 88' lang='lat' dir='ltr'><strong>et</strong></span> <span class='ocrx_word' id='word_1_80' title='bbox 1134 1458 1443 1512; x_wconf 71' lang='lat' dir='ltr'><strong>individuaa</strong></span> <span class='ocrx_word' id='word_1_81' title='bbox 1464 1455 1779 1520; x_wconf 78' lang='lat' dir='ltr'><strong>Trinitatis,</strong></span> <span class='ocrx_word' id='word_1_82' title='bbox 1817 1455 2090 1506; x_wconf 74' lang='lat' dir='ltr'><strong>HENRICUS</strong></span> 
     </span>
    </p>
   </div>
   <div class='ocr_carea' id='block_1_17' title="bbox 395 1548 1516 1623">
    <p class='ocr_par' dir='ltr' id='par_1_17' title="bbox 395 1548 1516 1623">
     <span class='ocr_line' id='line_1_17' title="bbox 395 1548 1516 1623; baseline -0.012 -14"><span class='ocrx_word' id='word_1_83' title='bbox 395 1556 598 1609; x_wconf 66' lang='lat' dir='ltr'><strong>divinat</strong></span> <span class='ocrx_word' id='word_1_84' title='bbox 631 1551 982 1623; x_wconf 79' lang='lat' dir='ltr'><strong>dignationis</strong></span> <span class='ocrx_word' id='word_1_85' title='bbox 1014 1548 1374 1618; x_wconf 75' lang='lat' dir='ltr'><strong>providentia</strong></span> <span class='ocrx_word' id='word_1_86' title='bbox 1401 1561 1516 1598; x_wconf 91' lang='lat' dir='ltr'><strong>rex.</strong></span> 
     </span>
    </p>
   </div>
   <div class='ocr_carea' id='block_1_18' title="bbox 465 1632 2092 1713">
    <p class='ocr_par' dir='ltr' id='par_1_18' title="bbox 465 1632 2092 1713">
     <span class='ocr_line' id='line_1_18' title="bbox 465 1632 2092 1713; baseline -0.01 -16"><span class='ocrx_word' id='word_1_87' title='bbox 465 1643 691 1713; x_wconf 83' lang='lat' dir='ltr'><strong>Regalis</strong></span> <span class='ocrx_word' id='word_1_88' title='bbox 745 1639 1038 1710; x_wconf 83' lang='lat' dir='ltr'><strong>dignitatis</strong></span> <span class='ocrx_word' id='word_1_89' title='bbox 1104 1635 1523 1707; x_wconf 86' lang='lat' dir='ltr'><strong>providentiam</strong></span> <span class='ocrx_word' id='word_1_90' title='bbox 1580 1647 1807 1701; x_wconf 89' lang='lat' dir='ltr'><strong>semper</strong></span> <span class='ocrx_word' id='word_1_91' title='bbox 1867 1632 2092 1700; x_wconf 86' lang='lat' dir='ltr'><strong>oportet</strong></span> 
     </span>
    </p>
   </div>
   <div class='ocr_carea' id='block_1_19' title="bbox 395 1719 2163 1792">
    <p class='ocr_par' dir='ltr' id='par_1_19' title="bbox 395 1719 2163 1792">
     <span class='ocr_line' id='line_1_19' title="bbox 395 1719 2163 1792; baseline -0.011 -5"><span class='ocrx_word' id='word_1_92' title='bbox 395 1732 770 1787; x_wconf 87' lang='lat' dir='ltr'><strong>Ecclesiarum</strong></span> <span class='ocrx_word' id='word_1_93' title='bbox 819 1728 937 1792; x_wconf 86' lang='lat' dir='ltr'><strong>Dei,</strong></span> <span class='ocrx_word' id='word_1_94' title='bbox 999 1732 1105 1780; x_wconf 85' lang='lat' dir='ltr'><strong>etc.</strong></span> <span class='ocrx_word' id='word_1_95' title='bbox 1167 1724 1397 1778; x_wconf 85' lang='lat' dir='ltr'><strong>Noverit</strong></span> <span class='ocrx_word' id='word_1_96' title='bbox 1435 1721 1774 1775; x_wconf 86' lang='lat' dir='ltr'><strong>universitas</strong></span> <span class='ocrx_word' id='word_1_97' title='bbox 1804 1719 1956 1789; x_wconf 88' lang='lat' dir='ltr'><strong>quod</strong></span> <span class='ocrx_word' id='word_1_98' title='bbox 1987 1733 2088 1770; x_wconf 84' lang='lat' dir='ltr'><strong>nos</strong></span> <span class='ocrx_word' id='word_1_99' title='bbox 2122 1726 2163 1778; x_wconf 85' lang='grc' dir='ltr'>Β</span> 
     </span>
    </p>
   </div>
   <div class='ocr_carea' id='block_1_20' title="bbox 393 1805 2088 1890">
    <p class='ocr_par' dir='ltr' id='par_1_20' title="bbox 393 1805 2088 1890">
     <span class='ocr_line' id='line_1_20' title="bbox 393 1805 2088 1890; baseline -0.011 -15"><span class='ocrx_word' id='word_1_100' title='bbox 393 1820 811 1890; x_wconf 89' lang='lat' dir='ltr'><strong>comperientes</strong></span> <span class='ocrx_word' id='word_1_101' title='bbox 866 1817 924 1869; x_wconf 91' lang='lat' dir='ltr'><strong>in</strong></span> <span class='ocrx_word' id='word_1_102' title='bbox 983 1815 1147 1867; x_wconf 84' lang='lat' dir='ltr'><strong>Italia</strong></span> <span class='ocrx_word' id='word_1_103' title='bbox 1193 1811 1568 1866; x_wconf 86' lang='lat' dir='ltr'><strong>Ecclesiarum</strong></span> <span class='ocrx_word' id='word_1_104' title='bbox 1624 1809 1920 1862; x_wconf 82' lang='lat' dir='ltr'><strong>facultates</strong></span> <span class='ocrx_word' id='word_1_105' title='bbox 1990 1805 2088 1858; x_wconf 92' lang='lat' dir='ltr'><strong>de-</strong></span> 
     </span>
    </p>
   </div>
   <div class='ocr_carea' id='block_1_21' title="bbox 394 1894 2086 1970">
    <p class='ocr_par' dir='ltr' id='par_1_21' title="bbox 394 1894 2086 1970">
     <span class='ocr_line' id='line_1_21' title="bbox 394 1894 2086 1970; baseline -0.009 -9"><span class='ocrx_word' id='word_1_106' title='bbox 394 1910 588 1962; x_wconf 90' lang='lat' dir='ltr'><strong>functo</strong></span> <span class='ocrx_word' id='word_1_107' title='bbox 620 1922 814 1958; x_wconf 89' lang='lat' dir='ltr'><strong>earum</strong></span> <span class='ocrx_word' id='word_1_108' title='bbox 849 1904 1095 1957; x_wconf 67' lang='lat' dir='ltr'><strong>Praesule</strong></span> <span class='ocrx_word' id='word_1_109' title='bbox 1143 1900 1482 1970; x_wconf 65' lang='lat' dir='ltr'><strong>deprmdari,</strong></span> <span class='ocrx_word' id='word_1_110' title='bbox 1527 1903 1896 1966; x_wconf 86' lang='lat' dir='ltr'><strong>sanctamque</strong></span> <span class='ocrx_word' id='word_1_111' title='bbox 1957 1894 2086 1947; x_wconf 88' lang='lat' dir='ltr'><strong>Cre-</strong></span> 
     </span>
    </p>
   </div>
   <div class='ocr_carea' id='block_1_22' title="bbox 395 1986 2091 2059">
    <p class='ocr_par' dir='ltr' id='par_1_22' title="bbox 395 1986 2091 2059">
     <span class='ocr_line' id='line_1_22' title="bbox 395 1986 2091 2059; baseline -0.009 -9"><span class='ocrx_word' id='word_1_112' title='bbox 395 2010 726 2050; x_wconf 87' lang='lat' dir='ltr'><strong>monensem</strong></span> <span class='ocrx_word' id='word_1_113' title='bbox 785 1992 1088 2045; x_wconf 83' lang='lat' dir='ltr'><strong>Ecclesiam</strong></span> <span class='ocrx_word' id='word_1_114' title='bbox 1135 1991 1241 2043; x_wconf 90' lang='lat' dir='ltr'><strong>hoc</strong></span> <span class='ocrx_word' id='word_1_115' title='bbox 1299 2004 1524 2059; x_wconf 90' lang='lat' dir='ltr'><strong>quoque</strong></span> <span class='ocrx_word' id='word_1_116' title='bbox 1578 1986 1801 2039; x_wconf 88' lang='lat' dir='ltr'><strong>noviter</strong></span> <span class='ocrx_word' id='word_1_117' title='bbox 1867 1999 2091 2054; x_wconf 85' lang='lat' dir='ltr'><strong>passam</strong></span> 
     </span>
    </p>
   </div>
   <div class='ocr_carea' id='block_1_23' title="bbox 391 2070 2089 2146">
    <p class='ocr_par' dir='ltr' id='par_1_23' title="bbox 391 2070 2089 2146">
     <span class='ocr_line' id='line_1_23' title="bbox 391 2070 2089 2146; baseline -0.01 -7"><span class='ocrx_word' id='word_1_118' title='bbox 391 2086 656 2140; x_wconf 87' lang='lat' dir='ltr'><strong>defuncto</strong></span> <span class='ocrx_word' id='word_1_119' title='bbox 695 2085 944 2146; x_wconf 88' lang='lat' dir='ltr'><strong>Pastore,</strong></span> <span class='ocrx_word' id='word_1_120' title='bbox 1007 2079 1110 2131; x_wconf 90' lang='lat' dir='ltr'><strong>sub</strong></span> <span class='ocrx_word' id='word_1_121' title='bbox 1146 2077 1326 2130; x_wconf 85' lang='lat' dir='ltr'><strong>nostri</strong></span> <span class='ocrx_word' id='word_1_122' title='bbox 1356 2074 1750 2145; x_wconf 64' lang='lat' dir='ltr'><strong>[mundiburdi</strong></span> <span class='ocrx_word' id='word_1_123' title='bbox 1808 2070 2089 2125; x_wconf 83' lang='lat' dir='ltr'><strong>defensio-</strong></span> 
     </span>
    </p>
   </div>
   <div class='ocr_carea' id='block_1_24' title="bbox 393 2159 2095 2241">
    <p class='ocr_par' dir='ltr' id='par_1_24' title="bbox 393 2159 2095 2241">
     <span class='ocr_line' id='line_1_24' title="bbox 393 2159 2095 2241; baseline -0.009 -15"><span class='ocrx_word' id='word_1_124' title='bbox 393 2189 526 2226; x_wconf 86' lang='lat' dir='ltr'><strong>nem</strong></span> <span class='ocrx_word' id='word_1_125' title='bbox 581 2171 903 2241; x_wconf 87' lang='lat' dir='ltr'><strong>recepimus</strong></span> <span class='ocrx_word' id='word_1_126' title='bbox 975 2168 1252 2221; x_wconf 90' lang='lat' dir='ltr'><strong>domnum</strong></span> <span class='ocrx_word' id='word_1_127' title='bbox 1309 2164 1646 2218; x_wconf 89' lang='lat' dir='ltr'><strong>Landulfum</strong></span> <span class='ocrx_word' id='word_1_128' title='bbox 1710 2159 2095 2214; x_wconf 79' lang='lat' dir='ltr'><strong>venerabilem</strong></span> 
     </span>
    </p>
   </div>
   <div class='ocr_carea' id='block_1_25' title="bbox 394 2246 2093 2330">
    <p class='ocr_par' dir='ltr' id='par_1_25' title="bbox 394 2246 2093 2330">
     <span class='ocr_line' id='line_1_25' title="bbox 394 2246 2093 2330; baseline -0.01 -17"><span class='ocrx_word' id='word_1_129' title='bbox 394 2261 693 2330; x_wconf 68' lang='lat' dir='ltr'><strong>praesulem</strong></span> <span class='ocrx_word' id='word_1_130' title='bbox 755 2256 1014 2326; x_wconf 88' lang='lat' dir='ltr'><strong>ejusdem</strong></span> <span class='ocrx_word' id='word_1_131' title='bbox 1068 2260 1278 2306; x_wconf 69' lang='lat' dir='ltr'><strong>sanctte</strong></span> <span class='ocrx_word' id='word_1_132' title='bbox 1337 2249 1736 2305; x_wconf 82' lang='lat' dir='ltr'><strong>Cremonensis</strong></span> <span class='ocrx_word' id='word_1_133' title='bbox 1816 2246 2093 2307; x_wconf 61' lang='lat' dir='ltr'><strong>Ecclesia,</strong></span> 
     </span>
    </p>
   </div>
   <div class='ocr_carea' id='block_1_26' title="bbox 393 2333 2096 2417">
    <p class='ocr_par' dir='ltr' id='par_1_26' title="bbox 393 2333 2096 2417">
     <span class='ocr_line' id='line_1_26' title="bbox 393 2333 2096 2417; baseline -0.011 -15"><span class='ocrx_word' id='word_1_134' title='bbox 393 2354 768 2417; x_wconf 89' lang='lat' dir='ltr'><strong>nostrumque</strong></span> <span class='ocrx_word' id='word_1_135' title='bbox 785 2342 1219 2398; x_wconf 88' lang='lat' dir='ltr'><strong>dilectissimum</strong></span> <span class='ocrx_word' id='word_1_136' title='bbox 1241 2341 1624 2408; x_wconf 90' lang='lat' dir='ltr'><strong>capellanum,</strong></span> <span class='ocrx_word' id='word_1_137' title='bbox 1658 2351 1786 2389; x_wconf 89' lang='lat' dir='ltr'><strong>cum</strong></span> <span class='ocrx_word' id='word_1_138' title='bbox 1831 2333 2096 2386; x_wconf 89' lang='lat' dir='ltr'><strong>omnibus</strong></span> 
     </span>
    </p>
   </div>
   <div class='ocr_carea' id='block_1_27' title="bbox 393 2422 2100 2496">
    <p class='ocr_par' dir='ltr' id='par_1_27' title="bbox 393 2422 2100 2496">
     <span class='ocr_line' id='line_1_27' title="bbox 393 2422 2100 2496; baseline -0.011 -4"><span class='ocrx_word' id='word_1_139' title='bbox 393 2438 612 2492; x_wconf 87' lang='lat' dir='ltr'><strong>clericis</strong></span> <span class='ocrx_word' id='word_1_140' title='bbox 676 2434 793 2487; x_wconf 90' lang='lat' dir='ltr'><strong>suis</strong></span> <span class='ocrx_word' id='word_1_141' title='bbox 853 2447 917 2484; x_wconf 91' lang='lat' dir='ltr'><strong>ac</strong></span> <span class='ocrx_word' id='word_1_142' title='bbox 969 2429 1221 2484; x_wconf 85' lang='lat' dir='ltr'><strong>familiis.</strong></span> <span class='ocrx_word' id='word_1_143' title='bbox 1283 2427 1684 2496; x_wconf 68' lang='lat' dir='ltr'><strong>Prsecipientes</strong></span> <span class='ocrx_word' id='word_1_144' title='bbox 1739 2422 1972 2476; x_wconf 79' lang='lat' dir='ltr'><strong>insimul</strong></span> <span class='ocrx_word' id='word_1_145' title='bbox 2035 2425 2100 2474; x_wconf 87' lang='lat' dir='ltr'><strong>ut</strong></span> 
     </span>
    </p>
   </div>
   <div class='ocr_carea' id='block_1_28' title="bbox 396 2513 2101 2590">
    <p class='ocr_par' dir='ltr' id='par_1_28' title="bbox 396 2513 2101 2590">
     <span class='ocr_line' id='line_1_28' title="bbox 396 2513 2101 2590; baseline -0.01 -11"><span class='ocrx_word' id='word_1_146' title='bbox 396 2527 553 2580; x_wconf 89' lang='lat' dir='ltr'><strong>nulla</strong></span> <span class='ocrx_word' id='word_1_147' title='bbox 584 2522 767 2576; x_wconf 87' lang='lat' dir='ltr'><strong>nostri</strong></span> <span class='ocrx_word' id='word_1_148' title='bbox 837 2518 999 2590; x_wconf 87' lang='lat' dir='ltr'><strong>regni</strong></span> <span class='ocrx_word' id='word_1_149' title='bbox 1049 2533 1260 2586; x_wconf 88' lang='lat' dir='ltr'><strong>magna</strong></span> <span class='ocrx_word' id='word_1_150' title='bbox 1316 2530 1605 2585; x_wconf 87' lang='lat' dir='ltr'><strong>parvaque</strong></span> <span class='ocrx_word' id='word_1_151' title='bbox 1679 2526 1923 2583; x_wconf 82' lang='lat' dir='ltr'><strong>persona</strong></span> <span class='ocrx_word' id='word_1_152' title='bbox 1969 2513 2101 2579; x_wconf 89' lang='lat' dir='ltr'><strong>post</strong></span> 
     </span>
    </p>
   </div>
   <div class='ocr_carea' id='block_1_29' title="bbox 395 2597 2096 2680">
    <p class='ocr_par' dir='ltr' id='par_1_29' title="bbox 395 2597 2096 2680">
     <span class='ocr_line' id='line_1_29' title="bbox 395 2597 2096 2680; baseline -0.012 -12"><span class='ocrx_word' id='word_1_153' title='bbox 395 2615 616 2668; x_wconf 90' lang='lat' dir='ltr'><strong>obitum</strong></span> <span class='ocrx_word' id='word_1_154' title='bbox 675 2612 796 2680; x_wconf 83' lang='lat' dir='ltr'><strong>ejus</strong></span> <span class='ocrx_word' id='word_1_155' title='bbox 853 2622 1206 2676; x_wconf 91' lang='lat' dir='ltr'><strong>suorumque</strong></span> <span class='ocrx_word' id='word_1_156' title='bbox 1275 2618 1683 2662; x_wconf 85' lang='lat' dir='ltr'><strong>successorum,</strong></span> <span class='ocrx_word' id='word_1_157' title='bbox 1761 2597 2096 2670; x_wconf 64' lang='lat' dir='ltr'><strong>praedictam</strong></span> 
     </span>
    </p>
   </div>
   <div class='ocr_carea' id='block_1_30' title="bbox 399 2687 2098 2765">
    <p class='ocr_par' dir='ltr' id='par_1_30' title="bbox 399 2687 2098 2765">
     <span class='ocr_line' id='line_1_30' title="bbox 399 2687 2098 2765; baseline -0.011 -8"><span class='ocrx_word' id='word_1_158' title='bbox 399 2702 726 2765; x_wconf 87' lang='lat' dir='ltr'><strong>Ecclesiam,</strong></span> <span class='ocrx_word' id='word_1_159' title='bbox 753 2697 985 2752; x_wconf 86' lang='lat' dir='ltr'><strong>clericos</strong></span> <span class='ocrx_word' id='word_1_160' title='bbox 1024 2701 1080 2749; x_wconf 90' lang='lat' dir='ltr'><strong>et</strong></span> <span class='ocrx_word' id='word_1_161' title='bbox 1121 2695 1366 2749; x_wconf 85' lang='lat' dir='ltr'><strong>famulos</strong></span> <span class='ocrx_word' id='word_1_162' title='bbox 1421 2692 1745 2762; x_wconf 74' lang='lat' dir='ltr'><strong>inquietare</strong></span> <span class='ocrx_word' id='word_1_163' title='bbox 1777 2689 1866 2742; x_wconf 89' lang='lat' dir='ltr'><strong>vel</strong></span> <span class='ocrx_word' id='word_1_164' title='bbox 1920 2687 2098 2740; x_wconf 89' lang='lat' dir='ltr'><strong>mole-</strong></span> 
     </span>
    </p>
   </div>
   <div class='ocr_carea' id='block_1_31' title="bbox 400 2775 2101 2855">
    <p class='ocr_par' dir='ltr' id='par_1_31' title="bbox 400 2775 2101 2855">
     <span class='ocr_line' id='line_1_31' title="bbox 400 2775 2101 2855; baseline -0.011 -9"><span class='ocrx_word' id='word_1_165' title='bbox 400 2798 546 2846; x_wconf 85' lang='lat' dir='ltr'><strong>stare</strong></span> <span class='ocrx_word' id='word_1_166' title='bbox 587 2789 816 2844; x_wconf 90' lang='lat' dir='ltr'><strong>audeat.</strong></span> <span class='ocrx_word' id='word_1_167' title='bbox 859 2786 916 2839; x_wconf 90' lang='lat' dir='ltr'><strong>Si</strong></span> <span class='ocrx_word' id='word_1_168' title='bbox 956 2784 1082 2855; x_wconf 87' lang='lat' dir='ltr'><strong>quis</strong></span> <span class='ocrx_word' id='word_1_169' title='bbox 1122 2800 1276 2848; x_wconf 88' lang='lat' dir='ltr'><strong>vero,</strong></span> <span class='ocrx_word' id='word_1_170' title='bbox 1309 2781 1461 2853; x_wconf 91' lang='lat' dir='ltr'><strong>quod</strong></span> <span class='ocrx_word' id='word_1_171' title='bbox 1493 2796 1605 2834; x_wconf 89' lang='lat' dir='ltr'><strong>non</strong></span> <span class='ocrx_word' id='word_1_172' title='bbox 1639 2777 1946 2843; x_wconf 85' lang='lat' dir='ltr'><strong>credimus,</strong></span> <span class='ocrx_word' id='word_1_173' title='bbox 2005 2775 2101 2828; x_wconf 84' lang='lat' dir='ltr'><strong>hu-</strong></span> 
     </span>
    </p>
   </div>
   <div class='ocr_carea' id='block_1_32' title="bbox 392 2862 2100 2948">
    <p class='ocr_par' dir='ltr' id='par_1_32' title="bbox 392 2862 2100 2948">
     <span class='ocr_line' id='line_1_32' title="bbox 392 2862 2100 2948; baseline -0.011 -17"><span class='ocrx_word' id='word_1_174' title='bbox 392 2881 488 2948; x_wconf 86' lang='lat' dir='ltr'><strong>jus</strong></span> <span class='ocrx_word' id='word_1_175' title='bbox 537 2877 719 2930; x_wconf 87' lang='lat' dir='ltr'><strong>nostri</strong></span> <span class='ocrx_word' id='word_1_176' title='bbox 769 2871 1139 2928; x_wconf 89' lang='lat' dir='ltr'><strong>mundiburdi</strong></span> <span class='ocrx_word' id='word_1_177' title='bbox 1207 2870 1450 2923; x_wconf 89' lang='lat' dir='ltr'><strong>violator</strong></span> <span class='ocrx_word' id='word_1_178' title='bbox 1495 2865 1794 2929; x_wconf 81' lang='lat' dir='ltr'><strong>exstiterit,</strong></span> <span class='ocrx_word' id='word_1_179' title='bbox 1839 2864 1886 2916; x_wconf 89' lang='lat' dir='ltr'><strong>si</strong></span> <span class='ocrx_word' id='word_1_180' title='bbox 1934 2862 2100 2915; x_wconf 89' lang='lat' dir='ltr'><strong>miles</strong></span> 
     </span>
    </p>
   </div>
   <div class='ocr_carea' id='block_1_33' title="bbox 398 2953 2093 3037">
    <p class='ocr_par' dir='ltr' id='par_1_33' title="bbox 398 2953 2093 3037">
     <span class='ocr_line' id='line_1_33' title="bbox 398 2953 2093 3037; baseline -0.01 -17"><span class='ocrx_word' id='word_1_181' title='bbox 398 2968 576 3037; x_wconf 90' lang='lat' dir='ltr'><strong>ipsius</strong></span> <span class='ocrx_word' id='word_1_182' title='bbox 610 2964 866 3019; x_wconf 70' lang='lat' dir='ltr'><strong>Ecclesiae</strong></span> <span class='ocrx_word' id='word_1_183' title='bbox 897 2961 1087 3022; x_wconf 88' lang='lat' dir='ltr'><strong>fuerit,</strong></span> <span class='ocrx_word' id='word_1_184' title='bbox 1123 2959 1282 3012; x_wconf 90' lang='lat' dir='ltr'><strong>omni</strong></span> <span class='ocrx_word' id='word_1_185' title='bbox 1323 2956 1603 3012; x_wconf 79' lang='lat' dir='ltr'><strong>beneﬁcio</strong></span> <span class='ocrx_word' id='word_1_186' title='bbox 1633 2953 1785 3025; x_wconf 89' lang='lat' dir='ltr'><strong>quod</strong></span> <span class='ocrx_word' id='word_1_187' title='bbox 1836 2969 1900 3005; x_wconf 88' lang='lat' dir='ltr'><strong>ex</strong></span> <span class='ocrx_word' id='word_1_188' title='bbox 1932 2956 2093 3020; x_wconf 88' lang='lat' dir='ltr'><strong>parte</strong></span> 
     </span>
    </p>
   </div>
   <div class='ocr_carea' id='block_1_34' title="bbox 398 3039 2096 3125">
    <p class='ocr_par' dir='ltr' id='par_1_34' title="bbox 398 3039 2096 3125">
     <span class='ocr_line' id='line_1_34' title="bbox 398 3039 2096 3125; baseline -0.009 -17"><span class='ocrx_word' id='word_1_189' title='bbox 398 3056 580 3125; x_wconf 87' lang='lat' dir='ltr'><strong>ipsius</strong></span> <span class='ocrx_word' id='word_1_190' title='bbox 631 3051 882 3106; x_wconf 64' lang='lat' dir='ltr'><strong>ecclesia:</strong></span> <span class='ocrx_word' id='word_1_191' title='bbox 922 3049 1193 3115; x_wconf 87' lang='lat' dir='ltr'><strong>tenuerit,</strong></span> <span class='ocrx_word' id='word_1_192' title='bbox 1251 3047 1374 3115; x_wconf 89' lang='lat' dir='ltr'><strong>ipse</strong></span> <span class='ocrx_word' id='word_1_193' title='bbox 1432 3051 1489 3098; x_wconf 87' lang='lat' dir='ltr'><strong>et</strong></span> <span class='ocrx_word' id='word_1_194' title='bbox 1542 3060 1665 3112; x_wconf 73' lang='lat' dir='ltr'><strong>ejus</strong></span> <span class='ocrx_word' id='word_1_195' title='bbox 1722 3040 1980 3095; x_wconf 60' lang='lat' dir='ltr'><strong>heredes</strong></span> <span class='ocrx_word' id='word_1_196' title='bbox 2037 3039 2096 3092; x_wconf 91' lang='lat' dir='ltr'><strong>in</strong></span> 
     </span>
    </p>
   </div>
   <div class='ocr_carea' id='block_1_35' title="bbox 407 3128 2095 3210">
    <p class='ocr_par' dir='ltr' id='par_1_35' title="bbox 407 3128 2095 3210">
     <span class='ocr_line' id='line_1_35' title="bbox 407 3128 2095 3210; baseline -0.011 -13"><span class='ocrx_word' id='word_1_197' title='bbox 407 3149 687 3198; x_wconf 66' lang='lat' dir='ltr'><strong>aeternum</strong></span> <span class='ocrx_word' id='word_1_198' title='bbox 720 3140 1040 3210; x_wconf 85' lang='lat' dir='ltr'><strong>priventur,</strong></span> <span class='ocrx_word' id='word_1_199' title='bbox 1092 3142 1147 3189; x_wconf 90' lang='lat' dir='ltr'><strong>et</strong></span> <span class='ocrx_word' id='word_1_200' title='bbox 1187 3141 1417 3187; x_wconf 90' lang='lat' dir='ltr'><strong>centum</strong></span> <span class='ocrx_word' id='word_1_201' title='bbox 1450 3132 1624 3186; x_wconf 89' lang='lat' dir='ltr'><strong>libras</strong></span> <span class='ocrx_word' id='word_1_202' title='bbox 1669 3130 1799 3201; x_wconf 93' lang='lat' dir='ltr'><strong>puri</strong></span> <span class='ocrx_word' id='word_1_203' title='bbox 1853 3128 2095 3198; x_wconf 85' lang='lat' dir='ltr'><strong>argenti,</strong></span> 
     </span>
    </p>
   </div>
   <div class='ocr_carea' id='block_1_36' title="bbox 403 3218 2098 3292">
    <p class='ocr_par' dir='ltr' id='par_1_36' title="bbox 403 3218 2098 3292">
     <span class='ocr_line' id='line_1_36' title="bbox 403 3218 2098 3292; baseline -0.012 -5"><span class='ocrx_word' id='word_1_204' title='bbox 403 3232 768 3286; x_wconf 78' lang='lat' dir='ltr'><strong>medietatem</strong></span> <span class='ocrx_word' id='word_1_205' title='bbox 819 3230 1028 3279; x_wconf 73' lang='lat' dir='ltr'><strong>nostrae</strong></span> <span class='ocrx_word' id='word_1_206' title='bbox 1054 3221 1404 3292; x_wconf 72' lang='lat' dir='ltr'><strong>reipublicae,</strong></span> <span class='ocrx_word' id='word_1_207' title='bbox 1435 3221 1515 3289; x_wconf 57' lang='lat' dir='ltr'><strong>ﬁet</strong></span> <span class='ocrx_word' id='word_1_208' title='bbox 1551 3218 1918 3271; x_wconf 88' lang='lat' dir='ltr'><strong>medietatem</strong></span> <span class='ocrx_word' id='word_1_209' title='bbox 1943 3232 2098 3285; x_wconf 62' lang='lat' dir='ltr'><strong>prae-</strong></span> 
     </span>
    </p>
   </div>
   <div class='ocr_carea' id='block_1_37' title="bbox 403 3304 2097 3379">
    <p class='ocr_par' dir='ltr' id='par_1_37' title="bbox 403 3304 2097 3379">
     <span class='ocr_line' id='line_1_37' title="bbox 403 3304 2097 3379; baseline -0.011 -2"><span class='ocrx_word' id='word_1_210' title='bbox 403 3321 717 3377; x_wconf 62' lang='lat' dir='ltr'><strong>nominatai</strong></span> <span class='ocrx_word' id='word_1_211' title='bbox 769 3314 1019 3368; x_wconf 63' lang='lat' dir='ltr'><strong>ecclesias</strong></span> <span class='ocrx_word' id='word_1_212' title='bbox 1077 3328 1134 3364; x_wconf 89' lang='lat' dir='ltr'><strong>se</strong></span> <span class='ocrx_word' id='word_1_213' title='bbox 1179 3309 1632 3379; x_wconf 86' lang='lat' dir='ltr'><strong>compositurum</strong></span> <span class='ocrx_word' id='word_1_214' title='bbox 1691 3304 2097 3376; x_wconf 61' lang='lat' dir='ltr'><strong>proculdubio</strong></span> 
     </span>
    </p>
   </div>
   <div class='ocr_carea' id='block_1_38' title="bbox 403 3394 2098 3477">
    <p class='ocr_par' dir='ltr' id='par_1_38' title="bbox 403 3394 2098 3477">
     <span class='ocr_line' id='line_1_38' title="bbox 403 3394 2098 3477; baseline -0.011 -13"><span class='ocrx_word' id='word_1_215' title='bbox 403 3411 725 3477; x_wconf 83' lang='lat' dir='ltr'><strong>cognoscat.</strong></span> <span class='ocrx_word' id='word_1_216' title='bbox 795 3402 852 3457; x_wconf 89' lang='lat' dir='ltr'><strong>Si</strong></span> <span class='ocrx_word' id='word_1_217' title='bbox 909 3417 1041 3455; x_wconf 91' lang='lat' dir='ltr'><strong>vero</strong></span> <span class='ocrx_word' id='word_1_218' title='bbox 1093 3400 1230 3453; x_wconf 88' lang='lat' dir='ltr'><strong>civis</strong></span> <span class='ocrx_word' id='word_1_219' title='bbox 1291 3403 1391 3452; x_wconf 89' lang='lat' dir='ltr'><strong>aut</strong></span> <span class='ocrx_word' id='word_1_220' title='bbox 1445 3396 1832 3459; x_wconf 68' lang='lat' dir='ltr'><strong>subuvlzanus,</strong></span> <span class='ocrx_word' id='word_1_221' title='bbox 1894 3394 2001 3446; x_wconf 89' lang='lat' dir='ltr'><strong>scit</strong></span> <span class='ocrx_word' id='word_1_222' title='bbox 2039 3409 2098 3446; x_wconf 89' lang='lat' dir='ltr'><strong>se</strong></span> 
     </span>
    </p>
   </div>
   <div class='ocr_carea' id='block_1_39' title="bbox 404 3483 2100 3569">
    <p class='ocr_par' dir='ltr' id='par_1_39' title="bbox 404 3483 2100 3569">
     <span class='ocr_line' id='line_1_39' title="bbox 404 3483 2100 3569; baseline -0.012 -16"><span class='ocrx_word' id='word_1_223' title='bbox 404 3497 766 3569; x_wconf 88' lang='lat' dir='ltr'><strong>perditurum</strong></span> <span class='ocrx_word' id='word_1_224' title='bbox 797 3491 990 3545; x_wconf 84' lang='lat' dir='ltr'><strong>omnia</strong></span> <span class='ocrx_word' id='word_1_225' title='bbox 1022 3489 1240 3560; x_wconf 55' lang='lat' dir='ltr'><strong>pratdia</strong></span> <span class='ocrx_word' id='word_1_226' title='bbox 1282 3493 1340 3540; x_wconf 93' lang='lat' dir='ltr'><strong>et</strong></span> <span class='ocrx_word' id='word_1_227' title='bbox 1359 3483 1751 3558; x_wconf 83' lang='lat' dir='ltr'><strong>possessiones</strong></span> <span class='ocrx_word' id='word_1_228' title='bbox 1797 3498 1950 3544; x_wconf 91' lang='lat' dir='ltr'><strong>suas,</strong></span> <span class='ocrx_word' id='word_1_229' title='bbox 1985 3497 2100 3534; x_wconf 89' lang='lat' dir='ltr'><strong>me-</strong></span> 
     </span>
    </p>
   </div>
   <div class='ocr_carea' id='block_1_40' title="bbox 405 3568 2098 3650">
    <p class='ocr_par' dir='ltr' id='par_1_40' title="bbox 405 3568 2098 3650">
     <span class='ocr_line' id='line_1_40' title="bbox 405 3568 2098 3650; baseline -0.012 -10"><span class='ocrx_word' id='word_1_230' title='bbox 405 3568 675 3640; x_wconf 88' lang='lat' dir='ltr'><strong>dietatem</strong></span> <span class='ocrx_word' id='word_1_231' title='bbox 717 3599 749 3634; x_wconf 91' lang='lat' dir='ltr'><strong>a</strong></span> <span class='ocrx_word' id='word_1_232' title='bbox 780 3583 938 3650; x_wconf 90' lang='lat' dir='ltr'><strong>parte</strong></span> <span class='ocrx_word' id='word_1_233' title='bbox 995 3577 1245 3647; x_wconf 86' lang='lat' dir='ltr'><strong>publica,</strong></span> <span class='ocrx_word' id='word_1_234' title='bbox 1284 3581 1341 3628; x_wconf 91' lang='lat' dir='ltr'><strong>et</strong></span> <span class='ocrx_word' id='word_1_235' title='bbox 1398 3573 1768 3628; x_wconf 85' lang='lat' dir='ltr'><strong>medietatem</strong></span> <span class='ocrx_word' id='word_1_236' title='bbox 1809 3568 2098 3638; x_wconf 54' lang='lat' dir='ltr'><strong>praedicta),</strong></span> 
     </span>
    </p>
   </div>
   <div class='ocr_carea' id='block_1_41' title="bbox 407 3656 2098 3734">
    <p class='ocr_par' dir='ltr' id='par_1_41' title="bbox 407 3656 2098 3734">
     <span class='ocr_line' id='line_1_41' title="bbox 407 3656 2098 3734; baseline -0.012 -6"><span class='ocrx_word' id='word_1_237' title='bbox 407 3672 686 3728; x_wconf 62' lang='lat' dir='ltr'><strong>Ecclesiae.</strong></span> <span class='ocrx_word' id='word_1_238' title='bbox 724 3668 784 3722; x_wconf 93' lang='lat' dir='ltr'><strong>Si</strong></span> <span class='ocrx_word' id='word_1_239' title='bbox 834 3683 967 3719; x_wconf 79' lang='lat' dir='ltr'><strong>vero</strong></span> <span class='ocrx_word' id='word_1_240' title='bbox 1015 3663 1209 3734; x_wconf 89' lang='lat' dir='ltr'><strong>aliqua</strong></span> <span class='ocrx_word' id='word_1_241' title='bbox 1253 3662 1415 3732; x_wconf 89' lang='lat' dir='ltr'><strong>regni</strong></span> <span class='ocrx_word' id='word_1_242' title='bbox 1477 3676 1726 3731; x_wconf 86' lang='lat' dir='ltr'><strong>persona</strong></span> <span class='ocrx_word' id='word_1_243' title='bbox 1780 3662 1982 3711; x_wconf 89' lang='lat' dir='ltr'><strong>contra</strong></span> <span class='ocrx_word' id='word_1_244' title='bbox 2021 3656 2098 3709; x_wconf 87' lang='lat' dir='ltr'><strong>fe-</strong></span> 
     </span>
    </p>
   </div>
   <div class='ocr_carea' id='block_1_42' title="bbox 403 3743 2098 3824">
    <p class='ocr_par' dir='ltr' id='par_1_42' title="bbox 403 3743 2098 3824">
     <span class='ocr_line' id='line_1_42' title="bbox 403 3743 2098 3824; baseline -0.011 -9"><span class='ocrx_word' id='word_1_245' title='bbox 403 3761 564 3824; x_wconf 87' lang='lat' dir='ltr'><strong>cerit,</strong></span> <span class='ocrx_word' id='word_1_246' title='bbox 597 3761 828 3811; x_wconf 88' lang='lat' dir='ltr'><strong>centum</strong></span> <span class='ocrx_word' id='word_1_247' title='bbox 857 3753 1033 3806; x_wconf 90' lang='lat' dir='ltr'><strong>libras</strong></span> <span class='ocrx_word' id='word_1_248' title='bbox 1061 3749 1262 3820; x_wconf 90' lang='lat' dir='ltr'><strong>optimi</strong></span> <span class='ocrx_word' id='word_1_249' title='bbox 1294 3749 1442 3813; x_wconf 85' lang='lat' dir='ltr'><strong>auri,</strong></span> <span class='ocrx_word' id='word_1_250' title='bbox 1506 3746 1874 3800; x_wconf 87' lang='lat' dir='ltr'><strong>medietatem</strong></span> <span class='ocrx_word' id='word_1_251' title='bbox 1934 3743 2098 3797; x_wconf 87' lang='lat' dir='ltr'><strong>nobis</strong></span> 
     </span>
    </p>
   </div>
   <div class='ocr_carea' id='block_1_43' title="bbox 403 3832 2098 3913">
    <p class='ocr_par' dir='ltr' id='par_1_43' title="bbox 403 3832 2098 3913">
     <span class='ocr_line' id='line_1_43' title="bbox 403 3832 2098 3913; baseline -0.012 -10"><span class='ocrx_word' id='word_1_252' title='bbox 403 3855 460 3902; x_wconf 90' lang='lat' dir='ltr'><strong>et</strong></span> <span class='ocrx_word' id='word_1_253' title='bbox 493 3848 857 3902; x_wconf 84' lang='lat' dir='ltr'><strong>medietatem</strong></span> <span class='ocrx_word' id='word_1_254' title='bbox 889 3841 1139 3913; x_wconf 58' lang='lat' dir='ltr'><strong>prmfata‘</strong></span> <span class='ocrx_word' id='word_1_255' title='bbox 1192 3837 1441 3892; x_wconf 65' lang='lat' dir='ltr'><strong>ecclesia</strong></span> <span class='ocrx_word' id='word_1_256' title='bbox 1499 3836 1695 3906; x_wconf 84' lang='lat' dir='ltr'><strong>procul</strong></span> <span class='ocrx_word' id='word_1_257' title='bbox 1733 3832 1908 3888; x_wconf 90' lang='lat' dir='ltr'><strong>dubio</strong></span> <span class='ocrx_word' id='word_1_258' title='bbox 1951 3847 2098 3885; x_wconf 89' lang='lat' dir='ltr'><strong>com-</strong></span> 
     </span>
    </p>
   </div>
   <div class='ocr_carea' id='block_1_44' title="bbox 404 3927 1564 4009">
    <p class='ocr_par' dir='ltr' id='par_1_44' title="bbox 404 3927 1564 4009">
     <span class='ocr_line' id='line_1_44' title="bbox 404 3927 1564 4009; baseline -0.015 -15"><span class='ocrx_word' id='word_1_259' title='bbox 404 3945 582 4009; x_wconf 86' lang='lat' dir='ltr'><strong>ponat</strong></span> <span class='ocrx_word' id='word_1_260' title='bbox 633 3935 793 4000; x_wconf 85' lang='lat' dir='ltr'><strong>Quod</strong></span> <span class='ocrx_word' id='word_1_261' title='bbox 825 3938 888 3985; x_wconf 90' lang='lat' dir='ltr'><strong>ut</strong></span> <span class='ocrx_word' id='word_1_262' title='bbox 919 3931 1105 3984; x_wconf 88' lang='lat' dir='ltr'><strong>verius</strong></span> <span class='ocrx_word' id='word_1_263' title='bbox 1137 3927 1422 3991; x_wconf 87' lang='lat' dir='ltr'><strong>credatur,</strong></span> <span class='ocrx_word' id='word_1_264' title='bbox 1457 3931 1564 3978; x_wconf 89' lang='lat' dir='ltr'><strong>etc.</strong></span> 
     </span>
    </p>
   </div>
   <div class='ocr_carea' id='block_1_45' title="bbox 478 4016 1475 4084">
    <p class='ocr_par' dir='ltr' id='par_1_45' title="bbox 478 4016 1475 4084">
     <span class='ocr_line' id='line_1_45' title="bbox 478 4016 1475 4084; baseline -0.015 -3"><span class='ocrx_word' id='word_1_265' title='bbox 478 4030 593 4082; x_wconf 87' lang='lat' dir='ltr'><strong>Non</strong></span> <span class='ocrx_word' id='word_1_266' title='bbox 623 4025 776 4077; x_wconf 79' lang='lat' dir='ltr'><strong>adest</strong></span> <span class='ocrx_word' id='word_1_267' title='bbox 796 4033 1196 4084; x_wconf 88' lang='lat' dir='ltr'><strong>monogramma</strong></span> <span class='ocrx_word' id='word_1_268' title='bbox 1231 4016 1475 4068; x_wconf 82' lang='lat' dir='ltr'><strong>Henrici.</strong></span> 
     </span>
    </p>
   </div>
   <div class='ocr_carea' id='block_1_46' title="bbox 475 4095 2096 4170">
    <p class='ocr_par' dir='ltr' id='par_1_46' title="bbox 475 4095 2096 4170">
     <span class='ocr_line' id='line_1_46' title="bbox 475 4095 2096 4170; baseline -0.014 -1"><span class='ocrx_word' id='word_1_269' title='bbox 475 4114 788 4170; x_wconf 88' lang='lat' dir='ltr'><strong>Everardus</strong></span> <span class='ocrx_word' id='word_1_270' title='bbox 843 4105 1215 4161; x_wconf 87' lang='lat' dir='ltr'><strong>caucellarius</strong></span> <span class='ocrx_word' id='word_1_271' title='bbox 1275 4101 1456 4154; x_wconf 89' lang='lat' dir='ltr'><strong>vicem</strong></span> <span class='ocrx_word' id='word_1_272' title='bbox 1515 4097 1755 4168; x_wconf 89' lang='lat' dir='ltr'><strong>Villigisi</strong></span> <span class='ocrx_word' id='word_1_273' title='bbox 1825 4095 2096 4150; x_wconf 85' lang='lat' dir='ltr'><strong>Archica-</strong></span> 
     </span>
    </p>
   </div>
   <div class='ocr_carea' id='block_1_47' title="bbox 406 4196 974 4278">
    <p class='ocr_par' dir='ltr' id='par_1_47' title="bbox 406 4196 974 4278">
     <span class='ocr_line' id='line_1_47' title="bbox 406 4196 974 4278; baseline -0.028 -17"><span class='ocrx_word' id='word_1_274' title='bbox 406 4203 620 4278; x_wconf 91' lang='lat' dir='ltr'><strong>pellani</strong></span> <span class='ocrx_word' id='word_1_275' title='bbox 644 4196 974 4265; x_wconf 84' lang='lat' dir='ltr'><strong>recognovi.</strong></span> 
     </span>
    </p>
   </div>
   <div class='ocr_carea' id='block_1_48' title="bbox 482 4272 2171 4366">
    <p class='ocr_par' dir='ltr' id='par_1_48' title="bbox 482 4272 2171 4366">
     <span class='ocr_line' id='line_1_48' title="bbox 482 4272 2171 4366; baseline -0.015 -18"><span class='ocrx_word' id='word_1_276' title='bbox 482 4338 494 4349; x_wconf 94' lang='lat'><strong>.</strong></span> <span class='ocrx_word' id='word_1_277' title='bbox 541 4334 554 4346; x_wconf 92' lang='lat'><strong>.</strong></span> <span class='ocrx_word' id='word_1_278' title='bbox 601 4333 611 4344; x_wconf 93' lang='lat'><strong>.</strong></span> <span class='ocrx_word' id='word_1_279' title='bbox 660 4331 672 4342; x_wconf 94' lang='lat'><strong>.</strong></span> <span class='ocrx_word' id='word_1_280' title='bbox 718 4327 730 4338; x_wconf 94' lang='lat'><strong>.</strong></span> <span class='ocrx_word' id='word_1_281' title='bbox 763 4289 928 4339; x_wconf 88' lang='lat' dir='ltr'><strong>Anno</strong></span> <span class='ocrx_word' id='word_1_282' title='bbox 983 4278 1293 4334; x_wconf 69' lang='lat' dir='ltr'><strong>Dominicze</strong></span> <span class='ocrx_word' id='word_1_283' title='bbox 1343 4273 1757 4329; x_wconf 87' lang='lat' dir='ltr'><strong>incarnationis</strong></span> <span class='ocrx_word' id='word_1_284' title='bbox 1809 4273 1962 4338; x_wconf 83' lang='lat'><strong>1007,</strong></span> <span class='ocrx_word' id='word_1_285' title='bbox 2006 4272 2090 4325; x_wconf 89' lang='lat' dir='ltr'><strong>in-</strong></span> <span class='ocrx_word' id='word_1_286' title='bbox 2128 4313 2171 4366; x_wconf 68' lang='grc' dir='ltr'><strong>Β</strong></span> 
     </span>
    </p>
   </div>
   <div class='ocr_carea' id='block_1_49' title="bbox 405 4361 2097 4439">
    <p class='ocr_par' dir='ltr' id='par_1_49' title="bbox 405 4361 2097 4439">
     <span class='ocr_line' id='line_1_49' title="bbox 405 4361 2097 4439; baseline -0.014 -2"><span class='ocrx_word' id='word_1_287' title='bbox 405 4381 652 4438; x_wconf 88' lang='lat' dir='ltr'><strong>dictione</strong></span> <span class='ocrx_word' id='word_1_288' title='bbox 680 4391 733 4439; x_wconf 90' lang='lat' dir='ltr'><strong>v,</strong></span> <span class='ocrx_word' id='word_1_289' title='bbox 758 4388 906 4426; x_wconf 85' lang='lat' dir='ltr'><strong>anno</strong></span> <span class='ocrx_word' id='word_1_290' title='bbox 933 4368 1098 4438; x_wconf 89' lang='lat' dir='ltr'><strong>regni</strong></span> <span class='ocrx_word' id='word_1_291' title='bbox 1129 4364 1328 4420; x_wconf 89' lang='lat' dir='ltr'><strong>domni</strong></span> <span class='ocrx_word' id='word_1_292' title='bbox 1386 4363 1612 4418; x_wconf 87' lang='lat' dir='ltr'><strong>Henrici</strong></span> <span class='ocrx_word' id='word_1_293' title='bbox 1658 4362 1810 4433; x_wconf 89' lang='lat' dir='ltr'><strong>regis</strong></span> <span class='ocrx_word' id='word_1_294' title='bbox 1863 4361 2097 4416; x_wconf 80' lang='lat' dir='ltr'><strong>secundi</strong></span> 
     </span>
    </p>
   </div>
   <div class='ocr_carea' id='block_1_50' title="bbox 410 4452 1802 4539">
    <p class='ocr_par' dir='ltr' id='par_1_50' title="bbox 410 4452 1802 4539">
     <span class='ocr_line' id='line_1_50' title="bbox 410 4452 1802 4539; baseline -0.016 -13"><span class='ocrx_word' id='word_1_295' title='bbox 410 4465 702 4539; x_wconf 84' lang='lat' dir='ltr'><strong>regnantis</strong></span> <span class='ocrx_word' id='word_1_296' title='bbox 733 4479 806 4514; x_wconf 78' lang='lat' dir='ltr'><strong>v1.</strong></span> <span class='ocrx_word' id='word_1_297' title='bbox 839 4464 1040 4513; x_wconf 86' lang='lat' dir='ltr'><strong>Actum</strong></span> <span class='ocrx_word' id='word_1_298' title='bbox 1068 4455 1276 4511; x_wconf 91' lang='lat' dir='ltr'><strong>Polede</strong></span> <span class='ocrx_word' id='word_1_299' title='bbox 1306 4452 1566 4506; x_wconf 89' lang='lat' dir='ltr'><strong>feliciter.</strong></span> <span class='ocrx_word' id='word_1_300' title='bbox 1603 4454 1802 4506; x_wconf 86' lang='lat' dir='ltr'><strong>Amen.</strong></span> 
     </span>
    </p>
   </div>
   <div class='ocr_carea' id='block_1_51' title="bbox 1157 4542 1350 4598">
    <p class='ocr_par' dir='ltr' id='par_1_51' title="bbox 1157 4542 1350 4598">
     <span class='ocr_line' id='line_1_51' title="bbox 1157 4542 1350 4598; baseline -0.021 0"><span class='ocrx_word' id='word_1_301' title='bbox 1157 4542 1350 4598; x_wconf 82' lang='lat' dir='ltr'><strong>XXXV.</strong></span> 
     </span>
    </p>
   </div>
   <div class='ocr_carea' id='block_1_52' title="bbox 479 4626 2098 4702">
    <p class='ocr_par' dir='ltr' id='par_1_52' title="bbox 479 4626 2098 4702">
     <span class='ocr_line' id='line_1_52' title="bbox 479 4626 2098 4702; baseline -0.014 0"><span class='ocrx_word' id='word_1_302' title='bbox 479 4648 539 4702; x_wconf 94' lang='lat' dir='ltr'><strong>S.</strong></span> <span class='ocrx_word' id='word_1_303' title='bbox 601 4641 868 4699; x_wconf 73' lang='lat' dir='ltr'><strong>Henricus</strong></span> <span class='ocrx_word' id='word_1_304' title='bbox 923 4637 975 4690; x_wconf 86' lang='lat' dir='ltr'><strong>II</strong></span> <span class='ocrx_word' id='word_1_305' title='bbox 1025 4636 1158 4702; x_wconf 84' lang='lat' dir='ltr'><strong>imp.</strong></span> <span class='ocrx_word' id='word_1_306' title='bbox 1216 4631 1540 4685; x_wconf 87' lang='lat' dir='ltr'><strong>monasterio</strong></span> <span class='ocrx_word' id='word_1_307' title='bbox 1599 4628 1867 4682; x_wconf 77' lang='lat' dir='ltr'><strong>Steinensi</strong></span> <span class='ocrx_word' id='word_1_308' title='bbox 1932 4626 2098 4681; x_wconf 82' lang='lat' dir='ltr'><strong>donat</strong></span> 
     </span>
    </p>
   </div>
   <div class='ocr_carea' id='block_1_53' title="bbox 1000 4720 1500 4778">
    <p class='ocr_par' dir='ltr' id='par_1_53' title="bbox 1000 4720 1500 4778">
     <span class='ocr_line' id='line_1_53' title="bbox 1000 4720 1500 4778; baseline -0.01 -1"><span class='ocrx_word' id='word_1_309' title='bbox 1000 4726 1170 4778; x_wconf 88' lang='lat' dir='ltr'><strong>locum</strong></span> <span class='ocrx_word' id='word_1_310' title='bbox 1197 4720 1500 4774; x_wconf 79' lang='lat' dir='ltr'><strong>Kircheim.</strong></span> 
     </span>
    </p>
   </div>
   <div class='ocr_carea' id='block_1_54' title="bbox 869 4807 1636 4885">
    <p class='ocr_par' dir='ltr' id='par_1_54' title="bbox 869 4807 1636 4885">
     <span class='ocr_line' id='line_1_54' title="bbox 869 4807 1636 4885; baseline -0.013 -16"><span class='ocrx_word' id='word_1_311' title='bbox 869 4815 1054 4885; x_wconf 82' lang='lat' dir='ltr'><strong>(Anno</strong></span> <span class='ocrx_word' id='word_1_312' title='bbox 1089 4813 1292 4873; x_wconf 81' lang='lat' dir='ltr'><strong>l007,l</strong></span> <span class='ocrx_word' id='word_1_313' title='bbox 1335 4807 1636 4872; x_wconf 83' lang='lat' dir='ltr'><strong>Novemb.)</strong></span> 
     </span>
    </p>
   </div>
   <div class='ocr_carea' id='block_1_55' title="bbox 405 4893 2100 4989">
    <p class='ocr_par' dir='ltr' id='par_1_55' title="bbox 405 4893 2100 4989">
     <span class='ocr_line' id='line_1_55' title="bbox 405 4893 2100 4989; baseline -0.016 -17"><span class='ocrx_word' id='word_1_314' title='bbox 405 4915 709 4989; x_wconf 85' lang='lat' dir='ltr'><strong>[Newgart,</strong></span> <span class='ocrx_word' id='word_1_315' title='bbox 739 4905 866 4964; x_wconf 85' lang='lat' dir='ltr'><strong>Cod.</strong></span> <span class='ocrx_word' id='word_1_316' title='bbox 922 4903 1148 4972; x_wconf 82' lang='lat' dir='ltr'><strong>diplom.</strong></span> <span class='ocrx_word' id='word_1_317' title='bbox 1207 4900 1410 4962; x_wconf 82' lang='lat' dir='ltr'><strong>Alem.,</strong></span> <span class='ocrx_word' id='word_1_318' title='bbox 1445 4915 1512 4952; x_wconf 71' lang='lat' dir='ltr'><strong>ea:</strong></span> <span class='ocrx_word' id='word_1_319' title='bbox 1568 4895 1830 4964; x_wconf 83' lang='lat' dir='ltr'><strong>originali</strong></span> <span class='ocrx_word' id='word_1_320' title='bbox 1886 4893 2100 4946; x_wconf 67' lang='grc' dir='ltr'><strong>αι’οήἰυί</strong></span> 
     </span>
    </p>
   </div>
   <div class='ocr_carea' id='block_1_56' title="bbox 906 4984 1598 5062">
    <p class='ocr_par' dir='ltr' id='par_1_56' title="bbox 906 4984 1598 5062">
     <span class='ocr_line' id='line_1_56' title="bbox 906 4984 1598 5062; baseline -0.013 -15"><span class='ocrx_word' id='word_1_321' title='bbox 906 4991 1217 5062; x_wconf 68' lang='lat' dir='ltr'><strong>reipublicz</strong></span> <span class='ocrx_word' id='word_1_322' title='bbox 1247 4984 1598 5057; x_wconf 72' lang='lat' dir='ltr'><strong>Turicensisj.</strong></span> 
     </span>
    </p>
   </div>
   <div class='ocr_carea' id='block_1_57' title="bbox 475 5069 2096 5147">
    <p class='ocr_par' dir='ltr' id='par_1_57' title="bbox 475 5069 2096 5147">
     <span class='ocr_line' id='line_1_57' title="bbox 475 5069 2096 5147; baseline -0.016 1"><span class='ocrx_word' id='word_1_323' title='bbox 475 5095 538 5147; x_wconf 91' lang='lat' dir='ltr'><strong>In</strong></span> <span class='ocrx_word' id='word_1_324' title='bbox 567 5087 804 5145; x_wconf 89' lang='lat' dir='ltr'><strong>nomine</strong></span> <span class='ocrx_word' id='word_1_325' title='bbox 835 5085 1043 5137; x_wconf 68' lang='lat' dir='ltr'><strong>sanctae</strong></span> <span class='ocrx_word' id='word_1_326' title='bbox 1102 5082 1160 5131; x_wconf 88' lang='lat' dir='ltr'><strong>et</strong></span> <span class='ocrx_word' id='word_1_327' title='bbox 1209 5075 1522 5128; x_wconf 63' lang='lat' dir='ltr'><strong>individua:</strong></span> <span class='ocrx_word' id='word_1_328' title='bbox 1582 5069 1896 5130; x_wconf 84' lang='lat' dir='ltr'><strong>Trinitatis.</strong></span> <span class='ocrx_word' id='word_1_329' title='bbox 1927 5071 2096 5124; x_wconf 71' lang='lat' dir='ltr'><strong>llam-</strong></span> 
     </span>
    </p>
   </div>
   <div class='ocr_carea' id='block_1_58' title="bbox 406 5164 1637 5236">
    <p class='ocr_par' dir='ltr' id='par_1_58' title="bbox 406 5164 1637 5236">
     <span class='ocr_line' id='line_1_58' title="bbox 406 5164 1637 5236; baseline -0.021 1"><span class='ocrx_word' id='word_1_330' title='bbox 406 5197 557 5236; x_wconf 79' lang='lat' dir='ltr'><strong>ntcus</strong></span> <span class='ocrx_word' id='word_1_331' title='bbox 579 5178 770 5234; x_wconf 89' lang='lat' dir='ltr'><strong>divina</strong></span> <span class='ocrx_word' id='word_1_332' title='bbox 788 5176 1010 5230; x_wconf 85' lang='lat' dir='ltr'><strong>favente</strong></span> <span class='ocrx_word' id='word_1_333' title='bbox 1040 5164 1343 5222; x_wconf 85' lang='lat' dir='ltr'><strong>clementia</strong></span> <span class='ocrx_word' id='word_1_334' title='bbox 1365 5179 1482 5216; x_wconf 91' lang='lat' dir='ltr'><strong>rex.</strong></span> <span class='ocrx_word' id='word_1_335' title='bbox 1629 5217 1637 5230; x_wconf 44' lang='lat'><strong>,</strong></span> 
     </span>
    </p>
   </div>
   <div class='ocr_carea' id='block_1_59' title="bbox 476 5244 2098 5326">
    <p class='ocr_par' dir='ltr' id='par_1_59' title="bbox 476 5244 2098 5326">
     <span class='ocr_line' id='line_1_59' title="bbox 476 5244 2098 5326; baseline -0.016 -2"><span class='ocrx_word' id='word_1_336' title='bbox 476 5267 832 5324; x_wconf 87' lang='lat' dir='ltr'><strong>Salutaribus</strong></span> <span class='ocrx_word' id='word_1_337' title='bbox 880 5259 1025 5315; x_wconf 88' lang='lat' dir='ltr'><strong>sacri</strong></span> <span class='ocrx_word' id='word_1_338' title='bbox 1054 5253 1266 5326; x_wconf 92' lang='lat' dir='ltr'><strong>eloquii</strong></span> <span class='ocrx_word' id='word_1_339' title='bbox 1297 5248 1767 5306; x_wconf 88' lang='lat' dir='ltr'><strong>instructionibus</strong></span> <span class='ocrx_word' id='word_1_340' title='bbox 1801 5244 2098 5300; x_wconf 90' lang='lat' dir='ltr'><strong>erudimur</strong></span> 
     </span>
    </p>
   </div>
   <div class='ocr_carea' id='block_1_60' title="bbox 407 5337 2094 5416">
    <p class='ocr_par' dir='ltr' id='par_1_60' title="bbox 407 5337 2094 5416">
     <span class='ocr_line' id='line_1_60' title="bbox 407 5337 2094 5416; baseline -0.018 -2"><span class='ocrx_word' id='word_1_341' title='bbox 407 5365 465 5415; x_wconf 88' lang='lat' dir='ltr'><strong>et</strong></span> <span class='ocrx_word' id='word_1_342' title='bbox 520 5357 899 5411; x_wconf 85' lang='lat' dir='ltr'><strong>admonemur</strong></span> <span class='ocrx_word' id='word_1_343' title='bbox 941 5354 997 5403; x_wconf 87' lang='lat' dir='ltr'><strong>ut</strong></span> <span class='ocrx_word' id='word_1_344' title='bbox 1030 5343 1372 5416; x_wconf 88' lang='lat' dir='ltr'><strong>temporalia</strong></span> <span class='ocrx_word' id='word_1_345' title='bbox 1426 5337 1902 5410; x_wconf 87' lang='lat' dir='ltr'><strong>parvipendentes</strong></span> <span class='ocrx_word' id='word_1_346' title='bbox 1939 5348 2094 5386; x_wconf 87' lang='lat' dir='ltr'><strong>com-</strong></span> 
     </span>
    </p>
   </div>
   <div class='ocr_carea' id='block_1_61' title="bbox 480 5439 2092 5530">
    <p class='ocr_par' dir='ltr' id='par_1_61' title="bbox 480 5439 2092 5530">
     <span class='ocr_line' id='line_1_61' title="bbox 480 5439 2092 5530; baseline -0.016 -15"><span class='ocrx_word' id='word_1_347' title='bbox 480 5463 622 5530; x_wconf 76' lang='grc'><strong>(151)</strong></span> <span class='ocrx_word' id='word_1_348' title='bbox 645 5457 901 5530; x_wconf 80' lang='lat' dir='ltr'><strong>Kirchen,</strong></span> <span class='ocrx_word' id='word_1_349' title='bbox 931 5453 1209 5530; x_wconf 60' lang='lat' dir='ltr'><strong>Kircheim</strong></span> <span class='ocrx_word' id='word_1_350' title='bbox 1236 5449 1307 5502; x_wconf 90' lang='lat' dir='ltr'><strong>ad</strong></span> <span class='ocrx_word' id='word_1_351' title='bbox 1338 5447 1600 5528; x_wconf 77' lang='lat' dir='ltr'><strong>Rhenum</strong></span> <span class='ocrx_word' id='word_1_352' title='bbox 1625 5442 1770 5496; x_wconf 85' lang='lat' dir='ltr'><strong>infra</strong></span> <span class='ocrx_word' id='word_1_353' title='bbox 1793 5439 2092 5495; x_wconf 89' lang='lat' dir='ltr'><strong>Basileam.</strong></span> 
     </span>
    </p>
   </div>
   <div class='ocr_carea' id='block_1_62' title="bbox 477 5519 1454 5599">
    <p class='ocr_par' dir='ltr' id='par_1_62' title="bbox 477 5519 1454 5599">
     <span class='ocr_line' id='line_1_62' title="bbox 477 5519 1454 5599; baseline -0.016 -14"><span class='ocrx_word' id='word_1_354' title='bbox 477 5519 621 5599; x_wconf 56' lang='lat' dir='ltr'><strong>(lii?)</strong></span> <span class='ocrx_word' id='word_1_355' title='bbox 655 5519 964 5599; x_wconf 81' lang='lat' dir='ltr'><strong>Episcopus</strong></span> <span class='ocrx_word' id='word_1_356' title='bbox 994 5519 1454 5599; x_wconf 56' lang='lat' dir='ltr'><strong>Rumbergensis:</strong></span> 
     </span>
    </p>
   </div>
   <div class='ocr_carea' id='block_1_63' title="bbox 478 5579 2090 5675">
    <p class='ocr_par' dir='ltr' id='par_1_63' title="bbox 478 5579 2090 5675">
     <span class='ocr_line' id='line_1_63' title="bbox 478 5579 2090 5675; baseline -0.014 -18"><span class='ocrx_word' id='word_1_357' title='bbox 478 5579 623 5675; x_wconf 63' lang='lat' dir='ltr'><strong>(iiii</strong></span> <span class='ocrx_word' id='word_1_358' title='bbox 651 5579 1126 5655; x_wconf 44' lang='lat' dir='ltr'><strong>aurreb‘atadhuc</strong></span> <span class='ocrx_word' id='word_1_359' title='bbox 1151 5579 1335 5647; x_wconf 59' lang='lat' dir='ltr'><strong>anxius</strong></span> <span class='ocrx_word' id='word_1_360' title='bbox 1357 5605 1393 5642; x_wconf 87' lang='grc' dir='ltr'><strong>ιι</strong></span> <span class='ocrx_word' id='word_1_361' title='bbox 1417 5584 1665 5642; x_wconf 83' lang='lat' dir='ltr'><strong>Heinrici</strong></span> <span class='ocrx_word' id='word_1_362' title='bbox 1693 5582 1842 5652; x_wconf 86' lang='lat' dir='ltr'><strong>regis</strong></span> <span class='ocrx_word' id='word_1_363' title='bbox 1867 5580 1922 5635; x_wconf 91' lang='lat' dir='ltr'><strong>in</strong></span> <span class='ocrx_word' id='word_1_364' title='bbox 1949 5579 2090 5635; x_wconf 88' lang='lat' dir='ltr'><strong>Lon-</strong></span> 
     </span>
    </p>
   </div>
   <div class='ocr_carea' id='block_1_64' title="bbox 2192 529 3934 603">
    <p class='ocr_par' dir='ltr' id='par_1_64' title="bbox 2192 529 3934 603">
     <span class='ocr_line' id='line_1_64' title="bbox 2192 529 3934 603; baseline -0.003 -16"><span class='ocrx_word' id='word_1_365' title='bbox 2192 532 2428 603; x_wconf 87' lang='lat' dir='ltr'><strong>adipisci</strong></span> <span class='ocrx_word' id='word_1_366' title='bbox 2483 529 2842 585; x_wconf 86' lang='lat' dir='ltr'><strong>consistoria.</strong></span> <span class='ocrx_word' id='word_1_367' title='bbox 2879 529 3236 599; x_wconf 86' lang='lat' dir='ltr'><strong>Quapropter</strong></span> <span class='ocrx_word' id='word_1_368' title='bbox 3277 545 3384 582; x_wconf 92' lang='lat' dir='ltr'><strong>nos</strong></span> <span class='ocrx_word' id='word_1_369' title='bbox 3419 529 3747 583; x_wconf 86' lang='lat' dir='ltr'><strong>Dominicis</strong></span> <span class='ocrx_word' id='word_1_370' title='bbox 3802 547 3934 582; x_wconf 89' lang='lat' dir='ltr'><strong>non</strong></span> 
     </span>
    </p>
   </div>
   <div class='ocr_carea' id='block_1_65' title="bbox 2193 618 3941 689">
    <p class='ocr_par' dir='ltr' id='par_1_65' title="bbox 2193 618 3941 689">
     <span class='ocr_line' id='line_1_65' title="bbox 2193 618 3941 689; baseline -0.002 -15"><span class='ocrx_word' id='word_1_371' title='bbox 2193 621 2426 674; x_wconf 91' lang='lat' dir='ltr'><strong>surdum</strong></span> <span class='ocrx_word' id='word_1_372' title='bbox 2471 620 2727 673; x_wconf 89' lang='lat' dir='ltr'><strong>auditum</strong></span> <span class='ocrx_word' id='word_1_373' title='bbox 2771 619 3096 687; x_wconf 70' lang='lat' dir='ltr'><strong>praebentes</strong></span> <span class='ocrx_word' id='word_1_374' title='bbox 3127 618 3456 688; x_wconf 72' lang='lat' dir='ltr'><strong>praeceptis,</strong></span> <span class='ocrx_word' id='word_1_375' title='bbox 3491 619 3693 672; x_wconf 90' lang='lat' dir='ltr'><strong>locum</strong></span> <span class='ocrx_word' id='word_1_376' title='bbox 3729 635 3941 689; x_wconf 86' lang='lat' dir='ltr'><strong>quen-</strong></span> 
     </span>
    </p>
   </div>
   <div class='ocr_carea' id='block_1_66' title="bbox 2194 705 3937 763">
    <p class='ocr_par' dir='ltr' id='par_1_66' title="bbox 2194 705 3937 763">
     <span class='ocr_line' id='line_1_66' title="bbox 2194 705 3937 763; baseline -0.002 0"><span class='ocrx_word' id='word_1_377' title='bbox 2194 711 2325 763; x_wconf 90' lang='lat' dir='ltr'><strong>dam</strong></span> <span class='ocrx_word' id='word_1_378' title='bbox 2359 715 2564 762; x_wconf 65' lang='lat' dir='ltr'><strong>nostrae</strong></span> <span class='ocrx_word' id='word_1_379' title='bbox 2593 707 2942 761; x_wconf 62' lang='lat' dir='ltr'><strong>haereditatis</strong></span> <span class='ocrx_word' id='word_1_380' title='bbox 2975 705 3330 760; x_wconf 87' lang='lat' dir='ltr'><strong>Babinberch</strong></span> <span class='ocrx_word' id='word_1_381' title='bbox 3357 707 3576 760; x_wconf 88' lang='lat' dir='ltr'><strong>dictum</strong></span> <span class='ocrx_word' id='word_1_382' title='bbox 3610 708 3674 759; x_wconf 91' lang='lat' dir='ltr'><strong>in</strong></span> <span class='ocrx_word' id='word_1_383' title='bbox 3715 707 3937 759; x_wconf 88' lang='lat' dir='ltr'><strong>sedem</strong></span> 
     </span>
    </p>
   </div>
   <div class='ocr_carea' id='block_1_67' title="bbox 2194 795 3935 868">
    <p class='ocr_par' dir='ltr' id='par_1_67' title="bbox 2194 795 3935 868">
     <span class='ocr_line' id='line_1_67' title="bbox 2194 795 3935 868; baseline -0.002 -18"><span class='ocrx_word' id='word_1_384' title='bbox 2194 799 2552 868; x_wconf 86' lang='lat' dir='ltr'><strong>episcopatus</strong></span> <span class='ocrx_word' id='word_1_385' title='bbox 2603 795 2970 850; x_wconf 81' lang='lat' dir='ltr'><strong>sublimanda</strong></span> <span class='ocrx_word' id='word_1_386' title='bbox 3029 795 3397 864; x_wconf 82' lang='lat' dir='ltr'><strong>proveximus</strong></span> <span class='ocrx_word' id='word_1_387' title='bbox 3455 795 3831 865; x_wconf 62' lang='lat' dir='ltr'><strong>praediisque</strong></span> <span class='ocrx_word' id='word_1_388' title='bbox 3867 802 3935 847; x_wconf 90' lang='lat' dir='ltr'><strong>et</strong></span> 
     </span>
    </p>
   </div>
   <div class='ocr_carea' id='block_1_68' title="bbox 2192 883 3926 951">
    <p class='ocr_par' dir='ltr' id='par_1_68' title="bbox 2192 883 3926 951">
     <span class='ocr_line' id='line_1_68' title="bbox 2192 883 3926 951; baseline -0.002 -12"><span class='ocrx_word' id='word_1_389' title='bbox 2192 886 2363 939; x_wconf 87' lang='lat' dir='ltr'><strong>variis</strong></span> <span class='ocrx_word' id='word_1_390' title='bbox 2384 901 2576 939; x_wconf 90' lang='lat' dir='ltr'><strong>rerum</strong></span> <span class='ocrx_word' id='word_1_391' title='bbox 2628 883 3037 937; x_wconf 89' lang='lat' dir='ltr'><strong>donationibus</strong></span> <span class='ocrx_word' id='word_1_392' title='bbox 3087 884 3396 951; x_wconf 82' lang='lat' dir='ltr'><strong>magniﬁce</strong></span> <span class='ocrx_word' id='word_1_393' title='bbox 3426 884 3926 937; x_wconf 82' lang='lat' dir='ltr'><strong>sublimavimus.</strong></span> 
     </span>
    </p>
   </div>
   <div class='ocr_carea' id='block_1_69' title="bbox 2195 971 3932 1044">
    <p class='ocr_par' dir='ltr' id='par_1_69' title="bbox 2195 971 3932 1044">
     <span class='ocr_line' id='line_1_69' title="bbox 2195 971 3932 1044; baseline -0.003 -17"><span class='ocrx_word' id='word_1_394' title='bbox 2195 975 2554 1043; x_wconf 86' lang='lat' dir='ltr'><strong>Injunximus</strong></span> <span class='ocrx_word' id='word_1_395' title='bbox 2594 989 2825 1044; x_wconf 89' lang='lat' dir='ltr'><strong>quoque</strong></span> <span class='ocrx_word' id='word_1_396' title='bbox 2876 972 3165 1042; x_wconf 58' lang='lat' dir='ltr'><strong>praedicta!</strong></span> <span class='ocrx_word' id='word_1_397' title='bbox 3199 972 3350 1024; x_wconf 91' lang='lat' dir='ltr'><strong>sedis</strong></span> <span class='ocrx_word' id='word_1_398' title='bbox 3384 971 3652 1041; x_wconf 76' lang='lat' dir='ltr'><strong>pontifici</strong></span> <span class='ocrx_word' id='word_1_399' title='bbox 3696 972 3932 1040; x_wconf 80' lang='lat' dir='ltr'><strong>guber-</strong></span> 
     </span>
    </p>
   </div>
   <div class='ocr_carea' id='block_1_70' title="bbox 2196 1060 3939 1130">
    <p class='ocr_par' dir='ltr' id='par_1_70' title="bbox 2196 1060 3939 1130">
     <span class='ocr_line' id='line_1_70' title="bbox 2196 1060 3939 1130; baseline -0.003 -14"><span class='ocrx_word' id='word_1_400' title='bbox 2196 1064 2491 1116; x_wconf 89' lang='lat' dir='ltr'><strong>nationem</strong></span> <span class='ocrx_word' id='word_1_401' title='bbox 2537 1068 2589 1115; x_wconf 87' lang='lat' dir='ltr'><strong>et</strong></span> <span class='ocrx_word' id='word_1_402' title='bbox 2642 1060 3035 1114; x_wconf 86' lang='lat' dir='ltr'><strong>moderamina</strong></span> <span class='ocrx_word' id='word_1_403' title='bbox 3082 1060 3450 1130; x_wconf 90' lang='lat' dir='ltr'><strong>quorundam</strong></span> <span class='ocrx_word' id='word_1_404' title='bbox 3531 1060 3939 1112; x_wconf 88' lang='lat' dir='ltr'><strong>monasterio-</strong></span> 
     </span>
    </p>
   </div>
   <div class='ocr_carea' id='block_1_71' title="bbox 2197 1149 3934 1220">
    <p class='ocr_par' dir='ltr' id='par_1_71' title="bbox 2197 1149 3934 1220">
     <span class='ocr_line' id='line_1_71' title="bbox 2197 1149 3934 1220; baseline -0.003 -15"><span class='ocrx_word' id='word_1_405' title='bbox 2197 1168 2348 1216; x_wconf 89' lang='lat' dir='ltr'><strong>rum,</strong></span> <span class='ocrx_word' id='word_1_406' title='bbox 2381 1151 2530 1204; x_wconf 91' lang='lat' dir='ltr'><strong>inter</strong></span> <span class='ocrx_word' id='word_1_407' title='bbox 2557 1167 2683 1220; x_wconf 65' lang='lat' dir='ltr'><strong>qua:</strong></span> <span class='ocrx_word' id='word_1_408' title='bbox 2716 1165 2893 1202; x_wconf 90' lang='lat' dir='ltr'><strong>unum</strong></span> <span class='ocrx_word' id='word_1_409' title='bbox 2929 1149 3217 1219; x_wconf 88' lang='lat' dir='ltr'><strong>quoddam</strong></span> <span class='ocrx_word' id='word_1_410' title='bbox 3242 1149 3300 1201; x_wconf 90' lang='lat' dir='ltr'><strong>in</strong></span> <span class='ocrx_word' id='word_1_411' title='bbox 3326 1149 3703 1210; x_wconf 85' lang='lat' dir='ltr'><strong>Alemannia,</strong></span> <span class='ocrx_word' id='word_1_412' title='bbox 3754 1150 3934 1216; x_wconf 85' lang='lat' dir='ltr'><strong>juxta</strong></span> 
     </span>
    </p>
   </div>
   <div class='ocr_carea' id='block_1_72' title="bbox 2199 1237 3932 1311">
    <p class='ocr_par' dir='ltr' id='par_1_72' title="bbox 2199 1237 3932 1311">
     <span class='ocr_line' id='line_1_72' title="bbox 2199 1237 3932 1311; baseline -0.002 -18"><span class='ocrx_word' id='word_1_413' title='bbox 2199 1241 2381 1311; x_wconf 91' lang='lat' dir='ltr'><strong>ripam</strong></span> <span class='ocrx_word' id='word_1_414' title='bbox 2415 1240 2601 1293; x_wconf 82' lang='lat' dir='ltr'><strong>Rheni</strong></span> <span class='ocrx_word' id='word_1_415' title='bbox 2627 1239 2822 1300; x_wconf 87' lang='lat' dir='ltr'><strong>situm,</strong></span> <span class='ocrx_word' id='word_1_416' title='bbox 2856 1238 3048 1292; x_wconf 89' lang='lat' dir='ltr'><strong>Steine</strong></span> <span class='ocrx_word' id='word_1_417' title='bbox 3069 1237 3408 1301; x_wconf 87' lang='lat' dir='ltr'><strong>vocitatum,</strong></span> <span class='ocrx_word' id='word_1_418' title='bbox 3445 1244 3638 1290; x_wconf 90' lang='lat' dir='ltr'><strong>nostra</strong></span> <span class='ocrx_word' id='word_1_419' title='bbox 3673 1237 3932 1305; x_wconf 90' lang='lat' dir='ltr'><strong>disposi-</strong></span> 
     </span>
    </p>
   </div>
   <div class='ocr_carea' id='block_1_73' title="bbox 2201 1325 3927 1395">
    <p class='ocr_par' dir='ltr' id='par_1_73' title="bbox 2201 1325 3927 1395">
     <span class='ocr_line' id='line_1_73' title="bbox 2201 1325 3927 1395; baseline -0.004 -12"><span class='ocrx_word' id='word_1_420' title='bbox 2201 1330 2355 1383; x_wconf 91' lang='lat' dir='ltr'><strong>tione</strong></span> <span class='ocrx_word' id='word_1_421' title='bbox 2393 1333 2779 1381; x_wconf 89' lang='lat' dir='ltr'><strong>constructum</strong></span> <span class='ocrx_word' id='word_1_422' title='bbox 2826 1332 2884 1380; x_wconf 87' lang='lat' dir='ltr'><strong>et</strong></span> <span class='ocrx_word' id='word_1_423' title='bbox 2930 1326 3318 1390; x_wconf 90' lang='lat' dir='ltr'><strong>moderatum,</strong></span> <span class='ocrx_word' id='word_1_424' title='bbox 3367 1327 3491 1395; x_wconf 85' lang='lat' dir='ltr'><strong>ejus</strong></span> <span class='ocrx_word' id='word_1_425' title='bbox 3541 1325 3927 1379; x_wconf 84' lang='lat' dir='ltr'><strong>commenda-</strong></span> 
     </span>
    </p>
   </div>
   <div class='ocr_carea' id='block_1_74' title="bbox 2199 1413 3927 1484">
    <p class='ocr_par' dir='ltr' id='par_1_74' title="bbox 2199 1413 3927 1484">
     <span class='ocr_line' id='line_1_74' title="bbox 2199 1413 3927 1484; baseline -0.003 -13"><span class='ocrx_word' id='word_1_426' title='bbox 2199 1417 2344 1471; x_wconf 92' lang='lat' dir='ltr'><strong>tioni</strong></span> <span class='ocrx_word' id='word_1_427' title='bbox 2402 1417 2667 1472; x_wconf 85' lang='lat' dir='ltr'><strong>volumus</strong></span> <span class='ocrx_word' id='word_1_428' title='bbox 2707 1415 3047 1484; x_wconf 88' lang='lat' dir='ltr'><strong>subjectum.</strong></span> <span class='ocrx_word' id='word_1_429' title='bbox 3097 1415 3274 1483; x_wconf 84' lang='lat' dir='ltr'><strong>Hujus</strong></span> <span class='ocrx_word' id='word_1_430' title='bbox 3325 1415 3504 1483; x_wconf 89' lang='lat' dir='ltr'><strong>igitur</strong></span> <span class='ocrx_word' id='word_1_431' title='bbox 3565 1413 3927 1466; x_wconf 84' lang='lat' dir='ltr'><strong>monasterii</strong></span> 
     </span>
    </p>
   </div>
   <div class='ocr_carea' id='block_1_75' title="bbox 2200 1501 3932 1575">
    <p class='ocr_par' dir='ltr' id='par_1_75' title="bbox 2200 1501 3932 1575">
     <span class='ocr_line' id='line_1_75' title="bbox 2200 1501 3932 1575; baseline -0.003 -18"><span class='ocrx_word' id='word_1_432' title='bbox 2200 1509 2595 1575; x_wconf 85' lang='lat' dir='ltr'><strong>procuratores</strong></span> <span class='ocrx_word' id='word_1_433' title='bbox 2638 1507 2694 1555; x_wconf 91' lang='lat' dir='ltr'><strong>et</strong></span> <span class='ocrx_word' id='word_1_434' title='bbox 2751 1501 2971 1572; x_wconf 63' lang='lat' dir='ltr'><strong>praelati</strong></span> <span class='ocrx_word' id='word_1_435' title='bbox 3020 1501 3348 1567; x_wconf 86' lang='lat' dir='ltr'><strong>serenitatis</strong></span> <span class='ocrx_word' id='word_1_436' title='bbox 3397 1506 3616 1554; x_wconf 76' lang='lat' dir='ltr'><strong>nostrae</strong></span> <span class='ocrx_word' id='word_1_437' title='bbox 3666 1515 3932 1570; x_wconf 75' lang='lat' dir='ltr'><strong>praesen-</strong></span> 
     </span>
    </p>
   </div>
   <div class='ocr_carea' id='block_1_76' title="bbox 2199 1589 3930 1660">
    <p class='ocr_par' dir='ltr' id='par_1_76' title="bbox 2199 1589 3930 1660">
     <span class='ocr_line' id='line_1_76' title="bbox 2199 1589 3930 1660; baseline -0.005 -13"><span class='ocrx_word' id='word_1_438' title='bbox 2199 1595 2339 1647; x_wconf 87' lang='lat' dir='ltr'><strong>tiam</strong></span> <span class='ocrx_word' id='word_1_439' title='bbox 2367 1593 2580 1657; x_wconf 87' lang='lat' dir='ltr'><strong>adiere,</strong></span> <span class='ocrx_word' id='word_1_440' title='bbox 2631 1596 2705 1658; x_wconf 88' lang='lat' dir='ltr'><strong>et,</strong></span> <span class='ocrx_word' id='word_1_441' title='bbox 2760 1591 2828 1644; x_wconf 91' lang='lat' dir='ltr'><strong>de</strong></span> <span class='ocrx_word' id='word_1_442' title='bbox 2869 1589 3126 1660; x_wconf 64' lang='lat' dir='ltr'><strong>praedicti</strong></span> <span class='ocrx_word' id='word_1_443' title='bbox 3179 1590 3287 1642; x_wconf 90' lang='lat' dir='ltr'><strong>loci</strong></span> <span class='ocrx_word' id='word_1_444' title='bbox 3335 1589 3540 1658; x_wconf 88' lang='lat' dir='ltr'><strong>inopia</strong></span> <span class='ocrx_word' id='word_1_445' title='bbox 3600 1605 3670 1642; x_wconf 90' lang='lat' dir='ltr'><strong>ac</strong></span> <span class='ocrx_word' id='word_1_446' title='bbox 3705 1605 3930 1659; x_wconf 86' lang='lat' dir='ltr'><strong>posses-</strong></span> 
     </span>
    </p>
   </div>
   <div class='ocr_carea' id='block_1_77' title="bbox 2202 1677 3929 1750">
    <p class='ocr_par' dir='ltr' id='par_1_77' title="bbox 2202 1677 3929 1750">
     <span class='ocr_line' id='line_1_77' title="bbox 2202 1677 3929 1750; baseline -0.003 -17"><span class='ocrx_word' id='word_1_447' title='bbox 2202 1683 2428 1735; x_wconf 87' lang='lat' dir='ltr'><strong>sionum</strong></span> <span class='ocrx_word' id='word_1_448' title='bbox 2499 1681 2635 1734; x_wconf 89' lang='lat' dir='ltr'><strong>illuc</strong></span> <span class='ocrx_word' id='word_1_449' title='bbox 2694 1679 3106 1750; x_wconf 86' lang='lat' dir='ltr'><strong>pertinentium</strong></span> <span class='ocrx_word' id='word_1_450' title='bbox 3155 1677 3438 1748; x_wconf 87' lang='lat' dir='ltr'><strong>parvitate</strong></span> <span class='ocrx_word' id='word_1_451' title='bbox 3487 1684 3929 1748; x_wconf 84' lang='lat' dir='ltr'><strong>conquerentes</strong></span> 
     </span>
    </p>
   </div>
   <div class='ocr_carea' id='block_1_78' title="bbox 2203 1765 3929 1841">
    <p class='ocr_par' dir='ltr' id='par_1_78' title="bbox 2203 1765 3929 1841">
     <span class='ocr_line' id='line_1_78' title="bbox 2203 1765 3929 1841; baseline -0.004 -17"><span class='ocrx_word' id='word_1_452' title='bbox 2203 1771 2436 1841; x_wconf 85' lang='lat' dir='ltr'><strong>aliquod</strong></span> <span class='ocrx_word' id='word_1_453' title='bbox 2467 1771 2890 1822; x_wconf 90' lang='lat' dir='ltr'><strong>sublementum</strong></span> <span class='ocrx_word' id='word_1_454' title='bbox 2921 1772 2976 1820; x_wconf 86' lang='lat' dir='ltr'><strong>et</strong></span> <span class='ocrx_word' id='word_1_455' title='bbox 3005 1767 3329 1820; x_wconf 87' lang='lat' dir='ltr'><strong>auctionem</strong></span> <span class='ocrx_word' id='word_1_456' title='bbox 3387 1765 3755 1835; x_wconf 73' lang='lat' dir='ltr'><strong>prtediorum</strong></span> <span class='ocrx_word' id='word_1_457' title='bbox 3789 1766 3929 1818; x_wconf 71' lang='lat' dir='ltr'><strong>illuc</strong></span> 
     </span>
    </p>
   </div>
   <div class='ocr_carea' id='block_1_79' title="bbox 2201 1855 3931 1927">
    <p class='ocr_par' dir='ltr' id='par_1_79' title="bbox 2201 1855 3931 1927">
     <span class='ocr_line' id='line_1_79' title="bbox 2201 1855 3931 1927; baseline -0.005 -14"><span class='ocrx_word' id='word_1_458' title='bbox 2201 1860 2436 1913; x_wconf 88' lang='lat' dir='ltr'><strong>concedi</strong></span> <span class='ocrx_word' id='word_1_459' title='bbox 2494 1864 2552 1912; x_wconf 91' lang='lat' dir='ltr'><strong>et</strong></span> <span class='ocrx_word' id='word_1_460' title='bbox 2603 1856 2908 1927; x_wconf 88' lang='lat' dir='ltr'><strong>superaddi</strong></span> <span class='ocrx_word' id='word_1_461' title='bbox 2951 1856 3281 1926; x_wconf 86' lang='lat' dir='ltr'><strong>suppliciter</strong></span> <span class='ocrx_word' id='word_1_462' title='bbox 3317 1856 3708 1925; x_wconf 78' lang='lat' dir='ltr'><strong>postulavere.</strong></span> <span class='ocrx_word' id='word_1_463' title='bbox 3774 1855 3931 1924; x_wconf 86' lang='lat' dir='ltr'><strong>Ipso-</strong></span> 
     </span>
    </p>
   </div>
   <div class='ocr_carea' id='block_1_80' title="bbox 2204 1943 3930 2018">
    <p class='ocr_par' dir='ltr' id='par_1_80' title="bbox 2204 1943 3930 2018">
     <span class='ocr_line' id='line_1_80' title="bbox 2204 1943 3930 2018; baseline -0.004 -17"><span class='ocrx_word' id='word_1_464' title='bbox 2204 1965 2334 2002; x_wconf 90' lang='lat' dir='ltr'><strong>rum</strong></span> <span class='ocrx_word' id='word_1_465' title='bbox 2361 1962 2592 2018; x_wconf 88' lang='lat' dir='ltr'><strong>quoque</strong></span> <span class='ocrx_word' id='word_1_466' title='bbox 2619 1946 2822 1999; x_wconf 78' lang='lat' dir='ltr'><strong>obnixe</strong></span> <span class='ocrx_word' id='word_1_467' title='bbox 2846 1945 3109 2014; x_wconf 88' lang='lat' dir='ltr'><strong>petitioni</strong></span> <span class='ocrx_word' id='word_1_468' title='bbox 3137 1959 3265 1996; x_wconf 87' lang='lat' dir='ltr'><strong>cum</strong></span> <span class='ocrx_word' id='word_1_469' title='bbox 3299 1943 3560 1996; x_wconf 85' lang='lat' dir='ltr'><strong>tidelium</strong></span> <span class='ocrx_word' id='word_1_470' title='bbox 3585 1949 3930 1996; x_wconf 89' lang='lat' dir='ltr'><strong>nostrorum</strong></span> 
     </span>
    </p>
   </div>
   <div class='ocr_carea' id='block_1_81' title="bbox 2204 2031 3929 2108">
    <p class='ocr_par' dir='ltr' id='par_1_81' title="bbox 2204 2031 3929 2108">
     <span class='ocr_line' id='line_1_81' title="bbox 2204 2031 3929 2108; baseline -0.005 -17"><span class='ocrx_word' id='word_1_471' title='bbox 2204 2038 2606 2108; x_wconf 90' lang='lat' dir='ltr'><strong>episcoporum</strong></span> <span class='ocrx_word' id='word_1_472' title='bbox 2635 2034 2893 2088; x_wconf 89' lang='lat' dir='ltr'><strong>videlicet</strong></span> <span class='ocrx_word' id='word_1_473' title='bbox 2914 2039 2970 2086; x_wconf 90' lang='lat' dir='ltr'><strong>et</strong></span> <span class='ocrx_word' id='word_1_474' title='bbox 2998 2032 3266 2086; x_wconf 90' lang='lat' dir='ltr'><strong>abbatum</strong></span> <span class='ocrx_word' id='word_1_475' title='bbox 3289 2033 3494 2085; x_wconf 90' lang='lat' dir='ltr'><strong>ducem</strong></span> <span class='ocrx_word' id='word_1_476' title='bbox 3514 2036 3574 2084; x_wconf 89' lang='lat' dir='ltr'><strong>et</strong></span> <span class='ocrx_word' id='word_1_477' title='bbox 3611 2031 3929 2091; x_wconf 84' lang='lat' dir='ltr'><strong>comitum.</strong></span> 
     </span>
    </p>
   </div>
   <div class='ocr_carea' id='block_1_82' title="bbox 2205 2119 3932 2185">
    <p class='ocr_par' dir='ltr' id='par_1_82' title="bbox 2205 2119 3932 2185">
     <span class='ocr_line' id='line_1_82' title="bbox 2205 2119 3932 2185; baseline -0.005 -6"><span class='ocrx_word' id='word_1_478' title='bbox 2205 2126 2365 2179; x_wconf 86' lang='lat' dir='ltr'><strong>favor</strong></span> <span class='ocrx_word' id='word_1_479' title='bbox 2396 2130 2452 2176; x_wconf 88' lang='lat' dir='ltr'><strong>et</strong></span> <span class='ocrx_word' id='word_1_480' title='bbox 2497 2122 2730 2176; x_wconf 64' lang='lat' dir='ltr'><strong>suadela</strong></span> <span class='ocrx_word' id='word_1_481' title='bbox 2799 2121 3146 2185; x_wconf 86' lang='lat' dir='ltr'><strong>accessisset,</strong></span> <span class='ocrx_word' id='word_1_482' title='bbox 3181 2135 3285 2173; x_wconf 91' lang='lat' dir='ltr'><strong>nos</strong></span> <span class='ocrx_word' id='word_1_483' title='bbox 3337 2125 3468 2173; x_wconf 89' lang='lat' dir='ltr'><strong>vota</strong></span> <span class='ocrx_word' id='word_1_484' title='bbox 3523 2119 3771 2172; x_wconf 88' lang='lat' dir='ltr'><strong>illorum</strong></span> <span class='ocrx_word' id='word_1_485' title='bbox 3836 2119 3932 2171; x_wconf 86' lang='lat' dir='ltr'><strong>be-</strong></span> 
     </span>
    </p>
   </div>
   <div class='ocr_carea' id='block_1_83' title="bbox 2204 2207 3929 2283">
    <p class='ocr_par' dir='ltr' id='par_1_83' title="bbox 2204 2207 3929 2283">
     <span class='ocr_line' id='line_1_83' title="bbox 2204 2207 3929 2283; baseline -0.004 -16"><span class='ocrx_word' id='word_1_486' title='bbox 2204 2214 2379 2283; x_wconf 88' lang='lat' dir='ltr'><strong>nigne</strong></span> <span class='ocrx_word' id='word_1_487' title='bbox 2409 2211 2762 2282; x_wconf 89' lang='lat' dir='ltr'><strong>suscepimus</strong></span> <span class='ocrx_word' id='word_1_488' title='bbox 2808 2215 2865 2263; x_wconf 89' lang='lat' dir='ltr'><strong>et</strong></span> <span class='ocrx_word' id='word_1_489' title='bbox 2887 2208 3160 2280; x_wconf 88' lang='lat' dir='ltr'><strong>petitioni</strong></span> <span class='ocrx_word' id='word_1_490' title='bbox 3190 2224 3388 2262; x_wconf 88' lang='lat' dir='ltr'><strong>eorum</strong></span> <span class='ocrx_word' id='word_1_491' title='bbox 3416 2208 3489 2261; x_wconf 91' lang='lat' dir='ltr'><strong>ob</strong></span> <span class='ocrx_word' id='word_1_492' title='bbox 3514 2207 3736 2260; x_wconf 61' lang='lat' dir='ltr'><strong>divine</strong></span> <span class='ocrx_word' id='word_1_493' title='bbox 3771 2223 3929 2261; x_wconf 89' lang='lat' dir='ltr'><strong>mer-</strong></span> 
     </span>
    </p>
   </div>
   <div class='ocr_carea' id='block_1_84' title="bbox 2205 2297 3932 2370">
    <p class='ocr_par' dir='ltr' id='par_1_84' title="bbox 2205 2297 3932 2370">
     <span class='ocr_line' id='line_1_84' title="bbox 2205 2297 3932 2370; baseline -0.002 -16"><span class='ocrx_word' id='word_1_494' title='bbox 2205 2301 2360 2354; x_wconf 90' lang='lat' dir='ltr'><strong>cedis</strong></span> <span class='ocrx_word' id='word_1_495' title='bbox 2414 2305 2788 2370; x_wconf 83' lang='lat' dir='ltr'><strong>augmentum</strong></span> <span class='ocrx_word' id='word_1_496' title='bbox 2848 2297 3152 2367; x_wconf 89' lang='lat' dir='ltr'><strong>adimpleri</strong></span> <span class='ocrx_word' id='word_1_497' title='bbox 3209 2297 3592 2351; x_wconf 79' lang='lat' dir='ltr'><strong>decrevimus.</strong></span> <span class='ocrx_word' id='word_1_498' title='bbox 3664 2297 3932 2350; x_wconf 83' lang='lat' dir='ltr'><strong>Proinde</strong></span> 
     </span>
    </p>
   </div>
   <div class='ocr_carea' id='block_1_85' title="bbox 2205 2385 3932 2456">
    <p class='ocr_par' dir='ltr' id='par_1_85' title="bbox 2205 2385 3932 2456">
     <span class='ocr_line' id='line_1_85' title="bbox 2205 2385 3932 2456; baseline -0.003 -13"><span class='ocrx_word' id='word_1_499' title='bbox 2205 2389 2430 2443; x_wconf 90' lang='lat' dir='ltr'><strong>noverit</strong></span> <span class='ocrx_word' id='word_1_500' title='bbox 2457 2388 2717 2442; x_wconf 89' lang='lat' dir='ltr'><strong>omnium</strong></span> <span class='ocrx_word' id='word_1_501' title='bbox 2741 2387 2922 2441; x_wconf 91' lang='lat' dir='ltr'><strong>nostri</strong></span> <span class='ocrx_word' id='word_1_502' title='bbox 2939 2386 3220 2447; x_wconf 76' lang='lat' dir='ltr'><strong>fidelium.</strong></span> <span class='ocrx_word' id='word_1_503' title='bbox 3282 2385 3662 2456; x_wconf 63' lang='lat' dir='ltr'><strong>prasentium</strong></span> <span class='ocrx_word' id='word_1_504' title='bbox 3702 2386 3932 2439; x_wconf 86' lang='lat' dir='ltr'><strong>scilicet</strong></span> 
     </span>
    </p>
   </div>
   <div class='ocr_carea' id='block_1_86' title="bbox 2208 2475 3932 2545">
    <p class='ocr_par' dir='ltr' id='par_1_86' title="bbox 2208 2475 3932 2545">
     <span class='ocr_line' id='line_1_86' title="bbox 2208 2475 3932 2545; baseline -0.003 -13"><span class='ocrx_word' id='word_1_505' title='bbox 2208 2496 2270 2532; x_wconf 88' lang='lat' dir='ltr'><strong>ac</strong></span> <span class='ocrx_word' id='word_1_506' title='bbox 2300 2476 2628 2532; x_wconf 88' lang='lat' dir='ltr'><strong>futurorum</strong></span> <span class='ocrx_word' id='word_1_507' title='bbox 2668 2475 2968 2538; x_wconf 90' lang='lat' dir='ltr'><strong>industria,</strong></span> <span class='ocrx_word' id='word_1_508' title='bbox 3026 2475 3162 2545; x_wconf 89' lang='lat' dir='ltr'><strong>quia</strong></span> <span class='ocrx_word' id='word_1_509' title='bbox 3219 2491 3326 2527; x_wconf 91' lang='lat' dir='ltr'><strong>nos</strong></span> <span class='ocrx_word' id='word_1_510' title='bbox 3373 2475 3668 2544; x_wconf 87' lang='lat' dir='ltr'><strong>quendam</strong></span> <span class='ocrx_word' id='word_1_511' title='bbox 3733 2479 3932 2528; x_wconf 85' lang='lat' dir='ltr'><strong>nostri</strong></span> 
     </span>
    </p>
   </div>
   <div class='ocr_carea' id='block_1_87' title="bbox 2203 2562 3929 2638">
    <p class='ocr_par' dir='ltr' id='par_1_87' title="bbox 2203 2562 3929 2638">
     <span class='ocr_line' id='line_1_87' title="bbox 2203 2562 3929 2638; baseline -0.003 -17"><span class='ocrx_word' id='word_1_512' title='bbox 2203 2567 2350 2638; x_wconf 90' lang='lat' dir='ltr'><strong>juris</strong></span> <span class='ocrx_word' id='word_1_513' title='bbox 2379 2583 2442 2620; x_wconf 85' lang='lat' dir='ltr'><strong>ac</strong></span> <span class='ocrx_word' id='word_1_514' title='bbox 2494 2565 2862 2636; x_wconf 88' lang='lat' dir='ltr'><strong>proprietatis</strong></span> <span class='ocrx_word' id='word_1_515' title='bbox 2884 2565 3070 2618; x_wconf 91' lang='lat' dir='ltr'><strong>locum</strong></span> <span class='ocrx_word' id='word_1_516' title='bbox 3099 2562 3476 2618; x_wconf 85' lang='lat' dir='ltr'><strong>Cbilichheim</strong></span> <span class='ocrx_word' id='word_1_517' title='bbox 3495 2564 3652 2630; x_wconf 80' lang='grc'>(151)</span> <span class='ocrx_word' id='word_1_518' title='bbox 3690 2563 3929 2616; x_wconf 86' lang='lat' dir='ltr'><strong>dictum</strong></span> 
     </span>
    </p>
   </div>
   <div class='ocr_carea' id='block_1_88' title="bbox 2209 2651 3933 2726">
    <p class='ocr_par' dir='ltr' id='par_1_88' title="bbox 2209 2651 3933 2726">
     <span class='ocr_line' id='line_1_88' title="bbox 2209 2651 3933 2726; baseline -0.003 -16"><span class='ocrx_word' id='word_1_519' title='bbox 2209 2657 2266 2710; x_wconf 90' lang='lat' dir='ltr'><strong>in</strong></span> <span class='ocrx_word' id='word_1_520' title='bbox 2297 2671 2445 2726; x_wconf 87' lang='lat' dir='ltr'><strong>pago</strong></span> <span class='ocrx_word' id='word_1_521' title='bbox 2478 2655 2858 2724; x_wconf 85' lang='lat' dir='ltr'><strong>Prisichgowe</strong></span> <span class='ocrx_word' id='word_1_522' title='bbox 2898 2658 2955 2706; x_wconf 91' lang='lat' dir='ltr'><strong>et</strong></span> <span class='ocrx_word' id='word_1_523' title='bbox 2991 2653 3050 2706; x_wconf 93' lang='lat' dir='ltr'><strong>in</strong></span> <span class='ocrx_word' id='word_1_524' title='bbox 3082 2653 3359 2706; x_wconf 88' lang='lat' dir='ltr'><strong>comitatu</strong></span> <span class='ocrx_word' id='word_1_525' title='bbox 3409 2651 3807 2706; x_wconf 80' lang='lat' dir='ltr'><strong>Adelberonis</strong></span> <span class='ocrx_word' id='word_1_526' title='bbox 3841 2668 3933 2705; x_wconf 89' lang='lat' dir='ltr'><strong>co-</strong></span> 
     </span>
    </p>
   </div>
   <div class='ocr_carea' id='block_1_89' title="bbox 2208 2740 3934 2810">
    <p class='ocr_par' dir='ltr' id='par_1_89' title="bbox 2208 2740 3934 2810">
     <span class='ocr_line' id='line_1_89' title="bbox 2208 2740 3934 2810; baseline -0.003 -11"><span class='ocrx_word' id='word_1_527' title='bbox 2208 2745 2364 2799; x_wconf 88' lang='lat' dir='ltr'><strong>mitis</strong></span> <span class='ocrx_word' id='word_1_528' title='bbox 2402 2744 2596 2809; x_wconf 90' lang='lat' dir='ltr'><strong>situm,</strong></span> <span class='ocrx_word' id='word_1_529' title='bbox 2624 2743 2905 2796; x_wconf 89' lang='lat' dir='ltr'><strong>tradimus</strong></span> <span class='ocrx_word' id='word_1_530' title='bbox 2941 2741 3007 2795; x_wconf 89' lang='lat' dir='ltr'><strong>ad</strong></span> <span class='ocrx_word' id='word_1_531' title='bbox 3041 2741 3431 2810; x_wconf 87' lang='lat' dir='ltr'><strong>supradictum</strong></span> <span class='ocrx_word' id='word_1_532' title='bbox 3466 2740 3934 2804; x_wconf 86' lang='lat' dir='ltr'><strong>monasterium,</strong></span> 
     </span>
    </p>
   </div>
   <div class='ocr_carea' id='block_1_90' title="bbox 2211 2828 3939 2904">
    <p class='ocr_par' dir='ltr' id='par_1_90' title="bbox 2211 2828 3939 2904">
     <span class='ocr_line' id='line_1_90' title="bbox 2211 2828 3939 2904; baseline -0.002 -18"><span class='ocrx_word' id='word_1_533' title='bbox 2211 2833 2361 2904; x_wconf 90' lang='lat' dir='ltr'><strong>quod</strong></span> <span class='ocrx_word' id='word_1_534' title='bbox 2414 2838 2498 2887; x_wconf 87' lang='lat' dir='ltr'><strong>est</strong></span> <span class='ocrx_word' id='word_1_535' title='bbox 2525 2837 2918 2885; x_wconf 88' lang='lat' dir='ltr'><strong>consecratum</strong></span> <span class='ocrx_word' id='word_1_536' title='bbox 2976 2829 3188 2883; x_wconf 89' lang='lat' dir='ltr'><strong>honori</strong></span> <span class='ocrx_word' id='word_1_537' title='bbox 3229 2829 3290 2882; x_wconf 88' lang='lat' dir='ltr'><strong>S.</strong></span> <span class='ocrx_word' id='word_1_538' title='bbox 3352 2828 3450 2882; x_wconf 90' lang='lat' dir='ltr'><strong>Dei</strong></span> <span class='ocrx_word' id='word_1_539' title='bbox 3482 2828 3820 2882; x_wconf 87' lang='lat' dir='ltr'><strong>Genetricis</strong></span> <span class='ocrx_word' id='word_1_540' title='bbox 3875 2847 3939 2883; x_wconf 90' lang='lat' dir='ltr'><strong>ac</strong></span> 
     </span>
    </p>
   </div>
   <div class='ocr_carea' id='block_1_91' title="bbox 2211 2916 3938 2991">
    <p class='ocr_par' dir='ltr' id='par_1_91' title="bbox 2211 2916 3938 2991">
     <span class='ocr_line' id='line_1_91' title="bbox 2211 2916 3938 2991; baseline -0.003 -15"><span class='ocrx_word' id='word_1_541' title='bbox 2211 2923 2306 2976; x_wconf 91' lang='lat' dir='ltr'><strong>SS.</strong></span> <span class='ocrx_word' id='word_1_542' title='bbox 2337 2920 2565 2991; x_wconf 87' lang='lat' dir='ltr'><strong>Georgii</strong></span> <span class='ocrx_word' id='word_1_543' title='bbox 2596 2925 2653 2974; x_wconf 84' lang='lat' dir='ltr'><strong>et</strong></span> <span class='ocrx_word' id='word_1_544' title='bbox 2680 2919 2876 2989; x_wconf 88' lang='lat' dir='ltr'><strong>Cyrilli</strong></span> <span class='ocrx_word' id='word_1_545' title='bbox 2933 2924 3270 2987; x_wconf 85' lang='lat' dir='ltr'><strong>martyrum,</strong></span> <span class='ocrx_word' id='word_1_546' title='bbox 3306 2932 3437 2970; x_wconf 86' lang='lat' dir='ltr'><strong>cum</strong></span> <span class='ocrx_word' id='word_1_547' title='bbox 3486 2916 3770 2970; x_wconf 90' lang='lat' dir='ltr'><strong>omnibus</strong></span> <span class='ocrx_word' id='word_1_548' title='bbox 3806 2919 3938 2987; x_wconf 81' lang='lat' dir='ltr'><strong>ejus</strong></span> 
     </span>
    </p>
   </div>
   <div class='ocr_carea' id='block_1_92' title="bbox 2129 3005 3936 3080">
    <p class='ocr_par' dir='ltr' id='par_1_92' title="bbox 2129 3005 3936 3080">
     <span class='ocr_line' id='line_1_92' title="bbox 2129 3005 3936 3080; baseline -0.002 -18"><span class='ocrx_word' id='word_1_549' title='bbox 2129 3007 2170 3062; x_wconf 88' lang='lat' dir='ltr'><strong>C</strong></span> <span class='ocrx_word' id='word_1_550' title='bbox 2206 3010 2593 3080; x_wconf 72' lang='lat' dir='ltr'><strong>pertinentiis,</strong></span> <span class='ocrx_word' id='word_1_551' title='bbox 2623 3008 2889 3063; x_wconf 78' lang='lat' dir='ltr'><strong>videlicet</strong></span> <span class='ocrx_word' id='word_1_552' title='bbox 2917 3007 3190 3074; x_wconf 90' lang='lat' dir='ltr'><strong>ecclesiis,</strong></span> <span class='ocrx_word' id='word_1_553' title='bbox 3223 3005 3396 3071; x_wconf 82' lang='lat' dir='ltr'><strong>villis,</strong></span> <span class='ocrx_word' id='word_1_554' title='bbox 3425 3005 3623 3070; x_wconf 88' lang='lat' dir='ltr'><strong>servis,</strong></span> <span class='ocrx_word' id='word_1_555' title='bbox 3663 3005 3936 3069; x_wconf 83' lang='lat' dir='ltr'><strong>ancillis,</strong></span> 
     </span>
    </p>
   </div>
   <div class='ocr_carea' id='block_1_93' title="bbox 2210 3094 3934 3164">
    <p class='ocr_par' dir='ltr' id='par_1_93' title="bbox 2210 3094 3934 3164">
     <span class='ocr_line' id='line_1_93' title="bbox 2210 3094 3934 3164; baseline -0.002 -13"><span class='ocrx_word' id='word_1_556' title='bbox 2210 3099 2374 3164; x_wconf 90' lang='lat' dir='ltr'><strong>areis,</strong></span> <span class='ocrx_word' id='word_1_557' title='bbox 2402 3095 2678 3162; x_wconf 65' lang='lat' dir='ltr'><strong>aediﬁciis,</strong></span> <span class='ocrx_word' id='word_1_558' title='bbox 2739 3112 2871 3149; x_wconf 92' lang='lat' dir='ltr'><strong>cum</strong></span> <span class='ocrx_word' id='word_1_559' title='bbox 2902 3095 3233 3149; x_wconf 87' lang='lat' dir='ltr'><strong>hominibus</strong></span> <span class='ocrx_word' id='word_1_560' title='bbox 3299 3094 3581 3164; x_wconf 86' lang='lat' dir='ltr'><strong>terrisque</strong></span> <span class='ocrx_word' id='word_1_561' title='bbox 3627 3097 3934 3148; x_wconf 86' lang='lat' dir='ltr'><strong>censuali-</strong></span> 
     </span>
    </p>
   </div>
   <div class='ocr_carea' id='block_1_94' title="bbox 2207 3181 3932 3255">
    <p class='ocr_par' dir='ltr' id='par_1_94' title="bbox 2207 3181 3932 3255">
     <span class='ocr_line' id='line_1_94' title="bbox 2207 3181 3932 3255; baseline -0.003 -14"><span class='ocrx_word' id='word_1_562' title='bbox 2207 3187 2335 3255; x_wconf 90' lang='lat' dir='ltr'><strong>bus,</strong></span> <span class='ocrx_word' id='word_1_563' title='bbox 2363 3203 2491 3239; x_wconf 90' lang='lat' dir='ltr'><strong>cum</strong></span> <span class='ocrx_word' id='word_1_564' title='bbox 2517 3184 2745 3239; x_wconf 87' lang='lat' dir='ltr'><strong>tributis</strong></span> <span class='ocrx_word' id='word_1_565' title='bbox 2777 3189 2834 3238; x_wconf 89' lang='lat' dir='ltr'><strong>et</strong></span> <span class='ocrx_word' id='word_1_566' title='bbox 2863 3181 3094 3237; x_wconf 89' lang='lat' dir='ltr'><strong>teloniis</strong></span> <span class='ocrx_word' id='word_1_567' title='bbox 3132 3182 3202 3236; x_wconf 91' lang='lat' dir='ltr'><strong>de</strong></span> <span class='ocrx_word' id='word_1_568' title='bbox 3234 3182 3477 3234; x_wconf 89' lang='lat' dir='ltr'><strong>navibus</strong></span> <span class='ocrx_word' id='word_1_569' title='bbox 3506 3196 3612 3250; x_wconf 90' lang='lat' dir='ltr'><strong>per</strong></span> <span class='ocrx_word' id='word_1_570' title='bbox 3640 3181 3932 3236; x_wconf 84' lang='lat' dir='ltr'><strong>Rhenum</strong></span> 
     </span>
    </p>
   </div>
   <div class='ocr_carea' id='block_1_95' title="bbox 2205 3269 3927 3341">
    <p class='ocr_par' dir='ltr' id='par_1_95' title="bbox 2205 3269 3927 3341">
     <span class='ocr_line' id='line_1_95' title="bbox 2205 3269 3927 3341; baseline -0.003 -12"><span class='ocrx_word' id='word_1_571' title='bbox 2205 3274 2658 3329; x_wconf 85' lang='lat' dir='ltr'><strong>discurrentibus</strong></span> <span class='ocrx_word' id='word_1_572' title='bbox 2688 3273 2777 3326; x_wconf 85' lang='lat' dir='ltr'><strong>vel</strong></span> <span class='ocrx_word' id='word_1_573' title='bbox 2808 3272 3210 3341; x_wconf 89' lang='lat' dir='ltr'><strong>undecumque</strong></span> <span class='ocrx_word' id='word_1_574' title='bbox 3236 3274 3428 3324; x_wconf 91' lang='lat' dir='ltr'><strong>noster</strong></span> <span class='ocrx_word' id='word_1_575' title='bbox 3458 3269 3630 3324; x_wconf 82' lang='lat' dir='ltr'><strong>tiscus</strong></span> <span class='ocrx_word' id='word_1_576' title='bbox 3667 3270 3927 3324; x_wconf 81' lang='lat' dir='ltr'><strong>circum-</strong></span> 
     </span>
    </p>
   </div>
   <div class='ocr_carea' id='block_1_96' title="bbox 2207 3358 3927 3435">
    <p class='ocr_par' dir='ltr' id='par_1_96' title="bbox 2207 3358 3927 3435">
     <span class='ocr_line' id='line_1_96' title="bbox 2207 3358 3927 3435; baseline -0.003 -18"><span class='ocrx_word' id='word_1_577' title='bbox 2207 3379 2434 3435; x_wconf 89' lang='lat' dir='ltr'><strong>quaque</strong></span> <span class='ocrx_word' id='word_1_578' title='bbox 2457 3362 2592 3416; x_wconf 91' lang='lat' dir='ltr'><strong>illuc</strong></span> <span class='ocrx_word' id='word_1_579' title='bbox 2621 3360 2856 3432; x_wconf 88' lang='lat' dir='ltr'><strong>aliquod</strong></span> <span class='ocrx_word' id='word_1_580' title='bbox 2890 3360 2986 3429; x_wconf 90' lang='lat' dir='ltr'><strong>jus</strong></span> <span class='ocrx_word' id='word_1_581' title='bbox 3007 3359 3235 3428; x_wconf 84' lang='lat' dir='ltr'><strong>exigere</strong></span> <span class='ocrx_word' id='word_1_582' title='bbox 3267 3362 3366 3410; x_wconf 88' lang='lat' dir='ltr'><strong>aut</strong></span> <span class='ocrx_word' id='word_1_583' title='bbox 3392 3373 3624 3427; x_wconf 89' lang='lat' dir='ltr'><strong>sperare</strong></span> <span class='ocrx_word' id='word_1_584' title='bbox 3653 3358 3927 3412; x_wconf 87' lang='lat' dir='ltr'><strong>deberet.</strong></span> 
     </span>
    </p>
   </div>
   <div class='ocr_carea' id='block_1_97' title="bbox 2209 3445 3930 3520">
    <p class='ocr_par' dir='ltr' id='par_1_97' title="bbox 2209 3445 3930 3520">
     <span class='ocr_line' id='line_1_97' title="bbox 2209 3445 3930 3520; baseline -0.002 -16"><span class='ocrx_word' id='word_1_585' title='bbox 2209 3452 2338 3504; x_wconf 59' lang='lat' dir='ltr'><strong>Haec</strong></span> <span class='ocrx_word' id='word_1_586' title='bbox 2377 3451 2572 3520; x_wconf 86' lang='lat' dir='ltr'><strong>igitur,</strong></span> <span class='ocrx_word' id='word_1_587' title='bbox 2624 3465 2754 3504; x_wconf 94' lang='lat' dir='ltr'><strong>cum</strong></span> <span class='ocrx_word' id='word_1_588' title='bbox 2785 3448 3056 3502; x_wconf 89' lang='lat' dir='ltr'><strong>omnibus</strong></span> <span class='ocrx_word' id='word_1_589' title='bbox 3085 3445 3306 3500; x_wconf 64' lang='lat' dir='ltr'><strong>cmteris</strong></span> <span class='ocrx_word' id='word_1_590' title='bbox 3363 3446 3731 3515; x_wconf 90' lang='lat' dir='ltr'><strong>appendiciis</strong></span> <span class='ocrx_word' id='word_1_591' title='bbox 3789 3464 3930 3518; x_wconf 76' lang='lat' dir='ltr'><strong>qua-</strong></span> 
     </span>
    </p>
   </div>
   <div class='ocr_carea' id='block_1_98' title="bbox 2206 3532 3932 3608">
    <p class='ocr_par' dir='ltr' id='par_1_98' title="bbox 2206 3532 3932 3608">
     <span class='ocr_line' id='line_1_98' title="bbox 2206 3532 3932 3608; baseline -0.004 -14"><span class='ocrx_word' id='word_1_592' title='bbox 2206 3540 2391 3594; x_wconf 88' lang='lat' dir='ltr'><strong>adbuc</strong></span> <span class='ocrx_word' id='word_1_593' title='bbox 2408 3539 2518 3592; x_wconf 91' lang='lat' dir='ltr'><strong>dici</strong></span> <span class='ocrx_word' id='word_1_594' title='bbox 2537 3542 2792 3608; x_wconf 81' lang='lat' dir='ltr'><strong>possent,</strong></span> <span class='ocrx_word' id='word_1_595' title='bbox 2811 3541 3091 3606; x_wconf 88' lang='lat' dir='ltr'><strong>perpetua</strong></span> <span class='ocrx_word' id='word_1_596' title='bbox 3114 3533 3388 3588; x_wconf 86' lang='lat' dir='ltr'><strong>ﬁrmitate</strong></span> <span class='ocrx_word' id='word_1_597' title='bbox 3433 3533 3501 3587; x_wconf 88' lang='lat' dir='ltr'><strong>ad</strong></span> <span class='ocrx_word' id='word_1_598' title='bbox 3525 3532 3684 3587; x_wconf 86' lang='lat' dir='ltr'><strong>idem</strong></span> <span class='ocrx_word' id='word_1_599' title='bbox 3713 3550 3932 3588; x_wconf 88' lang='lat' dir='ltr'><strong>mona-</strong></span> 
     </span>
    </p>
   </div>
   <div class='ocr_carea' id='block_1_99' title="bbox 2206 3621 3933 3692">
    <p class='ocr_par' dir='ltr' id='par_1_99' title="bbox 2206 3621 3933 3692">
     <span class='ocr_line' id='line_1_99' title="bbox 2206 3621 3933 3692; baseline -0.004 -9"><span class='ocrx_word' id='word_1_600' title='bbox 2206 3631 2444 3683; x_wconf 90' lang='lat' dir='ltr'><strong>sterium</strong></span> <span class='ocrx_word' id='word_1_601' title='bbox 2483 3626 2873 3682; x_wconf 90' lang='lat' dir='ltr'><strong>contradimus</strong></span> <span class='ocrx_word' id='word_1_602' title='bbox 2925 3629 2982 3678; x_wconf 91' lang='lat' dir='ltr'><strong>et</strong></span> <span class='ocrx_word' id='word_1_603' title='bbox 3028 3621 3500 3683; x_wconf 84' lang='lat' dir='ltr'><strong>transfundimus,</strong></span> <span class='ocrx_word' id='word_1_604' title='bbox 3530 3626 3595 3674; x_wconf 85' lang='lat' dir='ltr'><strong>ut</strong></span> <span class='ocrx_word' id='word_1_605' title='bbox 3669 3623 3933 3692; x_wconf 87' lang='lat' dir='ltr'><strong>quilibet</strong></span> 
     </span>
    </p>
   </div>
   <div class='ocr_carea' id='block_1_100' title="bbox 2207 3709 3930 3781">
    <p class='ocr_par' dir='ltr' id='par_1_100' title="bbox 2207 3709 3930 3781">
     <span class='ocr_line' id='line_1_100' title="bbox 2207 3709 3930 3781; baseline -0.005 -9"><span class='ocrx_word' id='word_1_606' title='bbox 2207 3719 2381 3773; x_wconf 88' lang='lat' dir='ltr'><strong>abbas</strong></span> <span class='ocrx_word' id='word_1_607' title='bbox 2419 3717 2636 3771; x_wconf 90' lang='lat' dir='ltr'><strong>ibidem</strong></span> <span class='ocrx_word' id='word_1_608' title='bbox 2674 3729 3036 3767; x_wconf 89' lang='lat' dir='ltr'><strong>successurus</strong></span> <span class='ocrx_word' id='word_1_609' title='bbox 3067 3712 3280 3781; x_wconf 89' lang='lat' dir='ltr'><strong>absque</strong></span> <span class='ocrx_word' id='word_1_610' title='bbox 3330 3709 3795 3764; x_wconf 89' lang='lat' dir='ltr'><strong>contradictione</strong></span> <span class='ocrx_word' id='word_1_611' title='bbox 3831 3713 3930 3764; x_wconf 84' lang='lat' dir='ltr'><strong>ba-</strong></span> 
     </span>
    </p>
   </div>
   <div class='ocr_carea' id='block_1_101' title="bbox 2205 3797 3927 3872">
    <p class='ocr_par' dir='ltr' id='par_1_101' title="bbox 2205 3797 3927 3872">
     <span class='ocr_line' id='line_1_101' title="bbox 2205 3797 3927 3872; baseline -0.004 -12"><span class='ocrx_word' id='word_1_612' title='bbox 2205 3806 2338 3860; x_wconf 89' lang='lat' dir='ltr'><strong>beat</strong></span> <span class='ocrx_word' id='word_1_613' title='bbox 2376 3823 2444 3860; x_wconf 90' lang='lat' dir='ltr'><strong>ea</strong></span> <span class='ocrx_word' id='word_1_614' title='bbox 2498 3805 2556 3858; x_wconf 93' lang='lat' dir='ltr'><strong>in</strong></span> <span class='ocrx_word' id='word_1_615' title='bbox 2613 3819 2716 3856; x_wconf 88' lang='lat' dir='ltr'><strong>sua</strong></span> <span class='ocrx_word' id='word_1_616' title='bbox 2761 3806 3065 3872; x_wconf 89' lang='lat' dir='ltr'><strong>potestate,</strong></span> <span class='ocrx_word' id='word_1_617' title='bbox 3115 3815 3220 3852; x_wconf 91' lang='lat' dir='ltr'><strong>nec</strong></span> <span class='ocrx_word' id='word_1_618' title='bbox 3249 3798 3362 3869; x_wconf 89' lang='lat' dir='ltr'><strong>ipsi</strong></span> <span class='ocrx_word' id='word_1_619' title='bbox 3401 3797 3569 3851; x_wconf 86' lang='lat' dir='ltr'><strong>liceat</strong></span> <span class='ocrx_word' id='word_1_620' title='bbox 3635 3800 3927 3870; x_wconf 88' lang='lat' dir='ltr'><strong>cuiquam</strong></span> 
     </span>
    </p>
   </div>
   <div class='ocr_carea' id='block_1_102' title="bbox 2206 3887 3929 3960">
    <p class='ocr_par' dir='ltr' id='par_1_102' title="bbox 2206 3887 3929 3960">
     <span class='ocr_line' id='line_1_102' title="bbox 2206 3887 3929 3960; baseline -0.005 -12"><span class='ocrx_word' id='word_1_621' title='bbox 2206 3895 2386 3948; x_wconf 87' lang='lat' dir='ltr'><strong>libero</strong></span> <span class='ocrx_word' id='word_1_622' title='bbox 2437 3892 2658 3947; x_wconf 87' lang='lat' dir='ltr'><strong>homini</strong></span> <span class='ocrx_word' id='word_1_623' title='bbox 2708 3889 2930 3960; x_wconf 87' lang='lat' dir='ltr'><strong>potenti</strong></span> <span class='ocrx_word' id='word_1_624' title='bbox 2970 3888 3227 3959; x_wconf 88' lang='lat' dir='ltr'><strong>aliquam</strong></span> <span class='ocrx_word' id='word_1_625' title='bbox 3282 3887 3490 3941; x_wconf 88' lang='lat' dir='ltr'><strong>exinde</strong></span> <span class='ocrx_word' id='word_1_626' title='bbox 3519 3891 3751 3956; x_wconf 87' lang='lat' dir='ltr'><strong>partem</strong></span> <span class='ocrx_word' id='word_1_627' title='bbox 3821 3905 3929 3958; x_wconf 89' lang='lat' dir='ltr'><strong>pro</strong></span> 
     </span>
    </p>
   </div>
   <div class='ocr_carea' id='block_1_103' title="bbox 2205 3975 3926 4043">
    <p class='ocr_par' dir='ltr' id='par_1_103' title="bbox 2205 3975 3926 4043">
     <span class='ocr_line' id='line_1_103' title="bbox 2205 3975 3926 4043; baseline -0.004 -6"><span class='ocrx_word' id='word_1_628' title='bbox 2205 3982 2481 4038; x_wconf 85' lang='lat' dir='ltr'><strong>benelicio</strong></span> <span class='ocrx_word' id='word_1_629' title='bbox 2503 3979 2834 4043; x_wconf 88' lang='lat' dir='ltr'><strong>concedere,</strong></span> <span class='ocrx_word' id='word_1_630' title='bbox 2867 3977 2951 4030; x_wconf 88' lang='lat' dir='ltr'><strong>vel</strong></span> <span class='ocrx_word' id='word_1_631' title='bbox 2995 3978 3108 4029; x_wconf 92' lang='lat' dir='ltr'><strong>ullo</strong></span> <span class='ocrx_word' id='word_1_632' title='bbox 3160 3975 3330 4029; x_wconf 90' lang='lat' dir='ltr'><strong>modo</strong></span> <span class='ocrx_word' id='word_1_633' title='bbox 3380 3976 3450 4028; x_wconf 90' lang='lat' dir='ltr'><strong>ab</strong></span> <span class='ocrx_word' id='word_1_634' title='bbox 3494 3991 3604 4028; x_wconf 90' lang='lat' dir='ltr'><strong>usu</strong></span> <span class='ocrx_word' id='word_1_635' title='bbox 3669 3975 3926 4031; x_wconf 81' lang='lat' dir='ltr'><strong>fratrum</strong></span> 
     </span>
    </p>
   </div>
   <div class='ocr_carea' id='block_1_104' title="bbox 2211 4063 3925 4126">
    <p class='ocr_par' dir='ltr' id='par_1_104' title="bbox 2211 4063 3925 4126">
     <span class='ocr_line' id='line_1_104' title="bbox 2211 4063 3925 4126; baseline -0.004 -1"><span class='ocrx_word' id='word_1_636' title='bbox 2211 4074 2325 4126; x_wconf 88' lang='lat' dir='ltr'><strong>Deo</strong></span> <span class='ocrx_word' id='word_1_637' title='bbox 2355 4071 2493 4124; x_wconf 94' lang='lat' dir='ltr'><strong>illuc</strong></span> <span class='ocrx_word' id='word_1_638' title='bbox 2518 4067 2890 4123; x_wconf 88' lang='lat' dir='ltr'><strong>servientium</strong></span> <span class='ocrx_word' id='word_1_639' title='bbox 2920 4065 3192 4119; x_wconf 90' lang='lat' dir='ltr'><strong>alienare.</strong></span> <span class='ocrx_word' id='word_1_640' title='bbox 3226 4064 3294 4118; x_wconf 84' lang='lat' dir='ltr'><strong>Et</strong></span> <span class='ocrx_word' id='word_1_641' title='bbox 3313 4068 3379 4118; x_wconf 89' lang='lat' dir='ltr'><strong>ut</strong></span> <span class='ocrx_word' id='word_1_642' title='bbox 3405 4063 3525 4116; x_wconf 62' lang='lat' dir='ltr'><strong>haec</strong></span> <span class='ocrx_word' id='word_1_643' title='bbox 3555 4066 3925 4118; x_wconf 85' lang='lat' dir='ltr'><strong>auctoritatis</strong></span> 
     </span>
    </p>
   </div>
   <div class='ocr_carea' id='block_1_105' title="bbox 2207 4151 3923 4226">
    <p class='ocr_par' dir='ltr' id='par_1_105' title="bbox 2207 4151 3923 4226">
     <span class='ocr_line' id='line_1_105' title="bbox 2207 4151 3923 4226; baseline -0.004 -13"><span class='ocrx_word' id='word_1_644' title='bbox 2207 4163 2416 4214; x_wconf 67' lang='lat' dir='ltr'><strong>nostrae</strong></span> <span class='ocrx_word' id='word_1_645' title='bbox 2447 4156 2674 4226; x_wconf 90' lang='lat' dir='ltr'><strong>largitio</strong></span> <span class='ocrx_word' id='word_1_646' title='bbox 2695 4154 2919 4208; x_wconf 85' lang='lat' dir='ltr'><strong>ﬁrmior</strong></span> <span class='ocrx_word' id='word_1_647' title='bbox 2951 4152 3230 4206; x_wconf 89' lang='lat' dir='ltr'><strong>habeatur</strong></span> <span class='ocrx_word' id='word_1_648' title='bbox 3267 4157 3324 4206; x_wconf 89' lang='lat' dir='ltr'><strong>et</strong></span> <span class='ocrx_word' id='word_1_649' title='bbox 3357 4151 3424 4204; x_wconf 89' lang='lat' dir='ltr'><strong>ab</strong></span> <span class='ocrx_word' id='word_1_650' title='bbox 3459 4151 3734 4204; x_wconf 90' lang='lat' dir='ltr'><strong>omnibus</strong></span> <span class='ocrx_word' id='word_1_651' title='bbox 3774 4153 3923 4206; x_wconf 80' lang='lat' dir='ltr'><strong>ﬁde-</strong></span> 
     </span>
    </p>
   </div>
   <div class='ocr_carea' id='block_1_106' title="bbox 2207 4239 3922 4310">
    <p class='ocr_par' dir='ltr' id='par_1_106' title="bbox 2207 4239 3922 4310">
     <span class='ocr_line' id='line_1_106' title="bbox 2207 4239 3922 4310; baseline -0.003 -9"><span class='ocrx_word' id='word_1_652' title='bbox 2207 4248 2359 4302; x_wconf 87' lang='lat' dir='ltr'><strong>libus</strong></span> <span class='ocrx_word' id='word_1_653' title='bbox 2397 4246 2606 4300; x_wconf 89' lang='lat' dir='ltr'><strong>nostris</strong></span> <span class='ocrx_word' id='word_1_654' title='bbox 2636 4245 2825 4296; x_wconf 88' lang='lat' dir='ltr'><strong>verius</strong></span> <span class='ocrx_word' id='word_1_655' title='bbox 2853 4242 3119 4296; x_wconf 89' lang='lat' dir='ltr'><strong>credatur</strong></span> <span class='ocrx_word' id='word_1_656' title='bbox 3173 4244 3229 4293; x_wconf 90' lang='lat' dir='ltr'><strong>et</strong></span> <span class='ocrx_word' id='word_1_657' title='bbox 3293 4239 3628 4310; x_wconf 87' lang='lat' dir='ltr'><strong>diligentius</strong></span> <span class='ocrx_word' id='word_1_658' title='bbox 3679 4256 3922 4295; x_wconf 89' lang='lat' dir='ltr'><strong>conser-</strong></span> 
     </span>
    </p>
   </div>
   <div class='ocr_carea' id='block_1_107' title="bbox 2210 4328 3924 4404">
    <p class='ocr_par' dir='ltr' id='par_1_107' title="bbox 2210 4328 3924 4404">
     <span class='ocr_line' id='line_1_107' title="bbox 2210 4328 3924 4404; baseline -0.003 -16"><span class='ocrx_word' id='word_1_659' title='bbox 2210 4340 2394 4404; x_wconf 90' lang='lat' dir='ltr'><strong>vetur,</strong></span> <span class='ocrx_word' id='word_1_660' title='bbox 2422 4350 2596 4388; x_wconf 88' lang='lat' dir='ltr'><strong>manu</strong></span> <span class='ocrx_word' id='word_1_661' title='bbox 2643 4333 2880 4402; x_wconf 90' lang='lat' dir='ltr'><strong>propria</strong></span> <span class='ocrx_word' id='word_1_662' title='bbox 2927 4335 3120 4383; x_wconf 90' lang='lat' dir='ltr'><strong>nostra</strong></span> <span class='ocrx_word' id='word_1_663' title='bbox 3175 4328 3370 4382; x_wconf 89' lang='lat' dir='ltr'><strong>subter</strong></span> <span class='ocrx_word' id='word_1_664' title='bbox 3423 4344 3548 4380; x_wconf 89' lang='lat' dir='ltr'><strong>eam</strong></span> <span class='ocrx_word' id='word_1_665' title='bbox 3604 4331 3924 4383; x_wconf 82' lang='lat' dir='ltr'><strong>conﬁrma-</strong></span> 
     </span>
    </p>
   </div>
   <div class='ocr_carea' id='block_1_108' title="bbox 2209 4417 3924 4492">
    <p class='ocr_par' dir='ltr' id='par_1_108' title="bbox 2209 4417 3924 4492">
     <span class='ocr_line' id='line_1_108' title="bbox 2209 4417 3924 4492; baseline -0.005 -14"><span class='ocrx_word' id='word_1_666' title='bbox 2209 4425 2416 4490; x_wconf 87' lang='lat' dir='ltr'><strong>vimus,</strong></span> <span class='ocrx_word' id='word_1_667' title='bbox 2449 4428 2508 4477; x_wconf 84' lang='lat' dir='ltr'><strong>et</strong></span> <span class='ocrx_word' id='word_1_668' title='bbox 2555 4422 2742 4492; x_wconf 89' lang='lat' dir='ltr'><strong>sigillo</strong></span> <span class='ocrx_word' id='word_1_669' title='bbox 2795 4422 2988 4473; x_wconf 89' lang='lat' dir='ltr'><strong>nostro</strong></span> <span class='ocrx_word' id='word_1_670' title='bbox 3047 4417 3286 4485; x_wconf 84' lang='lat' dir='ltr'><strong>sigillari</strong></span> <span class='ocrx_word' id='word_1_671' title='bbox 3336 4417 3635 4486; x_wconf 86' lang='lat' dir='ltr'><strong>jussimus.</strong></span> <span class='ocrx_word' id='word_1_672' title='bbox 3680 4417 3742 4470; x_wconf 90' lang='lat' dir='ltr'><strong>Si</strong></span> <span class='ocrx_word' id='word_1_673' title='bbox 3787 4419 3924 4488; x_wconf 88' lang='lat' dir='ltr'><strong>quis</strong></span> 
     </span>
    </p>
   </div>
   <div class='ocr_carea' id='block_1_109' title="bbox 2210 4504 3924 4583">
    <p class='ocr_par' dir='ltr' id='par_1_109' title="bbox 2210 4504 3924 4583">
     <span class='ocr_line' id='line_1_109' title="bbox 2210 4504 3924 4583; baseline -0.005 -15"><span class='ocrx_word' id='word_1_674' title='bbox 2210 4514 2394 4576; x_wconf 59' lang='lat' dir='ltr'><strong>dictas,</strong></span> <span class='ocrx_word' id='word_1_675' title='bbox 2427 4511 2578 4583; x_wconf 89' lang='lat' dir='ltr'><strong>quod</strong></span> <span class='ocrx_word' id='word_1_676' title='bbox 2613 4509 2787 4564; x_wconf 81' lang='lat' dir='ltr'><strong>absit!</strong></span> <span class='ocrx_word' id='word_1_677' title='bbox 2820 4508 2953 4562; x_wconf 85' lang='lat' dir='ltr'><strong>huic</strong></span> <span class='ocrx_word' id='word_1_678' title='bbox 2997 4511 3202 4559; x_wconf 67' lang='lat' dir='ltr'><strong>nostrai</strong></span> <span class='ocrx_word' id='word_1_679' title='bbox 3249 4504 3529 4558; x_wconf 81' lang='lat' dir='ltr'><strong>sancti‘oni</strong></span> <span class='ocrx_word' id='word_1_680' title='bbox 3585 4508 3924 4560; x_wconf 85' lang='lat' dir='ltr'><strong>contrarius</strong></span> 
     </span>
    </p>
   </div>
   <div class='ocr_carea' id='block_1_110' title="bbox 2209 4591 3922 4668">
    <p class='ocr_par' dir='ltr' id='par_1_110' title="bbox 2209 4591 3922 4668">
     <span class='ocr_line' id='line_1_110' title="bbox 2209 4591 3922 4668; baseline -0.006 -11"><span class='ocrx_word' id='word_1_681' title='bbox 2209 4601 2506 4666; x_wconf 86' lang='lat' dir='ltr'><strong>exstiterit,</strong></span> <span class='ocrx_word' id='word_1_682' title='bbox 2559 4604 2614 4653; x_wconf 92' lang='lat' dir='ltr'><strong>et</strong></span> <span class='ocrx_word' id='word_1_683' title='bbox 2653 4614 2781 4668; x_wconf 75' lang='lat' dir='ltr'><strong>quae</strong></span> <span class='ocrx_word' id='word_1_684' title='bbox 2827 4594 3166 4650; x_wconf 88' lang='lat' dir='ltr'><strong>donavimus</strong></span> <span class='ocrx_word' id='word_1_685' title='bbox 3196 4591 3512 4659; x_wconf 89' lang='lat' dir='ltr'><strong>abstulerit,</strong></span> <span class='ocrx_word' id='word_1_686' title='bbox 3562 4594 3652 4646; x_wconf 83' lang='lat' dir='ltr'><strong>vel</strong></span> <span class='ocrx_word' id='word_1_687' title='bbox 3712 4594 3922 4649; x_wconf 85' lang='lat' dir='ltr'><strong>fraude</strong></span> 
     </span>
    </p>
   </div>
   <div class='ocr_carea' id='block_1_111' title="bbox 2208 4681 3918 4761">
    <p class='ocr_par' dir='ltr' id='par_1_111' title="bbox 2208 4681 3918 4761">
     <span class='ocr_line' id='line_1_111' title="bbox 2208 4681 3918 4761; baseline -0.005 -16"><span class='ocrx_word' id='word_1_688' title='bbox 2208 4691 2399 4761; x_wconf 89' lang='lat' dir='ltr'><strong>aliqua</strong></span> <span class='ocrx_word' id='word_1_689' title='bbox 2428 4687 2755 4750; x_wconf 86' lang='lat' dir='ltr'><strong>detraxerit,</strong></span> <span class='ocrx_word' id='word_1_690' title='bbox 2785 4685 2945 4739; x_wconf 69' lang='lat' dir='ltr'><strong>Judre</strong></span> <span class='ocrx_word' id='word_1_691' title='bbox 2977 4682 3281 4754; x_wconf 89' lang='lat' dir='ltr'><strong>proditoris</strong></span> <span class='ocrx_word' id='word_1_692' title='bbox 3310 4697 3562 4746; x_wconf 86' lang='lat' dir='ltr'><strong>consors,</strong></span> <span class='ocrx_word' id='word_1_693' title='bbox 3614 4681 3733 4736; x_wconf 89' lang='lat' dir='ltr'><strong>nisi</strong></span> <span class='ocrx_word' id='word_1_694' title='bbox 3782 4685 3918 4738; x_wconf 85' lang='lat' dir='ltr'><strong>resi-</strong></span> 
     </span>
    </p>
   </div>
   <div class='ocr_carea' id='block_1_112' title="bbox 2206 4770 3703 4852">
    <p class='ocr_par' dir='ltr' id='par_1_112' title="bbox 2206 4770 3703 4852">
     <span class='ocr_line' id='line_1_112' title="bbox 2206 4770 3703 4852; baseline -0.006 -18"><span class='ocrx_word' id='word_1_695' title='bbox 2206 4781 2406 4852; x_wconf 89' lang='lat' dir='ltr'><strong>piscat,</strong></span> <span class='ocrx_word' id='word_1_696' title='bbox 2437 4777 2567 4848; x_wconf 86' lang='lat' dir='ltr'><strong>igne</strong></span> <span class='ocrx_word' id='word_1_697' title='bbox 2598 4772 3021 4843; x_wconf 86' lang='lat' dir='ltr'><strong>inextinguibili</strong></span> <span class='ocrx_word' id='word_1_698' title='bbox 3047 4770 3457 4842; x_wconf 89' lang='lat' dir='ltr'><strong>perpetualiter</strong></span> <span class='ocrx_word' id='word_1_699' title='bbox 3479 4770 3703 4825; x_wconf 87' lang='lat' dir='ltr'><strong>ardeat.</strong></span> 
     </span>
    </p>
   </div>
   <div class='ocr_carea' id='block_1_113' title="bbox 2279 4861 3564 4934">
    <p class='ocr_par' dir='ltr' id='par_1_113' title="bbox 2279 4861 3564 4934">
     <span class='ocr_line' id='line_1_113' title="bbox 2279 4861 3564 4934; baseline -0.009 -13"><span class='ocrx_word' id='word_1_700' title='bbox 2279 4868 2506 4934; x_wconf 83' lang='lat' dir='ltr'><strong>Signum</strong></span> <span class='ocrx_word' id='word_1_701' title='bbox 2537 4865 2721 4919; x_wconf 86' lang='lat' dir='ltr'><strong>damni</strong></span> <span class='ocrx_word' id='word_1_702' title='bbox 2748 4863 2992 4917; x_wconf 84' lang='lat' dir='ltr'><strong>Heinrici</strong></span> <span class='ocrx_word' id='word_1_703' title='bbox 3021 4863 3166 4928; x_wconf 88' lang='lat' dir='ltr'><strong>regis</strong></span> <span class='ocrx_word' id='word_1_704' title='bbox 3197 4861 3564 4914; x_wconf 79' lang='lat' dir='ltr'><strong>invictissimi.</strong></span> 
     </span>
    </p>
   </div>
   <div class='ocr_carea' id='block_1_114' title="bbox 2279 4947 3917 5020">
    <p class='ocr_par' dir='ltr' id='par_1_114' title="bbox 2279 4947 3917 5020">
     <span class='ocr_line' id='line_1_114' title="bbox 2279 4947 3917 5020; baseline -0.004 -10"><span class='ocrx_word' id='word_1_705' title='bbox 2279 4953 2636 5010; x_wconf 87' lang='lat' dir='ltr'><strong>Eberhardus</strong></span> <span class='ocrx_word' id='word_1_706' title='bbox 2667 4951 2811 5020; x_wconf 76' lang='lat' dir='ltr'><strong>(l52)</strong></span> <span class='ocrx_word' id='word_1_707' title='bbox 2843 4949 3077 5005; x_wconf 88' lang='lat' dir='ltr'><strong>cancell.</strong></span> <span class='ocrx_word' id='word_1_708' title='bbox 3102 4949 3222 5002; x_wconf 89' lang='lat' dir='ltr'><strong>vice</strong></span> <span class='ocrx_word' id='word_1_709' title='bbox 3247 4947 3528 5019; x_wconf 90' lang='lat' dir='ltr'><strong>Willegisi</strong></span> <span class='ocrx_word' id='word_1_710' title='bbox 3572 4950 3917 5019; x_wconf 84' lang='lat' dir='ltr'><strong>recognovi.</strong></span> 
     </span>
    </p>
   </div>
   <div class='ocr_carea' id='block_1_115' title="bbox 2207 5034 3917 5106">
    <p class='ocr_par' dir='ltr' id='par_1_115' title="bbox 2207 5034 3917 5106">
     <span class='ocr_line' id='line_1_115' title="bbox 2207 5034 3917 5106; baseline -0.006 -7"><span class='ocrx_word' id='word_1_711' title='bbox 2207 5047 2348 5099; x_wconf 87' lang='lat' dir='ltr'><strong>Data</strong></span> <span class='ocrx_word' id='word_1_712' title='bbox 2403 5042 2491 5096; x_wconf 86' lang='lat' dir='ltr'><strong>Kl.</strong></span> <span class='ocrx_word' id='word_1_713' title='bbox 2533 5041 2694 5106; x_wconf 86' lang='lat' dir='ltr'><strong>Nov.,</strong></span> <span class='ocrx_word' id='word_1_714' title='bbox 2733 5038 2942 5093; x_wconf 92' lang='lat' dir='ltr'><strong>indict.</strong></span> <span class='ocrx_word' id='word_1_715' title='bbox 2987 5053 3041 5105; x_wconf 93' lang='lat' dir='ltr'><strong>v,</strong></span> <span class='ocrx_word' id='word_1_716' title='bbox 3075 5052 3226 5091; x_wconf 90' lang='lat' dir='ltr'><strong>anno</strong></span> <span class='ocrx_word' id='word_1_717' title='bbox 3269 5035 3458 5090; x_wconf 68' lang='lat' dir='ltr'><strong>Dnicai</strong></span> <span class='ocrx_word' id='word_1_718' title='bbox 3490 5034 3715 5090; x_wconf 86' lang='lat' dir='ltr'><strong>incarn.</strong></span> <span class='ocrx_word' id='word_1_719' title='bbox 3755 5038 3917 5102; x_wconf 73' lang='grc'>1007,</span> 
     </span>
    </p>
   </div>
   <div class='ocr_carea' id='block_1_116' title="bbox 2208 5128 3121 5200">
    <p class='ocr_par' dir='ltr' id='par_1_116' title="bbox 2208 5128 3121 5200">
     <span class='ocr_line' id='line_1_116' title="bbox 2208 5128 3121 5200; baseline -0.011 -12"><span class='ocrx_word' id='word_1_720' title='bbox 2208 5147 2357 5188; x_wconf 87' lang='lat' dir='ltr'><strong>anno</strong></span> <span class='ocrx_word' id='word_1_721' title='bbox 2389 5147 2430 5185; x_wconf 90' lang='grc' dir='ltr'><strong>ιι</strong></span> <span class='ocrx_word' id='word_1_722' title='bbox 2467 5130 2612 5200; x_wconf 79' lang='lat'><strong>(153)</strong></span> <span class='ocrx_word' id='word_1_723' title='bbox 2635 5128 2833 5182; x_wconf 90' lang='lat' dir='ltr'><strong>domni</strong></span> <span class='ocrx_word' id='word_1_724' title='bbox 2855 5128 3121 5181; x_wconf 74' lang='lat' dir='ltr'><strong>Hammer.</strong></span> 
     </span>
    </p>
   </div>
   <div class='ocr_carea' id='block_1_117' title="bbox 2940 5231 3159 5285">
    <p class='ocr_par' dir='ltr' id='par_1_117' title="bbox 2940 5231 3159 5285">
     <span class='ocr_line' id='line_1_117' title="bbox 2940 5231 3159 5285; baseline 0 -1"><span class='ocrx_word' id='word_1_725' title='bbox 2940 5231 3159 5285; x_wconf 87' lang='lat' dir='ltr'><strong>XXXVI.</strong></span> 
     </span>
    </p>
   </div>
   <div class='ocr_carea' id='block_1_118' title="bbox 2208 5317 3924 5394">
    <p class='ocr_par' dir='ltr' id='par_1_118' title="bbox 2208 5317 3924 5394">
     <span class='ocr_line' id='line_1_118' title="bbox 2208 5317 3924 5394; baseline -0.003 -16"><span class='ocrx_word' id='word_1_726' title='bbox 2208 5324 2455 5394; x_wconf 85' lang='lat' dir='ltr'><strong>Diploma</strong></span> <span class='ocrx_word' id='word_1_727' title='bbox 2505 5322 2562 5376; x_wconf 93' lang='lat' dir='ltr'><strong>S.</strong></span> <span class='ocrx_word' id='word_1_728' title='bbox 2644 5321 2866 5376; x_wconf 81' lang='lat' dir='ltr'><strong>Henrici</strong></span> <span class='ocrx_word' id='word_1_729' title='bbox 2925 5319 2979 5372; x_wconf 86' lang='grc'><strong><em>11</em></strong></span> <span class='ocrx_word' id='word_1_730' title='bbox 3041 5317 3408 5386; x_wconf 79' lang='lat' dir='ltr'><strong>imperatoris,</strong></span> <span class='ocrx_word' id='word_1_731' title='bbox 3466 5330 3570 5382; x_wconf 87' lang='lat' dir='ltr'><strong>quo</strong></span> <span class='ocrx_word' id='word_1_732' title='bbox 3657 5318 3924 5372; x_wconf 66' lang='lat' dir='ltr'><strong>Ecclesiae</strong></span> 
     </span>
    </p>
   </div>
   <div class='ocr_carea' id='block_1_119' title="bbox 2207 5419 3922 5503">
    <p class='ocr_par' dir='ltr' id='par_1_119' title="bbox 2207 5419 3922 5503">
     <span class='ocr_line' id='line_1_119' title="bbox 2207 5419 3922 5503; baseline -0.006 -20"><span class='ocrx_word' id='word_1_733' title='bbox 2207 5429 2500 5503; x_wconf 84' lang='lat' dir='ltr'><strong>gobardia,</strong></span> <span class='ocrx_word' id='word_1_734' title='bbox 2551 5430 2888 5503; x_wconf 84' lang='lat' dir='ltr'><strong>numeratus</strong></span> <span class='ocrx_word' id='word_1_735' title='bbox 2923 5423 3004 5503; x_wconf 58' lang='lat' dir='ltr'><strong>ab</strong></span> <span class='ocrx_word' id='word_1_736' title='bbox 3048 5437 3229 5503; x_wconf 78' lang='grc' dir='ltr'><strong>⁸ιιιιιιο</strong></span> <span class='ocrx_word' id='word_1_737' title='bbox 3283 5419 3501 5491; x_wconf 88' lang='lat' dir='ltr'><strong>vulgari</strong></span> <span class='ocrx_word' id='word_1_738' title='bbox 3565 5420 3729 5477; x_wconf 74' lang='grc'>1004,</span> <span class='ocrx_word' id='word_1_739' title='bbox 3801 5437 3922 5492; x_wconf 90' lang='lat' dir='ltr'><strong>quo</strong></span> 
     </span>
    </p>
   </div>
   <div class='ocr_carea' id='block_1_120' title="bbox 2213 5493 3136 5564">
    <p class='ocr_par' dir='ltr' id='par_1_120' title="bbox 2213 5493 3136 5564">
     <span class='ocr_line' id='line_1_120' title="bbox 2213 5493 3136 5564; baseline -0.01 -7"><span class='ocrx_word' id='word_1_740' title='bbox 2213 5493 2278 5557; x_wconf 76' lang='grc' dir='ltr'>Ῑίι</span> <span class='ocrx_word' id='word_1_741' title='bbox 2310 5501 2439 5556; x_wconf 78' lang='lat' dir='ltr'><strong>Maii</strong></span> <span class='ocrx_word' id='word_1_742' title='bbox 2469 5503 2772 5552; x_wconf 76' lang='lat' dir='ltr'><strong>coronatus</strong></span> <span class='ocrx_word' id='word_1_743' title='bbox 2813 5501 2898 5548; x_wconf 86' lang='lat' dir='ltr'><strong>est</strong></span> <span class='ocrx_word' id='word_1_744' title='bbox 2923 5493 3136 5564; x_wconf 77' lang='lat' dir='ltr'><strong>Papiae.</strong></span> 
     </span>
    </p>
   </div>
  </div>
