4016 6202
347 312 450 364 2Ἱὸ

1645 315 1700 370 8.
1746 314 2032 372 HENRICI
2071 317 2550 376 IMPERATORIS

3766 325 3870 376 276

344 450 523 491 manu
563 433 801 507 propria
826 434 1184 504 roborantes,
1235 435 1406 508 sigilli
1437 437 1616 492 nostri
1655 436 2038 509 impressione
2067 444 2114 498 Α
2152 441 2513 514 episcopatus
2574 441 2937 498 sublimando
3019 443 3408 514 perveximus,
3466 449 3526 498 et
3605 445 3880 500 Romana

349 522 618 594 insigniri
631 522 936 594 jnssimus.

1057 613 1326 667 XXXVIII.

352 702 406 756 S.
444 703 704 756 Henricus
733 702 790 756 II
833 703 1129 770 imperator
1158 701 1423 766 benefacit
1477 701 1739 757 Thorensi
1768 706 2048 771 virginum

420 772 703 844 nobilium,
733 775 1115 844 canonicarum
1171 773 1389 838 collegio
1448 773 1523 827 ad
1561 775 1786 841 Mosam,
1836 780 2048 844 petente

420 845 655 910 Notgero
675 843 985 896 Leodicensi
1008 845 1272 911 episcopo.

988 933 1174 998 (Anno
1229 933 1407 999 1007.)

695 1017 959 1087 [Miraaus,
994 1019 1138 1090 Opp.
1179 1018 1414 1089 diplom.
1463 1020 1508 1087 Ι,
1559 1022 1710 1090 507.)

424 1107 486 1161 In
515 1105 746 1160 nomine
771 1112 981 1161 sanctae
1027 1113 1084 1161 et
1136 1106 1448 1162 individua:
1496 1107 1810 1170 Trinitatis,
1838 1108 2051 1179 [Hst-

354 1210 449 1247 cus
487 1193 678 1247 divina
706 1194 930 1248 favente
960 1196 1263 1248 clementia
1291 1211 1408 1249 rex.

426 1283 596 1336 Nobis
626 1283 991 1353 profuturum
1022 1287 1077 1336 et
1125 1284 1198 1336 ad
1246 1283 1422 1336 vitam
1472 1289 1814 1354 praesentem
1844 1286 2050 1340 transi-

356 1371 625 1442 gendam,
663 1376 718 1424 et
748 1371 817 1425 ad
853 1371 1109 1424 futuram
1167 1371 1413 1425 feliciter
1442 1371 1811 1426 obtinendam
1864 1372 2050 1427 credi-

356 1477 485 1514 mus
507 1465 563 1514 et
590 1459 823 1525 scimus,
852 1458 919 1524 si,
943 1458 1258 1512 secundum
1279 1457 1540 1513 ﬁdelium
1568 1467 1898 1515 nostrorum
1923 1461 2051 1531 jus-

359 1554 443 1602 tas
472 1547 797 1616 petitiones,
859 1547 1266 1601 ecclesiasticas
1317 1547 1615 1603 facultates
1655 1555 2053 1620 augmentatas

360 1641 416 1689 et
444 1635 916 1706 augmentandas,
949 1634 1158 1706 regalis
1188 1635 1461 1707 praecepti
1513 1637 1834 1692 munimine
1893 1643 2055 1692 tuen-

363 1725 462 1778 das
491 1739 614 1777 esse
641 1723 770 1776 firm
779 1723 1084 1778 averimus.

434 1811 792 1882 Quapropter
829 1817 1031 1866 notum
1063 1827 1214 1866 essse
1245 1813 1509 1866 volumus
1547 1812 1819 1867 omnibus
1847 1812 2056 1867 nostris

364 1900 650 1964 fidelibus,
683 1905 799 1954 tam
833 1901 1042 1955 futuris
1071 1917 1245 1972 quam
1303 1901 1701 1971 praesentibus,
1749 1903 1899 1974 quod
1953 1918 2057 1973 per

365 1987 834 2043 intercessionem
863 1989 1206 2044 venerabilis
1231 1989 1337 2043 viri
1393 1989 1646 2060 Notgeri,
1709 1991 2058 2061 Tuugrensis

364 2093 464 2130 seu
525 2077 879 2132 Leodicensis
927 2078 1206 2148 episcopi,
1283 2079 1605 2133 Thornensi
1687 2080 2056 2146 monasterio,

364 2165 623 2236 ejusdem
671 2166 923 2236 episcopi
979 2165 1332 2236 episcopatui
1381 2167 1650 2237 subjecto,
1743 2173 2059 2222 mercatum

367 2253 624 2322 ejusdem
661 2253 789 2319 loci,
845 2254 1230 2322 teloniumfet
1281 2254 1604 2308 districtum
1657 2255 2057 2322 concessimus,

436 2341 677 2411 Insuper
709 2341 979 2396 Ecclesias
1035 2343 1104 2397 de
1161 2343 1416 2411 Brittezet
1438 2343 1772 2399 Chamaritte
1809 2355 1866 2397 et
1919 2344 2060 2398 Ave-

366 2435 498 2484 sate.
527 2446 784 2501 quasque
813 2429 968 2484 idem
991 2431 1314 2501 episcopus,
1348 2431 1408 2484 in
1430 2430 1940 2500 ampliﬁcationem
1971 2449 2061 2485 ec-

369 2517 695 2572 clesiastica:
721 2518 1007 2572 facultatis
1038 2524 1097 2572 et
1138 2518 1610 2589 aggregationem
1643 2519 2062 2574 remuneratio-

368 2605 458 2660 nis
487 2622 772 2676 supernae,
823 2600 1009 2661 eidem
1055 2608 1406 2662 monasterio
1465 2607 1768 2676 concessit,
1811 2624 1914 2680 per
1968 2608 2063 2662 in-

369 2699 692 2750 terventum
724 2695 977 2764 ejusdem
1006 2695 1419 2750 venerababilis
1450 2695 1722 2767 episcopi,
1765 2698 1836 2751 ad
1886 2696 2066 2768 perti-

370 2783 625 2838 nentiam
657 2783 1153 2838 dictimonasterii
1193 2784 1532 2839 auctoritate
1590 2785 1772 2840 nostri
1825 2801 2065 2840 consen-

373 2888 466 2924 sus
488 2871 936 2942 assignavimus;
967 2877 1024 2926 et
1080 2873 1253 2942 hujus
1303 2873 1578 2944 praecepti
1642 2873 2063 2932 auctoritatem.

373 2961 438 3009 ut
465 2957 522 3011 in
555 2958 790 3012 nomine
819 2959 998 3028 ipsius
1030 2960 1130 3030 qui
1169 2961 1332 3015 nobis
1386 2961 1757 3032 praecipiendi
1791 2962 2067 3016 concessit

374 3047 742 3114 potestatem,
772 3046 1092 3116 pleniorem
1124 3047 1377 3104 obtineat
1422 3049 1702 3119 vigorem,
1733 3055 1788 3103 et
1819 3066 1853 3103 a
1881 3051 2065 3105 ﬁdeli-

376 3131 482 3184 bus
538 3138 746 3187 sancta:
821 3135 922 3188 Dei
983 3135 1241 3188 Ecclesiae
1289 3153 1353 3189 ac
1405 3137 1616 3190 nostris
1680 3145 2066 3204 conservetur,

377 3236 536 3275 more
587 3225 1016 3277 antecessorum
1075 3228 1426 3291 nostrorum,
1488 3231 1544 3279 et
1595 3241 1768 3286 manu
1838 3229 2072 3300 propria

378 3309 754 3377 firmavimus,
791 3313 848 3364 et
876 3310 1054 3382 sigilli
1083 3312 1265 3366 nostri
1294 3313 1676 3383 impressione
1703 3314 1917 3385 signari
1941 3317 2070 3388 jus-

378 3397 576 3452 simus.

448 3488 682 3553 Signum
726 3487 935 3543 domini
961 3491 1186 3544 Henrici
1203 3491 1348 3558 regis
1377 3492 1748 3547 invictissimi.

450 3574 781 3630 Heribertus
827 3577 1222 3644 cancellarius,
1265 3578 1382 3633 vice
1441 3579 1682 3651 Villigisi
1722 3581 2071 3654 archicapel-

379 3663 518 3731 lani,
541 3663 866 3735 recognovi.

451 3753 589 3807 Data
615 3770 671 3808 χι
715 3754 903 3808 Nonas
929 3753 1106 3820 Junii,
1174 3754 1491 3810 indictione
1519 3773 1572 3824 v,
1605 3773 1758 3812 anno
1817 3759 2073 3814 Domini-

375 3855 459 3894 caa
488 3840 895 3896 incarnationis
937 3843 1241 3897 millesimo
1287 3844 1553 3913 septimo,
1589 3845 1772 3914 [anno
1801 3863 1936 3901 vero
1965 3848 2071 3902 d0-

376 3929 522 3985 mini
542 3930 771 3986 Henrici
793 3949 832 3986 11
853 3948 1166 4003 regnorum
1209 3933 1412 4003 quinto
1444 3936 1609 4003 (154).

447 4019 648 4071 Actum
677 4017 985 4089 Moguntia:
1015 4018 1272 4072 feliciter.
1305 4021 1506 4072 Amen.

1115 4106 1333 4159 XXXIX.

379 4195 640 4248 Henricus
697 4195 761 4247 II
823 4195 1120 4265 imperator
1156 4193 1323 4246 donat
1356 4193 1636 4248 abbatiam
1676 4198 2076 4265 Kitzingensem

768 4264 1259 4332 archiepiscopatui
1284 4265 1684 4332 Bambergensi.

1021 4351 1210 4417 (Anno
1260 4351 1438 4416 1007.)

506 4487 510 4490 .
594 4437 916 4511 [Ludewig.
956 4438 1165 4506 Script.
1199 4453 1304 4490 rer.
1341 4439 1542 4504 Germ,
1586 4456 1642 4509 p.
1680 4442 1861 4512 1112.]

453 4528 515 4581 ln
563 4527 794 4582 nomine
822 4532 1031 4580 sanctae
1062 4531 1118 4580 et
1165 4526 1480 4582 individua
1508 4530 1819 4598 Trinitatis,
1857 4533 2076 4588 Hamm-

378 4632 472 4670 cus
500 4615 687 4670 divina
711 4616 936 4670 favente
969 4614 1272 4670 clementia
1317 4632 1432 4671 rex.

450 4703 851 4759 Saluberrimis
909 4703 1087 4774 igitur
1134 4705 1280 4757 sacri
1334 4705 1549 4777 eloquii
1616 4707 2074 4764 institutionibus

377 4792 676 4848 erudimur
693 4797 750 4847 et
779 4792 1158 4847 admonemur
1182 4797 1262 4861 ut,
1295 4794 1640 4865 temporalia
1683 4795 2074 4867 relinquentes

373 4873 562 4948 bona,
585 4887 641 4937 et
664 4886 894 4937 terrena
921 4886 1335 4952 postponentes
1357 4883 1680 4949 commoda,
1712 4889 1928 4938 aeterna
1949 4885 2072 4940 sine

375 4972 489 5026 ﬁne
522 4986 792 5024 mansura
819 4970 879 5023 in
904 4969 1061 5023 caelis
1121 4970 1454 5025 studeamus
1499 4971 1738 5042 adipisci
1786 4973 2072 5028 consisto-

371 5059 477 5113 ria.
509 5059 869 5130 Quapropter
893 5075 997 5112 nos
1027 5058 1332 5112 dominicis
1363 5075 1480 5114 non
1535 5059 1774 5114 surdum
1811 5061 2073 5117 auditum

375 5146 694 5215 prabentes
719 5145 1038 5218 praeceptis,
1067 5151 1123 5200 et
1145 5145 1362 5200 deificis
1390 5146 1842 5218 obtemperando
1889 5155 2073 5204 inten-

376 5233 572 5288 dentes
609 5235 996 5302 suasionibus,
1029 5234 1337 5304 quemdam
1394 5238 1604 5289 nostrae
1647 5240 1905 5305 paterna:
1953 5238 2070 5292 bae-

376 5321 631 5378 reditatis
650 5322 1182 5388 locum,Babeuberg
1204 5320 1441 5374 dictum.
1464 5321 1526 5375 in
1552 5323 1750 5377 sedem
1777 5327 2071 5380 etculmen

448 5490 591 5556 (154)
624 5489 699 5542 Ex
730 5488 1152 5544 characteribus
1181 5488 1320 5544 anni
1349 5487 1522 5559 hujus
1542 5489 1873 5558 diplomatis
1902 5491 2070 5545 vide-

375 5564 468 5612 tur
491 5559 682 5628 colligi
713 5575 899 5629 posse,
933 5559 1244 5629 Notgerum
1286 5560 1620 5631 episcopum
1666 5561 2068 5616 Leodicensem

2155 531 2493 586 auctoritate
2535 536 2708 602 atque
2761 530 3101 586 venerabilis
3153 531 3378 587 Heurici
3411 531 3880 602 Wurciburgen-

2155 620 2230 672 sis
2251 619 2524 692 episcopi,
2576 637 2640 674 ac
2697 636 2842 690 puro
2892 620 3304 691 communique
3361 622 3632 676 omnium
3678 623 3874 676 nostri

2155 709 2437 776 fidelium,
2471 715 2588 763 tam
2621 709 3184 780 archiepiscoporum
3218 725 3396 780 quam
3451 711 3879 781 episcoporum

2155 798 2564 868 abbatumque,
2618 814 2724 852 nec
2753 813 2868 851 non
2909 798 3119 852 ducum
3152 800 3208 851 et
3261 797 3542 851 comitum
3595 799 3882 852 consultu

2156 885 2519 956 decretoque,
2566 886 2624 939 in
2675 886 2897 939 honore
2930 891 3138 938 sancta:
3185 886 3286 940 Dei
3339 885 3644 956 genitricis
3683 887 3884 942 Maria

2156 978 2598 1044 sanctorumque
2629 974 3026 1044 apostolorum
3077 973 3228 1027 Petri
3275 978 3331 1026 et
3391 975 3579 1041 Pauli,
3613 991 3726 1029 nec
3761 991 3880 1029 non

2156 1067 2475 1132 martyrum
2507 1062 2722 1116 Kiliani
2752 1067 2809 1117 et
2837 1061 3084 1133 Georgii,
3110 1063 3492 1117 stabilivimus
3527 1070 3710 1134 atque
3759 1081 3886 1118 cor-

2157 1150 2574 1214 roboravimus,
2601 1157 2661 1206 ut
2699 1157 2756 1206 et
2790 1151 2936 1205 inibi
2960 1155 3219 1205 nostrum
3252 1157 3691 1223 parentumque
3745 1170 3884 1208 nos-

2157 1245 2380 1294 trorum
2411 1238 2508 1312 [et]
2539 1239 2764 1294 Ottonis
2789 1239 3034 1294 senioris
3065 1241 3261 1304 nostri,
3285 1239 3513 1296 celebre
3554 1241 3879 1296 haberetur

2162 1329 2513 1394 memoriale,
2551 1335 2608 1382 et
2626 1328 2782 1399 jugis
2811 1345 2915 1398 pro
2971 1329 3235 1382 omnibus
3283 1329 3622 1383 orthodoxis
3679 1331 3877 1385 hostia

2161 1421 2506 1471 mactaretur
2553 1417 2839 1472 salutaris.
2873 1418 3122 1472 Proinde
3153 1418 3379 1472 noverit
3442 1419 3715 1473 omnium
3749 1435 3879 1473 nos-

2161 1507 2235 1560 tri
2260 1505 2517 1560 ﬁdelium
2543 1510 2660 1561 tam
2712 1522 2965 1576 praesens
2995 1511 3135 1560 astas
3186 1523 3360 1577 quam
3419 1513 3477 1560 et
3533 1524 3878 1561 successura

2161 1594 2642 1665 posteritas,quia
2672 1609 2777 1648 nos
2810 1593 2989 1648 nostri
3026 1595 3320 1665 quondam
3365 1594 3516 1664 juris
3546 1595 3872 1659 abbatiam,

2165 1683 2494 1754 Kitzingum
2521 1684 2754 1745 dictam,
2795 1682 2854 1736 in
2886 1699 3034 1753 pago
3087 1682 3339 1738 Gotzfeld
3363 1682 3558 1747 sitam,
3593 1683 3669 1736 ad
3717 1699 3877 1737 eam-

2163 1772 2292 1826 dem
2326 1786 2502 1842 supra
2530 1771 2738 1825 dictam
2761 1771 3144 1841 episcopalem
3171 1772 3387 1838 sedem,
3422 1787 3553 1826 cum
3598 1773 3879 1826 omnibus

2165 1860 2290 1930 ejus
2318 1859 2679 1930 pertinentiis
2718 1860 2834 1914 sive
2865 1860 3247 1921 adhaerentiis,
3278 1859 3550 1915 videlicet
3593 1861 3879 1926 ecclesiis,

2167 1948 2669 2012 decimationibus,
2725 1947 2903 2009 silvis,
2955 1949 3379 2017 venationibus,
3430 1965 3535 2003 seu
3581 1949 3881 2013 omnibus,

2167 2052 2292 2107 quae
2324 2036 2581 2107 quolibet
2612 2037 2781 2091 modo
2816 2036 2927 2091 dici
2957 2037 3044 2091 vel
3096 2037 3266 2091 scribi
3300 2043 3567 2108 possunt,
3603 2037 3888 2092 utilitati-

2167 2125 2294 2191 bus,
2327 2125 2430 2180 hac
2452 2131 2663 2180 nostra:
2684 2126 3036 2179 auctoritatis
3052 2126 3382 2197 preceptali
3413 2127 3651 2197 pagina,
3708 2131 3888 2197 prout

2170 2214 3031 2284 ﬁrmiuspossumus,donamus
3055 2220 3225 2285 atque
3253 2214 3738 2285 proptrietamus,
3766 2231 3890 2268 om-

2171 2303 2334 2356 nium
2394 2302 2846 2357 contradictione
2908 2308 3148 2357 remota.
3226 2303 3638 2374 Praecipientes
3701 2303 3886 2374 igitur

2171 2390 2321 2443 utin
2362 2390 2603 2444 Domino
2651 2391 2891 2445 dilectus
2923 2408 3071 2462 saepe
3105 2391 3271 2446 dictas
3319 2392 3472 2446 sedis
3512 2393 3887 2446 Eberhardns

2173 2478 2476 2548 episcopus
2505 2478 2744 2533 liberam
2801 2480 3008 2534 dehinc
3060 2480 3266 2534 habeat
3316 2487 3666 2552 potestatem
3729 2496 3890 2534 eam-

2172 2568 2302 2622 dem
2340 2566 2628 2621 abbatiam
2660 2584 2791 2622 cum
2824 2569 3090 2623 omnibus
3135 2570 3260 2638 ejus
3288 2555 3652 2640 ap'pendiciis
3675 2575 3888 2623 tenen-

2174 2655 2253 2722 di,
2288 2655 2642 2725 possidendi,
2670 2673 2766 2710 seu
2801 2657 3084 2727 quidquid
3106 2657 3212 2712 sibi
3245 2659 3420 2712 libeat
3449 2659 3637 2713 modis
3681 2658 3890 2712 omni-

2174 2745 2280 2798 bus
2319 2743 2452 2796 inde
2513 2743 2777 2812 faciendi,
2806 2762 2870 2798 ac
2898 2745 2988 2799 sui
3018 2761 3359 2800 sucessores.
3399 2746 3456 2802 Si
3505 2746 3639 2816 quis
3673 2746 3889 2816 igitur,

2175 2832 2328 2904 quod
2369 2831 2547 2886 absit!
2577 2833 2749 2902 hujus
2782 2839 2990 2887 nostra:
3029 2834 3358 2888 donationis
3413 2835 3890 2888 munificentiam

2173 2921 2466 2975 destruere
2499 2923 2615 2974 sive
2646 2921 2861 2976 violare
2903 2929 3234 2992 praesumat,
3293 2925 3352 2976 in
3405 2923 3726 2978 novissimo
3795 2923 3895 2977 die

2100 2999 2140 3054 C
2178 3014 2465 3063 tormento
2499 3009 2924 3080 inextinguibili
2955 3027 3144 3065 coram
3169 3012 3349 3066 oculis
3380 3011 3478 3066 Dei
3529 3013 3678 3068 luat.
3719 3011 3894 3076 Quod

2179 3113 2249 3150 ne
2271 3097 2390 3166 fiat,
2431 3098 2528 3152 sed
2577 3099 2698 3152 haec
2730 3099 2962 3153 traditio
3009 3105 3207 3153 nostra
3263 3100 3332 3154 ab
3388 3100 3660 3154 omnibus
3694 3101 3896 3155 incor-

2181 3191 2347 3257 rupta
2392 3191 2744 3256 permaneat,
2805 3187 2952 3241 hanc
3002 3188 3258 3242 chartam
3307 3188 3438 3242 inde
3488 3189 3892 3259 conscriptam

2180 3290 2355 3328 manu
2379 3274 2615 3346 propria
2642 3274 2978 3330 roborantes
3029 3275 3204 3346 sigilli
3262 3277 3442 3330 nostri
3498 3276 3893 3347 impressione

2179 3363 2446 3432 insigniri
2473 3363 2770 3434 jnssimus.

2251 3453 2391 3506 Data
2445 3453 2686 3508 Kalend.
2734 3453 3030 3521 Nevemh.,
3083 3453 3205 3509 ind.
3267 3470 3318 3522 v,
3352 3471 3504 3509 anno
3551 3455 3882 3510 Dominica:

2181 3540 2652 3602 incarnat.1007.
2708 3558 2859 3596 anno
2906 3558 3040 3596 vero
3070 3542 3290 3596 domini
3344 3543 3571 3598 Henrici
3623 3545 3671 3598 II
3725 3547 3886 3615 regis

2181 3645 2255 3684 v1.
2278 3633 2480 3684 Actum
2510 3631 2896 3686 Frankenfurt
2922 3631 3176 3686 feliciter.
3221 3635 3423 3686 Amen.

2975 3738 3078 3792 XL.

2184 3824 2454 3879 Fundatio
2527 3827 2749 3880 Henrici
2800 3828 2976 3880 sancti
3041 3827 3389 3894 imperatoris
3443 3840 3606 3895 super
3684 3827 3884 3890 Furth,

2669 3912 3028 3980 Francofurti
3055 3915 3113 3967 in
3149 3915 3403 3968 comitiis.

2747 4001 2895 4068 (Kal.
2930 4002 3065 4056 Nov.
3131 4000 3310 4065 1007.)

2415 4089 2730 4160 [Ludewig,
2769 4092 2947 4159 Scrip.
2976 4105 3085 4144 rer.
3129 4091 3332 4156 Germ,
3371 4089 3647 4162 1281-82.]

2183 4177 2250 4231 In
2301 4177 2534 4230 nomine
2591 4182 2800 4231 sanctae
2885 4183 2942 4230 et
2990 4176 3296 4231 individua:
3368 4178 3680 4242 Trinitatis,
3737 4180 3884 4232 Haa-

2107 4281 2149 4334 1)
2189 4281 2342 4320 arcus
2372 4263 2564 4319 divina
2595 4265 2818 4320 favente
2844 4265 3147 4319 clementia
3183 4281 3304 4321 rex.

2254 4352 2658 4406 Saluberrimis
2716 4354 2894 4420 igitur
2941 4355 3084 4407 sacri
3141 4353 3359 4424 eloquii
3413 4353 3882 4410 institutionibus

2185 4440 2484 4494 erudimur
2542 4448 2599 4496 et
2629 4442 3008 4497 admonemur
3034 4449 3116 4511 ut,
3170 4443 3512 4512 temporalia
3541 4444 3880 4515 relinquen-

2184 4533 2270 4583 tes
2301 4531 2625 4597 commoda,
2653 4535 2864 4585 aeterna
2898 4536 2955 4586 et
3013 4531 3136 4586 sine
3157 4531 3273 4585 tino
3303 4547 3574 4585 mansura
3604 4532 3665 4586 in
3721 4534 3881 4588 caalis

2181 4618 2511 4672 studeamus
2553 4618 2793 4688 adipisci
2822 4619 3178 4674 consistoria.
3211 4620 3574 4691 Quapropter
3603 4637 3731 4688 nos,
3769 4623 3876 4676 Do-

2185 4707 2408 4761 minicis
2436 4724 2551 4762 non
2582 4708 2821 4763 surdum
2878 4708 3141 4763 auditum
3180 4708 3500 4778 praebentes
3547 4711 3876 4780 praeceptis,

2184 4801 2242 4849 et
2288 4795 2504 4850 deificis
2561 4797 3008 4866 obtemperando
3076 4796 3442 4851 intendentes
3485 4797 3877 4864 suasionibus,

2182 4883 2490 4954 quemdam
2547 4891 2760 4939 nostrai
2812 4892 3064 4957 paternas
3115 4885 3466 4940 hereditatis
3506 4886 3721 4953 locum,
3778 4890 3884 4942 Ba-

2183 4971 2410 5039 benberg
2429 4972 2665 5041 dictum,
2695 4973 2754 5028 in
2776 4975 2970 5029 sedem
2995 4978 3052 5028 et
3069 4975 3299 5028 culmen
3323 4975 3684 5046 episcopatus
3706 4976 3883 5030 subli-

2183 5060 2394 5114 mando
2451 5061 2835 5129 proveximus,
2869 5067 2924 5116 et
2976 5063 3235 5117 Romana
3286 5064 3651 5129 auctoritate,
3708 5068 3884 5136 atque

2181 5146 2520 5201 venerabilis
2546 5148 2774 5202 Henrici
2798 5148 3260 5219 Wurtburgensis
3277 5149 3534 5220 episcopi
3563 5166 3882 5220 consensu,

2179 5251 2244 5288 ac
2268 5235 2392 5306 pari
2422 5237 2833 5308 communique
2885 5237 3148 5292 omnium
3191 5238 3374 5291 nostri
3418 5237 3702 5299 fidelium.
3759 5245 3882 5294 tam

2180 5324 2738 5396 archiepiscoporum
2778 5343 2951 5395 quam
3013 5326 3415 5397 episcoporum
3459 5327 3876 5400 abbatumque.

2179 5509 2331 5548 anno
2354 5494 2586 5549 demum
2630 5497 2761 5551 1008
2801 5495 3031 5561 obiisse,
3063 5512 3177 5551 non
3209 5500 3401 5551 autem
3437 5499 3592 5562 1007,
3635 5504 3701 5551 ut
3753 5499 3876 5553 Bu-

2177 5565 2405 5619 cherius
2435 5571 2494 5619 et
2530 5565 2628 5620 alii
2654 5571 2986 5637 supputant.
