3914 6190
111 277 177 326 277
1288 259 1684 317 DII’LOMATA
1725 262 2277 319 ECCLESIASI’ICA.

110 410 181 449 nec
208 406 304 445 non
328 387 520 442 ducum
562 393 617 439 et
652 386 931 440 comitum
971 384 1228 439 consultu
1261 385 1627 455 decretoque,
1660 384 1719 439 in
1747 388 1793 439 Α

108 486 321 537 honorem
371 482 568 530 sanctae
620 474 718 528 Dei
748 473 1042 544 genitricis
1082 473 1291 537 Mariae,
1354 480 1717 527 sanctorum-

107 587 185 641 que
200 566 547 639 apostolorum
570 563 719 617 Petri
752 570 807 615 et
829 562 1014 629 Pauli,
1037 578 1142 615 nec
1160 578 1273 614 non
1288 568 1607 631 martyrum
1630 561 1721 615 Κί-

110 658 208 711 liani
237 662 382 724 atque
407 651 653 721 Georgii,
711 650 1090 705 stabilivimus
1118 656 1174 704 et
1200 650 1718 715 corroboravimus,

110 755 149 802 ut
172 754 214 800 et
236 742 357 797 inibi
386 746 639 795 nostrum
690 745 1109 809 parentumque
1156 743 1505 803 nostrorum,
1531 744 1587 791 et
1618 738 1720 793 Ot-

111 834 217 887 tonis
263 829 395 884 tertii
450 824 725 893 videlicet,
794 826 1157 897 imperatoris
1239 827 1610 879 antecessoris
1669 830 1726 879 et

108 920 291 975 senioris
327 917 515 983 nostri,
573 917 796 970 celebre
839 916 1077 969 haberet
1106 915 1439 969 memoriale
1469 921 1527 968 et
1570 915 1725 985 jugis

104 1025 177 1079 pro
207 1006 439 1060 omnibus
466 1003 796 1058 orthodoxis
818 1002 1006 1056 hostia.
1057 1008 1409 1055 mactaretur
1434 1002 1720 1055 salutaris.

108 1095 294 1149 Proinde
336 1092 553 1147 noverit
604 1092 863 1146 omnium
922 1094 1253 1143 nostrorum
1291 1088 1552 1143 fidelium
1607 1096 1725 1143 tam

106 1198 301 1254 praesens
348 1186 496 1244 astas,
553 1196 725 1251 quam
781 1179 955 1232 etiam
1008 1194 1335 1232 successura
1387 1178 1721 1247 posteritas,

102 1270 217 1342 quod
242 1287 329 1323 nos
348 1274 547 1323 nostra:
578 1268 868 1339 quondam
921 1266 1287 1337 proprietatis
1308 1268 1523 1335 locum,
1553 1268 1729 1321 Furth

103 1362 285 1425 dictum,
327 1359 380 1412 in
431 1372 579 1428 pago
618 1358 942 1427 Nordgoau,
987 1357 1046 1409 iu
1104 1356 1372 1409 comitatu
1429 1356 1731 1426 Berengeri

104 1448 275 1501 cornitis
324 1446 512 1515 situm,
573 1446 644 1499 ad
692 1445 1046 1515 stipendium
1098 1444 1502 1498 canonicorum
1543 1444 1603 1497 in
1646 1461 1733 1497 ea-

104 1538 199 1589 dem
237 1536 540 1606 supradicta
593 1534 900 1604 episcopali
963 1534 1093 1587 sede
1130 1533 1418 1587 cmnobice
1454 1534 1564 1587 Deo
1614 1550 1731 1586 ser-

104 1624 340 1686 vientium,
369 1640 478 1677 una
530 1640 660 1676 cum
704 1623 973 1676 omnibus
1030 1625 1153 1689 ejus
1197 1621 1561 1692 pertinentiis
1618 1624 1730 1673 sive

103 1712 425 1778 adhaarentiis,
480 1712 748 1766 videlicet
804 1710 939 1763 vicis
1010 1710 1182 1777 villis,
1231 1710 1502 1773 ecclesiis,
1554 1712 1732 1763 servis

105 1801 362 1866 etancillis,
410 1800 581 1867 areis,
640 1799 827 1861 terris,
862 1798 1028 1852 cultis
1078 1803 1133 1851 et
1194 1797 1442 1863 incultis,
1486 1799 1610 1864 viis,
1646 1798 1730 1851 in-

104 1890 193 1953 viis,
222 1888 444 1943 exitibus
478 1894 535 1943 et
581 1888 875 1950 reditibus,
938 1886 1190 1958 quaesitis
1238 1891 1293 1939 et
1355 1886 1729 1956 inquirendis,

105 1977 248 2047 sylvis,
273 1977 585 2043 forestibus,
610 1977 843 2047 saginis,
870 1974 1289 2040 venationibus,
1320 1974 1504 2044 aquis,
1549 1975 1733 2043 pisca-

104 2066 314 2129 tionibus,
346 2066 533 2130 molis,
576 2063 944 2128 molendinis,
1003 2062 1173 2116 rebus
1205 2060 1515 2114 mobilibus
1538 2066 1594 2114 et
1619 2060 1733 2113 im—

105 2154 369 2219 mobilibus,
404 2160 459 2208 et
516 2154 737 2208 caeteris
767 2152 1056 2217 omnibus,
1112 2166 1242 2221 quae
1270 2150 1374 2203 rite
1422 2148 1591 2203 scribi
1638 2152 1737 2201 aut

102 2244 322 2311 appellari
370 2247 628 2313 possunt,
685 2241 940 2313 quolibet
998 2241 1193 2305 modo,
1255 2237 1619 2295 utilitatibus.
1672 2253 1736 2289 ac

103 2338 249 2383 nostra
274 2330 622 2385 auctoritatis
651 2330 863 2401 pagina
891 2329 1240 2400 praeceptali,
1293 2331 1467 2398 prout
1494 2325 1736 2379 ﬁrmiter

101 2436 361 2488 possumus.
412 2421 699 2474 donamus
756 2424 927 2489 atque
972 2418 1414 2488 proprietamus,
1478 2414 1735 2469 omnium

101 2508 497 2562 contradictione
548 2513 788 2562 remota.
846 2506 1249 2576 Prmcipientes
1300 2505 1479 2575 igitur
1532 2507 1595 2557 ut
1623 2502 1740 2556 dul-

100 2596 264 2649 cissimi
323 2596 379 2649 in
432 2598 658 2651 Christo
717 2596 1123 2662 Banbergenses
1176 2595 1377 2648 fratres
1412 2591 1612 2660 nostri,
1670 2608 1738 2643 ex

103 2690 249 2736 nostro
292 2684 415 2754 jure
494 2684 737 2738 liberam
824 2684 1032 2737 dehinc
1094 2683 1344 2735 habeant
1398 2685 1739 2750 potestatem

104 2771 312 2825 eumdem
340 2772 551 2837 locum,
615 2773 785 2825 Furth
837 2775 1254 2838 nuncupatum,
1312 2784 1441 2822 cum
1474 2768 1741 2821 omnibus

105 2859 387 2927 appenditiis
428 2858 783 2929 possidendi,
837 2859 924 2911 vel
989 2858 1162 2911 etiam
1210 2856 1319 2910 sibi
1374 2856 1739 2909 commodum

101 2945 365 2999 advocatum
392 2946 503 3017 ipsi
561 2946 685 2999 loco
735 2945 1062 3015 supradicto
1111 2958 1283 3012 super
1339 2940 1610 3011 eligendi,
1641 2956 1739 2993 seu
1772 2954 1812 3008 ε

102 3033 330 3103 quidquid
360 3034 473 3088 illis
516 3034 709 3101 libeat,
774 3034 956 3088 modis
1014 3032 1282 3086 omnibus
1334 3031 1395 3084 in
1430 3046 1593 3083 usum
1624 3045 1742 3083 co:-

103 3121 320 3176 nobitataa
349 3123 722 3177 fraternitatis
752 3122 1018 3177 faciendi.
1071 3120 1129 3174 Si
1179 3119 1306 3189 quis
1344 3117 1541 3187 igitur,
1588 3117 1743 3188 quod

102 3210 242 3263 absit!
281 3212 446 3283 huius
503 3217 717 3265 nostrae
772 3208 1101 3265 donationis
1150 3205 1609 3261 munificentiam
1640 3205 1744 3259 de-

104 3304 274 3352 struere
293 3299 402 3353 sive
433 3300 647 3353 violare
686 3303 1017 3370 praesumat,
1073 3297 1134 3350 in
1188 3295 1279 3349 die
1322 3293 1525 3365 judicii
1555 3308 1745 3347 coram

102 3387 237 3439 oculis
268 3388 360 3441 Dei
386 3392 680 3442 tormento
720 3384 1148 3457 inextinguibili
1205 3381 1554 3438 aeternaliter
1606 3381 1742 3434 luat.

104 3473 223 3535 Quod
250 3492 314 3529 ne
337 3477 585 3542 eveniat,
618 3477 713 3530 sed
769 3476 890 3529 haec
918 3473 1151 3528 traditio
1185 3476 1379 3525 nostra
1434 3470 1503 3523 ab
1559 3468 1746 3522 omni-

102 3562 178 3615 bus
196 3566 593 3635 perpetualiter
642 3562 984 3618 inviolabilis
1039 3564 1395 3633 permaneat,
1453 3558 1597 3612 hanc
1627 3574 1749 3611 car-

105 3653 191 3703 tam
227 3651 347 3708 inde
402 3653 788 3724 conscriptam
853 3668 1030 3706 manu
1093 3649 1328 3721 propria
1389 3646 1747 3709 roborantes,

104 3748 239 3815 sigilli
270 3750 441 3803 nostri
464 3747 847 3819 impressione
878 3742 1461 3816 iusignirijussimus.

840 3835 970 3889 XLI.

105 3923 191 3975 lter
235 3926 485 3980 Henricus
540 3927 591 3979 II
655 3923 923 3993 quendam
995 3937 1123 3993 sum,
1165 3916 1750 3993 proprietatis-locum,

162 3996 433 4063 Pferingun
490 3990 721 4057 dictum,
769 3997 826 4047 in
868 4009 1009 4062 pago
1066 3991 1541 4063 Chclesgouve,__et
1584 3990 1640 4038 in
1666 4001 1752 4039 co-

161 4059 648 4138 mitatu'Berengeri
666 4059 884 4138 comitis
904 4066 1089 4138 situm,
1130 4062 1203 4115 ad
1239 4059 1571 4138 stipendium
1603 4072 1757 4138 cqno-

164 4139 380 4191 uicorum
411 4142 470 4191 in
506 4127 617 4206 (ἦ)ιί
662 4136 783 4190 sede
817 4135 1249 4206 Babenbergensi
1289 4127 1326 4183 a
1349 4146 1403 4206 se
1432 4133 1605 4206 erecta
1646 4127 1756 4206 I_)eo

3419 268 3521 320 ‘278

1833 392 1991 458 ptam
2021 403 2197 441 manu
2221 386 2452 456 propria
2480 386 2819 440 roborantes
2849 386 3022 456 sigilli
3052 386 3239 441 nostri
3278 386 3516 458 impres-

1828 475 1985 529 sione
2036 474 2313 543 jussinius
2370 473 2657 543 insigniri.
2729 475 2967 544 Insuper
3024 474 3348 543 Ratisponas
3405 478 3520 527 tres

1830 580 1987 617 areas
2024 562 2175 617 infra
2223 563 2427 617 urbem
2474 564 2637 633 juxta
2683 563 3029 628 Danubium,
3062 562 3202 615 duas
3256 564 3516 616 Brunne-

1828 652 1983 717 laite,
2014 652 2156 705 duas
2190 652 2556 722 Reginhusen
2605 652 2867 705 dedimus
2924 657 2980 705 et
3027 651 3433 705 conﬁrmamus
3462 651 3521 705 iu

1829 758 1997 796 usum
2026 743 2265 796 fratrum
2303 740 2735 805 (canonicorum
2776 741 3095 810 Bamberg).

1900 832 2128 897 Signum
2186 830 2368 883 damni
2425 832 2669 885 Heinrici
2730 834 2871 896 regis
2901 830 3264 883 invictissimi.
3316 827 3522 897 (Mono-

1831 919 2122 981 gramma.)

1906 1003 2265 1057 Eberhardus
2316 1002 2684 1057 cancellarius
2753 1001 2868 1056 vice
2942 1000 3201 1071 Willigisi
3274 1000 3523 1054 archica—

1835 1092 2048 1162 pellani
2066 1092 2387 1162 recognovi.
3284 1156 3291 1163 ε

1911 1183 2049 1235 Data
2075 1181 2195 1236 Kal.
2242 1181 2405 1245 Nov.,
2448 1180 2754 1234 indictione
2793 1195 2845 1242 v,
2896 1194 3045 1232 anno
3097 1177 3404 1233 Dominicse
3438 1177 3524 1231 in-

1836 1270 2186 1325 carnationis
2246 1272 2397 1331 1007,
2454 1284 2604 1321 anno
2661 1284 2792 1322 vero
2876 1266 3075 1321 domui
3143 1266 3393 1321 Ileiurici
3439 1281 3525 1319 se-

1839 1360 2011 1414 cundi
2042 1359 2336 1429 regnantis
2367 1364 2543 1411 sexto.
2577 1361 2778 1411 Actum
2836 1354 3259 1409 Frankonofurt
3289 1354 3529 1408 feliciter

1838 1453 2039 1503 Amen.

2606 1516 2759 1569 XLII.

1840 1612 1953 1663 Rea:
2007 1610 2267 1661 Henricus
2307 1607 2585 1659 abbatinm
2614 1608 2703 1658 sui
2748 1604 2895 1668 juris
2934 1619 3025 1655 seu
3083 1608 3309 1655 veterem
3341 1600 3524 1668 capel-

1773 1671 1811 1723 Β
1913 1682 2021 1733 tam
2059 1681 2114 1731 in
2157 1681 2440 1747 proprium
2499 1677 2595 1730 dat
2631 1678 2881 1731 Ecclesia'
2930 1673 3356 1740 Babenbergensi
3402 1687 3436 1723 a
3478 1686 3531 1724 se

1912 1756 2113 1805 erectze.

2495 1820 2680 1887 (Anno
2707 1815 2884 1882 1008.)

2363 1906 2549 1979 [Ried,
2588 1906 2723 1959 ibid.
2760 1922 2813 1975 p.
2862 1902 3006 1968 126.}

1914 2000 1972 2054 C.
2032 2001 2092 2054 in
2154 1995 2385 2050 nomine
2458 2000 2668 2048 sancite
2720 1999 2776 2047 et
2854 1991 3163 2046 individuus
3217 1989 3529 2053 Trinitatis,

1846 2089 2140 2143 Hammone
2170 2084 2363 2139 divina
2383 2084 2603 2137 favente
2632 2081 2934 2136 clementia
2965 2098 3079 2135 rex.

1917 2176 2133 2231 Divinis
2206 2178 2262 2228 et
2340 2172 2683 2226 salutaribus
2745 2186 3033 2224 sacrarum
3111 2168 3535 2238 Scripturarum

1846 2266 2226 2319 admonemur
2280 2258 2634 2316 documentis
2692 2263 2746 2312 et
2812 2258 3110 2312 erudimur
3162 2263 3222 2309 ut
3274 2254 3536 2309 ecclesias

1851 2354 1949 2408 Dei
1973 2370 2103 2408 cum
2133 2354 2293 2421 larga
2348 2348 2731 2404 benivolentia
2791 2347 3058 2407 ditemus,
3090 2351 3145 2398 et
3192 2358 3417 2397 summa
3445 2343 3536 2396 de-

1849 2445 2076 2499 votione
2112 2439 2462 2511 ampliﬁcare
2492 2454 2611 2490 non
2659 2452 2961 2489 cessemus.
3020 2433 3263 2487 Proinde
3315 2430 3539 2485 noverit

1850 2533 2110 2587 omnium
2150 2526 2356 2585 Christi
2404 2525 2698 2595 nostrique
2736 2522 2991 2577 fidelium
3048 2519 3348 2583 industria,
3404 2517 3536 2589 quia

1850 2639 1951 2676 nos
2000 2636 2104 2690 per
2152 2618 2537 2671 interventum
2580 2617 2787 2665 nostrae
2845 2609 3228 2664 dilectissimm
3276 2606 3537 2677 conjugis

1850 2706 2247 2777 Chunigundm
2311 2702 2598 2775 quandam
2654 2699 2834 2753 nostri
2878 2698 3028 2769 juris
3093 2697 3370 2767 capellam
3422 2695 3537 2748 sive

1850 2798 2160 2863 abbatiam,
2184 2793 2332 2847 infra
2363 2792 2561 2845 urbem
2623 2789 3018 2857 Radesponam
3050 2786 3109 2839 in
3158 2801 3305 2856 pago
3354 2785 3541 2837 Tuon-

1849 2902 2093 2957 ocgowe,
2152 2889 2203 2937 et
2265 2882 2324 2935 in
2376 2879 2650 2933 comitatu
2690 2875 3008 2945 Ruodperti
3059 2874 3284 2928 comitis
3348 2871 3537 2935 sitam,

1850 2955 2057 3026 sanctae
2120 2963 2575 3034 Babenbergensi
2636 2960 2886 3016 ecclesia:
2942 2959 3001 3012 in
3045 2958 3325 3012 honorem
3391 2955 3541 3009 beati

1852 3061 2003 3116 Petri
2032 3054 2308 3130 principis
2364 3053 2753 3124 apostolorum
2791 3056 2849 3104 et
2887 3048 3068 3102 sancti
3122 3045 3349 3116 Georgii
3391 3060 3541 3098 mar-

1852 3149 1991 3220 tyris
2014 3148 2374 3208 consecratas,
2434 3157 2563 3195 cum
2612 3138 2879 3193 omnibus
2935 3136 3305 3208 appenditiis,
3332 3133 3545 3187 scilicet

1854 3237 2161 3293 exitibuset
2181 3231 2479 3296 reditibus,
2526 3228 2694 3283 terris
2746 3226 2912 3280 cultis
2937 3232 2993 3279 et
3039 3224 3287 3288 incultis,
3334 3234 3390 3277 et
3413 3237 3543 3274 cum

1856 3325 2121 3381 omnibus
2154 3319 2496 3376 utilitatibus
2521 3334 2647 3389 qua:
2680 3317 2797 3370 ullo
2852 3315 3020 3369 modo
3072 3320 3169 3367 aut
3225 3310 3394 3365 scribi
3450 3313 3547 3363 aut

1856 3412 2141 3470 nominari
2183 3413 2444 3481 possunt,
2483 3421 2709 3460 summa
2764 3408 2820 3458 et
2863 3402 3089 3457 liberali
3133 3398 3435 3456 devotione
3486 3398 3545 3449 in

1856 3502 2154 3576 proprium
2186 3500 2485 3560 donamus,
2512 3512 2577 3548 ea
2602 3493 2862 3547 videlicet
2891 3490 3223 3545 conditione
3264 3491 3548 3558 quatenus

1857 3574 2115 3661 ejusdem
2160 3583 2500 3655 supradictas
2557 3580 2807 3635 ecclesiae
2859 3574 3346 3647 Babenbergensis
3378 3588 3546 3627 vene-

1859 3680 2053 3734 rabilis
2114 3676 2414 3746 episcopus
2479 3668 2861 3733 Eberhardus,
2919 3665 3122 3735 suique
3178 3676 3546 3723 successores,

1858 3769 2124 3836 deinceps
2145 3765 2385 3817 liberam
2418 3758 2618 3813 exinde
2674 3757 2923 3810 habeant
2972 3755 3315 3823 potestatem
3350 3755 3548 3803 tenen-

1863 3858 1941 3923 di,
1974 3851 2323 3926 possidendi,
2367 3852 2423 3902 et
2478 3845 2755 3916 quidquid
2804 3843 2873 3896 ad
2916 3857 3082 3895 usum
3127 3838 3432 3926 pradicth
3462 3853 3549 3889 ec-

1863 3924 2050 3999 clesia:
2126 3941 2407 4011 pertineat
2463 3933 2724 3997 faciendi,
2782 3930 3046 3984 omnium
3102 3924 3552 3981 contradictione

1866 4037 2105 4088 remota.
2148 4030 2209 4081 Et
2268 4031 2330 4080 ut
2388 4024 2559 4090 hujus
2614 4025 2822 4075 nostras
2876 4015 3202 4072 donationis
3250 4012 3554 4067 auctoritas

1866 4119 2083 4176 stabilis
2115 4124 2172 4171 et
2213 4112 2546 4169 inconvulsa
2596 4111 2952 4181 permaneat,
3007 4106 3356 4175 praeceptum
3406 4099 3552 4153 istud

162 4211 500 4291 servientium,
531 4188 793 4291 ‘una'c'um
816 4206 1060 4288 omnibus
1085 4188 1202 4291 eius
1246 4200 1583 4291 pertinentia;
1623 4199 1749 4277 sive.

1922 4211 2003 4263 ide
2051 4204 2440 4273 conscriptum
2497 4198 2731 4270 propria
2778 4211 2955 4250 manu
2990 4193 3445 4253 corroborantes,
3477 4188 3557 4241 si—

162 4270 511 4343 adhzrentiis,
561 4278 809 4331 videlicet
849 4278 1006 4341 vicis,
1038 4275 1206 4336 villis,
1258 4272 1556 4343 Ecclesiis,
1587 4270 1754 4343 servis

164 4354 203 4399 et
234 4353 460 4407 ancillis.
498 4340 672 4411 areis,
730 4348 976 4415 adiﬁciis
1045 4346 1203 4396 terris
1234 4343 1391 4396 cultis
1433 4346 1489 4415 et
1537 4340 1756 4415 incultis

166 4421 267 4483 riis,
316 4424 500 4487 inviis,
562 4410 800 4472 mitibus
837 4410 911 4469 ἐι
940 4415 1227 4487 reditibus,
1268 4412 1538 4487 quaesitis
1562 4410 1760 4487 velin-

164 4479 440 4556 quirendis.
488 4479 693 4547 'silvis.
752 4486 1065 4555 forestibus,
1094 4486 1327 4556 saginis,
1356 4479 1750 4556 venationibus,

165 4552 321 4628 tignis,
351 4552 766 4630 piscationibus;
824 4559 999 4619 molis,
1036 4554 1380 4630 molendinis,
1438 4552 1595 4630 rebus
1649 4565 1762 4601 mo-

166 4622 367 4686 bilibus.
402 4638 453 4685 et
494 4631 879 4690 immobilibus,
949 4643 1011 4681 ac
1062 4627 1266 4679 cazteris
1323 4622 1588 4683 omnibus,
1648 4634 1766 4688 qua

165 4706 253 4754 rite
303 4704 471 4757 scribi
528 4708 626 4757 aut
681 4700 953 4768 appellari
978 4700 1202 4766 possunt
1224 4695 1411 4764 quovis
1448 4691 1626 4768 modo,
1656 4692 1764 4768 uti-

169 4774 393 4827 litatibus
440 4774 609 4828 donat
657 4760 819 4840 atque
866 4760 1450 4840 proprietat,6mnium
1491 4760 1766 4840 contradi-

167 4847 316 4897 ctione
360 4850 589 4906 remota,
643 4832 745 4895 ea-
776 4832 987 4894 ratione
1066 4843 1149 4891 ut'
1190 4835 1445 4905 pradicti
1474 4904 1487 4906 _
1527 4832 1773 4906 canonici

168 4914 371 4968 liberam
421 4902 617 4967 dehinc
668 4912 900 4966 habeant
952 4902 1293 4978 potestatem,
1347 4904 1571 4958 eundem
1599 4902 1773 4978 locum

168 4986 451 5051 Pferingun
509 5001 629 5038 cum
676 4982 922 5036 omnibus
952 4972 1308 5051 'appenditiis
1360 4978 1473 5030 suis
1514 4972 1770 5051 _tenendi,

166 5045 483 5121 possidendi.
538 5056 620 5107 vel
671 5056 836 5107 etiam
898 5045 1397 5121 sibi—commodum
1425 5045 1775 5121 advocatum

170 5113 312 5193 super
363 5113 479 5179 loco»
525 5126 668 5179 dicto
717 5122 972 5190 eligendi,
1022 5136 1113 5173 seu
1164 5116 1437 5187 quidquid
1478 5117 1589 5169 illis
1616 5113 1777 5167 libeat

170 5197 279 5250 inde
305 5196 571 5264 faciendi.

734 5267 920 5334 (Anno
968 5260 1142 5329 l007.)

622 5352 807 5425 [Ried,
840 5351 961 5405 ibid
1004 5367 1061 5420 p.
1098 5346 1246 5420 £25.]

178 5443 237 5496 Ut
263 5444 380 5498 hinc
411 5441 647 5497 traditio
686 5446 885 5495 nostra
938 5438 1008 5493 ab
1051 5436 1319 5492 omnibus
1368 5430 1783 5504 perpetualiter

126 5529 438 5586 inviolabilis
478 5532 835 5601 permaneat.
883 5527 1031 5581 hanc
1072 5525 1327 5579 chartam
1366 5521 1500 5576 inde
1544 5519 1785 5574 conscri-

1867 4297 1991 4370 gilli
2022 4293 2203 4349 nostri
2234 4290 2612 4361 impressione
2646 4285 2926 4357 jussimus
2952 4280 3237 4352 insigniri.

1934 4388 2168 4451 Signum
2223 4380 2408 4434 damni
2458 4378 2703 4432 Heinrici
2763 4376 2909 4442 regis
2962 4370 3311 4425 invictissimi
3360 4367 3560 4436 (Mono-

1867 4472 2154 4544 gramma.)

1940 4560 2265 4617 Guntherus
2324 4552 2696 4610 cancellarius
2739 4551 2810 4605 ad
2850 4549 3030 4603 vicem
3076 4543 3342 4616 Willigisi
3388 4541 3567 4596 archi-

1870 4648 2150 4722 capellani
2181 4646 2509 4715 recognovi.
2976 4706 2983 4713 φ

1947 4720 2086 4794 Data
2122 4736 2243 4790 Kal.
2275 4732 2451 4799 Junii,
2481 4730 2678 4785 indict.
2704 4746 2778 4790 v1,
2840 4744 2991 4782 anno
3032 4722 3342 4781 Dominicse
3382 4720 3568 4774 incar-

1875 4832 1991 4883 nat.
2026 4827 2181 4887 l008,
2205 4838 2356 4877 anno
2388 4836 2521 4873 vero
2569 4817 2767 4872 domui
2827 4814 3075 4872 Ileinrici
3129 4808 3364 4866 secundi
3407 4821 3566 4875 regn.

1876 4934 1972 4971 vii.
2012 4918 2216 4968 Actum
2241 4908 2569 4977 Merseburg
2605 4904 2863 4961 feliciter.

2340 4996 2593 5063 Sigillum
2612 4997 2758 5048 intus
2772 4995 3110 5062 impressum.

2636 5100 2826 5155 XLIII.

1884 5200 1947 5253 S.
2002 5196 2219 5251 Henrici
2271 5196 2615 5261 praeceptum,
2669 5205 2764 5261 per
2798 5184 2959 5261 iquod
3012 5181 3259 5237 Ecclesia:
3329 5179 3576 5261 tVorma—

1960 5248 2120 5321 tiensi
2162 5248 2417 5319 attribuit
2444 5248 2746 5331 'quid'quid
2789 5248 3060 5312 B'ecelinus
3120 5265 3287 5305 comes
3338 5252 3397 5302 in
3427 5248 3577 5302 bene-

1959 5340 2143 5409 ﬁcium
2159 5335 2419 5406 possedit.

2552 5422 2734 5487 (Anno
2775 5414 2945 5480 1008.)

2073 5512 2405 5584 [Schanuat,
2438 5529 2445 5535 ·
2474 5509 2841 5577 Episcopatus
2890 5504 3159 5558 Wormat.
3204 5500 3272 5551 11.
3329 5494 3441 5561 37.1
