4016 6202
345 208 450 262 279

1642 213 1699 268 S.
1742 211 1927 269 HENR
1937 211 2030 269 lCI
2067 210 2548 268 lﬂPEBATORIS

3774 217 3888 268 *280

419 335 481 387 In
527 331 764 388 nomine
819 337 1025 388 sanctae
1057 339 1114 389 et
1153 334 1463 390 individuaa
1516 334 1832 402 Trinitatis,
1879 337 2046 390 HEIN-
2077 339 2124 391 Α
2163 340 2218 389 et
2248 351 2353 405 per
2378 334 2716 389 descensum
2748 333 3012 390 Ratenzae
3043 351 3225 406 usque
3264 333 3326 388 in
3385 334 3628 389 fluvium
3700 335 3885 395 Moiu,

349 439 502 478 ωερε
541 421 735 476 divina
763 422 986 478 favente
1017 423 1326 479 clementia
1358 440 1475 480 rex.

417 511 476 566 Si
533 511 916 566 Ecclesiarnm
993 512 1094 566 Dei
1151 514 1274 568 loca
1335 514 1575 585 alicujus
1622 514 2047 569 commoditatis

345 599 703 655 incremento
752 600 1054 656 meliorare
1109 602 1521 668 studuerimus,
1576 603 1743 658 nobis
1781 604 1890 658 hoc
1918 619 2050 673 pro-

346 689 515 744 ﬁcere
546 687 786 742 minime
816 689 1152 744 difﬁdimus.
1184 691 1544 762 Quapropter
1591 691 1854 746 omnium
1886 691 2048 746 Chri-

347 777 420 832 sti
441 777 722 845 ﬁdelium,
743 777 1116 847 praesentium
1137 778 1352 833 scilicet
1378 785 1434 835 et
1453 780 1803 846 futurorum,
1827 782 2049 834 noverit

347 866 689 921 universitas
722 865 971 936 qualiter
1003 883 1126 933 nos,
1178 867 1250 920 ob
1289 868 1612 923 remedium
1656 869 1864 921 animae
1895 867 2050 921 tertii

349 955 576 1012 Ottonis
629 954 996 1024 imperatoris
1052 970 1154 1008 nec
1211 971 1326 1008 non
1373 960 1582 1009 nostrae
1628 961 2049 1025 parentumque

350 1049 704 1109 nostrorum,
734 1058 833 1095 seu
867 1041 1250 1111 Cunigundaz,
1294 1042 1677 1096 dilectissimus
1721 1043 2050 1097 contectalis

351 1135 558 1185 nostra:
646 1129 1018 1200 ejusdemque
1097 1130 1443 1197 interventu,
1535 1138 1705 1200 atque
1767 1131 2049 1202 petitione

352 1220 662 1275 Burchardi
710 1219 1052 1274 venerabilis
1131 1219 1406 1290 episcopi,
1469 1221 1872 1274 Wormaciensi
1934 1221 2051 1290 epi-

350 1309 542 1379 scopio
573 1314 633 1362 et
687 1307 966 1373 Ecclesize,
1023 1308 1083 1360 in
1144 1309 1425 1361 honorem
1485 1310 1665 1363 sancti
1726 1308 1878 1363 Petri
1911 1325 2052 1378 apo-

351 1399 632 1451 stolorum
692 1395 966 1466 principis
1027 1401 1369 1449 constructae
1417 1412 1482 1449 ac
1540 1396 1834 1462 dedicatae,
1887 1397 2049 1467 quid-

352 1484 493 1552 quid
522 1483 816 1537 Becelinus
846 1497 1036 1536 comes
1077 1483 1138 1536 in
1182 1483 1528 1537 beneﬁcium
1583 1484 1762 1538 nostri
1791 1501 1859 1538 ex
1887 1491 2050 1555 parte

351 1572 626 1625 hactenus
672 1569 877 1624 habuit
923 1575 979 1624 et
1009 1570 1212 1634 tenuit,
1247 1588 1379 1625 cum
1433 1571 1702 1626 omnibus
1756 1575 1881 1643 ejus
1920 1589 2048 1644 per-

352 1658 608 1712 tinentiis
651 1657 766 1711 sive
816 1659 1171 1728 appendiciis
1226 1660 1334 1725 vel,
1388 1677 1518 1730 quae
1570 1661 1828 1730 quolibet
1883 1662 2052 1715 modo

355 1746 465 1800 dici
492 1751 592 1800 aut
630 1746 800 1800 scribi
852 1754 1112 1817 possunt,
1165 1747 1527 1815 utilitatibus,
1578 1749 1753 1802 situm
1801 1750 1860 1802 in
1908 1766 2056 1820 pago
2109 1751 2114 1758 '

359 1834 653 1905 Lagiuahi,
690 1834 749 1888 in
775 1835 1047 1888 comitatu
1095 1852 1229 1889 vero
1291 1836 1479 1891 Gerlai
1521 1837 1768 1903 comitis,
1809 1839 1913 1892 hac
1962 1855 2061 1891 no-

367 1928 482 1976 stra
528 1923 857 1993 praeceptali
925 1923 1136 1992 pagina
1183 1925 1406 1994 integre
1467 1925 1830 1979 concedimus
1886 1931 2057 1996 atque

367 2011 670 2081 largimur,
693 2027 757 2064 ac
786 2012 854 2065 de
887 2018 1077 2065 nostro
1109 2013 1240 2082 jure
1263 2013 1323 2066 in
1346 2014 1468 2082 ejus
1499 2013 1594 2082 jus
1627 2019 1685 2067 et
1735 2013 2059 2068 dominium

369 2099 605 2153 omnino
661 2100 1166 2154 transfundimns:
1230 2118 1297 2155 ea
1365 2101 1629 2156 videlicet
1703 2103 1923 2156 ratione
1999 2108 2060 2157 ut

367 2187 731 2257 praescriptus
775 2187 1154 2255 Burchardus,
1187 2193 1395 2243 sanctae
1446 2190 1881 2245 Wormaciensis
1910 2190 2060 2244 sedis

368 2274 622 2338 antistes,
681 2275 751 2328 de
832 2276 1252 2345 pramomiuato
1307 2277 1529 2346 praedio
1579 2278 1816 2347 ejusque
1884 2279 2062 2347 perti-

368 2363 594 2425 nentiis,
626 2362 749 2434 ipse
779 2365 982 2434 suique
1036 2380 1387 2418 successores
1419 2365 1624 2419 dehinc
1671 2366 1913 2420 liberam
1951 2366 2058 2420 ha-

368 2452 542 2506 beant
561 2456 901 2522 potestatem
954 2452 1222 2521 habendi,
1270 2452 1622 2524 possidendi,
1665 2453 1754 2507 vel
1785 2454 2063 2525 quidquid

371 2541 452 2594 eis
478 2540 706 2594 libitum
735 2540 907 2594 fuerit
954 2539 1217 2605 faciendi,
1269 2541 1428 2594 omni
1480 2541 1738 2595 omnium
1784 2542 2063 2597 contradi-

371 2628 555 2682 ctione
582 2633 823 2682 remota.
857 2629 923 2682 Et
946 2634 1009 2682 nt
1038 2628 1184 2683 hanc
1239 2635 1448 2684 nostras
1505 2630 1830 2684 donationis
1869 2637 2064 2686 aucto-

370 2715 507 2771 ritas
537 2717 752 2771 stabilis
777 2723 832 2770 et
861 2717 1195 2771 inconvulsa
1226 2717 1386 2772 omni
1418 2724 1752 2788 permaneat
1782 2723 2062 2790 tempore,

370 2805 476 2860 hoc
523 2813 875 2876 praeceptum
949 2805 1080 2859 inde
1133 2806 1523 2876 conscriptum
1609 2823 1786 2861 manu
1835 2808 2066 2878 propria

2158 430 2217 479 et
2254 439 2359 494 per
2415 423 2750 478 descensum
2805 423 2955 479 Moin
3002 439 3186 495 usque
3241 423 3302 477 in
3363 424 3558 478 locum
3620 423 3896 478 Fiberiet

2157 514 2396 579 dictum,
2424 518 2481 565 et
2511 529 2615 582 per
2644 528 2944 567 ascensum
2979 512 3166 575 rivuli,
3203 512 3305 583 qui
3363 511 3609 567 emdem
3675 511 3894 566 villam

2159 602 2462 656 dividendo
2490 601 2854 670 praeterfluit,
2890 617 3068 672 usque
3097 602 3158 655 in
3193 601 3453 671 ejusdem
3494 601 3670 654 rivuli
3705 608 3899 670 caput

2160 697 2214 744 et
2247 696 2460 757 ortum,
2515 696 2630 743 eta
2672 689 2858 759 capite
2914 690 3071 743 illius
3127 689 3296 744 rivuli
3358 689 3686 744 secundum
3723 690 3896 759 quod

2158 780 2368 833 rectius
2398 784 2454 832 et
2473 779 2714 832 vicinius
2749 783 2935 845 potest
2961 777 3143 832 veniri
3175 779 3234 832 in
3279 795 3457 849 supra
3505 778 3740 831 dictum
3776 779 3894 830 ﬁn-

2157 884 2292 922 men
2316 867 2516 934 Vraha,
2550 867 2620 921 ab
2672 867 2936 922 Heinrico
2981 867 3235 936 ejusdem
3265 867 3523 920 ecclesia:
3570 854 3892 936 episcopo,

2156 956 2544 1010 consentiente
2572 961 2631 1009 et
2678 955 3037 1010 collaudante
3093 956 3242 1008 clero
3295 958 3353 1008 et
3401 955 3640 1025 populo,
3710 956 3893 1008 ﬁrma

2159 1062 2223 1100 ac
2276 1045 2445 1115 legali
2501 1043 2951 1097 commutacione
3005 1042 3442 1113 acquisivimus.
3495 1043 3888 1096 Tradentese

2157 1138 2356 1187 contra
2377 1133 2561 1187 eidem
2591 1131 2857 1188 Hainrico
2889 1132 3150 1202 episcopo
3177 1147 3412 1200 suaeque
3451 1132 3724 1184 ecclesiae
3755 1131 3892 1200 jure

2159 1222 2526 1293 proprietatis
2558 1224 2679 1275 loca
2705 1222 2764 1274 in
2795 1237 2944 1292 pago
2985 1220 3270 1290 Grapfeld,
3308 1221 3367 1272 in
3406 1219 3697 1274 comitatu
3753 1237 3888 1274 vero

2160 1311 2383 1366 Ottonis
2422 1311 2649 1364 comitis
2681 1310 2810 1372 sita,
2845 1311 3186 1380 Maynnnga,
3211 1312 3268 1362 et
3295 1309 3704 1380 Mayuungero
3739 1325 3889 1362 mar-

2160 1401 2265 1453 cha
2291 1405 2346 1452 et
2377 1398 2705 1453 Walahdorf
2729 1398 2898 1462 dicta,
2955 1413 3084 1450 cum
3139 1396 3409 1450 omnibus
3458 1413 3668 1450 eorum
3704 1397 3888 1466 perti-

2159 1487 2398 1548 nenciis,
2433 1485 2581 1540 villis
2607 1486 2824 1540 scilicet
2879 1491 2934 1539 et
2981 1484 3280 1556 utriusque
3344 1501 3512 1538 sexus
3547 1485 3886 1554 mancipiis,

2163 1575 2434 1641 ecclesiis,
2466 1574 2966 1637 decimacionibus,
3000 1573 3176 1640 silvis,
3236 1572 3671 1639 venationibus,
3719 1575 3890 1643 aquis

2167 1680 2518 1734 aquarumve
2577 1663 2930 1730 decursibus,
2984 1662 3422 1733 piscacionibus,
3498 1662 3886 1724 molendinis,

2166 1753 2361 1824 pratis,
2413 1753 2657 1823 pascuis,
2705 1752 2875 1807 terris
2950 1751 3118 1807 cultis
3177 1752 3263 1806 vel
3324 1751 3582 1819 incultis,
3617 1750 3890 1822 quaesitis

2167 1842 2252 1894 vel
2284 1841 2664 1911 inquirendis,
2700 1840 2805 1894 viis
2843 1845 2900 1894 et
2925 1840 3115 1906 inviis,
3152 1839 3529 1893 existentibus
3574 1837 3884 1909 [exitibus]

2168 1934 2225 1984 et
2251 1930 2551 1996 reditibus,
2574 1937 2631 1983 et
2661 1945 2794 1983 cum
2825 1929 3115 1994 omnibus,
3149 1945 3278 1999 quas
3310 1927 3423 1983 dici
3449 1934 3550 1982 aut
3582 1928 3889 1981 nominari

2167 2023 2424 2090 possunt,
2454 2017 2814 2084 utilitatibus,
2842 2017 2972 2088 jure
2995 2022 3188 2070 nostro
3217 2017 3278 2070 in
3328 2017 3424 2087 jus
3451 2017 3759 2088 praedicta:
3803 2033 3894 2070 ec-

2169 2107 2356 2161 clesias
2389 2107 2858 2174 transfundeudo,
2916 2124 2982 2160 ea
3027 2107 3291 2160 videlicet
3337 2106 3570 2159 racione
3620 2111 3711 2170 ut,
3749 2121 3894 2175 prai-

2168 2197 2316 2248 fatus
2343 2196 2645 2265 episcopus
2675 2194 2973 2249 Haiuricus
3004 2195 3208 2265 suique
3248 2210 3603 2248 successores
3635 2194 3714 2247 de
3736 2210 3890 2264 prai-

2169 2283 2483 2338 nominatis
2514 2283 2649 2337 locis
2678 2283 2886 2338 dehinc
2931 2283 3172 2337 liberam
3219 2285 3470 2338 habeant
3526 2289 3888 2354 potestatem

2171 2372 2524 2442 possidendi,
2571 2372 2988 2435 commutandi,
3022 2373 3109 2426 vel
3191 2373 3465 2443 quicquid
3516 2372 3600 2425 eis
3649 2372 3801 2426 inde
3834 2372 3893 2424 li-

2171 2461 2356 2515 bitum
2405 2460 2477 2514 sit
2519 2460 2784 2526 faciendi,
2839 2461 2998 2514 omni
3076 2462 3340 2514 omnium
3421 2460 3894 2514 contradictione

2171 2555 2411 2604 remota.
2439 2551 2504 2603 Et
2523 2556 2588 2604 ut
2616 2550 2738 2604 huic
2769 2555 2978 2604 nostra:
2999 2549 3473 2603 commutaciouis
3527 2550 3648 2602 sive
3715 2549 3898 2603 dona-

2174 2638 2354 2692 ciouis
2409 2639 2714 2693 auctoritas
2762 2639 2980 2694 stabilis
3030 2643 3086 2693 et
3141 2639 3482 2692 inconvulsa
3538 2641 3899 2709 permaneat

2177 2725 2379 2799 [omni]
2421 2733 2700 2797 tempore,
2746 2729 2850 2781 hoc
2906 2733 3258 2798 praeceptum
3311 2727 3444 2780 inde
3490 2727 3896 2796 conscriptum

2176 2833 2349 2870 manu
2382 2817 2619 2888 propria
2671 2817 3124 2881 corroborantes,
3177 2816 3354 2886 sigilli
3404 2816 3584 2870 nostri
3631 2817 3894 2885 impres-

371 2893 820 2955 corroborantes,
856 2891 1031 2962 sigilli
1057 2893 1234 2947 nostri
1258 2895 1641 2965 impressione
1663 2894 1931 2965 insigniri
1948 2897 2066 2967 jns-
2097 2898 2136 2953 C
2175 2905 2334 2958 sione
2355 2905 2621 2976 insigniri
2654 2905 2948 2975 jussimns.

374 2997 573 3035 simus.

446 3072 674 3136 Signum
703 3068 888 3123 domui
932 3069 1178 3122 Heinrici
1217 3071 1362 3137 regis
1393 3071 1762 3124 invictissimi.

445 3155 808 3212 Eberhardus
863 3155 1235 3209 cancellarius
1292 3156 1412 3210 vice
1461 3157 1764 3228 Wuilligisi
1813 3159 2066 3214 archica-

375 3243 587 3314 pellani
613 3243 934 3314 recognovi,

446 3333 639 3386 Datav
694 3331 827 3386 ldus
883 3331 1034 3399 Maii,
1081 3347 1231 3386 anno
1284 3332 1595 3387 Dominicae
1653 3333 2067 3392 incarnationis

375 3418 680 3473 millesimo
712 3419 851 3484 Vlll,
885 3419 1081 3473 indict.
1118 3437 1170 3486 v,
1212 3436 1364 3474 anno
1394 3436 1530 3474 vero
1587 3421 1784 3475 domui
1817 3422 2070 3477 Heinrici

375 3506 540 3577 regni
559 3524 631 3561 v1.

445 3599 648 3649 Actum
687 3593 916 3648 Triburi
944 3594 1201 3649 feliciter.
1227 3599 1428 3652 Amen.

1148 3686 1322 3740 XLIV.

379 3773 640 3840 Diploma
695 3774 920 3826 Henrici
969 3775 1020 3828 Il
1067 3775 1222 3842 imp.,
1284 3790 1388 3844 quo
1453 3777 1705 3830 Ecclesia:
1760 3775 2072 3830 Wircebur-

448 3845 601 3918 gensi
655 3845 829 3918 tradit
876 3846 1198 3913 Meinungen
1225 3851 1274 3898 et
1312 3847 1592 3918 Walldor/
1622 3861 1720 3915 pro
1765 3849 1890 3900 aliis
1923 3847 2073 3901 bonis

448 3930 508 3967 in
543 3929 704 3997 pago.
738 3917 1063 3983 Ratcngau
1116 3932 1249 3970 novo
1297 3917 1688 3985 Bambergensi
1738 3919 2076 3986 episcopatui

444 4000 748 4054 permzssw.

904 4057 1086 4119 (Auno
1134 4058 1290 4118 1088,
1322 4056 1452 4109 Maii
1489 4061 1566 4122 ’7.)

380 4143 768 4232 [Ussermann,
823 4143 1113 4198 Germania
1162 4144 1473 4232 sacralll,
1535 4147 1803 4232 Preuves,
1843 4160 1899 4214 p.
1958 4143 2069 4216 16.]
2100 4180 2144 4232 ο

453 4233 515 4285 In
558 4231 793 4285 nomine
839 4236 1048 4284 sanctas
1099 4235 1155 4284 et
1183 4230 1493 4285 individum
1549 4231 1858 4300 Trinitatis,
1906 4234 2070 4287 Hem-

382 4335 537 4374 nicus
569 4320 761 4373 divina
789 4318 1012 4372 favente
1044 4319 1351 4372 clementia
1379 4336 1498 4373 rex.

460 4407 736 4461 Omnibus
781 4407 987 4461 Christi
1062 4407 1346 4473 ﬁdelibus,
1422 4409 1804 4478 praesentibus
1861 4409 2076 4464 scilicet

382 4500 554 4566 atque
578 4495 806 4556 futuris,
854 4499 1052 4549 notum
1079 4511 1200 4549 esse
1229 4495 1489 4550 volumus
1536 4496 1670 4566 quia
1710 4513 1835 4563 nos,
1882 4499 1953 4552 ob
1981 4499 2074 4552 di-

382 4583 525 4636 vinae
581 4583 1060 4637 remunerationis
1111 4599 1269 4654 spem
1321 4585 1623 4639 Dominum
1683 4586 1851 4639 nobis
1910 4585 2071 4641 insti-

381 4676 608 4725 tuentes
633 4670 941 4737 heredem,
985 4677 1043 4725 et
1084 4689 1149 4726 ex
1201 4673 1409 4728 nostris
1456 4673 1626 4727 rebus
1647 4673 2074 4730 haereditarinm

383 4762 667 4832 quendam
707 4761 889 4815 nostri
932 4760 1080 4831 juris
1111 4763 1301 4815 locum
1353 4763 1676 4832 Babenperc
1743 4762 1958 4816 dictum
2015 4764 2072 4817 in

382 4851 610 4905 culmen
641 4855 697 4904 et
751 4854 922 4920 caput
980 4851 1359 4920 episcopatus,
1419 4852 1636 4906 honore
1685 4852 1865 4904 sancti
1925 4852 2074 4906 Petri

381 4938 658 5009 principis
707 4939 1098 5009 apostolorum
1136 4938 1418 5008 insigniti,
1474 4938 1762 5009 erigentes
1793 4943 1850 4991 et
1905 4939 2078 4994 subli-

385 5032 626 5089 mautes,
661 5027 949 5097 quandam
972 5025 1457 5096 Wirzebnrgensis
1481 5028 1771 5082 dioceseos
1826 5033 2074 5097 partem,

385 5115 720 5170 comitatum
769 5115 1030 5169 videlicet
1078 5115 1466 5185 llatenzgouin
1535 5115 1772 5181 dictum,
1827 5116 2078 5186 exceptis

387 5204 568 5258 tribus
597 5206 844 5259 ecclesiis
894 5204 1212 5259 Wahenrod
1253 5208 1310 5258 et
1353 5204 1716 5259 Mulinhusen
1758 5221 1821 5258 ac
1881 5206 2080 5259 Loner-

388 5295 498 5344 stat
517 5307 645 5345 cum
669 5295 901 5362 capellis
922 5294 994 5348 ad
1023 5294 1251 5348 easdem
1293 5293 1558 5346 ecclesias
1615 5293 2076 5364 respicientibus,

389 5385 446 5433 et
497 5381 782 5450 quandam
830 5389 1054 5452 partem
1103 5381 1238 5453 pagi
1293 5381 1571 5435 Volckfelt
1603 5380 1757 5446 dicti,
1812 5380 2081 5436 videlicet

389 5468 570 5521 aloco
602 5467 698 5521 ubi
731 5469 946 5522 ﬂumen
999 5471 1182 5525 Vraha
1233 5470 1446 5524 dictum
1500 5469 1698 5523 intlnit
1748 5471 2075 5533 Ratenzam,

2245 2995 2478 3059 Signum
2498 2993 2682 3046 domui
2721 2994 2976 3048 Hainrici
3011 2994 3154 3060 regis
3184 2991 3550 3046 invictissimi.

2248 3081 2606 3136 Eberhardus
2651 3083 2952 3152 episcopus
3014 3087 3072 3135 et
3133 3081 3510 3135 cancellarius
3575 3080 3706 3133 vice
3749 3081 3891 3134 Wil-

2178 3168 2333 3239 ligisi
2391 3170 2832 3240 archicapellani
2907 3169 3232 3240 recognovi.
3294 3171 3430 3223 Data
3505 3169 3684 3223 Nonis
3739 3169 3890 3227 Maii.

2177 3274 2329 3313 anno
2361 3257 2667 3312 Dominica:
2727 3256 3134 3311 incarnationis
3194 3257 3496 3311 millesimo
3554 3259 3706 3324 Vlll,
3745 3257 3892 3312 indi-

2179 3347 2364 3402 ctione
2395 3365 2448 3415 ν,
2489 3363 2642 3400 anno
2686 3362 2820 3400 vero
2877 3345 3077 3400 domui
3125 3345 3375 3400 Haiurici
3431 3346 3669 3400 secundi
3721 3347 3889 3417 regni

2180 3441 2348 3490 sexto.
2381 3440 2585 3489 Actum
2614 3434 2983 3504 Wirzeburge
3014 3435 3274 3489 feliciter.
3339 3439 3548 3490 Amen.

2970 3524 3121 3577 XLV.

2253 3613 2310 3668 S.
2351 3614 2572 3666 Henrici
2584 3613 2932 3682 privilegium
2956 3627 3060 3681 pro
3088 3612 3330 3666 Ecclesia
3358 3613 3665 3667 Vicentina.

2841 3701 3024 3767 (Auno
3059 3703 3237 3765 1008.)

2525 3788 2793 3862 [Ughelli,
2838 3790 3005 3842 Italia
3040 3789 3228 3854 Sacra,
3294 3789 3358 3853 V,
3417 3788 3559 3857 140.]

2255 3877 2319 3930 In
2365 3876 2595 3930 nomine
2651 3881 2856 3930 sancta:
2895 3881 2951 3930 et
2998 3875 3311 3930 individua
3359 3875 3676 3944 Trinitatis,
3743 3878 3885 3932 Hes-

2184 3980 2336 4018 incus
2356 3963 2547 4017 divina
2576 3964 2799 4019 favente
2826 3964 3129 4017 clementia
3160 3980 3275 4017 rex.

2255 4053 2313 4107 Si
2338 4052 2713 4106 Ecclesiarum
2764 4051 2864 4106 Dei
2895 4068 3092 4106 curam
3149 4053 3424 4121 gerimus,
3473 4068 3690 4124 easque
3755 4053 3892 4108 dila-

2185 4145 2307 4195 tare
2355 4141 2763 4208 studuerimus,
2821 4141 3003 4194 nostri
3050 4142 3214 4211 regni
3254 4146 3466 4195 statum
3519 4143 3888 4210 augmentari

2186 4229 2424 4283 minime
2456 4229 2807 4283 dubitamus.
2839 4229 2962 4293 Quo
3018 4230 3166 4282 circa
3205 4230 3466 4283 omnium
3518 4230 3579 4284 S.
3644 4231 3752 4284 Dei
3790 4233 3887 4284 Ec-

2184 4318 2393 4384 clesiae,
2449 4318 2818 4388 praesentium
2871 4317 3085 4392 scilicet
3158 4322 3214 4371 et
3291 4318 3638 4385 futurorum,
3689 4326 3888 4371 noscat

2183 4406 2524 4460 universitas
2573 4407 2820 4477 qualiter
2859 4406 3240 4477 Hieronymus
3294 4406 3347 4461 S.
3409 4406 3723 4461 Viceutinse
3788 4408 3888 4460 Ec-

2183 4495 2371 4548 clesiaa
2405 4494 2707 4566 episcopus
2737 4499 2932 4548 noster
2961 4495 3258 4548 familiaris
3308 4499 3561 4548 nostram
3589 4496 3743 4548 adiit
3771 4499 3888 4549 cle—

2185 4584 2460 4637 mentiam
2494 4585 2809 4654 postulans,
2866 4587 2953 4649 ut,
3001 4598 3106 4652 pro
3152 4583 3251 4636 Dei
3309 4598 3503 4636 amore
3557 4584 3888 4654 animaeque

2185 4677 2393 4735 nostras
2442 4671 2716 4737 remedio,
2758 4670 2988 4724 castella
3041 4669 3128 4724 sui
3196 4670 3474 4741 episcopii
3515 4671 3739 4725 Vicent.
3793 4672 3888 4742 qui

2184 4760 2329 4813 fodri
2355 4759 2701 4814 detrimento
2729 4775 2911 4830 usque
2945 4759 3112 4812 modo
3159 4760 3530 4814 vastabantur
3559 4765 3617 4812 et
3647 4762 3889 4814 concul-

2185 4850 2479 4913 cabantur,
2517 4855 2728 4902 nostra:
2772 4849 2942 4918 regia:
2986 4848 3338 4902 auctoritatis
3383 4847 3695 4918 largitione
3755 4865 3888 4919 per-

2186 4938 2527 4992 donaremns
2611 4942 2668 4990 et
2756 4937 3214 4992 concederemus.
3286 4939 3460 5007 Cujus
3514 4937 3891 5008 petitionibus

2186 5031 2523 5091 annuentes,
2556 5031 2727 5095 prout
2777 5026 2929 5096 jnste
2961 5031 3018 5080 et
3068 5026 3330 5096 legaliter
3385 5042 3716 5096 possumus,
3770 5028 3889 5097 jam

2187 5116 2337 5169 dicto
2399 5114 2745 5185 Hieronymo
2803 5116 3073 5185 episcopo
3129 5115 3362 5185 suisque
3436 5116 3890 5179 successoribus,

2179 5203 2332 5258 sicut
2359 5203 2468 5258 sibi
2493 5219 2828 5258 concessum
2861 5209 2944 5257 est
2969 5209 3027 5256 et
3078 5204 3465 5273 perdonatnm
3497 5221 3530 5257 a
3573 5205 3718 5258 bon.
3772 5221 3886 5258 me.

2188 5293 2251 5346 D.
2313 5292 2532 5347 Othone
2563 5293 2782 5347 Caesare
2840 5296 3120 5362 Augusto,
3197 5293 3584 5362 perdonamus
3675 5297 3744 5346 nt
3817 5293 3888 5346 de

2188 5380 2456 5434 omnibus
2505 5380 2750 5436 castellis
2794 5381 2864 5435 ad
2922 5397 3090 5434 suum
3142 5380 3262 5449 jam
3310 5381 3528 5434 dictum
3569 5381 3886 5450 Episcopa-

2187 5475 2306 5522 tnm
2360 5469 2800 5540 pertinentibus,
2863 5469 3076 5523 scilicet
3133 5469 3474 5530 Barbarano,
3532 5470 3879 5533 Salvatiauo,
