4016 6202
155 293 256 349 281

154 503 466 565 Grumodo.
549 499 1217 565 Vincentia-Brendulis,
1303 503 1597 572 Altavilla,
1665 507 1883 560 Monte-

153 594 353 662 digno,
413 590 697 658 Corvedo,
759 596 818 644 et
874 590 943 643 de
1002 590 1153 642 Valle
1224 591 1554 659 Coturnica,
1629 595 1881 663 Cucullo,

158 683 336 746 Velle,
398 680 652 742 Arserio,
717 688 774 732 et
823 678 1091 732 omnibus
1148 678 1381 733 famulis
1442 698 1617 750 super
1677 688 1883 737 terram

146 771 273 840 jam
315 769 454 822 dicti
501 768 877 843 episcopatus
910 766 1310 820 habitantibus
1341 769 1432 822 vel
1473 769 1882 840 residentibus,

155 875 276 912 non
307 857 482 910 alicui
533 856 756 911 homini
793 860 909 910 tam
952 854 1189 909 ducibus
1221 871 1398 925 quam
1433 858 1882 924 marchionibus,

155 946 490 1010 comitibus,
525 961 624 999 seu
680 945 856 998 alicui
909 960 1134 1014 magnae
1167 960 1478 1015 parvaeque
1507 962 1768 1015 persona:
1797 948 1883 1001 fo-

153 1036 329 1088 drum
381 1035 768 1104 persolvatur,
823 1035 910 1086 vel
962 1033 1308 1086 concedatur
1359 1054 1374 1100 ;
1423 1036 1520 1089 sed
1567 1035 1734 1089 liceat
1782 1052 1887 1105 per

155 1124 265 1176 hoc
299 1128 660 1193 praeceptum
696 1123 822 1192 jam
865 1123 1014 1176 dicto
1045 1121 1394 1192 Hieronymo
1429 1123 1699 1194 episcopo
1734 1125 1885 1178 suis-

155 1228 269 1281 que
309 1211 758 1274 successoribus,
809 1211 958 1264 sicut
1007 1209 1273 1280 superius
1310 1211 1588 1282 scriptum
1621 1212 1883 1279 habetur,

155 1300 359 1369 quiete
421 1308 478 1352 et
546 1299 785 1368 paciﬁce
862 1299 1057 1352 omnia
1127 1300 1552 1368 praenominata
1605 1301 1884 1362 castella,

155 1387 487 1458 eorumque
528 1389 883 1442 habitatores
938 1389 1006 1442 ad
1046 1389 1164 1458 jam
1219 1389 1436 1443 dictum
1491 1389 1885 1460 episcopatum

154 1477 548 1548 pertinentes,
613 1476 702 1529 vel
748 1492 924 1545 super
969 1483 1181 1530 terram
1242 1478 1367 1548 ejus
1422 1479 1762 1545 residentes,
1817 1482 1889 1534 de

155 1565 440 1619 omnibus
470 1565 652 1618 fodris
699 1565 1030 1633 defendere,
1077 1571 1134 1618 et
1179 1573 1506 1636 protegere,
1566 1568 1725 1620 omni
1757 1585 1889 1621 cou-

1441 290 1841 352 DIPLOMATA
1881 295 2431 353 ECCLESIASTICA.

156 416 416 480 Nosceta,
467 410 765 479 Albetine,
827 410 1158 476 Aureliano,
1211 411 1501 478 Custodia,
1557 418 1874 486 Grancona,
1909 421 1954 472 A

3592 301 3698 354 ‘282

2063 419 2127 472 In
2175 418 2408 472 nomine
2451 423 2660 473 sanctas
2691 423 2748 474 et
2784 418 3094 475 individua:
3120 419 3432 487 Trinitatis,
3469 421 3694 476 Hamm-

1995 523 2089 560 cus
2119 507 2316 561 divina
2345 507 2570 560 favente
2597 508 2899 562 clementia
2931 526 3045 563 rex.

2067 596 2274 648 Notum
2307 595 2380 648 sit
2428 595 2695 648 omnibus
2742 597 2950 650 nostris
3000 595 3284 663 ﬁdelibus,
3316 597 3698 667 praesentibus

1994 683 2204 737 scilicet
2233 688 2290 736 et
2327 683 2535 736 futuris
2560 684 2806 762 qualiter
2837 701 2960 750 nos,
3005 686 3330 740 interventu
3385 692 3558 756 atque
3595 702 3696 755 pe-

1995 771 2194 824 titione
2225 770 2509 826 Heriberti
2541 773 2682 840 (156)
2721 772 3071 826 Coloniensis
3101 773 3533 843 archiepiscopi,
3556 772 3698 828 ban-

1995 876 2134 914 uum
2170 864 2429 912 nostrum
2453 860 2767 913 bestiarum
2795 861 3048 914 Baldrico
3085 861 3229 930 (157)
3259 868 3468 915 sanctae
3502 862 3702 916 Leodi-

1996 949 2178 1002 censis
2221 948 2484 1001 Ecclesias
2519 948 2769 1018 praesuli,
2799 964 2902 1002 nec
2925 966 3042 1002 non
3071 950 3330 1004 Baldrico
3353 951 3500 1021 (158)
3533 947 3704 1004 comi-

1995 1037 2060 1102 ti,
2087 1051 2258 1104 super
2290 1051 2487 1089 eorum
2522 1036 2780 1106 proprias
2820 1036 3008 1102 silvas,
3042 1053 3170 1106 quas
3217 1042 3369 1104 sunt,
3421 1038 3566 1092 inter
3603 1039 3705 1091 illa

1999 1124 2112 1178 duo
2145 1123 2406 1189 flumina,
2443 1140 2570 1193 quae
2598 1124 2769 1177 ambo
2803 1123 2968 1177 Nithe
3009 1123 3152 1194 (150)
3185 1130 3476 1189 vocantur,
3509 1131 3566 1178 et
3587 1130 3702 1178 ter-

1997 1211 2142 1265 tium
2168 1210 2322 1279 quod
2351 1211 2514 1264 Thila
2545 1213 2684 1281 (160)
2719 1211 3072 1278 nominatur,
3102 1212 3242 1275 sitae,
3277 1217 3333 1265 et
3362 1229 3492 1282 qiue
3518 1214 3705 1282 perti-

2000 1303 2138 1353 nent
2168 1299 2237 1352 ad
2259 1299 2384 1352 illas
2414 1299 2575 1352 villas
2597 1299 2784 1352 Heiste
2817 1299 2963 1368 (161)
2996 1304 3051 1352 et
3070 1299 3314 1358 lleisten,
3351 1317 3414 1353 ac
3442 1300 3706 1354 Badfride

1999 1405 2105 1442 nec
2137 1404 2250 1440 non
2274 1387 2538 1440 Maelines
2565 1387 2734 1457 (162ξ,
2763 1387 3102 1455 nominatas,
3127 1388 3280 1456 quod
3301 1393 3492 1441 tamen
3517 1393 3705 1442 totum

2001 1476 2345 1529 Waverwald
2400 1475 2742 1545 appellatur,
2798 1477 2856 1527 in
2907 1474 3181 1527 comitatu
3233 1489 3360 1527 vero
3418 1475 3709 1529 Gozilonis

2002 1563 2246 1627 comitis,
2273 1564 2372 1634 qui
2389 1563 2833 1632 Antewerf(163)
2857 1563 3084 1630 dicitur,
3109 1563 3304 1628 situm,
3325 1579 3427 1632 per
3447 1564 3594 1616 hanc
3619 1580 3712 1616 no-

156 1654 510 1708 tradictione
555 1658 797 1706 remota.
834 1653 893 1707 Si
944 1669 1072 1707 vero
1121 1654 1432 1726 contigerit
1482 1661 1543 1708 ut
1575 1672 1674 1708 nos
1705 1656 1766 1709 in
1796 1673 1891 1710 eas
1926 1694 1964 1746 Β
2005 1657 2180 1705 stram
2224 1654 2621 1722 praceptalem
2670 1652 2941 1720 paginam
2989 1650 3354 1704 concedimus
3385 1656 3555 1720 atque
3595 1651 3710 1704 lar-

157 1749 359 1813 partes
410 1741 731 1808 veniamus,
789 1741 915 1811 ipse
944 1743 1060 1812 jam
1110 1741 1292 1796 dictus
1343 1744 1726 1814 Hieronymus
1772 1744 1897 1813 epi-
1927 1738 1963 1746 “’
2005 1739 2216 1807 gimur,
2249 1745 2304 1792 et
2336 1739 2404 1793 de
2436 1739 2783 1808 nostrojure
2831 1739 2890 1793 in
2932 1755 3130 1792 eorum
3168 1739 3262 1808 jus
3291 1755 3354 1791 ac
3385 1738 3712 1793 dominium

160 1847 400 1900 scopas,
453 1831 539 1883 vel
589 1829 680 1882 sui
728 1845 1080 1884 successores
1109 1846 1212 1899 per
1241 1848 1300 1885 se
1330 1833 1417 1886 vel
1453 1848 1657 1885 eorum
1690 1831 1896 1886 missos
2007 1827 2501 1882 transfundimus:
2565 1843 2632 1880 ea
2676 1827 2938 1882 videlicet
2988 1827 3209 1880 ratione
3257 1831 3338 1892 ut,
3393 1826 3715 1898 praescripti

162 1920 372 1974 ﬁdeles
402 1919 636 1972 fodruin
667 1917 964 1988 colligant,
1005 1917 1279 1990 nobisque
1308 1919 1543 1974 servitia
1575 1921 1896 1974 secundum
2010 1915 2253 1969 Baldrici
2310 1917 2378 1970 de
2433 1914 2849 1987 pramominato
2907 1916 3098 1970 hanno
3159 1915 3398 1984 ejusque
3465 1914 3713 1968 utilitate

166 2024 343 2078 posse
378 2011 727 2078 praeparent,
789 2023 857 2060 eo
889 2006 1146 2061 videlicet
1175 2009 1373 2062 ordine
1425 2013 1486 2061 ut
1531 2007 1726 2060 nullus
1758 2007 1891 2073 dux,

169 2096 527 2167 patriarcha,
565 2095 843 2160 marchio,
893 2111 1100 2163 comes,
1157 2096 1497 2160 vicecomes,
1551 2095 1894 2160 sculdasius,

168 2185 478 2254 gastaldio,
537 2184 814 2254 nullaque
870 2184 1050 2236 nostri
1106 2185 1272 2255 regni
1328 2200 1542 2254 magna
1602 2198 1898 2254 parvaque

167 2271 808 2342 persona-praedictum
865 2273 1272 2342 Hieronymum
1329 2273 1666 2344 episcopum
1724 2287 1899 2325 suos-

166 2377 288 2431 que
365 2376 718 2414 successores
791 2361 861 2412 de
928 2360 1341 2430 perdonatione
1410 2367 1468 2415 et
1523 2361 1898 2414 concessione

166 2450 408 2504 fodrum
457 2449 913 2520 subscriptorum
959 2453 1274 2504 castrorum
1321 2450 1674 2521 inquietare,
1710 2451 1898 2503 mole-

169 2543 350 2598 stare.
398 2536 642 2606 litigare
695 2536 902 2590 audeat
950 2537 1037 2589 vel
1087 2543 1416 2606 prmsumat.
1458 2538 1515 2592 Si
1549 2552 1703 2599 vero,
1742 2537 1898 2608 quod

172 2642 293 2680 non
342 2626 649 2691 credimus,
699 2625 809 2678 hoc
862 2627 1123 2678 nostrum
1168 2631 1524 2696 praeceptum
1575 2623 1899 2694 infringere

171 2713 502 2780 teutaverit,
546 2713 686 2767 sciat
716 2730 776 2767 se
807 2713 1264 2784 compositurum
1314 2714 1440 2768 auri
1485 2712 1794 2786 purissimi
1828 2714 1897 2767 li-

172 2805 304 2857 bras
335 2803 704 2873 quingentas,
741 2802 1108 2856 medietatem
1138 2818 1382 2858 camerae
1415 2809 1648 2866 nostrae,
1683 2807 1740 2855 et
1773 2819 1897 2855 me-

173 2893 454 2946 dietatem
488 2891 760 2962 praedicto
792 2891 1144 2960 Hieronymo
1192 2893 1334 2962 (155)
1363 2893 1637 2962 episeopo
1661 2890 1896 2960 suisque

2008 2003 2216 2058 dehinc
2275 2003 2515 2058 liberam
2570 2004 2840 2070 habeant,
2900 2003 3184 2074 quidquid
3240 2002 3347 2057 sibi
3404 2003 3711 2072 placuerit,

2007 2096 2348 2162 potestatem
2370 2093 2637 2158 faciendi,
2670 2092 2930 2146 omnium
2964 2091 3267 2146 hominum
3301 2091 3711 2146 contradictio-

2009 2197 2083 2234 ne
2124 2185 2362 2234 remota.

2085 2269 2148 2322 Et
2175 2275 2235 2322 ut
2263 2268 2384 2322 haec
2433 2266 2760 2322 donationis
2805 2273 3010 2321 nostras
3059 2266 3364 2320 auctoritas
3411 2266 3630 2320 stabilis
3659 2272 3716 2320 et

2006 2357 2342 2410 inconvulsa
2370 2357 2525 2410 omni
2554 2361 2888 2427 permaneat
2917 2359 3194 2426 tempore,
3228 2355 3334 2408 hoc
3360 2359 3715 2424 praeceptum

2006 2447 2140 2500 inde
2172 2445 2580 2515 conscriptum,
2618 2460 2793 2497 manu
2851 2445 3087 2514 propria
3134 2442 3587 2509 corroborantes,
3635 2443 3713 2496 si-

2007 2535 2148 2606 gillo
2180 2539 2372 2587 nostro
2404 2532 2670 2603 insigniri
2698 2533 2988 2603 iussimus.

2079 2625 2312 2689 Signum
2336 2621 2544 2675 domini
2573 2623 2794 2674 Henrici
2819 2622 2959 2686 regis
2991 2621 3356 2674 invictissimi.

2081 2710 2440 2764 Eberhardus
2469 2710 2614 2776 (164)
2641 2707 3036 2773 cancellarius,
3079 2709 3197 2761 vice
3227 2706 3491 2776 Willigisi
3519 2706 3710 2760 archi-

2007 2797 2307 2868 capellani.
2331 2798 2682 2866 recognovit.
2722 2799 2928 2850 Datum
2963 2796 3150 2866 pridie
3186 2796 3315 2849 ldus
3337 2795 3714 2864 Septembris,

2007 2887 2318 2941 indictione
2350 2891 2526 2951 sexta,
2586 2902 2734 2939 anno
2780 2885 3089 2939 Dominicaa
3128 2883 3536 2938 incarnationis
3581 2884 3717 2936 mil-

177 2980 625 3036 successoribus.
686 2980 846 3044 Quod
895 2985 958 3034 ut
1004 2979 1191 3033 verius
1223 2981 1519 3047 habeatur,
1557 2995 1728 3033 manu
1764 2995 1900 3049 pro-
1935 2976 1974 3030 C
2013 2975 2214 3029 lesimo
2242 2980 2458 3040 octavo,
2492 2991 2645 3027 anno
2678 2989 2810 3026 vero
2851 2973 3070 3026 domini
3104 2972 3328 3026 Henrici
3359 2971 3594 3025 secundi
3624 2987 3714 3024 re-

180 3071 307 3140 pria
336 3071 491 3123 hanc
537 3067 809 3139 paginam
859 3067 1197 3122 roborantes
1245 3069 1434 3140 sigillo
1477 3073 1678 3123 nostro
1721 3068 1898 3138 jussi-

179 3175 311 3212 mus
345 3157 637 3227 insigniri.

252 3249 488 3315 Signum
527 3247 595 3299 D.
632 3247 865 3300 chrici
893 3247 930 3312 ’ἴ
962 3246 1105 3312 regis
1128 3246 1504 3300 invictissimi.

253 3335 582 3389 Eberardus
613 3334 1108 3404 archicapellanus
1143 3335 1494 3404 recognovit.

260 3426 476 3478 Datum
531 3439 659 3489 xxx,
706 3467 716 3478 .
765 3465 775 3476 .
823 3463 838 3476 .
898 3426 1066 3476 Anno
1124 3423 1436 3476 Dominica:
1488 3419 1900 3474 incarnationis

186 3512 503 3565 millesimo
532 3512 672 3579 Vlll,
703 3511 900 3565 indict.
925 3527 1001 3574 iv,
1035 3527 1183 3564 anno
1215 3511 1418 3581 quinto
1445 3508 1627 3581 [vero]
1667 3509 1725 3562 D.
1761 3510 1902 3563 Hen-

187 3601 291 3653 rici
359 3601 525 3670 regni
584 3601 776 3671 [regis]
835 3617 909 3653 vx.
967 3603 1170 3653 Actum
1232 3600 1466 3655 Mulind.
1515 3640 1528 3653 .
1575 3640 1587 3651 .
1637 3597 1898 3652 feliciter.

184 3693 398 3743 Amen.

943 3759 1119 3812 XLVI.

187 3851 243 3904 S.
306 3849 571 3903 Henricus
621 3850 924 3917 Imperator
980 3848 1232 3901 Baldrico
1277 3849 1525 3916 episcopo
1567 3845 1899 3910 Leodicensi,

261 3926 316 3973 et
350 3919 604 3972 Batdrico
653 3923 837 3973 comiti
885 3919 984 3972 dat
1027 3919 1264 3972 bannum
1312 3919 1606 3972 bestiarum
1655 3919 1712 3969 in
1747 3918 1901 3971 silvis

263 4006 406 4058 quas
422 3989 799 4059 possidebant.

857 4077 1045 4145 (Anno
1074 4078 1252 4147 1008.)

573 4165 844 4236 [Miracus,
874 4166 1012 4234 Opp.
1047 4166 1294 4234 diplom.,
1329 4165 1401 4228 Il,
1434 4164 1546 4232 53.]

270 4273 422 4337 (155)
472 4271 627 4324 Idem
662 4271 1046 4339 Hieronymus
1097 4269 1167 4323 ab
1211 4269 1413 4322 eodem
1460 4267 1700 4320 Henrico
1754 4266 1894 4337 imp.
1930 4257 1973 4310 υ

194 4347 476 4410 tanquam
539 4342 805 4411 perjurus
885 4347 943 4394 et
1024 4345 1277 4404 apostata
1336 4343 1732 4411 exauctoratus
1795 4346 1898 4399 est,

194 4409 441 4482 ejusque
487 4409 652 4464 bona
694 4411 1002 4481 publicata.
1053 4411 1130 4464 Ea
1167 4427 1295 4482 qua:
1340 4409 1399 4482 in
1435 4409 1696 4477 Papiensi
1727 4411 1907 4463 comi-

193 4480 318 4537 tatu
347 4480 708 4552 possidebat,
738 4483 999 4536 Comensi
1041 4480 1300 4535 Ecclesiae.
1333 4480 1578 4552 fuerunt,
1593 4496 1858 4552 concessa
1892 4498 1904 4548 ;

193 4555 267 4608 de
301 4549 419 4623 qua
463 4570 523 4605 re
569 4553 630 4606 in
660 4553 968 4622 diplomate
1019 4551 1262 4606 Conradi
1298 4553 1361 4613 ll,
1410 4549 1636 4603 Henrici
1679 4566 1909 4603 succes-

196 4625 364 4685 soris,
427 4624 610 4676 eidem
661 4623 926 4678 Comensi
982 4623 1247 4676 Ecclesia:
1295 4637 1563 4675 concesso
1619 4636 1711 4673 an.
1774 4625 1907 4676 1026

195 4694 420 4748 mentio
454 4701 651 4747 exstat.

267 4765 425 4833 (256)
455 4766 505 4818 S.
539 4764 864 4818 Heribertus
895 4763 1247 4819 Coloniensis
1267 4761 1728 4830 archiepiscopus
1756 4779 1907 4817 anno

201 4839 363 4900 1021,
395 4836 485 4888 die
539 4839 598 4889 l6
657 4836 856 4900 Martii,
910 4836 979 4889 ad
1014 4837 1311 4888 meliorem
1356 4833 1530 4885 vitam
1563 4833 1808 4896 transiit,
1842 4851 1910 4888 ex

193 4906 467 4978 opposito
500 4907 673 4978 _urbis
723 4907 1077 4960 Coloniensis
1127 4903 1580 4978 ingnionasterio
1629 4904 1909 4978 Tuitiensi

194 4974 320 5029 a's’e
371 4976 602 5030 condito
649 4978 935 5045 sepultus.
979 4977 1120 5030 Vita;
1167 4976 1292 5046 ejus
1341 4974 1909 5046 historiam-scripsit

197 5051 494 5116 Rupertus
523 5048 698 5100 abbas
737 5048 1066 5111 Tuitiensis,
1100 5065 1133 5100 a
1158 5045 1323 5100 Siirio
1353 5045 1584 5098 editam.

270 5115 421 5188 (157)
448 5118 733 5172 Baldricus
763 5117 1140 5183 Leodicensis,
1163 5117 1488 5188 episcopus,
1517 5115 1790 5188 fundator
1810 5117 1906 5170 ab-

195 5191 372 5243 batiae
404 5190 458 5242 S.
491 5188 709 5254 Jacobi,
736 5189 796 5242 in
830 5190 966 5243 urbe
996 5187 1316 5253 Leodiensi,
1356 5204 1506 5240 anno
1542 5189 1674 5240 1017
1719 5187 1905 5241 vivere

199 5260 394 5324 desiit,
419 5265 523 5312 etc.

274 5332 426 5400 (l58)
457 5329 745 5383 Baldricus
771 5346 961 5383 comes
994 5327 1352 5400 Leodicensis
1376 5329 1502 5393 fuit,
1531 5331 1594 5381 ut
1624 5328 1899 5400 suspicor.

202 5398 356 5457 Olim
415 5401 704 5471 pleraeque
762 5401 1012 5455 civitates
1064 5398 1451 5471 episcopales,
1521 5407 1583 5452 ut
1627 5399 1902 5471 Camera-

201 5469 890 5537 censisztrebatensis,
963 5470 1403 5535 Ambianensis,
1475 5475 1533 5522 et
1590 5469 1712 5521 alia:
1773 5487 1904 5522 suos

202 5543 442 5595 comites
467 5542 806 5594 habuerunt.

2010 3063 2239 3135 guantis
2270 3063 2535 3134 septimo.
2571 3065 2772 3116 Actum
2803 3062 3049 3116 Treviris
3072 3061 3332 3116 feliciter.
3365 3065 3570 3115 Amen.

2757 3151 2965 3205 XLVII.

2016 3245 2127 3296 Rem
2187 3243 2448 3295 Henricus
2502 3242 2556 3295 ΙΙ
2609 3240 2776 3294 donat
2850 3240 3176 3293 monasterio
3250 3239 3717 3295 Niederaiiaccnsi

2084 3313 2360 3365 ecclesiam
2387 3312 2754 3379 parochiatcm
2783 3312 2842 3363 in
2872 3311 3271 3376 Mundi-asking
3303 3325 3421 3363 cum
3470 3309 3712 3372 decimis,

2081 3388 2132 3436 et
2160 3399 2410 3436 mansum
2466 3381 2694 3446 ibidem,
2757 3388 2862 3435 tres
2914 3396 3126 3434 mansos
3172 3382 3231 3433 in
3271 3381 3622 3448 Siﬂ'enko/en,
3665 3385 3715 3433 et

2073 3454 2436 3507 molendinum
2466 3454 2525 3505 in
2559 3454 2915 3520 Mangolting.

2523 3540 2708 3607 (Anno
2743 3543 2899 3606 l009,
2933 3543 2963 3592 6
3002 3537 3207 3608 April.)

2013 3629 2199 3699 [Ried,
2247 3629 2384 3683 Cod.
2433 3630 2596 3696 episc.
2630 3629 2937 3692 Ratisbon.,
2989 3643 3057 3680 ea:
3090 3629 3233 3681 Mon.
3266 3629 3410 3682 Boic.
3445 3631 3531 3690 XI,
3565 3628 3713 3699 l3‘7.]

2082 3719 2144 3771 In
2179 3717 2412 3770 nomine
2437 3722 2648 3770 sanctae
2688 3722 2744 3770 et
2773 3717 3086 3770 individua:
3130 3715 3443 3782 Trinitatis,
3486 3718 3716 3770 Hamm-

2011 3821 2106 3860 (US
2131 3805 2324 3858 divina
2356 3805 2580 3858 favente
2609 3804 2914 3858 clementia
2945 3819 3059 3856 rex.

2082 3894 2140 3948 Si
2176 3893 2445 3947 Ecclesias
2497 3892 2597 3945 Dei
2641 3893 2884 3962 alicujus
2928 3889 3065 3945 doni
3115 3888 3476 3945 incremento
3527 3893 3712 3946 ditare

2011 3985 2100 4038 vel
2138 3982 2449 4036 sublimare
2479 3981 2885 4042 studuerimus,
2923 3977 3087 4033 nobis
3117 3978 3175 4032 id
3207 3979 3572 4048 profuturum
3597 3995 3718 4033 esse

2012 4072 2250 4126 minime
2278 4069 2624 4124 dubitamus.
2659 4070 3016 4140 Quapropter
3039 4067 3261 4121 noverit
3280 4069 3541 4122 omnium
3565 4069 3720 4124 Chri-

2012 4161 2087 4214 sti
2116 4159 2372 4214 lideliuui
2404 4162 2846 4228 nostrorumque
2876 4155 3157 4210 industria
3206 4157 3470 4227 qualiter,
3520 4158 3594 4211 ob
3625 4173 3717 4211 re-

2083 4265 2232 4334 (159)
2272 4265 2450 4318 Ambo
2485 4263 2668 4317 Nithe.
2726 4264 2844 4315 Duo
2871 4262 2960 4314 hic
2991 4261 3230 4334 flumina
3262 4267 3556 4327 notantur,
3589 4279 3719 4332 quae

2022 4337 2186 4390 Nithe
2229 4351 2326 4387 seu
2385 4336 2577 4388 Nettre
2609 4350 2820 4387 nomen
2865 4333 3152 4401 hodieque
3181 4339 3406 4402 gerunt,
3442 4334 3500 4386 in
3551 4334 3719 4387 Cam-

2019 4408 2192 4477 pania
2225 4405 2580 4468 Brabantica,
2615 4410 2670 4458 et
2703 4405 2758 4457 in
2795 4404 3007 4477 oppido
3039 4404 3256 4477 _Lirano
3284 4406 3605 4467 confluunt,
3636 4406 3716 4457 vi-

2020 4473 2228 4531 delicet
2259 4477 2437 4529 Nethe
2466 4478 2650 4545 major
2682 4481 2740 4528 et
2771 4476 2947 4528 Netlie
2977 4473 3183 4528 minor.

2090 4549 2235 4616 (I60)
2267 4548 2450 4610 Tliila,
2481 4564 2580 4600 seu
2602 4546 2806 4605 'l‘hilia,
2848 4547 2958 4612 Thy
2990 4545 3180 4608 Gallis,
3212 4547 3379 4610 Dilia,
3414 4547 3544 4612 Dylc
3574 4547 3718 4600 Teu-

2019 4619 2268 4681 tonibus,
2311 4619 2525 4671 llumeu
2581 4633 2756 4688 prope
2789 4616 3100 4688 Genapiam
3136 4617 3720 4688 iniGallo—Brabautia

2019 4697 2230 4756 ortum,
2292 4686 2627 4742 Villarieuse
2681 4688 2803 4740 0rd.
2862 4686 3247 4739 Cisterciensis
3309 4687 3718 4740 monasterium

2018 4761 2201 4825 alluit,
2250 4759 2454 4812 exinde
2498 4760 2640 4812 Fura
2699 4759 2817 4809 rivo
2865 4757 3098 4809 Lovallii
3133 4763 3382 4822 auctum,
3414 4758 3475 4810 in
3517 4759 3720 4811 Deme-

2018 4847 2161 4891 ram,
2197 4846 2262 4882 ac
2291 4831 2541 4900 denique
2571 4830 2628 4882 in
2661 4828 2904 4900 Scaldim
2937 4828 3148 4880 inﬂuit.

2088 4903 2239 4968 (l6l)
2287 4896 2479 4953 Heiste
2537 4899 2916 4966 municipium
2967 4900 3092 4968 agri
3145 4898 3382 4963 Hiensis,
3430 4896 3719 4967 hodieque

2017 4978 2216 5024 notum
2247 4972 2415 5026 Heist
2445 4987 2511 5039 op
2537 4971 2640 5023 den
2669 4970 2832 5035 berin

2090 5044 2236 5112 (I62)
2297 5042 2440 5095 Villa
2472 5037 2754 5094 Maclines.
2791 5041 2956 5112 Forte
2989 5039 3173 5112 Quoe‘t
3199 5037 3535 5112 AMechelen,
3583 5038 3721 5112 villa
3787 5105 3791 5109 η

2019 5108 2189 5166 medii
2237 5112 2344 5165 aevi
2377 5112 2770 5182 scriptoribus,
2806 5111 2962 5164 idem
3003 5110 3155 5179 quod
3188 5108 3359 5161 Gallis
3409 5108 3574 5162 hodie
3607 5111 3718 5162 vil—

2018 5186 2154 5250 lnge.

2088 5253 2234 5323 (t63‘)
2274 5254 2541 5320 Antwerf,
2606 5253 2664 5305 in
2696 5253 2953 5304 comitatu
2986 5249 3256 5323 Gozilonis
3283 5251 3510 5323 cornitis.
3551 5251 3721 5305 Notet

2015 5320 2108 5379 hic
2136 5320 2311 5378 lector
2337 5325 2671 5377 comitatum
2704 5339 2804 5375 seu
2835 5336 3082 5374 marcam
3120 5320 3608 5387 Antverpieusem.

2088 5397 2229 5459 (164)
2267 5396 2641 5457 Eberhardns,
2673 5408 2824 5446 anno
2875 5393 3026 5454 1006,
3063 5391 3399 5462 constitutus
3445 5392 3554 5445 fuit
3601 5392 3718 5462 pri-

2015 5483 2142 5519 mus
2173 5467 2472 5534 episcopus
2515 5463 2775 5518 Ecclesize
2811 5461 3264 5531 Bamhergensis,
3314 5462 3568 5515 fundata!
3597 5461 3627 5515 εἰ
3655 5465 3707 5515 S.

2017 5538 2256 5592 llcnriro
2292 5538 2429 5588 (luis.
