3914 6190
343 296 444 347 283
1458 278 1462 282 ’
1647 293 1700 346 s.
1746 292 2036 348 HENRICI
2075 291 2556 348 IMPERATORIS
3692 306 3772 358 28$

339 414 594 470 medium
623 413 834 468 animae
876 419 1089 470 nostrae
1130 421 1188 470 et
1214 415 1600 470 interventum
1644 415 1834 470 dilecti
1870 415 2037 469 abba-
2067 419 2112 470 Α
2149 414 2307 470 tione
2331 419 2412 482 ut,
2437 415 2483 469 si
2505 417 2635 486 quis
2657 413 3027 485 Ratisponen.
3053 415 3309 470 Ecclesia:
3335 417 3622 490 episcopus,
3651 427 3772 494 quod

340 503 413 557 tis
447 502 630 558 nostri
677 503 1020 572 Godehardi,
1051 519 1219 558 suum
1246 505 1385 575 juge
1431 505 1816 574 devotumque
1867 503 2042 557 servi-
2149 503 2330 558 absit!
2365 504 2516 558 idem
2551 503 2963 558 monasterium
2995 505 3285 559 destruere
3313 506 3397 560 vel
3445 511 3776 566 monachicam

338 591 481 646 tium
537 590 926 662 inspicientes,
967 593 1317 646 monasterio
1356 609 1457 646 suo
1504 593 1711 646 Altaha
1753 592 1923 657 dicto,
1971 592 2040 646 ad
2147 593 2322 647 vitam
2354 592 2496 648 inibi
2527 593 2742 646 violare
2787 592 3235 662 praesumpserit,
3282 595 3612 667 praescriptus
3653 614 3780 654 man.

340 679 636 734 servitium
663 685 721 734 et
769 679 836 733 ad
892 696 1058 734 usum
1104 681 1346 734 fratrum
1381 682 1494 735 Deo
1542 680 1754 734 ibidem
1795 679 2044 734 servien-
2151 697 2245 736 sus
2285 682 2496 736 iterum
2545 681 2614 736 ad
2661 682 2883 752 regales
2927 681 3124 736 redeat
3153 697 3383 748 manus;
3426 685 3470 736 si
3509 689 3676 740 autem
3702 689 3779 742 tir-

341 769 509 834 tium,
531 768 592 822 in
612 768 748 821 villa
771 768 1208 840 Mundrichinga
1224 769 1374 822 dicta
1395 784 1568 822 unam
1589 768 1888 823 Ecclesiam
1911 785 2040 822 cum
2151 785 2308 822 mum
2343 773 2400 823 et
2454 768 2793 822 inviolatum
2840 769 3238 839 praescriptum
3270 771 3649 826 monasterium
3677 791 3777 844 per-

342 857 520 912 dotali
577 873 774 910 manso
829 863 886 911 et
932 857 1154 911 duabus
1213 857 1472 928 partibus
1529 857 1929 912 decimationis
1973 858 2042 912 ad
2150 857 2443 925 manserit,
2494 857 2616 928 jam
2647 857 2831 911 dictus
2883 856 3056 911 abbas
3113 857 3422 912 Bonifacius
3475 858 3653 930 suique
3679 877 3778 916 suc-

341 945 584 1000 eandem
645 946 944 1000 Ecclesiam
999 945 1445 1016 pertinentibus,
1502 952 1559 1000 et
1591 947 1650 1000 in
1676 947 1812 1000 villa
1843 947 2041 1000 eadem
2149 963 2398 1000 cessores
2427 946 2667 1000 liberam
2718 949 3059 1016 potestatem
3111 946 3374 1012 habeant,
3415 947 3616 1012 exinde,
3645 949 3777 1019 quid-

338 1035 511 1088 alium
547 1050 811 1088 mansum
840 1051 968 1088 cum
1029 1035 1329 1106 mancipiis
1380 1035 1628 1089 Frudum
1660 1040 1717 1089 et
1749 1050 1922 1088 uxore
1953 1035 2041 1104 ip-
2148 1036 2283 1106 quid
2341 1035 2420 1088 eis
2472 1035 2769 1106 placuerit,
2829 1034 3072 1089 faciendi
3129 1034 3200 1089 ad
3271 1050 3463 1088 eorum
3527 1035 3780 1090 utilitatem

338 1123 457 1177 sius
490 1128 545 1176 et
572 1122 704 1176 ﬁliis
743 1139 961 1176 eorum.
997 1125 1060 1177 In
1090 1124 1471 1178 Siftinchoveu
1503 1129 1694 1177 autem
1733 1128 1848 1177 tres
1876 1139 2039 1176 man-
2151 1123 2431 1191 Ecclesia,
2491 1122 2651 1176 omni
2710 1123 2974 1176 videlicet
3038 1121 3335 1177 hominum
3397 1122 3781 1177 contradictione

337 1228 431 1265 sos
460 1227 590 1265 cum
639 1212 939 1281 mancipiis
982 1211 1042 1265 in
1083 1212 1170 1265 bis
1219 1212 1629 1279 habitantibus,
1680 1212 1741 1265 in
1785 1212 2040 1282 Mangol-
2147 1218 2389 1266 remota.
2425 1214 2490 1266 Et
2534 1217 2598 1265 ut
2625 1211 2747 1265 haec
2788 1215 2999 1265 nostra:
3048 1210 3371 1265 donationis
3401 1211 3675 1264 auctoritas
3698 1217 3780 1265 sta-

341 1300 536 1369 tingen
557 1316 690 1353 vero
721 1300 986 1370 superius
1012 1301 1490 1354 molendinarium
1521 1317 1650 1354 cum
1683 1300 2038 1368 molendino,
2147 1300 2278 1354 bilis
2317 1306 2374 1354 et
2420 1300 2754 1354 inconvulsa
2810 1301 2889 1354 ita
2935 1304 3289 1370 permaneat,
3338 1301 3442 1353 hoc
3495 1306 3782 1369 praeceptum

336 1386 396 1440 in
423 1387 596 1458 i"pago
653 1389 1069 1457 Duonagouue,
1118 1389 1179 1442 in
1235 1389 1512 1442 comitatu
1567 1405 1701 1442 vero
1737 1388 2035 1442 Ruotberti
2146 1389 2280 1443 inde
2331 1388 2720 1458 conscriptum
2769 1404 2948 1442 manu
2987 1387 3222 1458 propria
3255 1386 3704 1442 corroboravimus
3740 1393 3780 1440 et

337 1475 562 1530 comitis
591 1476 734 1542 sitis,
786 1493 916 1529 cum
967 1477 1235 1530 omnibus
1277 1476 1629 1547 appendiciis
1676 1477 1791 1530 sive
1821 1477 2037 1531 ntilita-
2147 1477 2332 1548 sigillo
2364 1481 2556 1531 nostro
2589 1476 2856 1547 insigniri
2881 1477 3176 1546 jussimus.

335 1563 490 1617 tibus
523 1579 648 1633 quae
679 1564 788 1617 dici
846 1568 943 1617 aut
971 1563 1258 1617 nominari
1299 1570 1558 1634 possunt,
1596 1581 1699 1634 per
1729 1565 1876 1618 hanc
1933 1581 2031 1618 no-
2217 1567 2446 1634 Signum
2490 1565 2674 1619 domui
2717 1565 2980 1618 Heinrici
3024 1567 3169 1631 regis
3227 1564 3578 1617 invictissimi.
3627 1562 3783 1631 (Mono-

340 1651 444 1705 stri
473 1653 740 1722 praecepti
790 1652 1059 1721 paginam
1092 1653 1458 1707 concedimus
1505 1659 1676 1724 atque
1735 1653 2031 1721 largimur,
2071 1693 2107 1746 Β
2146 1655 2438 1724 gramma.)

341 1743 399 1791 et
427 1739 496 1792 de
527 1745 718 1794 nostro
744 1740 872 1811 jure
898 1758 963 1794 ac
994 1741 1248 1796 dominio
1302 1741 1364 1795 in
1395 1758 1593 1796 eorum
1629 1742 1725 1812 jus
1756 1758 1820 1795 ac
1853 1741 2037 1796 domi-
2071 1737 2105 1746 ”
2222 1743 2546 1797 Guntherus
2596 1741 2966 1796 cancellarius
3025 1740 3141 1795 vice
3190 1738 3451 1811 Willigisi
3505 1737 3789 1808 archicapel-

342 1828 502 1881 nium
558 1829 792 1883 omnino
845 1829 1318 1896 transfundimus,
1363 1846 1430 1884 ea
1468 1831 1680 1901 quippe
1710 1831 1928 1884 ratione
1957 1837 2038 1898 ut,
2153 1831 2268 1884 lani
2303 1830 2624 1901 recognovi.

342 1916 647 1985 praedictus
692 1918 862 1972 abbas
896 1919 1099 1988 suique
1130 1935 1478 1973 successores
1521 1935 1638 1972 una
1692 1935 1820 1972 cum
1852 1919 2041 1973 fratri-
2226 1920 2366 1974 Data
2404 1936 2501 1974 xm
2550 1919 2672 1973 Kal.
2717 1917 2891 1986 Junii,
2944 1917 3142 1972 indict.
3187 1932 3286 1983 vn,
3329 1933 3474 1971 anno
3532 1913 3789 1970 Dominicze

341 2003 448 2058 bus
475 2003 618 2059 inibi
650 2006 763 2059 Deo
791 2007 1200 2062 famulantibus
1225 2008 1294 2061 de
1325 2007 1742 2079 praenominato
1801 2007 1953 2060 bono
1988 2011 2045 2060 et
2154 2007 2563 2063 incarnationis
2599 2010 2755 2074 1009,
2803 2023 2954 2061 anno
3004 2023 3138 2060 vero
3179 2006 3379 2062 domni
3429 2002 3638 2062 Henrici
3677 2003 3792 2072 regis

343 2091 467 2161 ejus
532 2094 930 2149 utensibilibus
990 2096 1196 2150 dehinc
1259 2096 1498 2150 liberam
1569 2099 1910 2166 potestatem
1971 2095 2041 2149 ad
2155 2097 2385 2152 secundi
2417 2095 2709 2166 regnantis
2730 2096 2994 2168 septimo.

342 2194 711 2237 communem
745 2200 913 2238 usum
956 2184 1220 2251 fratrum,
1273 2184 1544 2255 quicquid
1603 2184 1684 2238 eis
1739 2183 2040 2254 placuerit,
2223 2188 2427 2240 Actum
2459 2186 2784 2255 Ratisponw
2807 2184 3069 2239 feliciter.
3109 2186 3314 2239 Amen.

341 2269 607 2338 faciendi,
665 2272 927 2326 omnium
984 2273 1287 2327 hominum
1316 2273 1767 2327 contradictione
1801 2277 2039 2326 remota.
2629 2275 2631 2282 ⁴
2918 2327 2984 2340 ν,
3008 2327 3072 2340 η,

346 2358 409 2412 Et
468 2363 531 2412 ut
580 2327 704 2413 haec
729 2366 939 2415 nostra;
995 2361 1323 2416 donationis
1375 2361 1684 2416 auctoritas
1727 2361 1949 2416 stabilis
1980 2365 2037 2414 et
2918 2327 3094 2382 xux'

342 2445 677 2501 inconvulsa
705 2455 1041 2519 permaneat
1065 2450 1225 2504 omni
1246 2455 1524 2521 tempore,
1553 2451 1661 2504 hoc
1689 2465 1888 2521 praeco]

2252 2436 2556 2521 cHenric'us
2581 2506 2593 2521 Ι
2617 2435 2691 2521 [Ι
2725 2433 2890 2516 donat
2937 2433 3198 2521 Ecctesiae’
3240 2431 3620 2521 Bamb‘ergensz
3668 2430 3798 2482 locum

705 2502 725 2519 .
2533 2507 2543 2518 .
2787 2507 2796 2516 .
2949 2521 2952 2524 .
3393 2505 3402 2514 -

347 2533 479 2589 inde
532 2537 919 2608 conscriptum
977 2555 1156 2592 manu
1211 2539 1448 2610 propria
1505 2539 1835 2594 roborantes
1874 2538 2048 2610 sigilli
2475 2506 2833 2610 homo"???
2851 2502 3326 2610 ‘fﬂﬂan'fi
3353 2507 3531 2556 suum
3582 2522 3611 2550 ⁸

351 2623 527 2677 nostri
558 2591 932 2695 impressione
954 2591 1231 2697 ίοείεηίτῖ
1247 2591 1599 2698 ίιιζείέςυζ
1620 2591 1633 2593 ’
1658 2591 1661 2592 ί
1787 2591 1826 2592 ”
1886 2591 1977 2610 ίίυί
2690 2591 2874 2664 (Anno
2902 2593 3059 2658 1009,
3092 2593 3125 2644 2
3145 2591 3330 2659 Julii.)

416 2713 649 2780 Signum
691 2715 876 2770 domui
933 2718 1193 2784 Heinrici,
1240 2719 1385 2784 regis
1414 2717 1780 2770 invictissimi.
1839 2715 1962 2783 (M01

2423 2699 2608 2771 [Ried,
2641 2699 2830 2753 Codex
2858 2700 3096 2770 episcop.
3131 2697 3344 2752 Batisb.
3379 2697 3423 2764 l,
3458 2694 3589 2762 1:29.]

347 2805 637 2868 gramma.)
2230 2807 2294 2861 In
2327 2806 2561 2860 nomine
2609 2809 2815 2859 sanctae
2865 2810 2922 2858 et
2967 2802 3290 2858 individua:
3321 2800 3615 2864 Trinitatis,
3660 2799 3804 2854 lina-

419 2891 742 2945 Guntherus
793 2891 1163 2946 cancellarius
1215 2893 1334 2947 vice
1387 2891 1652 2964 Willigisi
1702 2891 2049 2962 archicapel-
2161 2912 2313 2950 arcus
2341 2895 2532 2950 divina
2561 2895 2788 2948 favente
2823 2892 3125 2947 clementia
3153 2908 3272 2946 rex.

349 2978 466 3032 lani
492 2978 812 3048 recognovi.
2086 2970 2126 3025 Ο
2237 2982 2545 3037 Dominicis
2610 2997 2726 3035 non
2778 2981 3017 3034 surdum
3074 2979 3400 3050 praebentes
3430 2977 3666 3032 auditum
3693 2990 3805 3046 pra:-

424 3067 562 3119 Data
592 3083 684 3120 viu
731 3066 862 3121 Idus
891 3067 1120 3138 Aprilis,
1179 3068 1494 3124 indictione
1524 3086 1642 3135 vui,
1676 3084 1829 3122 anno
1861 3068 1932 3122 ab
1966 3067 2052 3122 in-
2161 3071 2338 3142 ceptis
2389 3077 2445 3127 et
2496 3070 2714 3126 deiﬁcis
2762 3069 3210 3140 obtemperando
3261 3067 3615 3122 suasionibus
3662 3078 3806 3134 quen-

351 3153 680 3207 carnatione
712 3155 942 3209 Domini
976 3158 1130 3223 l009,
1164 3173 1314 3210 anno
1371 3173 1505 3210 vero
1553 3156 1752 3210 domni
1806 3155 2054 3210 Heiurici
2163 3160 2295 3214 dam
2341 3164 2554 3214 nostrae
2600 3163 2858 3230 paternae
2902 3157 3260 3213 haereditatis
3307 3158 3493 3211 locum
3539 3151 3810 3209 Babenberc

352 3241 589 3296 secundi
620 3244 911 3313 regnantis
941 3250 1155 3299 octavo.
2162 3250 2377 3304 dictum
2408 3248 2469 3302 in
2499 3249 2692 3302 sedem
2737 3252 2792 3301 et
2833 3248 3056 3301 culmen
3087 3247 3452 3316 episcopatus
3480 3241 3806 3314 proveximus.

619 3335 819 3386 Actum
843 3334 1255 3404 Reganesburg
1283 3331 1543 3388 feliciter.
1578 3335 1784 3388 Amen.
2163 3343 2219 3392 et
2253 3353 2492 3391 romana
2545 3335 2879 3390 auctoritate
2910 3335 2972 3388 in
3027 3334 3246 3388 honore
3280 3339 3490 3388 sanctae
3539 3330 3630 3387 Dei
3679 3325 3810 3399 geni-

1087 3440 1316 3496 XLVIII.
2160 3426 2316 3481 tricis
2373 3425 2582 3490 Mariae,
2644 3428 3089 3494 sanctorumque
3148 3423 3543 3494 apostolorum
3597 3417 3730 3474 Petri
3771 3418 3814 3467 et

353 3527 467 3581 Reg;
496 3528 758 3582 Henricus
794 3529 854 3583 Π
882 3527 1049 3583 donat
1085 3531 1407 3584 γηοηαειενίο
1455 3529 1586 3583 pm:
1637 3543 1804 3597 prope
1859 3529 2051 3583 Bacis-
2164 3515 2324 3570 Pauli
2384 3512 2761 3567 stabilivimus
2814 3517 2871 3566 et
2923 3511 3448 3578 corroboravimus,
3482 3514 3542 3564 ut
3569 3506 3695 3597 inibi
3737 3520 3811 3557 n0-

569 3597 760 3653 bonam
780 3615 1028 3654 mansum
1057 3603 1291 3667 regalem
1320 3603 1380 3654 in
1407 3600 1543 3654 villa
1572 3594 1837 3654 Génstall.
2162 3609 2344 3658 strum
2380 3607 2820 3671 nostrorumque
2848 3605 3176 3671 parentum,
3205 3604 3262 3653 et
3303 3599 3525 3655 Ottonis
3551 3594 3714 3659 tercii,
3736 3608 3814 3662 ,νι-

848 3685 1035 3756 (Αηηο
1071 3689 1226 3757 1009,
1273 3690 1344 3742 20
1385 3686 1558 3757 Maii)
2161 3692 2366 3747 delicet
2423 3689 2781 3762 imperatoris
2837 3693 2892 3743 et
2948 3687 3325 3742 antecessoris
3380 3685 3578 3748 nostri,
3639 3680 3815 3738 celebre

780 3775 962 3845 [Ried,
987 3777 1082 3830 ubi
1100 3793 1290 3846 supra,
1321 3793 1453 3846 pag.
1482 3776 1625 3846 128.]
2163 3797 2374 3835 nomen
2413 3779 2741 3847 haberetur,
2787 3782 2846 3831 et
2883 3777 3040 3848 jugis
3078 3793 3185 3847 pro
3229 3776 3499 3830 omnibus
3543 3767 3814 3828 orthodoxis

425 3863 489 3917 In
515 3861 748 3917 nomine
778 3868 987 3919 sanctae
1033 3870 1088 3919 et
1131 3865 1438 3920 individuus
1481 3863 1794 3932 Trinitatis,
1835 3864 2054 3918 HEINRI-
2160 3870 2348 3924 hostia
2377 3871 2740 3922 mactat-stur.
2773 3865 3024 3920 Proinde
3057 3865 3282 3920 noverit
3334 3865 3590 3920 omnium
3633 3863 3813 3916 nostro-

353 3967 450 4004 cus
480 3951 672 4006 divina
701 3953 924 4007 favente
951 3954 1258 4008 clementia
1287 3970 1404 4008 rex.
2161 3973 2292 4012 rum
2325 3954 2584 4010 fidelium
2616 3960 2734 4009 tam
2766 3970 3021 4025 praesens
3054 3957 3207 4016 aetas,
3244 3969 3424 4024 quam
3456 3958 3513 4006 et
3539 3952 3712 4006 futura
3736 3960 3812 4016 po-

424 4039 479 4094 Si
516 4041 890 4096 Ecclesiarum
925 4042 1024 4096 Dei
1079 4043 1202 4096 loca
1231 4043 1471 4112 alicujus
1525 4041 1665 4095 doni
1693 4040 2053 4095 incremento
2162 4046 2405 4112 steritas,
2461 4044 2705 4115 qualiter
2753 4059 2855 4097 nos
2900 4042 3188 4113 quendam
3241 4046 3453 4096 nostrae
3497 4031 3814 4111 proprietatis

354 4128 666 4182 sublimare
699 4129 1112 4194 studuerimus,
1146 4131 1313 4184 nobis
1341 4129 1638 4200 nostrique
1687 4129 1851 4199 regni
1881 4127 2054 4182 stat-ui
2161 4134 2349 4188 locum
2401 4132 2653 4188 Lihtowa
2714 4131 2954 4198 dictum,
3011 4130 3073 4185 in
3123 4147 3271 4202 pago
3330 4132 3623 4200 Nortgowe
3673 4130 3720 4178 et
3771 4121 3816 4173 in

354 4215 410 4270 id
440 4217 717 4286 PPOﬁcel‘e
763 4217 998 4272 minime
1025 4217 1356 4272 difﬁdimus-
1399 4218 1758 4288 Οιιειρτοριετ
1790 4217 2052 4271 omnium
2084 4245 2128 4298 Β
2167 4221 2442 4277 comitatu
2487 4220 2734 4274 Heinrici
2779 4219 3005 4274 comitis
3035 4219 3226 4283 situm,
3259 4219 3335 4273 ad
3381 4217 3616 4273 eandem
3659 4225 3817 4284 supra-

356 4303 565 4358 Cbristi
597 4303 875 4370 fidelium,
925 4305 1299 4375 praesentium
1336 4305 1548 4359 scilicet
1583 4321 1648 4359 ac
1701 4305 2050 4371 futurorum,
2162 4312 2372 4367 dictam
2401 4308 2784 4380 episcopalem
2836 4308 3048 4368 sedem.
3093 4325 3205 4361 una
3251 4323 3386 4361 cum
3437 4304 3690 4360 omnibus
3729 4299 3823 4367 ejus

356 4392 576 4446 noverit
603 4391 970 4459 {universitas
1005 4394 1254 4465 qualiter
1305 4410 1432 4461 nos,
1491 4393 1672 4448 divini
1719 4393 1929 4448 amoris
1976 4393 2060 4447 in-
2167 4398 2520 4471 appendiciis
2567 4397 2683 4451 sive
2734 4396 3179 4463 adherentibus,
3231 4395 3493 4450 videlicet
3541 4393 3698 4447 rebus
3729 4400 3821 4440 mo-

357 4480 587 4547 stinctu,
616 4497 718 4551 pro
748 4482 1004 4536 remedio
1039 4483 1246 4537 anima;
1279 4487 1510 4551 nostrae,
1555 4482 1625 4537 ob
1671 4481 2060 4537 interventum
2167 4489 2378 4544 bilibus
2437 4492 2494 4542 et
2546 4486 2959 4550 immobilibus,
3017 4501 3079 4540 ac
3135 4484 3357 4538 caeteris
3406 4482 3684 4543 omnibus,
3728 4488 3825 4545 qua:

357 4572 413 4623 et
449 4568 789 4639 petitionem
847 4571 1141 4637 Bonifacii,
1176 4571 1463 4626 Prulensis
1491 4571 1734 4637 abbatis,
1771 4571 1880 4625 sibi
1931 4587 2059 4624 suo-
2167 4574 2335 4630 scribi
2367 4579 2467 4628 aut
2512 4573 2789 4645 appellari
2834 4577 3078 4643 possunt
3123 4571 3385 4642 quolibet
3431 4569 3619 4633 modo,
3647 4561 3828 4618 utilita-

356 4673 469 4728 que
493 4658 836 4713 monasterio
875 4659 936 4714 in
967 4660 1247 4714 honorem
1279 4660 1458 4714 sancti
1488 4659 1891 4715 Bartbolomazi
1922 4676 2058 4731 apo-
2167 4665 2342 4732 tibus,
2391 4663 2496 4717 hac
2546 4667 2746 4716 nostra
2792 4660 3125 4732 praeceptali
3173 4660 3411 4730 pagina,
3454 4661 3622 4731 prout
3649 4649 3831 4708 firmius

354 4745 482 4801 stoli
511 4752 832 4802 constructo
884 4753 1056 4819 atque
1113 4749 1368 4803 dedicato
1403 4765 1585 4804 unum
1614 4750 1865 4821 regalem
1897 4765 2060 4802 man-
2167 4768 2496 4824 possumus,
2550 4738 2833 4805 donamus
2882 4755 3054 4820 atque
3105 4748 3556 4820 proprietamus,
3614 4739 3830 4797 omnium

355 4851 501 4901 sum,
536 4853 708 4906 quem
740 4841 910 4891 antea
967 4837 1230 4892 Waltrico
1288 4854 1618 4892 concessum
1650 4837 1979 4906 habuimus,
2001 4836 2061 4890 in
2167 4840 2622 4896 contradictione
2652 4843 2892 4893 remota.
2926 4840 2993 4892 Et
3042 4843 3105 4892 ut
3141 4838 3262 4891 haec
3306 4841 3522 4891 nostrae
3572 4827 3832 4887 auctorita-

354 4923 491 4978 villa
543 4925 790 4980 Genstall
842 4925 1012 4993 dicta,
1067 4925 1128 4980 in
1185 4941 1333 4997 pago
1372 4927 1746 4997 Tunagouue,
1796 4926 1855 4978 in
1888 4924 2057 4992 comi,
2167 4927 2240 4982 tis
2295 4926 2524 4981 traditio
2579 4926 2748 4980 firma
2811 4930 2870 4980 et
2921 4926 3258 4979 inconvulsa
3316 4924 3668 4995 permaneat,
3721 4915 3835 4968 hanc

355 5016 478 5066 tatu
536 5013 776 5084 Ruperti
807 5013 1004 5080 situm,
1037 5031 1168 5068 cum
1217 5015 1485 5068 omnibus
1538 5015 1660 5084 ejus
1690 5013 2063 5085 appendiciis-
2167 5015 2438 5087 paginam
2508 5013 2642 5068 inde
2715 5013 3098 5084 conscriptam
3155 5013 3326 5084 sigilli
3396 5009 3578 5066 nostri
3630 5008 3838 5087 impres-

358 5100 461 5154 viis
485 5106 543 5155 et
570 5102 758 5169 inviis,
793 5103 961 5158 cultis
993 5109 1050 5158 et
1078 5103 1331 5168 incultis,
1388 5102 1632 5156 exitibus
1677 5108 1733 5156 ct
1762 5099 2060 5168 reditibus,
2169 5086 2329 5158 sione
2361 5117 2535 5156 manu
2587 5101 2824 5172 propria
2876 5101 3213 5156 roborantes
3259 5099 3540 5169 jnssimus
3591 5086 3835 5160 insigniri.

358 5189 616 5259 quaesitis
660 5192 776 5245 sive
835 5191 1216 5262 inquirendis,
1263 5207 1365 5246 seu
1395 5207 1524 5245 cum
1557 5191 1826 5246 omnibus
1857 5190 2065 5244 utilita-
2240 5191 2470 5260 Signum
2518 5191 2704 5245 damni
2748 5191 3009 5244 Heinrici
3048 5189 3270 5244 secundi
3310 5191 3458 5256 regis
3506 5177 3840 5240 invictissimi-

359 5275 512 5330 tibus
566 5295 696 5348 qua:
748 5281 1005 5350 quolibet
1060 5279 1228 5334 modo
1283 5279 1394 5335 dici
1451 5285 1552 5333 aut
1597 5280 1769 5336 scribi
1826 5282 2066 5351 possunt
2172 5279 2646 5350 (Monogramma.)

360 5381 464 5435 per
492 5365 640 5420 hanc
669 5373 922 5422 nostram
954 5369 1204 5438 regalem
1252 5367 1525 5439 paginam
1579 5367 1947 5422 concedimus
1977 5372 2062 5421 at-
2241 5368 2567 5423 Guntherus
2623 5366 2999 5422 cancellarius
3065 5367 3187 5422 vice
3263 5360 3643 5421 Erchanbaldi
3694 5351 3844 5411 archi-

361 5469 472 5523 que
496 5453 797 5524 largimur,
821 5461 878 5510 et
906 5457 975 5511 de
1003 5461 1197 5512 nostro
1218 5457 1350 5529 jure
1377 5463 1433 5512 et
1452 5457 1709 5512 dominio
1727 5457 1787 5511 in
1819 5458 1942 5526 ejus
1967 5458 2064 5528 jus
2171 5456 2494 5511 cancellarii
2520 5459 2847 5528 recognovi.
3809 5524 3817 5533 .

362 5549 418 5597 et
444 5542 764 5598 dominium
797 5545 1032 5600 omnino
1059 5547 1536 5614 transfundimus,
1579 5562 1646 5600 ea
1679 5545 1942 5600 videlicet
1975 5563 2062 5600 ra-
2246 5547 2386 5599 Data
2431 5563 2482 5598 vr
2538 5546 2687 5600 Non.
2753 5545 2886 5600 Julii
2940 5543 3249 5599 indictione
3297 5558 3417 5602 vin,
3474 5553 3622 5593 anno
3683 5534 3844 5588 Doml'
