3914 6190
111 327 195 377 285
1332 320 1396 375 Dl
1409 319 1725 376 PLOM.\'I‘A
1765 321 1890 378 ECC
1900 323 2306 380 LESIASTICA.
2608 334 2614 341 '
3469 330 3569 381 286

110 444 229 498 nica:
256 439 647 495 incarnationis
714 442 868 507 1009,
903 457 1052 495 anno
1111 457 1243 495 vero
1290 441 1485 496 domni
1517 443 1765 498 Heinrici
1794 447 1838 499 A
2694 447 2759 503 LI

110 549 244 603 regn.
277 548 344 585 ix.
375 533 573 583 Actum
608 530 1047 600 tlingelenheim
1075 530 1335 585 feliciter.
1562 592 1563 595 η
1876 537 2207 605 Praeceptum
2256 537 2492 591 Henricz'
2569 537 2629 592 ll
2671 540 2814 603 regis
2871 552 2969 605 pro
3022 536 3249 591 abbalia
3303 539 3570 594 Classensi

258 620 500 688 Sigillum
526 592 795 689 majestat.
846 622 994 673 intus
1026 618 1349 689 impressum
1380 592 1578 675 exstat.
2052 592 2072 605 ι
2414 611 2594 661 sancti
2648 592 3015 677 ΑΡνοιὶἱτίανὶε-

890 709 949 762 L.
2291 696 2473 763 (Anno
2504 696 2659 761 1009,
2703 711 2775 748 vn
2810 694 2932 749 Kal.
2978 694 3149 764 Maii.)

165 800 211 853 S.
243 799 454 851 Henrici
468 800 793 866 praeceptum
822 813 923 865 pro
954 798 1193 851 Ecclesia
1225 798 1582 854 Cremonensi.

2018 781 2089 834 ial
2132 783 2433 838 Camaldul.
2468 784 2507 849 l,
2545 786 2664 848 l90,
2718 799 2782 836 ex
2828 784 3184 854 autographa
3238 784 3564 857 Classensi.]

718 890 905 951 (Anno
942 885 1116 955 1009.)
1942 889 2003 940 In
2035 888 2268 941 nomine
2317 894 2523 942 sancta:
2555 895 2611 942 et
2642 889 2950 943 individuse
2999 888 3309 957 Trinitatis,
3346 892 3568 946 Hamm-

428 972 699 1046 [Ughelli,
726 973 895 1028 Italia
917 989 1100 1028 sacra.
1134 974 1222 1039 IV,
1257 973 1407 1047 594.]
1872 992 1966 1029 cus
1997 976 2190 1030 divina
2220 977 2444 1031 favente
2477 978 2779 1032 clementia
2808 995 2926 1032 rex.

163 1063 218 1115 ln
252 1060 476 1114 nomine
501 1068 711 1115 sanctae
750 1067 804 1114 et
835 1062 1141 1115 individuae
1189 1062 1499 1131 Trinitatis,
1538 1066 1765 1120 HEINRI-
1942 1065 2000 1119 Si
2049 1070 2374 1118 nostrorum
2435 1066 2689 1119 fidelium
2739 1066 3111 1135 petitionibus
3141 1082 3307 1120 aures
3359 1071 3565 1120 nostra:

107 1168 181 1204 crs
215 1150 396 1203 divina
455 1152 676 1203 favente
710 1149 1099 1204 misericordia
1131 1152 1478 1207 Francorum
1509 1159 1563 1208 et
1618 1156 1764 1209 Lon-
1869 1151 2190 1206 serenitatis
2219 1153 2862 1217 accommodaverimus,
2907 1153 3287 1223 promptiores
3308 1169 3371 1206 ac
3392 1153 3565 1207 devo-

106 1238 454 1309 gobardorum
493 1254 608 1291 rex.
1870 1241 2046 1294 tiores
2075 1256 2170 1294 eos
2210 1241 2267 1294 in
2300 1247 2494 1294 nostro
2527 1241 2804 1311 obsequio
2834 1242 2955 1294 fore
2986 1242 3310 1295 nullatenus
3354 1242 3564 1295 tituba-

162 1327 209 1381 Si
234 1342 514 1379 sacrarum
575 1325 673 1379 Dei
731 1326 1109 1381 Ecclesiarum
1145 1328 1392 1383 miseriis
1427 1335 1485 1384 et
1530 1348 1763 1402 oppres-
1872 1345 2019 1382 mus.
2056 1328 2327 1382 Omnium
2350 1334 2561 1382 sanctas
2587 1329 2684 1382 Dei
2715 1329 2894 1399 igitur
2919 1330 3175 1383 Ecclesim
3208 1337 3566 1383 nostrorum-

108 1415 327 1469 sionibus
348 1415 736 1468 studuerimus
784 1416 1109 1483 subvenire,
1165 1423 1220 1470 et
1258 1423 1469 1472 nostrae
1500 1421 1762 1490 majesta-
1872 1416 2283 1486 quelidelium,
2318 1416 2689 1486 praesentium
2736 1416 2948 1469 scilicet
2977 1432 3040 1468 ac
3085 1418 3429 1481 futurorum,
3456 1432 3565 1469 no-

107 1506 162 1557 tis
211 1505 570 1556 sublevamen
633 1504 1099 1571 lnboraverimus,
1152 1505 1505 1576 impendere,
1565 1512 1766 1579 procul
1872 1507 2016 1557 Verit
2045 1506 2317 1571 sollertia,
2388 1506 2605 1557 Bonum
2656 1505 3054 1574 presbyterum
3113 1510 3169 1557 et
3222 1505 3566 1558 monachum

108 1592 251 1646 dubio
277 1592 433 1662 regni
466 1591 655 1645 nostri
689 1598 895 1645 statum
928 1593 1189 1658 stabiliri,
1222 1600 1276 1647 et
1305 1598 1535 1649 aeternae
1567 1613 1765 1651 remn-
1872 1599 2043 1663 atque
2088 1593 2354 1648 abbatem
2386 1594 2769 1646 Ravennatem
2803 1592 3135 1645 monasterii
3166 1593 3344 1646 sancti
3392 1594 3563 1661 Apol-

107 1680 380 1732 neratiouis
436 1680 745 1748 praemium
778 1680 944 1733 nobis
975 1682 1215 1751 rependi
1248 1698 1362 1737 non
1394 1684 1758 1755 ambigimus.
1797 1733 1832 1755 η
1874 1683 2089 1749 linaris,
2147 1682 2301 1752 quod
2344 1689 2605 1735 asserunt
2632 1682 2932 1735 fundatum
2990 1682 3208 1735 dudum
3253 1682 3312 1735 in
3343 1681 3566 1734 civitate

104 1770 424 1840 Quapropter
453 1775 656 1822 notum
687 1769 1045 1823 sitomnibus
1076 1771 1286 1824 nostris
1323 1772 1612 1836 ﬁdelibus,
1645 1780 1762 1828 tam
1796 1769 1832 1786 ν
1873 1772 2276 1841 cognominata
2325 1770 2553 1837 Classis,
2608 1776 2981 1841 nostrumque
3039 1770 3465 1824 devotissimum
3499 1771 3565 1824 ti-

104 1857 443 1927 praasentibus
523 1874 697 1927 quam
758 1859 986 1923 futuris,
1064 1860 1217 1928 quod
1278 1859 1365 1913 vir
1425 1863 1762 1916 venerabilis
1874 1861 2082 1926 delem,
2142 1864 2397 1913 nostram
2432 1858 2492 1911 in
2548 1858 2815 1912 omnibus
2846 1874 3104 1912 exorasse
3143 1858 3563 1922 celsitudinem,

104 1946 432 2016 Landnlphus
465 1946 519 2000 S.
576 1945 979 2001 Cremonensis
1020 1947 1279 2001 Ecclesim
1335 1949 1656 2021 episcopus,
1707 1957 1763 2005 et
1873 1954 2154 2019 quatenus
2173 1965 2274 2018 pro
2309 1947 2409 2001 Dei
2439 1963 2654 2009 amore,
2684 1947 3009 2017 animmque
3038 1954 3248 2000 nostra:
3292 1951 3568 2017 perpetua

104 2051 182 2101 per
204 2035 382 2087 omnia
414 2039 611 2087 noster
658 2034 1042 2100 ﬁdelissimus,
1100 2036 1395 2089 modestia:
1428 2044 1635 2092 nostras
1666 2056 1763 2092 re-
1873 2038 2074 2103 salute,
2121 2036 2619 2090 corroboraremus
2670 2041 2839 2105 atque
2871 2035 3231 2089 ﬁrmaremus
3264 2040 3321 2089 et
3349 2051 3413 2089 ex
3462 2051 3567 2089 no-

102 2124 205 2174 tulit
248 2122 394 2193 quod
453 2124 719 2194 quaedam
761 2123 989 2176 abbatia
1049 2140 1152 2177 suo
1185 2125 1537 2195 episcopatui
1568 2128 1761 2181 subdi-
1874 2132 1988 2180 stra
2012 2124 2424 2195 benignissima
2480 2122 2787 2193 largitione
2818 2124 3194 2177 conderemus
3251 2128 3307 2177 et
3351 2123 3566 2177 delibe-

102 2218 161 2271 ta,
190 2216 238 2263 et
287 2210 344 2263 in
401 2210 630 2263 honore
697 2211 753 2265 S.
816 2210 1105 2264 Laurentii
1161 2212 1441 2280 dedicata,
1498 2220 1553 2267 et
1601 2215 1763 2284 juxta
1874 2230 2130 2268 raremus
2160 2214 2219 2267 in
2249 2218 2587 2284 perpetuum
2619 2212 3070 2265 confirmandam
3103 2228 3205 2281 per
3228 2212 3350 2265 haec
3390 2210 3565 2265 nostri

101 2295 346 2348 civitatem
397 2313 565 2350 suam
616 2297 741 2361 sita,
796 2315 831 2351 θ.
886 2298 1136 2368 quodam
1195 2300 1399 2354 abbate
1460 2303 1762 2371 Lamperto
1876 2302 2146 2373 praecepti
2176 2307 2344 2371 atque
2392 2299 2729 2371 pragmatici
2761 2299 2956 2371 scripti
2986 2299 3375 2352 inviolabilem
3406 2298 3567 2369 pagi-

100 2383 295 2437 nomine
323 2385 748 2440 diminueretur
783 2387 843 2440 in
874 2387 1217 2441 beneficium
1260 2389 1467 2455 dando,
1501 2396 1556 2443 et
1586 2394 1764 2445 malas
1873 2408 2006 2445 nam
2038 2407 2236 2444 omnes
2283 2406 2374 2443 res
2423 2395 2479 2443 et
2522 2388 2904 2460 possessiones
2934 2405 3303 2460 quascunque
3333 2389 3570 2460 praefata

100 2472 457 2542 inscriptiones
534 2474 812 2541 faciendo,
874 2480 931 2529 et
990 2476 1096 2529 hac
1153 2480 1445 2531 occasione
1499 2479 1764 2533 victualia
1876 2479 2123 2535 Ecclesia
2171 2479 2450 2549 praelibati
2499 2478 2832 2531 monasterii
2864 2478 3300 2548 quibuscumque
3348 2477 3567 2531 cautio-

101 2558 303 2615 fratrum
362 2562 867 2629 subtrahebantur,
927 2570 984 2617 et
1044 2565 1123 2617 sic
1180 2566 1465 2620 orationes
1524 2574 1581 2622 et
1621 2570 1766 2622 elee-
1873 2569 2042 2623 nibus
2102 2568 2185 2621 vel
2242 2566 2752 2621 deliberationibus
2812 2567 2995 2620 visum
3054 2571 3138 2619 est
3192 2566 3480 2636 possidere
3510 2567 3569 2619 in

104 2663 336 2718 mosynae,
369 2667 501 2720 qua:
549 2667 655 2720 pro
707 2651 899 2705 anima
953 2653 1104 2706 illius
1135 2653 1234 2724 qui
1268 2670 1394 2708 eam
1424 2658 1761 2723 construxit,
1873 2656 2181 2725 integrum.
2220 2654 2393 2724 Cujus
2414 2654 2586 2707 sacris
2618 2653 2996 2722 petitionibus
3032 2653 3316 2723 justisque
3342 2652 3569 2707 deside-

106 2743 146 2787 et
167 2753 254 2806 pro
280 2738 583 2792 animabus
632 2740 891 2793 omnium
925 2741 1397 2810 Christianorum,
1428 2745 1554 2798 fieri
1599 2746 1766 2799 debe-
1873 2744 1974 2797 riis
2021 2744 2222 2797 devote
2255 2748 2311 2796 et
2367 2742 2611 2795 libenter
2651 2748 2970 2794 annuentes
3001 2746 3055 2793 et
3084 2756 3381 2793 assensum
3433 2756 3573 2809 pra:-

106 2826 229 2893 bant,
273 2826 519 2881 diminui
563 2828 918 2883 videbantur.
976 2832 1151 2900 Cujus
1212 2831 1292 2884 rei
1343 2849 1533 2898 causa,
1567 2834 1764 2889 dolore
1873 2832 2071 2887 bentes
2092 2832 2527 2884 corroboramus
2554 2836 2726 2900 atque
2747 2830 3176 2895 conﬁrmamus,
3201 2833 3256 2882 et
3278 2844 3341 2881 ex
3376 2834 3572 2881 nostro

103 2914 253 2967 cordis
288 2917 419 2970 tacti
475 2917 842 2983 intrinsecus,
914 2919 1047 2989 quid
1108 2920 1241 2974 inde
1293 2922 1454 2975 fieret
1517 2923 1764 2993 cogitare
1867 2921 1999 2991 jure
2057 2928 2112 2975 et
2137 2920 2395 2974 dominio
2421 2918 2481 2973 in
2521 2919 2641 2988 ejus
2666 2920 2762 2988 jus
2781 2924 2837 2971 et
2866 2918 3184 2971 dominium
3214 2915 3573 2970 transfundi-

104 3006 356 3071 cwpimus.
394 3005 599 3058 Divina
648 3022 898 3077 namque
948 3008 1135 3077 gratia
1177 3009 1511 3080 inspirante,
1545 3018 1599 3066 et
1627 3014 1759 3066 dile-
1796 3023 1836 3077 c
1876 3026 2025 3077 mus,
2054 3008 2317 3063 videlicet
2355 3022 2714 3078 quascunque
2768 3006 3064 3075 conjacent
3095 3005 3425 3059 monasterii
3453 3009 3571 3057 tam

1796 1733 1832 1786 Β

104 3092 331 3145 ctissima:
384 3094 651 3164 conjugis
718 3101 928 3149 nostra:
985 3096 1376 3152 Chunicundae
1407 3101 1641 3155 consilio
1674 3119 1768 3155 sa-

106 3180 376 3235 luberrimo
434 3182 878 3250 interveniente,
907 3191 1117 3239 nostrze
1165 3187 1374 3256 regalis
1418 3190 1767 3243 auctoritatis

105 3276 436 3340 praeceptum,
489 3271 646 3341 quod
678 3271 1007 3327 inviolabile
1044 3277 1458 3344 perpetualiter
1484 3282 1767 3346 teneatur,

107 3356 202 3409 ﬁeri
232 3360 609 3429 percepimus,
633 3376 699 3414 ea
729 3360 993 3415 videlicet
1015 3362 1233 3416 ratione
1251 3369 1332 3431 ut,
1369 3370 1483 3419 tam
1515 3382 1770 3436 praesens

1880 3098 1940 3151 in
1973 3097 2301 3150 monarchia
2330 3112 2619 3167 quamque
2651 3110 2753 3164 per
2782 3095 3011 3164 singula
3040 3094 3161 3147 loca
3188 3093 3367 3147 nostri
3388 3092 3569 3162 regni.

1878 3188 1938 3239 In
1966 3184 2239 3239 comitatu
2272 3184 2512 3238 Fonensi
2543 3189 2597 3237 et
2635 3182 3009 3237 Pensauriani
3059 3200 3159 3236 seu
3203 3180 3573 3245 Ariminensi,

1877 3273 2070 3325 Villam
2102 3287 2228 3342 quae
2259 3270 2469 3325 dicitur
2532 3270 2659 3325 Sala
2679 3286 2807 3323 cum
2836 3270 2951 3323 suis
3001 3267 3354 3340 appendiciis
3392 3267 3449 3320 in
3480 3266 3575 3319 in-

1876 3364 2127 3431 tegrum,
2181 3364 2237 3413 et
2266 3360 2501 3413 titulum
2535 3358 2795 3412 Ecclesia:
2826 3359 3006 3429 ipsius
3035 3356 3367 3411 monasterii
3398 3355 3457 3409 in
3486 3356 3572 3409 la-

107 3445 246 3497 abbas
309 3463 486 3517 quam
570 3448 750 3502 futuri
807 3451 1028 3504 nullam
1106 3458 1448 3522 potestatem
1500 3454 1769 3526 deinceps

108 3533 314 3588 habeant
341 3537 411 3591 de
440 3536 617 3591 rebus
671 3537 741 3590 ad
772 3539 1103 3607 praedictam
1136 3540 1435 3595 Abbatiam
1463 3540 1769 3612 'pertinen-

107 3622 227 3676 tibus
270 3625 615 3694 diminuere,
658 3642 847 3697 neque
884 3627 945 3680 in
1000 3628 1343 3683 beneﬁcium
1398 3630 1609 3696 dando,
1667 3648 1772 3686 nec

107 3714 569 3778 commutationes,
648 3731 750 3768 seu
826 3717 1129 3786 precarias,
1223 3725 1396 3788 atque
1460 3719 1771 3774 libellarias

108 3799 328 3855 faciendo
358 3803 483 3857 sine
517 3802 747 3857 licentia
797 3804 1094 3875 praesentis
1153 3806 1423 3877 episcopi,
1456 3812 1511 3861 et
1546 3824 1768 3863 succes-

105 3904 267 3944 sorum
294 3892 434 3961 ejus,
496 3892 599 3962 qui
630 3908 735 3962 pro
784 3897 1047 3963 tempore
1098 3894 1331 3948 fuerint.
1365 3895 1423 3950 Si
1472 3896 1598 3967 quis
1637 3914 1767 3952 vero

108 3974 246 4031 abbas
282 3985 483 4034 contra
542 3980 691 4033 hanc
744 3986 1003 4035 nostram
1060 3983 1464 4038 auctoritatem
1534 3990 1591 4039 et
1626 4002 1768 4055 pras-

108 4065 385 4133 ceptionem
427 4067 702 4138 deinceps
756 4068 942 4124 facere
974 4072 1426 4142 prmsumpserit,
1474 4073 1683 4144 scripta
1713 4079 1770 4128 et

1876 3453 1996 3503 tere
2054 3448 2288 3520 parietis
2336 3448 2508 3501 situm
2554 3447 2614 3500 in
2678 3448 2895 3501 honore
2956 3452 3163 3499 sanctte
3214 3446 3476 3499 Feliculas
3522 3449 3580 3497 et

1877 3543 2207 3592 sanctorum
2242 3541 2558 3606 martyrum
2606 3536 2774 3589 Marci
2800 3541 2858 3589 et
2905 3534 3268 3601 Marcelliani,
3302 3538 3357 3586 et
3388 3534 3577 3587 Eccle-

1876 3626 2019 3679 siam
2063 3631 2271 3679 sancta:
2324 3625 2511 3678 Mariae
2562 3625 2660 3678 Dei
2699 3623 2989 3694 genitricis
3031 3624 3092 3676 in
3142 3621 3417 3693 praedicta
3446 3620 3577 3675 villa

1878 3724 1936 3769 et
1972 3715 2271 3769 cortecella
2299 3713 2463 3778 Salee,
2510 3718 2564 3766 et
2614 3712 2908 3766 ecclesiam
2941 3711 3122 3764 sancti
3166 3709 3414 3775 Martini,
3448 3726 3577 3779 quas

1878 3802 2213 3856 nominatur
2250 3802 2610 3871 Aqualonga.
2646 3802 2772 3854 Haec
2801 3799 2995 3853 omnia
3022 3798 3082 3851 in
3110 3798 3403 3865 integrum
3444 3812 3574 3849 cum

1877 3890 2145 3944 omnibus
2175 3888 2675 3960 suisﬁpertinentiis
2708 3893 2763 3941 et
2820 3886 3177 3940 cohzerentiis
3206 3892 3379 3956 atque
3437 3884 3576 3937 sub-

1870 3978 2135 4050 jacentiis
2187 3979 2279 4031 cui
2337 3980 2661 4047 prastaxataa
2719 3976 2863 4030 Sales
2917 3976 3272 4028 cohaerentes
3327 3973 3577 4043 undique

1878 4073 2033 4134 sunt,
2066 4083 2099 4119 a
2127 4066 2317 4137 primo
2348 4066 2525 4119 latere
2547 4066 2777 4132 fluvius,
2813 4064 2913 4135 qui
2939 4064 3147 4119 dicitur
3204 4063 3575 4127 Pisciatellus,

110 4151 403 4209 investitura
467 4172 602 4227 quae
662 4156 880 4224 fecerit,
929 4158 1092 4212 irrita
1159 4164 1215 4212 et
1296 4177 1471 4215 vacua
1534 4170 1590 4215 et
1645 4162 1767 4215 sine
1879 4156 2128 4210 secundo
2182 4154 2345 4208 lateri
2398 4153 2625 4207 Vedrita
2682 4158 2738 4207 et
2790 4152 3156 4219 Paverianus,
3211 4152 3381 4206 tertio
3410 4150 3577 4204 lateri

108 4240 275 4297 robore
338 4250 737 4314 permaneant,
796 4252 852 4299 et
898 4247 1071 4300 abbas
1144 4249 1379 4319 proprio
1438 4250 1655 4304 honore
1711 4257 1833 4319 et“
1878 4246 2062 4310 limes,
2131 4245 2232 4314 qui
2291 4243 2499 4297 dicitur
2545 4246 2740 4308 Arzer,
2800 4256 3140 4312 percurrens
3180 4256 3213 4293 a
3266 4238 3577 4295 Paveriano

109 4310 355 4397 dignitate
383 4333 666 4404 privetur,
726 4338 781 4387 et
831 4335 914 4388 illi
948 4336 1047 4406 qui
1088 4310 1485 4391 investitnram
1536 4343 1632 4392 aut
1664 4339 1763 4392 ali-
1797 4310 1839 4363 Β
1878 4349 2059 4403 usque
2094 4310 2518 4392 instratellam,
2570 4338 2628 4385 et
2666 4310 2820 4384 rivus
2850 4330 2947 4401 qui
2971 4334 3203 4383 vocatur
3233 4329 3301 4382 de
3346 4327 3581 4382 Fabrica

110 4417 220 4485 quid
277 4420 555 4491 scriptum
618 4422 903 4492 suscipere
955 4425 1450 4494 praesumpserint,
1500 4426 1683 4481 sciant
1710 4443 1769 4481 se
1878 4421 2145 4476 desinens
2166 4424 2222 4473 et
2251 4419 2511 4473 derivans
2564 4434 2745 4489 usque
2776 4417 2835 4471 in
2868 4432 3043 4482 mare,
3078 4421 3133 4469 et
3161 4414 3363 4486 [ipsum
3421 4414 3582 4468 littus

110 4509 487 4577 composituros
518 4511 644 4564 auri
676 4511 881 4582 optimi
912 4512 1085 4566 libras
1112 4521 1362 4580 centum,
1400 4515 1764 4574 medietatem
1876 4510 2053 4563 maris
2103 4509 2678 4579 quantulumcunque
2728 4506 2871 4559 mihi
2926 4505 3210 4575 pertinere
3268 4504 3492 4558 videtur
3520 4503 3579 4556 in

110 4608 312 4651 cameras
341 4603 574 4665 nostras,
644 4604 699 4653 et
755 4600 1123 4655 medietatem
1167 4602 1430 4669 abbatiaz,
1485 4602 1577 4655 cui
1607 4604 1769 4657 dam-
1876 4599 2188 4668 integrum.
2251 4595 2627 4650 Concedimus
2654 4596 2827 4648 etiam
2859 4594 3050 4648 Salam
3089 4609 3290 4646 novam
3340 4592 3401 4646 in
3431 4592 3578 4645 inte-

112 4696 222 4736 num
273 4694 327 4740 et
377 4687 825 4742 diminutionem
882 4689 1094 4744 inferre
1163 4692 1421 4745 tentavit.
1485 4691 1647 4755 Quod
1708 4696 1772 4746 ut
1879 4703 2045 4757 grum
2079 4702 2208 4739 cum
2234 4684 2499 4738 omnibus
2539 4682 2894 4753 appendiciis
2925 4682 3061 4746 suis,
3096 4686 3151 4735 et
3180 4680 3459 4752 quidquid
3489 4696 3578 4733 re-

112 4771 266 4827 verius
312 4776 599 4840 credatur,
632 4778 1075 4849 diligentiusque
1132 4780 1200 4833 ab
1251 4780 1518 4833 omnibus
1570 4781 1771 4835 obser-
1880 4776 2006 4846 gale
2046 4779 2130 4827 est
2186 4774 2247 4826 in
2306 4775 2601 4828 Castancto
2647 4778 2705 4824 et
2738 4771 3003 4838 Bulgaria
3051 4776 3106 4822 et
3137 4768 3448 4823 Branchisi.
3478 4768 3578 4821 Ite-

110 4864 259 4928 vetur,
291 4878 465 4916 manu
507 4865 739 4934 propria
759 4865 1095 4920 roborantes
1122 4866 1297 4937 sigilli
1323 4868 1501 4921 nostri
1534 4867 1773 4938 impres-
1878 4879 2011 4917 rum
2063 4861 2428 4916 concedimus
2456 4867 2520 4914 ut
2578 4860 2745 4913 liceat
2792 4858 2921 4925 sibi,
2972 4858 3032 4911 in
3088 4856 3311 4909 civitate
3366 4855 3574 4918 facere,

112 4942 241 4998 sione
259 4948 537 5017 jussimus
566 4948 859 5019 insigniri.
1880 4970 2009 5023 quae
2053 4952 2263 5006 dicitur
2308 4951 2528 5017 Phouo,
2556 4950 2909 5018 posterulam
2949 4947 3008 5000 in
3062 4945 3286 5016 publico
3318 4959 3483 4996 muro
3514 4944 3575 5021 in

165 5035 387 5099 Signum.
436 5080 448 5091 .
499 5080 509 5090 .
568 5038 776 5092 domini
828 5042 1052 5095 Henrici
1114 5041 1496 5109 gloriosissimi
1550 5046 1599 5095 et
1628 5043 1771 5096 invi-
1880 5042 2004 5095 loco
2062 5040 2160 5093 illo
2213 5039 2308 5092 ubi
2362 5038 2655 5108 propriam
2702 5043 2913 5091 terram
2957 5034 3105 5088 infra
3152 5037 3206 5085 et
3262 5036 3418 5085 extra
3469 5032 3576 5086 ha-

112 5124 302 5176 ctisslmi
324 5130 488 5194 regis.
1878 5128 2073 5193 beant,
2122 5133 2179 5179 et
2201 5126 2362 5195 juxta
2422 5141 2653 5178 murum
2687 5125 2787 5194 qui
2816 5127 3049 5175 vocatur
3082 5122 3370 5190 Dapenna,
3406 5121 3575 5173 eccle-

165 5211 463 5279 Egilbertns
516 5215 887 5270 cancellarius
920 5216 992 5270 ad
1024 5216 1202 5271 vicem
1235 5216 1477 5271 Wilibisi
1517 5217 1772 5288 episcopi
1880 5216 2022 5269 siam
2079 5215 2379 5269 rediticare.
2433 5214 2804 5267 Concedimus
2862 5211 3035 5263 etiam
3064 5208 3575 5280 praecipientesque

111 5301 154 5347 et
176 5300 645 5357 archieancellarii
676 5305 1007 5374 recognovi.
1880 5303 2163 5358 statuinus
2190 5308 2251 5356 ut
2279 5302 2468 5355 nullus
2501 5302 2614 5355 dux
2647 5306 2746 5353 aut
2776 5298 3263 5367 archiepiscopus,
3298 5297 3571 5361 marchio,

164 5384 347 5443 Datum
378 5406 455 5442 vn
503 5391 581 5444 ld.
639 5392 859 5457 Octob.,
894 5407 1044 5445 anno
1110 5392 1182 5445 ab
1230 5391 1625 5447 incarnatione
1652 5393 1765 5446 Do-
1879 5409 2090 5456 comes,
2121 5391 2453 5455 vicecomes,
2495 5385 3177 5456 sculdasins,;gasta1dio,
3226 5390 3326 5439 aut
3370 5385 3578 5455 aliquis

114 5470 228 5525 mini
255 5478 403 5537 1009.
436 5493 590 5531 anno
620 5495 755 5532 vero
792 5478 1024 5534 Henrici
1053 5480 1071 5532 Ι
1098 5480 1251 5551 regis
1279 5498 1375 5535 vn.
1879 5480 2142 5551 publicus
2171 5485 2400 5533 exactor
2427 5479 2487 5531 in
2510 5476 2795 5547 aliquibus
2844 5474 3075 5545 praediis
3105 5478 3161 5527 et
3204 5473 3573 5544 possessioni-

168 5564 347 5618 Actnm
379 5564 752 5636 Maideburgh
780 5566 1040 5621 feliciter.
1075 5572 1277 5622 Amen.
1882 5570 1988 5623 bus
2012 5584 2114 5640 per
2164 5582 2521 5639 quascunque
2565 5564 2743 5619 nostri
2773 5564 2937 5635 regni
2988 5565 3109 5618 loca
3147 5561 3573 5632 conjacentibus
