3914 6190
322 274 426 328 287

1621 272 1676 327 S.
1721 271 2018 329 llENRlCl
2057 271 2533 330 IMPERATOBIS
3680 284 3762 338 288

323 401 382 451 et
411 395 812 460 residentibus,
861 400 958 449 aut
996 395 1328 451 hominibus
1360 412 1534 467 supra
1563 397 1889 450 sedentibus
1936 397 2024 450 vel
2055 400 2096 453 A
2135 397 2413 468 scriptum
2465 414 2638 452 manu
2689 396 2926 469 propria
2961 366 3288 452 roborantes
3312 398 3473 470 sigilli
3499 405 3655 458 nostri
3675 405 3766 460 im—

327 483 784 539 inhabitantibus
842 484 1196 548 theloneum,
1260 489 1357 538 aut
1430 485 1681 555 aliquam
1741 484 2029 554 publicam

330 574 684 628 functionem
739 588 843 641 per
889 572 1132 642 alicujus
1185 573 1337 627 tituli
1364 573 1781 628 districtionem
1822 575 2031 628 audeat

326 659 556 730 exigere
600 659 686 712 vel
721 657 1047 729 exquirere,
1084 676 1188 713 nec
1243 661 1496 730 aliquam
1527 658 1907 723 invasionem,
1941 660 2028 714 vel

331 747 860 813 diminorationem,
935 755 1034 802 aut
1098 749 1460 801 temerariam
1513 748 2029 818 praesumptionem

333 836 740 908 quoquomodo
797 851 964 905 agere
1011 837 1099 890 vel
1133 837 1344 891 inferre
1375 837 1777 906 praesumendo
1803 842 2027 908 perten-

334 930 434 980 tet.
471 924 675 994 Siquis
705 925 880 994 igitur
907 925 1053 979 hanc
1079 930 1283 979 nostrae
1315 941 1542 996 semper
1599 931 1656 980 et
1699 926 1910 996 ubique
1939 926 2031 979 in-

334 1013 611 1067 violandae
673 1013 972 1080 cautionis,
1036 1013 1410 1077 deﬁnitionis,
1468 1013 1917 1078 deliberationis,
1978 1017 2033 1066 et

335 1101 732 1166 concessionis,
775 1107 827 1154 et
868 1102 1200 1155 voluntaria:
1249 1102 1670 1156 distributionis
1735 1103 2028 1172 paginam,

333 1191 487 1261 quod
513 1190 684 1244 absit!
721 1191 1129 1260 quoquomodo
1171 1190 1477 1243 temerario
1525 1206 1663 1243 ausu
1717 1189 2031 1259 infringere

331 1283 567 1333 conatus
623 1278 815 1342 fuerit,
869 1278 1008 1331 sciat
1041 1295 1099 1331 se
1123 1279 1574 1347 compositurum
1605 1283 1834 1330 centum
1856 1277 2032 1330 libras

334 1367 458 1421 auri
472 1368 733 1420 auti‘nille
752 1365 1049 1439 [argenti],
1075 1367 1442 1420 medietatem
1457 1383 1696 1420 camerae
1714 1371 1943 1432 nostras,
1975 1369 2033 1419 et

331 1456 696 1509 medietatem
726 1457 1020 1523 praelibato
1067 1455 1412 1508 monasterio
1459 1455 1637 1508 sancti
1664 1454 2028 1524 Apollinaris.

332 1538 490 1608 Quod
520 1549 584 1596 ut
607 1544 812 1596 melius
844 1544 1126 1608 crcdatur,
1163 1543 1608 1613 diligentiusque
1657 1543 1726 1596 ab
1767 1542 2033 1595 omnibus

334 1633 682 1696 observetur,
718 1647 893 1685 manu
920 1631 1150 1702 propria
1179 1637 1518 1702 praesentem
1551 1632 1820 1701 paginam
1854 1633 2033 1684 robo-

335 1724 524 1774 rantes
577 1720 760 1773 nostri
817 1720 990 1791 sigilli
1038 1720 1418 1790 impressione
1474 1719 1715 1774 inferius
1766 1717 2033 1789 insigniri

329 1808 630 1878 jussimus.

407 1900 641 1963 Signum
663 1898 849 1951 domni
874 1899 1122 1952 Hcinrici
1147 1900 1290 1964 regis
1319 1897 1686 1951 invictissimi.

411 1986 769 2040 Eberhardus
822 1985 1194 2039 cancellarius
1226 1986 1342 2039 vice
1392 1984 1657 2055 Willigisi
1688 1983 2030 2056 archicapel-

339 2073 456 2126 lani
481 2074 804 2143 recognovi.

413 2163 550 2215 Data
594 2179 670 2216 v11
720 2163 999 2216 Kalendas
1047 2163 1195 2228 Maii,
1229 2162 1540 2217 indictione
1588 2162 1850 2234 septima,
1881 2178 2032 2216 anno

340 2250 652 2304 Dominicaa
698 2251 1106 2305 incarnationis
1142 2251 1448 2305 millesimo
1481 2267 1652 2318 nono,
1704 2267 1852 2304 anno
1897 2267 2031 2305 vero

339 2337 536 2392 domui
567 2338 813 2392 Heinrici
841 2340 1078 2393 secundi
1100 2339 1393 2409 regnantis
1422 2356 1517 2392 vn.

406 2431 610 2481 Actum
642 2427 912 2484 Niven....
947 2428 1205 2482 feliciter.
1234 2432 1444 2484 Amen.

1095 2518 1238 2596 ⁸ιιι.

342 2604 398 2659 8.
431 2605 653 2659 Henrici
700 2606 1053 2675 privilegium
1093 2605 1418 2659 Godehardo
1468 2604 1659 2660 abbati
1710 2617 2030 2658 concessum'

978 2693 1162 2764 (Anno
1202 2693 1380 2761 1009.)

576 2780 891 2853 [Ludewig,
926 2783 1135 2851 Script.
1175 2799 1282 2836 rer.
1318 2784 1518 2846 Germ.,
1557 2779 1802 2851 333-34.]

412 2871 477 2922 ln
529 2871 759 2924 nomine
789 2876 998 2924 sanctae
1025 2875 1082 2924 et
1137 2870 1447 2924 individuae
1493 2869 1805 2936 Trinitatis,
1858 2871 2032 2923 Ham-

345 2975 495 3012 mcus
522 2958 717 3012 divina
739 2959 963 3012 favente
993 2959 1297 3014 clementia
1324 2976 1439 3012 rex.

411 3046 468 3100 Si
517 3045 788 3100 Ecclesias
832 3046 942 3101 Dei»
979 3047 1216 3117 alicujus
1274 3047 1411 3101 doni
1454 3046 1811 3100 incremento
1854 3046 2034 3100 ditare

341 3133 427 3186 vel
471 3133 776 3186 sublimare
827 3133 1236 3200 studuerimus,
1325 3133 1488 3187 nobis
1540 3132 1621 3187 id'
1663 3133 2029 3204 profuturum

339 3236 461 3274 esse
503 3220 742 3274 minime
801 3222 1147 3277 dubitamus.
1208 3222 1569 3291 Quapropter
1640 3226 1864 3276 noverit
1910 3239 2033 3276 om-

338 3309 502 3362 nium
552 3309 757 3364 Christi
795 3310 1050 3364 ﬁdelium
1101 3316 1544 3380 nostrorumque
1577 3309 1861 3363 industria
1893 3326 2025 3380 qua-

339 3398 489 3464 liter,
542 3397 614 3451 ob
641 3398 963 3452 remedium
1021 3398 1228 3452 anima:
1268 3403 1478 3452 nostra:
1545 3404 1602 3452 et
1647 3398 2033 3452 interventum

341 3487 532 3540 dilecti
560 3486 781 3544 abbatis
838 3487 1020 3540 nostri
1075 3486 1423 3556 Godehardi,
1472 3503 1638 3540 suum
1698 3487 1837 3557 juge
1865 3488 2034 3541 devo-

340 3579 580 3645 tumque
659 3575 957 3628 servitium
1034 3575 1420 3644 inspicientes,
1499 3576 1848 3629 monasterio
1910 3593 2032 3642 suo,

341 3665 544 3717 Altaha
575 3663 748 3730 dicto,
784 3663 853 3718 ad
884 3663 1179 3716 servitium
1209 3673 1266 3718 et
1295 3664 1361 3718 ad
1410 3681 1579 3717 usum
1631 3665 1874 3718 fratrum
1921 3666 2034 3718 Deo

341 3752 555 3806 ibidem
612 3752 1041 3818 famulantium,
1103 3751 1163 3806 in
1211 3753 1345 3806 villa
1403 3753 1837 3822 Mundrichinga
1887 3753 2038 3806 dicta

345 3856 515 3894 unam
561 3841 877 3906 ecclesiam,
933 3857 1063 3895 cum
1112 3841 1289 3896 dotali
1343 3858 1540 3896 manso
1571 3847 1629 3896 et
1657 3843 1875 3897 duabus
1904 3859 2036 3912 par-

341 3931 493 3984 tibus
549 3929 944 3984 decimationis
992 3931 1060 3984 ad
1105 3931 1366 3984 eamdem
1399 3931 1695 3986 ecclesiam
1744 3931 2039 4000 pertinen-

340 4018 516 4083 tibus,
539 4023 596 4071 et
622 4018 683 4071 in
721 4018 853 4072 villa
885 4019 1086 4072 eadem
1121 4020 1299 4072 alium
1348 4034 1636 4082 mansum,
1686 4035 1816 4072 cum
1876 4036 2035 4072 man-

342 4106 506 4175 cipiis
555 4106 847 4159 Frundum
879 4109 936 4159 et
986 4121 1160 4158 uxore
1217 4105 1395 4175 ipsius
1428 4110 1485 4158 et
1541 4105 1673 4158 ﬁliis
1718 4106 2037 4171 eorum-,in

2139 486 2432 557 pressione
2462 486 3035 558 insignirijussimus.

2211 576 2350 630 Data
2397 580 2592 629 octavo
2621 576 2752 629 Idus
2799 575 3034 644 Aprilis,
3089 574 3283 630 indict.
3320 593 3412 640 vu,
3445 594 3579 632 anno
3605 579 3665 634 ab
3692 581 3766 635 in-

2137 664 2467 718 carnatione
2521 664 2739 718 Domini
2805 667 2962 729 1009,
2994 680 3146 718 anno
3177 680 3308 718 vero
3336 666 3541 720 domini
3568 669 3771 724 Ileinrici

2138 752 2375 806 secundi
2410 752 2706 823 regnantis
2735 768 2852 806 vui.
2881 757 3082 806 Actum
3115 753 3496 824 Regenspurg.
3521 758 3694 810 Amen.

2901 841 3064 910 ,Lui.

2461 930 2518 985 S.
2550 931 2770 983 Henrici
2803 931 3160 998 privilegium
3189 945 3291 998 pro
3319 929 3514 984 eodem.

2755 1021 2941 1084 (Anno
2970 1017 3217 1084 eodem.)

2641 1106 2954 1178 [Ludewig,
2997 1106 3092 1159 ubi
3121 1104 3337 1176 supra.]

2211 1193 2276 1247 In
2304 1193 2540 1247 nomine
2590 1199 2798 1247 sanctae
2847 1198 2904 1246 et
2949 1193 3258 1246 individuus
3302 1192 3598 1260 Trinitatis,
3645 1195 3772 1248 Hem-

2145 1296 2293 1334 RICUS
2317 1281 2512 1334 divina
2532 1281 2756 1334 favente
2786 1281 3089 1334 clementia
3109 1297 3230 1334 rex.

2213 1367 2270 1422 Si
2299 1369 2437 1438 quid
2460 1385 2562 1421 nos
2587 1369 2857 1422 Ecclesias
2898 1368 3022 1434 Dei,
3054 1369 3143 1422 vel
3175 1369 3236 1421 in
3267 1367 3475 1422 eisdem
3495 1369 3771 1434 servientes,

2143 1457 2212 1512 de
2258 1457 2469 1511 nostris
2501 1457 2682 1511 ditare
2711 1457 3124 1518 studuerimus,
3152 1458 3350 1528 procul
3392 1457 3555 1511 dubio
3582 1457 3774 1531 immer-

2143 1545 2404 1600 cescibile
2458 1546 2760 1616 prmmium
2822 1547 2881 1599 in
2919 1546 3114 1600 futuro
3175 1563 3464 1616 capessere
3522 1546 3773 1599 credimus.

2142 1637 2264 1700 Qua
2284 1636 2354 1689 de
2402 1651 2462 1689 re
2509 1635 2729 1689 cunctis
2762 1635 3030 1688 ﬁdelibus
3061 1634 3293 1701 nostris,
3339 1634 3777 1704 prmsentibussci-

2141 1725 2276 1777 licet
2305 1729 2361 1777 et
2397 1723 2626 1788 futuris,
2687 1730 2891 1777 notum
2945 1739 3064 1776 esse
3117 1724 3384 1776 volumus
3414 1723 3640 1792 qualiter
3685 1739 3775 1785 nos,

2141 1817 2367 1866 internae
2388 1811 2518 1866 vita:
2575 1811 2860 1866 desiderio
2892 1811 3255 1878 inﬂammati,
3283 1816 3400 1864 tam
3447 1828 3544 1882 pro
3575 1812 3779 1865 remedio

2142 1902 2349 1955 animae
2380 1905 2588 1954 nostra;
2634 1916 2807 1971 quam
2849 1907 3150 1970 parentum
3185 1905 3533 1964 nostrorum,
3563 1916 3655 1953 nec
3692 1917 3779 1952 non

2143 1994 2198 2043 et
2245 1989 2571 2042 interventu
2637 1987 2856 2042 dilectae
2930 1987 3164 2058 (uxoris)
3225 1987 3548 2041 contectalis
3611 1991 3778 2039 nostra

2142 2077 2556 2146 Chunigundae,
2597 2083 2654 2130 et
2691 2093 2792 2146 pro
2853 2075 3206 2130 dilectissimi
3256 2075 3565 2128 Altahensis
3604 2073 3782 2127 abbatis

2142 2166 2460 2222 Godehardi
2529 2165 2858 2234 gratissimo
2939 2164 3237 2235 obsequio,
3323 2163 3507 2218 eidem
3572 2161 3781 2216 Ecclesia:

2141 2255 2233 2308 cui
2287 2254 2410 2324 ipse
2467 2270 2708 2324 praeesse
2775 2254 3016 2320 videtur,
3075 2253 3136 2306 in
3191 2269 3364 2307 usum
3430 2252 3781 2306 monachorum

2141 2343 2287 2397 inihi
2319 2344 2431 2396 Deo
2457 2342 2884 2408 famulantium,
2909 2341 2967 2395 in
3008 2342 3288 2395 comitatu
3314 2339 3628 2396 Thiemouis
3661 2354 3781 2408 prae-

2142 2431 2299 2498 sidis,
2342 2447 2526 2502 prope
2582 2431 3020 2500 monasterium,
3069 2431 3129 2484 in
3159 2430 3295 2483 villa
3345 2425 3784 2500 Helnigerimperk

2143 2520 2312 2585 dicta,
2372 2523 2686 2573 mercatum
2740 2519 3007 2585 habenti;
3060 2518 3349 2573 telonium
3394 2524 3509 2572 tam
3555 2514 3786 2570 viantium

2143 2625 2317 2680 quam
2365 2607 2758 2677 navigantium
2791 2607 3052 2677 exigendi
3077 2607 3172 2676 jus
3197 2612 3538 2678 perpetuum
3567 2620 3659 2675 per
3706 2603 3790 2656 hoc

2141 2697 2333 2767 regale
2381 2699 2731 2765 praeceptum
2797 2695 3147 2749 contulimus
3206 2701 3381 2766 atque
3440 2691 3788 2749 concessimus.

2142 2786 2300 2850 Quod
2342 2785 2389 2839 si
2419 2801 2532 2856 qua
2562 2800 2806 2854 persona
2827 2784 3015 2837 eidem
3048 2785 3170 2837 loco
3201 2783 3523 2848 abstulerit,
3554 2783 3608 2836 in
3633 2781 3791 2834 futuro

2137 2873 2353 2943 judicio
2384 2872 2764 2927 examinanda
2807 2872 2936 2926 erit.
2995 2873 3059 2926 Et
3105 2875 3168 2925 ut
3195 2872 3305 2926 hac
3343 2878 3547 2926 nostras
3574 2867 3791 2923 traditio-

2145 2963 2231 3016 nis
2305 2962 2609 3016 auctoritas
2675 2961 2894 3016 stabilis
2965 2965 3022 3015 et
3089 2960 3429 3014 inconvulsa
3487 2959 3792 3030 permaneat,

2144 3067 2317 3104 manu
2351 3050 2585 3121 propria
2623 3067 2750 3105 eam
2797 3049 3134 3103 roborantes
3183 3049 3428 3115 sigillari
3460 3052 3642 3102 nostra
3682 3045 3792 3098 izna~

2143 3140 2274 3210 gine
2297 3138 2597 3208 jussimus.

2215 3229 2356 3282 Data
2378 3244 2451 3280 vn
2483 3227 2613 3282 Idus
2640 3226 2818 3292 Junii,
2859 3225 3171 3281 indictione
3205 3243 3302 3295 vn,
3338 3243 3486 3280 anno
3529 3221 3792 3280 Dominica

2142 3316 2555 3369 incarnationis
2589 3319 2745 3382 1009,
2780 3332 2930 3369 anno
2987 3331 3120 3368 vero
3161 3315 3386 3369 domini
3422 3313 3652 3370 Heiurici
3676 3310 3791 3378 regis

2143 3403 2378 3457 secundi
2407 3403 2701 3473 regnantis
2733 3420 2848 3457 νιιι.

2212 3494 2418 3546 Actum
2449 3493 2777 3563 Merseburg
2799 3492 3056 3546 feliciter.
3083 3495 3287 3546 Amen.

2938 3583 3062 3636 LIV.

2145 3669 2391 3724 Ecclesia,
2416 3669 2754 3737 Northwuld,
2807 3689 2834 3720 α
2864 3673 2983 3724 sitae
3012 3672 3070 3722 in
3100 3685 3290 3736 eremo,
3328 3690 3353 3717 ›;
3418 3668 3583 3722 multa
3621 3662 3796 3736 przdia

2874 3752 3100 3816 confert.

2796 3839 2984 3907 (Anno
3020 3835 3198 3904 1000.)

2467 3925 2780 3998 [Ludewig,
2812 3927 2908 3979 ubi
2942 3941 3132 3995 supra,
3172 3941 3228 3994 p.
3273 3922 3525 3993 33l-3‘2.]

2218 4015 2282 4067 In
2333 4014 2569 4067 nomine
2599 4020 2806 4068 sanctae
2838 4019 2895 4068 et
2940 4012 3250 4067 individuus
3293 4010 3608 4075 Trinitatis,
3667 4007 3795 4060 HEIS-

2146 4117 2297 4155 RICUS
2317 4101 2512 4155 divina
2540 4101 2763 4154 favente
2793 4101 2978 4172 gratia
3007 4116 3122 4153 rex.

341 4193 733 4247 Sitfenchoven
764 4197 955 4245 autem
1005 4197 1119 4245 tres
1169 4208 1395 4244 mansos
1448 4208 1576 4244 cum
1626 4192 1927 4262 mancipiis
1977 4194 2033 4246 in
2063 4213 2106 4267 Ι)
2217 4185 2880 4260 Plantationiscujusque
2901 4189 3162 4242 surculus
3185 4192 3390 4242 trunco
3413 4185 3573 4240 viridi
3593 4184 3798 4254 imputa-

342 4281 432 4334 his
497 4279 915 4344 habitantibus;
981 4279 1042 4332 in
1107 4279 1531 4349 Mangoltingen
1582 4295 1712 4333 vero
1777 4280 2037 4350 superius

343 4367 828 4420 molendinarium
888 4383 1015 4421 cum
1081 4367 1431 4434 molendino,
1465 4367 1525 4420 in
1581 4383 1727 4438 pago
1778 4370 2040 4422 Wonaul-

344 4471 523 4526 gowe,
564 4453 622 4508 in
656 4455 928 4508 comitatu
960 4472 1090 4509 vero
1119 4455 1417 4509 Ruotberti
1449 4455 1674 4509 comitis
1718 4457 1860 4525 sitis,
1911 4473 2042 4510 cum

345 4542 614 4596 omnibus
659 4544 1007 4613 appenditiis
1049 4544 1162 4597 sive
1223 4543 1564 4598 utilitatibus
1613 4561 1741 4614 quas
1790 4544 1900 4598 dici
1947 4551 2045 4598 aut

343 4631 633 4685 nominari
675 4637 934 4702 possunt,
967 4649 1070 4702 per
1090 4634 1237 4687 hanc
1267 4633 1444 4686 nostri
1473 4633 1743 4702 praecepti
1773 4633 2042 4703 paginam

343 4719 710 4774 concedimus
741 4725 911 4790 atque
962 4723 1255 4791 largimur.
1307 4722 1374 4774 Et
1428 4721 1496 4774 de
1553 4725 1747 4774 nostro
1799 4721 1929 4789 jure
1980 4737 2044 4773 ac

343 4807 603 4862 dominio
634 4807 694 4861 in
733 4824 934 4861 eorum
959 4808 1054 4878 jus
1078 4825 1142 4862 ac
1190 4808 1514 4863 dominium
1553 4807 1813 4861 omnium
1871 4813 2046 4861 trans-

341 4898 653 4966 fundimus,
702 4914 768 4951 ea
823 4897 1038 4967 quippe
1089 4896 1330 4963 ratione,
1367 4903 1450 4964 ut,
1509 4897 1815 4967 praedictus
1873 4896 2044 4950 abbas

345 4988 549 5058 suique
580 5003 948 5051 successores,
983 5003 1095 5039 una
1141 5003 1271 5040 cum
1319 4985 1590 5040 fratribus
1623 4985 1765 5039 inibi
1808 4987 1920 5039 Deo
1959 4988 2042 5040 fa-

346 5075 720 5144 mulantibus,
755 5076 824 5128 de
849 5074 1271 5144 praanominato
1291 5074 1443 5128 bono
1456 5076 1692 5145 ejusque
1708 5075 2046 5128 utensilibus

347 5163 551 5216 dehinc
606 5164 842 5217 liberam
887 5163 1137 5217 habeant
1177 5167 1537 5234 potestatem,
1578 5164 1646 5216 ad
1679 5179 2045 5217 communem

351 5267 513 5305 usum
561 5254 824 5319 fratrum,
861 5251 1143 5325 quidquid
1197 5252 1277 5304 eis
1315 5251 1552 5306 libuerit
1596 5251 1860 5319 faciendi,
1917 5268 2048 5304 om-

350 5339 512 5393 nium
563 5340 866 5395 hominum
911 5340 1364 5395 contradictione
1407 5344 1646 5394 remota.
1709 5342 1772 5395 Et
1828 5346 1894 5394 ut
1930 5341 2049 5395 haec

351 5427 655 5481 auctoritas
687 5434 897 5482 nostra).
935 5428 1263 5484 donationis
1319 5429 1540 5483 stabilis
1589 5433 1646 5483 et
1717 5429 2051 5484 inconvulsa

352 5522 688 5586 permaneat
719 5517 875 5569 omni
920 5522 1197 5588 tempore,
1241 5519 1346 5571 hoc
1377 5522 1724 5590 prmceptum
1763 5518 1894 5572 inde
1923 5534 2050 5571 con-

2145 4283 2259 4342 tus,
2293 4284 2506 4346 quanto
2531 4277 2739 4348 smpius
2766 4277 2926 4348 aquis
2948 4276 3305 4330 circumfusis
3353 4275 3638 4345 irrigatur,
3673 4273 3797 4323 tanto

2151 4366 2338 4433 citius,
2385 4367 2774 4420 crescentibus
2797 4364 3020 4440 [ramis]
3051 4366 3108 4419 in
3129 4366 3327 4419 orbem
3359 4365 3611 4434 erigitur.
3649 4357 3795 4413 Eccle-

2153 4455 2264 4508 sias
2294 4453 2470 4523 igitur
2514 4454 2613 4508 Dei
2672 4454 3086 4523 comparationi
3141 4454 3324 4507 eidem
3379 4469 3480 4506 nos
3521 4461 3804 4517 recompen-

2153 4548 2362 4606 santes,
2397 4542 2727 4613 ubicunque
2748 4543 3008 4596 locorum
3034 4542 3254 4596 noviter
3271 4543 3574 4610 plantatas,
3607 4538 3650 4590 si
3671 4531 3804 4589 bonis

2154 4631 2363 4685 nostris
2409 4631 2701 4700 aliquanto
2759 4631 3062 4702 benignius
3136 4630 3407 4684 adhibitis
3466 4629 3804 4682 sublevamuS.

2154 4725 2312 4773 tanto
2344 4737 2438 4773 eas
2469 4720 2634 4773 citius
2682 4719 2742 4773 in
2777 4721 2966 4774 divina
2996 4720 3164 4774 laude
3212 4719 3456 4773 feliciter
3506 4723 3806 4770 excrescere,

2152 4815 2426 4879 tantoque
2458 4825 2562 4862 nos
2591 4809 2813 4862 ﬁrmius
2854 4807 3299 4880 imperiiﬁostri
3331 4808 3557 4861 culmen
3595 4797 3808 4856 stabilire

2154 4898 2397 4952 ﬁdeliter
2426 4897 2784 4951 conﬁdimus.

2224 4987 2580 5056 Quapropter
2609 4985 2872 5040 omnium
2923 4985 3022 5039 Dei
3080 4986 3382 5055 nostrique
3415 4981 3661 5037 ﬁdelium
3706 4972 3810 5029 uni-

2155 5074 2406 5128 versitati
2458 5079 2658 5128 notum
2691 5075 2956 5128 volumus
3007 5074 3255 5144 qualiter
3285 5088 3412 5138 nos,
3460 5071 3531 5125 ob
3562 5070 3811 5123 interven-

2157 5169 2280 5217 tum
2331 5180 2394 5216 ac
2441 5163 2780 5232 petitionem
2833 5164 3053 5216 dilectas
3102 5161 3362 5233 conjugis
3402 5164 3608 5214 nostra:
3644 5150 3815 5210 Chuni-

2159 5252 2364 5322 guudae
2394 5251 2772 5322 imperatricis
2792 5256 3069 5321 augustae,
3103 5255 3157 5305 et
3180 5250 3461 5305 Brunonis
3480 5238 3813 5316 Augustensis

2159 5340 2418 5395 Ecclesia
2448 5341 2729 5410 praesulis,
2774 5347 2830 5395 et
2852 5345 3188 5395 caeterorum
3218 5339 3478 5393 ﬁdelium
3503 5340 3811 5390 nostrorum.

2161 5430 2469 5484 Eberhardi
2521 5430 2968 5501 Ratisponensis,
3017 5429 3302 5484 Bennonis
3332 5422 3670 5482 Pataviensis
3711 5412 3812 5483 ορὶ·

2160 5535 2484 5588 scoporum,
2515 5519 2582 5570 ad
2623 5519 2923 5572 Ecclesiam
2964 5518 3131 5571 sitam
3159 5517 3218 5572 in
3248 5531 3462 5580 eremo,
3515 5526 3638 5584 quae
3679 5519 3812 5558 voca-
