4016 6202
201 318 304 367 ‘289

1467 314 1853 373 DIPLOMATA
1897 318 2453 377 ECCLESIASTICA.

3616 332 3721 383 290

202 449 297 496 tur
337 439 643 505 Norlwald,
682 457 713 492 a
760 438 1082 493 Guntherio
1141 442 1443 508 monacho,
1502 447 1557 495 et
1598 443 1737 498 inibi
1793 444 1911 515 pri-
1943 448 1986 499 A
2027 452 2258 517 nostrae,
2296 465 2357 501 ac
2416 448 2654 502 senioris
2688 448 2891 517 nostri,
2938 450 3200 505 videlicet
3258 454 3477 507 Ottonis
3532 455 3723 525 impe—

198 534 368 584 mitus
410 530 775 583 eremeticam
840 527 1021 581 vitam
1056 528 1357 607 ducente“
1380 536 1791 599 constructam,
1848 534 1908 586 in

200 621 415 673 honore
475 617 964 671 victoriosissimze
1036 618 1220 670 crucis
1259 625 1583 690 sanctasque
1614 621 1711 674 Dei
1742 622 1908 692 geni-

200 709 355 761 tricis
388 708 594 767 Mariae,
627 723 731 759 nec
775 722 893 758 non
936 707 994 758 Β.
1031 706 1270 758 Joannis
1331 709 1614 778 Baptistae,
1648 710 1708 763 in
1742 727 1905 763 usum

200 798 439 850 fratrum
492 796 568 849 ibi
616 796 731 847 Deo
793 794 902 847 sub
956 795 1156 863 regula
1206 796 1256 849 S.
1308 796 1598 851 Benedicti
1657 799 1910 851 servien-

198 888 370 947 tium;
406 883 685 954 quidquid
717 882 1058 947 habuimus,
1094 900 1127 935 a
1182 883 1336 936 fonte
1374 902 1536 954 aquae
1567 902 1692 955 quae
1733 904 1899 940 voca-

200 982 294 1027 tur
324 973 640 1042 Leiptliusa,
680 987 863 1041 usque
896 971 970 1024 ad
1034 972 1223 1024 locum
1271 973 1368 1042 qui
1429 981 1665 1027 vocatur
1722 976 1907 1029 Swar-

200 1062 531 1125 tawiuchill,
565 1066 621 1113 et
653 1060 784 1113 inde
850 1076 1037 1130 usque
1097 1061 1165 1112 ad
1235 1067 1493 1115 montem
1545 1063 1643 1133 qui
1678 1070 1910 1119 vocatur

204 1150 670 1215 Ekkirischbuch,
707 1154 760 1200 et
794 1148 877 1200 ita
925 1165 1109 1219 usque
1142 1148 1209 1200 ad
1247 1166 1452 1218 aquam
1513 1169 1641 1221 qua:
1675 1160 1913 1206 vocatur

205 1239 615 1299 Forchenbach,
650 1242 705 1289 et
762 1237 901 1290 inde
952 1238 1024 1289 ad
1060 1237 1498 1304 Holerenberch,
1558 1257 1739 1311 usque
1773 1242 1909 1296 dum

202 1328 393 1379 venias
449 1325 932 1391 Plecentenstein,
979 1330 1036 1378 et
1082 1325 1216 1378 inde
1260 1326 1330 1379 ad
1398 1328 1825 1396 Grachenhach,
1857 1333 1913 1381 et

202 1418 283 1470 sic
316 1417 378 1468 ad
410 1416 618 1468 fontem
653 1414 839 1483 ipsius
899 1430 1090 1483 aquae,
1141 1420 1196 1468 et
1226 1415 1301 1468 ita
1358 1432 1461 1485 per
1506 1434 1717 1487 aquam
1781 1434 1911 1488 quae

202 1505 409 1557 dicitur
441 1504 760 1568 Flinsbach,
822 1508 880 1555 et
941 1502 1095 1567 hinc,
1149 1508 1208 1555 ut
1254 1504 1733 1558 subterminatum
1806 1512 1910 1573 est,

202 1596 268 1647 ad
306 1596 508 1646 llumen
540 1593 748 1661 Regin,
806 1597 863 1644 et
899 1608 1002 1660 per
1040 1592 1374 1645 descensum
1419 1594 1601 1663 Regni
1654 1594 1915 1646 fluminis

203 1699 380 1753 nsque
410 1683 465 1734 in
500 1682 693 1733 villam
736 1680 899 1733 illam
958 1679 1251 1746 Piberach,
1285 1698 1413 1751 quae
1472 1682 1716 1734 duarum
1752 1682 1916 1735 Pibe-

205 1772 335 1824 rach
366 1770 546 1823 media
596 1768 911 1831 interfluit,
975 1774 1031 1820 et
1075 1768 1153 1819 sic
1210 1785 1436 1821 sursum
1499 1785 1601 1839 per
1644 1768 1916 1822 eamdem
1952 1750 1989 1802 Β

207 1859 493 1921 Piberach,
526 1874 713 1927 usqu
758 1857 829 1909 ad
872 1857 1059 1909 locum
1112 1857 1209 1926 qui
1242 1857 1415 1911 estin
1465 1866 1662 1910 monte
1723 1860 1916 1911 [lana-

203 1948 361 2015 wicb,
420 1954 474 2001 et
528 1947 661 2000 inde
722 1962 833 2016 per
890 1945 1190 1998 decursum
1272 1962 1437 2016 aqua).
1485 1962 1614 2016 quae
1674 1950 1919 1998 vocatur

201 2036 429 2099 Sebach,
466 2042 520 2088 et
550 2037 631 2088 sic
674 2034 833 2101 inde,
877 2039 940 2087 ut
974 2035 1140 2087 modo
1171 2035 1546 2087 terminatum
1577 2040 1683 2097 est,
1722 2048 1916 2102 usque

207 2126 281 2179 ad
311 2126 488 2179 locum
526 2124 623 2177 ubi
676 2123 1022 2176 Kelbirbach
1064 2122 1215 2175 cadit
1252 2122 1311 2175 in
1346 2123 1540 2175 album
1573 2121 1786 2191 Regin,
1823 2137 1920 2174 us-

207 2229 321 2283 que
353 2214 409 2266 in
438 2212 876 2275 Atlaltresbach,
932 2216 986 2264 et
1017 2211 1149 2264 inde
1209 2210 1278 2263 ad
1325 2227 1598 2279 magnum
1656 2209 1915 2279 lapidem

208 2303 313 2373 qui
342 2319 407 2355 ex
432 2302 699 2355 orientali
728 2301 901 2370 plaga
929 2316 1107 2370 prope
1148 2304 1381 2352 stratam
1438 2300 1591 2369 jacet
1640 2315 1778 2370 quae
1814 2300 1917 2351 Ba-

207 2392 425 2444 variam
454 2390 657 2455 tendit,
695 2394 755 2442 et
788 2389 865 2441 sic
895 2404 997 2458 per
1034 2392 1270 2441 stratam
1313 2403 1493 2457 usque
1550 2388 1616 2441 ad
1675 2387 1917 2455 nigrum

212 2480 418 2549 Regia,
449 2486 504 2533 et
535 2494 766 2532 sursum
800 2492 900 2547 per
956 2477 1225 2530 eumdem
1276 2476 1536 2543 fluvium,
1591 2476 1660 2529 ad
1717 2477 1910 2529 locum

211 2568 313 2619 ubi
344 2566 615 2620 interfluit
647 2583 800 2636 aqua
851 2566 1101 2630 Fladinz,
1138 2571 1195 2618 et
1217 2565 1347 2618 inde
1371 2565 1439 2618 ad
1488 2565 1708 2619 fontem
1754 2564 1914 2632 ejus-

210 2655 345 2708 dem
377 2671 557 2726 aquas,
600 2661 657 2707 et
684 2655 766 2708 ita
799 2671 975 2725 usque
1014 2655 1082 2708 ad
1119 2652 1448 2721 Naufﬁnna,
1478 2669 1607 2707 cum
1640 2653 1915 2706 omnibus

212 2743 573 2807 utensilibus,
607 2759 739 2796 cum
772 2743 937 2803 areis,
976 2742 1256 2807 aedificiis,
1302 2741 1475 2811 agris,
1520 2742 1707 2802 terris,
1740 2741 1910 2794 cultis

210 2838 273 2884 et
344 2832 589 2898 incultis,
652 2831 852 2902 pratis,
919 2831 1164 2900 pascuis,
1236 2830 1425 2899 sylvis,
1466 2816 1911 2893 ‘venationibus,

210 2922 402 2991 aquis,
433 2937 786 2991 aquarumve
845 2920 1196 2985 decursibus,
1255 2918 1683 2989 piscationibus,
1720 2918 1908 2972 molis.

2022 537 2243 601 ratoris,
2308 538 2647 607 dilectusque
2706 540 2969 609 conjugis
3041 544 3252 593 nostra:
3324 542 3719 613 Chunigundae

2016 626 2251 694 reginae,
2287 643 2383 679 seu
2441 634 2749 696 parentum
2807 635 3155 693 nostrorum,
3218 646 3320 683 nec
3367 641 3481 685 non
3512 639 3568 686 et
3614 651 3718 704 pro

2018 716 2181 782 regni
2230 716 2431 781 nostri,
2486 722 2635 769 statu
2687 718 3031 770 monasterio
3093 718 3512 788 Ratisponensi,
3560 724 3713 791 quod

2017 802 2092 855 ibi
2145 809 2374 857 vocatur
2406 805 2945 867 Oberenmunester,
2982 806 3038 858 iu
3093 807 3309 859 honore
3367 814 3575 861 sancta:
3621 811 3719 862 Dei

2017 892 2315 945 Genitricis
2348 910 2688 964 semperque
2721 894 2967 963 Virginis
3024 896 3210 947 Mariae
3251 896 3531 961 dedicato,
3593 897 3716 967 ipsa

2017 976 2108 1029 die
2141 977 2434 1046 quaillud,
2496 994 2598 1046 per
2658 994 2761 1031 nos
2791 996 2823 1030 a
2854 979 3228 1031 fundamento
3263 982 3597 1049 perfectum,
3662 982 3718 1034 in

2017 1065 2323 1135 praesentia
2372 1067 2549 1118 nostri
2589 1082 2655 1118 xv
2720 1068 2838 1119 Kal.
2883 1067 3011 1119 Maii
3066 1068 3385 1120 consecrari
3444 1069 3718 1138 Lfecimus,

2020 1154 2310 1223 quandam
2373 1154 2549 1207 nostri
2603 1155 2751 1223 juris
2827 1162 3047 1208 curtem
3127 1156 3358 1209 nomine
3412 1158 3607 1211 Salaht
3664 1159 3721 1211 in

2019 1242 2295 1295 comitatu
2329 1243 2632 1311 Ruotperti
2691 1243 2938 1306 comitis,
2977 1242 3033 1296 in
3095 1260 3243 1313 pago
3286 1245 3722 1315 Duonochgowe

2020 1345 2149 1383 cum
2180 1330 2447 1383 omnibus
2478 1332 2596 1383 suis
2644 1331 3007 1400 pertinentiis
3065 1349 3165 1385 seu
3194 1332 3567 1402 appendiciis,
3612 1335 3724 1387 vil-

2019 1419 2111 1481 lis,
2137 1419 2293 1487 vicis,
2328 1435 2457 1472 cum
2513 1419 2745 1473 familiis
2786 1420 3082 1488 utriusque
3130 1437 3294 1473 sexus
3346 1421 3515 1486 areis,
3580 1423 3724 1476 redi-

2023 1507 2185 1573 ficiis,
2218 1508 2435 1577 campis
2495 1508 2693 1578 pratis,
2756 1508 3001 1578 pascuis,
3061 1509 3235 1573 silvis,
3295 1510 3723 1577 venationibus,

2024 1596 2186 1665 aquis
2217 1613 2564 1666 aquarumve
2598 1596 2950 1660 decursibus,
3006 1597 3439 1667 piscationibus,
3506 1600 3728 1653 molen-

2026 1684 2195 1750 dinis,
2216 1686 2455 1738 exitibus
2490 1690 2548 1739 et
2592 1684 2889 1749 reditibus,
2944 1686 3047 1737 viis
3109 1691 3163 1739 et
3216 1686 3405 1751 inviis,
3470 1689 3728 1757 quaesitis

2029 1774 2145 1825 sive
2171 1773 2546 1842 inquirendis,
2582 1790 2710 1827 cum
2746 1774 3014 1826 omnibus
3056 1790 3182 1845 quae
3235 1775 3495 1844 quolibet
3552 1778 3726 1830 modo

2028 1856 2137 1909 dici
2183 1863 2281 1909 aut
2323 1858 2611 1910 nominari
2678 1863 2915 1928 possunt
2993 1858 3355 1925 utilitatibus,
3421 1876 3525 1930 per
3585 1861 3729 1913 hanc

2030 1950 2282 1997 nostram
2328 1946 2578 2014 regalem
2664 1948 2932 2015 paginam
2988 1948 3173 2001 eidem
3243 1948 3592 2002 monasterio
3657 1948 3726 2000 ad

2028 2049 2195 2086 usum
2229 2038 2283 2085 et
2322 2034 2601 2102 stipendia
2627 2035 3150 2089 sanctimonialium
3181 2036 3325 2089 inihi
3377 2037 3494 2090 Deo
3534 2037 3721 2089 famu-

2028 2121 2274 2175 lantium
2322 2122 2541 2191 integre
2598 2125 2981 2177 concessimus
3037 2129 3206 2195 atque
3255 2126 3620 2191 tradidimus,
3675 2131 3732 2178 et

2030 2210 2099 2263 de
2129 2215 2321 2263 nostro
2348 2211 2476 2280 jure
2510 2226 2573 2262 ac
2604 2210 2859 2264 dominio
2883 2212 2939 2264 iu
2970 2213 3094 2281 ejus
3143 2213 3237 2281 jus
3287 2218 3343 2266 et
3403 2215 3729 2268 dominium

2028 2300 2265 2353 omnino
2289 2299 2763 2365 transfundimus,
2805 2314 2872 2353 ea
2906 2300 3120 2369 quippe
3160 2301 3386 2354 ratione
3450 2307 3511 2355 ut
3562 2302 3733 2354 abba-

2025 2386 2162 2440 tissa
2256 2387 2544 2456 Wicpurg,
2630 2404 2758 2457 qua:
2833 2403 2983 2440 nunc
3066 2388 3306 2457 praefato
3380 2388 3731 2442 monasterio

2024 2492 2271 2546 prasesse
2328 2476 2569 2541 videtur,
2622 2477 2789 2548 eique
2846 2476 3211 2531 succedentes
3297 2476 3600 2531 abbatissae
3659 2476 3729 2530 de

2024 2566 2225 2618 eadem
2259 2564 2629 2634 proprietate,
2664 2566 2728 2618 ad
2788 2581 2957 2619 usum
3015 2570 3207 2618 tamen
3271 2565 3609 2619 monasterii
3678 2570 3733 2618 et

2025 2653 2546 2706 sanctimonialium
2612 2653 2829 2707 ibidem
2904 2655 3014 2707 Deo
3070 2654 3465 2719 servientium,
3522 2654 3729 2707 dehinc

2023 2741 2265 2795 liberam
2324 2741 2576 2795 habeant
2611 2746 2971 2811 potestatem,
3004 2742 3278 2811 quicquid
3309 2743 3393 2795 eis
3452 2742 3733 2812 placuerit

2022 2826 2289 2893 faciendi,
2333 2828 2595 2882 omnium
2630 2828 2931 2883 hominum
2983 2829 3435 2883 contradictione
3494 2830 3610 2882 sive
3642 2829 3730 2883 in-

2024 2917 2361 2986 quietudine
2389 2923 2629 2971 remota.
2673 2918 2739 2971 Et
2768 2922 2829 2971 ut
2858 2918 2979 2971 haec
3008 2922 3217 2971 nostra:
3249 2918 3575 2971 donationis
3632 2934 3728 2971 seu

214 3010 584 3075 molendinis,
654 3009 760 3061 viis
814 3014 867 3061 et
938 3008 1128 3073 inviis,
1206 3006 1449 3060 exitibus
1510 3013 1567 3060 et
1606 3005 1910 3074 reditibus,
1945 3027 1985 3081 ρ
2024 3006 2471 3061 conﬁrmationis
2513 3008 2821 3060 auctoritas
2855 3006 3073 3060 stabilis
3112 3011 3169 3060 et
3188 3007 3526 3060 inconvulsa
3568 3008 3731 3060 omni

209 3096 472 3167 quaesitis
517 3101 572 3149 et
626 3096 1006 3165 inquirendis,
1079 3111 1181 3149 seu
1245 3111 1376 3148 cum
1431 3094 1589 3148 omni
1665 3093 1915 3147 utilitate

212 3202 345 3256 qua:
379 3186 495 3239 ullo
531 3185 703 3238 modo
734 3185 863 3239 inde
898 3185 1200 3255 provenire
1235 3184 1461 3253 poterit,
1523 3200 1625 3254 per
1672 3183 1779 3236 hoc
1808 3198 1918 3235 no-

212 3281 400 3327 strum
440 3278 807 3344 praeceptum,
868 3273 926 3325 in
978 3272 1281 3343 proprium
1340 3271 1678 3325 donavimus
1745 3276 1915 3341 atque

212 3362 705 3427 confirmavimus,
742 3378 807 3415 ea
853 3362 1119 3414 videlicet
1173 3360 1395 3413 ratione
1446 3365 1510 3414 ut
1548 3376 1718 3413 nemo
1772 3360 1914 3412 ulte-

216 3453 361 3517 rius,
407 3454 623 3521 absque
680 3451 935 3519 ejusdem
991 3451 1148 3503 cellae
1198 3449 1507 3519 provisoris
1564 3465 1915 3519 suorumque

214 3556 610 3595 successorum
668 3540 914 3602 licentia,
1015 3542 1354 3608 potestatem
1416 3538 1625 3591 habeat
1695 3537 1917 3590 novalia

216 3628 490 3693 faciendi,
519 3628 794 3707 piscandi,
828 3632 927 3680 aut
952 3628 1111 3680 nullo
1131 3626 1365 3696 ingenio
1396 3626 1544 3679 feras
1568 3625 1912 3694 decipiendi,

220 3723 319 3769 aut
342 3717 657 3787 quamlibet
674 3721 1036 3787 potestatem,
1055 3714 1201 3767 infra
1216 3714 1522 3784 praacriptu
1534 3730 1588 3767 m
1604 3712 1913 3765 terminum

217 3807 542 3859 exercendi.
597 3807 661 3859 Et
690 3810 753 3859 ut
802 3806 925 3859 haec
965 3803 1293 3858 donationis
1354 3808 1559 3856 nostra
1607 3800 1916 3854 auctoritas

219 3895 441 3947 stabilis
466 3900 634 3964 atque
666 3893 999 3948 inconvulsa
1029 3892 1188 3946 omni
1219 3895 1554 3961 permaneat
1585 3908 1726 3955 aevo,
1770 3889 1917 3941 hanc

218 3984 500 4049 chartam,
532 3982 664 4035 inde
692 3982 1099 4051 conscriptam,
1129 3981 1443 4051 subtusque
1478 3996 1648 4033 manu
1680 3976 1916 4048 propria

218 4072 566 4135 roboratam,
599 4070 773 4140 sigilli
796 4070 974 4123 nostri
1003 4069 1319 4139 [jussimus]
1370 4069 1749 4138 impressione
1776 4066 1913 4118 insi-

215 4159 395 4230 gniri.

293 4249 436 4300 Data
466 4263 538 4299 vu
574 4246 703 4300 ldus
730 4246 908 4311 Junii,
947 4245 1149 4299 indict.
1190 4262 1284 4310 vn,
1310 4261 1462 4298 anno
1494 4242 1723 4297 Domini
1756 4243 1911 4306 t009,

215 4351 374 4389 anno
404 4352 537 4388 vero
562 4335 779 4389 domini
812 4334 1037 4387 Henrici
1069 4333 1302 4387 secundi
1332 4350 1427 4385 vu.

292 4429 497 4478 Actum
532 4425 857 4493 Merseburg
896 4424 955 4476 in
990 4422 1087 4475 Dei
1122 4422 1355 4475 nomine
1381 4420 1638 4474 feliciter.

220 4587 337 4639 Rea:
366 4584 641 4636 Henricus
697 4584 747 4636 Il
793 4583 960 4636 donat
1013 4511 1343 4650 Iprrithenoni
1398 4580 1776 4633 Obermunster
1822 4594 1918 4645 per

290 4658 471 4723 ipsum
500 4654 903 4720 a/undamento
928 4655 1167 4721 perfecto
1197 4658 1247 4704 ct
1274 4655 1330 4703 in
1361 4652 1653 4717 praesentia
1705 4664 1805 4723 sua
1854 4652 1911 4723 t7

296 4720 436 4793 Apr.
466 4731 768 4778 consecrato
798 4724 1093 4793 quamdam
1132 4724 1219 4775 sui
1262 4722 1411 4788 juris
1440 4728 1653 4790 partem
1694 4720 1911 4774 Salach.

687 4815 874 4881 (Anno
908 4812 1065 4867 1010.
1130 4808 1455 4881 Αρΐὶμίῖδ

512 4878 705 4951 ίΒὶθόέ
729 4883 856 4937 Cod.
893 4885 1126 4950 episcop.
1162 4880 1370 4933 Ratisb.
1404 4880 1444 4937 Ι,
1490 4878 1631 4945 130.]

295 4965 355 5016 ln
385 4965 617 5016 nomine
677 4966 885 5015 sanctas
939 4967 996 5013 et
1040 4958 1349 5012 individua:
1392 4957 1705 5023 Trinitatis,
1762 4958 1916 5010 llam-

219 5068 375 5106 nicns
414 5052 606 5105 divina
638 5051 863 5104 favente
895 5048 1197 5103 clementia
1227 5064 1344 5101 rex.

295 5140 355 5194 Si
398 5140 776 5194 Ecclesiarum
814 5138 912 5192 Dei
964 5138 1086 5191 loca
1115 5137 1354 5206 alicujus
1395 5135 1533 5189 doni
1564 5135 1916 5189 incremento

218 5229 531 5282 sublimare
582 5228 670 5283 vel
699 5228 1003 5282 meliorare
1046 5225 1455 5285 studuerimus,
1495 5223 1659 5277 nobis
1708 5224 1913 5276 nostri-

220 5334 335 5388 que
384 5319 549 5388 regni
605 5317 778 5371 statui
827 5316 884 5370 id
939 5314 1215 5384 prolicere
1265 5311 1502 5365 minime
1570 5309 1911 5363 diffidimus.

220 5407 586 5477 Quapropter
623 5404 885 5459 omnium
946 5402 1153 5455 Christi
1199 5399 1481 5464 fidelium,
1540 5396 1913 5467 praesentium

218 5495 434 5549 scilicet
473 5511 537 5547 ac
590 5494 941 5557 futurorum,
1003 5493 1276 5560 agnoscat
1327 5487 1613 5540 industria
1669 5484 1917 5557 qualiter

228 5600 349 5647 nos,
387 5583 559 5637 divini
617 5582 829 5636 amoris
891 5579 1181 5645 instinctu,
1232 5593 1335 5649 pro
1389 5576 1646 5631 remedio
1702 5574 1910 5628 animm

2027 3101 2364 3166 permaneat
2394 3101 2678 3165 tempore,
2726 3096 2833 3150 hoc
2878 3100 3230 3166 praeceptum
3264 3096 3395 3149 inde
3472 3098 3727 3150 conscri-

2028 3188 2193 3254 ptum
2250 3200 2425 3238 manu
2492 3186 2732 3256 propria
2789 3186 3226 3239 corroborantes
3268 3192 3440 3256 atque
3513 3186 3724 3239 conﬁr-

2028 3279 2269 3341 mantes,
2333 3272 2509 3344 sigilli
2565 3274 2746 3329 nostri
2835 3275 3216 3345 impressione
3272 3275 3538 3346 insigniri
3598 3277 3729 3345 jus-

2026 3362 2228 3417 simus.

2095 3451 2347 3515 Sigillum
2402 3451 2588 3504 damni
2624 3450 2860 3505 Henrici
2902 3453 3045 3519 regis
3100 3453 3466 3506 invictissimi.
3524 3452 3728 3521 (Mono-

2024 3539 2316 3605 gramma.)

2097 3628 2445 3681 Guntherius
2528 3627 2897 3682 cancellarius
2959 3627 3075 3682 vice
3131 3628 3394 3699 Willigisi
3468 3630 3724 3683 archica-

2026 3715 2239 3784 pellani
2272 3716 2486 3770 notavi.

2100 3804 2236 3855 Data
2280 3819 2349 3854 xv
2401 3804 2519 3856 Kal.
2575 3804 2723 3870 Maii,
2775 3802 2973 3857 indict.
3021 3821 3141 3868 vni,
3199 3820 3351 3857 anno
3404 3806 3716 3859 Dominij

2026 3888 2337 3941 nativitatis
2386 3892 2542 3951 1010,
2579 3907 2728 3942 anno
2774 3906 2906 3943 vero
2956 3891 3150 3944 domui
3209 3890 3443 3943 secundi
3500 3893 3721 3944 Henrici

2026 3977 2290 4045 regnanti
2316 3994 2433 4042 vin,
2460 3981 2665 4031 Actum
2701 3978 3112 4048 Regenesburg
3139 3977 3398 4032 feliciter.
3432 3982 3639 4033 Amen.

2094 4066 2352 4132 Sigillum
2382 4067 2596 4135 majest.
2655 4069 2803 4121 intus
2851 4070 3173 4136 impressum
3218 4082 3417 4133 magna
3450 4084 3517 4121 ea:
3569 4073 3726 4136 parte

2023 4156 2288 4221 fractum.

2811 4244 2941 4297 LVI.

2633 4348 2732 4385 rem
2809 4332 3082 4400 praedium
3167 4333 3434 4386 Thurisca
3489 4335 3727 4387 Ecclesiae

2578 4420 2966 4484 Bambergensi
2996 4420 3183 4474 donat.

2524 4512 2711 4573 (Anno
2759 4509 2914 4573 lOtO,
2961 4512 2979 4561 1
3017 4508 3216 4577 Junii.)

2103 4598 2489 4664 [Ussermann,
2526 4599 2817 4651 Germania
2851 4611 3010 4649 sacra
3064 4599 3163 4663 IIl,
3200 4600 3425 4651 Preuves
3453 4615 3509 4667 p.
3546 4600 3652 4665 ης.)

2098 4686 2159 4738 In
2211 4685 2440 4738 nomine
2481 4688 2690 4737 sanctae
2738 4689 2796 4737 et
2850 4684 3163 4736 individuaa
3192 4684 3505 4747 Trinitatis,
3554 4686 3723 4737 llam-

2028 4789 2180 4827 Βίους
2229 4772 2419 4827 divina
2450 4773 2751 4826 ordinante
2784 4772 3145 4840 providentia
3178 4788 3297 4825 rex.

2097 4863 2302 4916 Notum
2330 4861 2402 4913 sit
2425 4860 2692 4913 omnibus
2750 4859 2960 4913 Christi
3026 4859 3310 4922 fidelibus,
3347 4858 3726 4929 praesentibus

2027 4952 2240 5005 scilicet
2268 4967 2331 5003 ac
2361 4949 2586 5014 futuris,
2629 4948 2784 5019 quia,
2815 4952 3121 5019 postquam
3154 4964 3283 5015 nos,
3317 4947 3502 5001 divina
3536 4947 3714 5015 inspi-

2026 5046 2187 5094 rante
2218 5039 2401 5110 gratia
2423 5042 2480 5091 et
2509 5039 2769 5092 Romana
2798 5040 3131 5090 auctorante
3148 5035 3403 5104 potentia
3434 5034 3721 5088 omnium-

2027 5146 2139 5200 que
2162 5128 2337 5181 nostri
2368 5125 2626 5179 fidelium
2658 5126 2716 5177 in
2768 5125 3022 5177 medium
3088 5124 3421 5175 consulente
3460 5123 3723 5176 concordi

2027 5215 2330 5281 sententia,
2355 5219 2565 5266 nostra!
2599 5211 2963 5282 proprietati,
2998 5212 3189 5263 locum
3250 5210 3571 5264 Bavenberc
3631 5211 3725 5265 di-

2026 5310 2181 5357 ctum
2215 5304 2273 5356 in
2313 5301 2506 5355 sedem
2534 5306 2588 5354 et
2645 5302 2862 5353 cultum
2916 5298 3278 5368 episcopatus
3332 5299 3718 5369 proveximus,

2026 5407 2306 5446 consensu
2339 5395 2395 5443 et
2420 5389 2691 5460 petitione
2726 5386 2888 5440 nobis
2919 5386 3305 5440 dilectissimte
3337 5387 3597 5457 conjugis
3625 5389 3726 5442 Cu-

2028 5479 2303 5550 nigunda:
2334 5479 2596 5533 videlicet
2626 5476 2839 5545 reginas
2862 5475 3151 5544 quodnam
3178 5475 3489 5544 przedium,
3516 5476 3671 5545 quod
3696 5492 3726 5529 a

2030 5568 2321 5624 modernis
2374 5566 2618 5631 Tareisa,
2686 5564 2756 5617 ab
2824 5563 3253 5635 antiquioribus
3310 5580 3444 5619 vero
3496 5562 3724 5617 Sinthe-

2099 4335 2361 4387 Henricus
2468 4335 2525 4387 II
