  <div class='ocr_page' id='page_1' title='image "/cluster/home/n/w/nwhite01/storage/ocr_20150623/140/hvd.32044054760004/151.png"; bbox 0 0 3914 6190; ppageno 0'>
   <div class='ocr_carea' id='block_1_1' title="bbox 378 248 3811 310">
    <p class='ocr_par' dir='ltr' id='par_1_1' title="bbox 378 248 3811 310">
     <span class='ocr_line' id='line_1_1' title="bbox 378 248 3811 310; baseline -0.004 -2"><span class='ocrx_word' id='word_1_1' title='bbox 378 258 470 310; x_wconf 79' lang='grc'>291</span> <span class='ocrx_word' id='word_1_2' title='bbox 1677 249 1731 303; x_wconf 88' lang='lat' dir='ltr'>S.</span> <span class='ocrx_word' id='word_1_3' title='bbox 1777 249 2064 305; x_wconf 81' lang='lat' dir='ltr'><strong>HENRICI</strong></span> <span class='ocrx_word' id='word_1_4' title='bbox 2105 248 2577 304; x_wconf 78' lang='lat' dir='ltr'><strong>IMPERATORIS</strong></span> <span class='ocrx_word' id='word_1_5' title='bbox 3730 256 3811 308; x_wconf 63' lang='grc' dir='ltr'>ρθῄ</span> 
     </span>
    </p>
   </div>
   <div class='ocr_carea' id='block_1_2' title="bbox 374 367 3816 447">
    <p class='ocr_par' dir='ltr' id='par_1_2' title="bbox 374 367 3816 447">
     <span class='ocr_line' id='line_1_2' title="bbox 374 367 3816 447; baseline -0.001 -14"><span class='ocrx_word' id='word_1_6' title='bbox 374 379 642 434; x_wconf 87' lang='lat' dir='ltr'>rishusun</span> <span class='ocrx_word' id='word_1_7' title='bbox 664 383 752 432; x_wconf 90' lang='lat' dir='ltr'>est</span> <span class='ocrx_word' id='word_1_8' title='bbox 777 380 1191 447; x_wconf 89' lang='lat' dir='ltr'>nuncupatum,</span> <span class='ocrx_word' id='word_1_9' title='bbox 1208 374 1266 428; x_wconf 91' lang='lat' dir='ltr'>in</span> <span class='ocrx_word' id='word_1_10' title='bbox 1297 389 1445 444; x_wconf 82' lang='lat' dir='ltr'>pago</span> <span class='ocrx_word' id='word_1_11' title='bbox 1471 372 1708 427; x_wconf 89' lang='lat' dir='ltr'>Volcfelt</span> <span class='ocrx_word' id='word_1_12' title='bbox 1727 379 1783 426; x_wconf 90' lang='lat' dir='ltr'>et</span> <span class='ocrx_word' id='word_1_13' title='bbox 1811 373 1870 426; x_wconf 89' lang='lat' dir='ltr'>in</span> <span class='ocrx_word' id='word_1_14' title='bbox 1892 373 2064 426; x_wconf 90' lang='lat' dir='ltr'>comi-</span> <span class='ocrx_word' id='word_1_15' title='bbox 2097 374 2141 427; x_wconf 81' lang='grc' dir='ltr'><strong>Α</strong></span> <span class='ocrx_word' id='word_1_16' title='bbox 2179 373 2514 444; x_wconf 85' lang='lat' dir='ltr'>aquilonem</span> <span class='ocrx_word' id='word_1_17' title='bbox 2544 369 2948 437; x_wconf 79' lang='lat' dir='ltr'>terminantur,</span> <span class='ocrx_word' id='word_1_18' title='bbox 2985 383 3091 439; x_wconf 91' lang='lat' dir='ltr'>per</span> <span class='ocrx_word' id='word_1_19' title='bbox 3116 367 3262 422; x_wconf 88' lang='lat' dir='ltr'>hanc</span> <span class='ocrx_word' id='word_1_20' title='bbox 3305 371 3545 423; x_wconf 90' lang='lat' dir='ltr'>nostram</span> <span class='ocrx_word' id='word_1_21' title='bbox 3587 377 3816 445; x_wconf 75' lang='lat' dir='ltr'>praecepit</span> 
     </span>
    </p>
   </div>
   <div class='ocr_carea' id='block_1_3' title="bbox 375 461 2068 531">
    <p class='ocr_par' dir='ltr' id='par_1_3' title="bbox 375 461 2068 531">
     <span class='ocr_line' id='line_1_3' title="bbox 375 461 2068 531; baseline -0.004 -11"><span class='ocrx_word' id='word_1_22' title='bbox 375 471 496 520; x_wconf 88' lang='lat' dir='ltr'>tatu</span> <span class='ocrx_word' id='word_1_23' title='bbox 525 464 796 520; x_wconf 86' lang='lat' dir='ltr'>Tietmari</span> <span class='ocrx_word' id='word_1_24' title='bbox 826 464 1053 520; x_wconf 88' lang='lat' dir='ltr'>comitis</span> <span class='ocrx_word' id='word_1_25' title='bbox 1083 465 1278 529; x_wconf 89' lang='lat' dir='ltr'>situm,</span> <span class='ocrx_word' id='word_1_26' title='bbox 1313 462 1384 516; x_wconf 88' lang='lat' dir='ltr'>ad</span> <span class='ocrx_word' id='word_1_27' title='bbox 1411 461 1650 515; x_wconf 85' lang='lat' dir='ltr'>eandem</span> <span class='ocrx_word' id='word_1_28' title='bbox 1683 461 2068 531; x_wconf 91' lang='lat' dir='ltr'>supradictam</span> 
     </span>
    </p>
   </div>
   <div class='ocr_carea' id='block_1_4' title="bbox 373 549 2067 625">
    <p class='ocr_par' dir='ltr' id='par_1_4' title="bbox 373 549 2067 625">
     <span class='ocr_line' id='line_1_4' title="bbox 373 549 2067 625; baseline -0.004 -17"><span class='ocrx_word' id='word_1_29' title='bbox 373 554 752 625; x_wconf 82' lang='lat' dir='ltr'>episcopalem</span> <span class='ocrx_word' id='word_1_30' title='bbox 785 553 977 608; x_wconf 85' lang='lat' dir='ltr'>sedem</span> <span class='ocrx_word' id='word_1_31' title='bbox 1018 552 1340 606; x_wconf 85' lang='lat' dir='ltr'>Bavenberc</span> <span class='ocrx_word' id='word_1_32' title='bbox 1387 565 1514 603; x_wconf 92' lang='lat' dir='ltr'>cum</span> <span class='ocrx_word' id='word_1_33' title='bbox 1565 549 1831 604; x_wconf 91' lang='lat' dir='ltr'>omnibus</span> <span class='ocrx_word' id='word_1_34' title='bbox 1871 566 2067 603; x_wconf 89' lang='lat' dir='ltr'>eorum</span> 
     </span>
    </p>
   </div>
   <div class='ocr_carea' id='block_1_5' title="bbox 378 637 2067 714">
    <p class='ocr_par' dir='ltr' id='par_1_5' title="bbox 378 637 2067 714">
     <span class='ocr_line' id='line_1_5' title="bbox 378 637 2067 714; baseline -0.004 -17"><span class='ocrx_word' id='word_1_35' title='bbox 378 641 836 714; x_wconf 87' lang='lat' dir='ltr'>appertinentiis,</span> <span class='ocrx_word' id='word_1_36' title='bbox 871 641 1140 695; x_wconf 76' lang='lat' dir='ltr'>videlicet</span> <span class='ocrx_word' id='word_1_37' title='bbox 1187 639 1356 700; x_wconf 81' lang='lat' dir='ltr'>villis,</span> <span class='ocrx_word' id='word_1_38' title='bbox 1413 638 1574 708; x_wconf 82' lang='lat' dir='ltr'>vicis,</span> <span class='ocrx_word' id='word_1_39' title='bbox 1643 637 1917 704; x_wconf 90' lang='lat' dir='ltr'>ecclesiis,</span> <span class='ocrx_word' id='word_1_40' title='bbox 1977 655 2067 692; x_wconf 35' lang='lat' dir='ltr'>cas</span> 
     </span>
    </p>
   </div>
   <div class='ocr_carea' id='block_1_6' title="bbox 375 726 2070 802">
    <p class='ocr_par' dir='ltr' id='par_1_6' title="bbox 375 726 2070 802">
     <span class='ocr_line' id='line_1_6' title="bbox 375 726 2070 802; baseline -0.003 -17"><span class='ocrx_word' id='word_1_41' title='bbox 375 731 561 802; x_wconf 86' lang='lat' dir='ltr'>pellis,</span> <span class='ocrx_word' id='word_1_42' title='bbox 593 730 765 784; x_wconf 80' lang='lat' dir='ltr'>servis</span> <span class='ocrx_word' id='word_1_43' title='bbox 787 735 844 783; x_wconf 91' lang='lat' dir='ltr'>et</span> <span class='ocrx_word' id='word_1_44' title='bbox 882 729 1121 796; x_wconf 85' lang='lat' dir='ltr'>ancillis,</span> <span class='ocrx_word' id='word_1_45' title='bbox 1159 728 1325 794; x_wconf 89' lang='lat' dir='ltr'>areis,</span> <span class='ocrx_word' id='word_1_46' title='bbox 1359 726 1634 793; x_wconf 51' lang='lat' dir='ltr'>aediﬁciis,</span> <span class='ocrx_word' id='word_1_47' title='bbox 1693 727 1861 780; x_wconf 90' lang='lat' dir='ltr'>terris</span> <span class='ocrx_word' id='word_1_48' title='bbox 1902 727 2070 780; x_wconf 90' lang='lat' dir='ltr'>cultis</span> 
     </span>
    </p>
   </div>
   <div class='ocr_carea' id='block_1_7' title="bbox 374 815 2069 886">
    <p class='ocr_par' dir='ltr' id='par_1_7' title="bbox 374 815 2069 886">
     <span class='ocr_line' id='line_1_7' title="bbox 374 815 2069 886; baseline -0.004 -12"><span class='ocrx_word' id='word_1_49' title='bbox 374 824 430 874; x_wconf 88' lang='lat' dir='ltr'>et</span> <span class='ocrx_word' id='word_1_50' title='bbox 457 819 708 885; x_wconf 83' lang='lat' dir='ltr'>incultis,</span> <span class='ocrx_word' id='word_1_51' title='bbox 745 818 869 883; x_wconf 92' lang='lat' dir='ltr'>viis,</span> <span class='ocrx_word' id='word_1_52' title='bbox 910 817 1098 885; x_wconf 84' lang='lat' dir='ltr'>inviis,</span> <span class='ocrx_word' id='word_1_53' title='bbox 1149 816 1392 870; x_wconf 81' lang='lat' dir='ltr'>exitibus</span> <span class='ocrx_word' id='word_1_54' title='bbox 1424 820 1481 870; x_wconf 89' lang='lat' dir='ltr'>et</span> <span class='ocrx_word' id='word_1_55' title='bbox 1520 815 1824 881; x_wconf 84' lang='lat' dir='ltr'>reditibus,</span> <span class='ocrx_word' id='word_1_56' title='bbox 1858 815 2069 886; x_wconf 63' lang='lat' dir='ltr'>quassi-</span> 
     </span>
    </p>
   </div>
   <div class='ocr_carea' id='block_1_8' title="bbox 372 903 2066 978">
    <p class='ocr_par' dir='ltr' id='par_1_8' title="bbox 372 903 2066 978">
     <span class='ocr_line' id='line_1_8' title="bbox 372 903 2066 978; baseline -0.004 -16"><span class='ocrx_word' id='word_1_57' title='bbox 372 909 442 962; x_wconf 89' lang='lat' dir='ltr'>tis</span> <span class='ocrx_word' id='word_1_58' title='bbox 493 909 581 962; x_wconf 85' lang='lat' dir='ltr'>vel</span> <span class='ocrx_word' id='word_1_59' title='bbox 639 906 1018 978; x_wconf 86' lang='lat' dir='ltr'>inquirendis,</span> <span class='ocrx_word' id='word_1_60' title='bbox 1083 905 1258 971; x_wconf 86' lang='lat' dir='ltr'>silvis,</span> <span class='ocrx_word' id='word_1_61' title='bbox 1343 903 1578 975; x_wconf 87' lang='lat' dir='ltr'>saginis,</span> <span class='ocrx_word' id='word_1_62' title='bbox 1645 904 2066 971; x_wconf 83' lang='lat' dir='ltr'>venationibus,</span> 
     </span>
    </p>
   </div>
   <div class='ocr_carea' id='block_1_9' title="bbox 370 992 2070 1067">
    <p class='ocr_par' dir='ltr' id='par_1_9' title="bbox 370 992 2070 1067">
     <span class='ocr_line' id='line_1_9' title="bbox 370 992 2070 1067; baseline -0.004 -17"><span class='ocrx_word' id='word_1_63' title='bbox 370 995 554 1067; x_wconf 85' lang='lat' dir='ltr'>aquis,</span> <span class='ocrx_word' id='word_1_64' title='bbox 588 994 1018 1066; x_wconf 89' lang='lat' dir='ltr'>piscationibus,</span> <span class='ocrx_word' id='word_1_65' title='bbox 1068 993 1256 1061; x_wconf 92' lang='lat' dir='ltr'>molis,</span> <span class='ocrx_word' id='word_1_66' title='bbox 1327 992 1694 1058; x_wconf 90' lang='lat' dir='ltr'>molendinis,</span> <span class='ocrx_word' id='word_1_67' title='bbox 1737 993 1909 1046; x_wconf 83' lang='lat' dir='ltr'>rebus</span> <span class='ocrx_word' id='word_1_68' title='bbox 1942 1009 2070 1046; x_wconf 91' lang='lat' dir='ltr'>mo—</span> 
     </span>
    </p>
   </div>
   <div class='ocr_carea' id='block_1_10' title="bbox 377 1080 2070 1151">
    <p class='ocr_par' dir='ltr' id='par_1_10' title="bbox 377 1080 2070 1151">
     <span class='ocr_line' id='line_1_10' title="bbox 377 1080 2070 1151; baseline -0.004 -13"><span class='ocrx_word' id='word_1_69' title='bbox 377 1083 592 1139; x_wconf 87' lang='lat' dir='ltr'>bilibus</span> <span class='ocrx_word' id='word_1_70' title='bbox 623 1089 676 1138; x_wconf 92' lang='lat' dir='ltr'>et</span> <span class='ocrx_word' id='word_1_71' title='bbox 707 1083 1101 1138; x_wconf 89' lang='lat' dir='ltr'>immobilibus</span> <span class='ocrx_word' id='word_1_72' title='bbox 1127 1098 1190 1134; x_wconf 90' lang='lat' dir='ltr'>ac</span> <span class='ocrx_word' id='word_1_73' title='bbox 1218 1080 1438 1135; x_wconf 66' lang='lat' dir='ltr'>cmteris</span> <span class='ocrx_word' id='word_1_74' title='bbox 1468 1081 1760 1145; x_wconf 85' lang='lat' dir='ltr'>omnibus,</span> <span class='ocrx_word' id='word_1_75' title='bbox 1810 1096 1938 1151; x_wconf 69' lang='lat' dir='ltr'>quas</span> <span class='ocrx_word' id='word_1_76' title='bbox 1965 1081 2070 1133; x_wconf 89' lang='lat' dir='ltr'>rite</span> 
     </span>
    </p>
   </div>
   <div class='ocr_carea' id='block_1_11' title="bbox 372 1169 2071 1241">
    <p class='ocr_par' dir='ltr' id='par_1_11' title="bbox 372 1169 2071 1241">
     <span class='ocr_line' id='line_1_11' title="bbox 372 1169 2071 1241; baseline -0.002 -16"><span class='ocrx_word' id='word_1_77' title='bbox 372 1171 541 1225; x_wconf 90' lang='lat' dir='ltr'>scribi</span> <span class='ocrx_word' id='word_1_78' title='bbox 571 1176 671 1225; x_wconf 90' lang='lat' dir='ltr'>aut</span> <span class='ocrx_word' id='word_1_79' title='bbox 698 1171 975 1241; x_wconf 89' lang='lat' dir='ltr'>appellari</span> <span class='ocrx_word' id='word_1_80' title='bbox 1028 1173 1268 1239; x_wconf 90' lang='lat' dir='ltr'>possunt</span> <span class='ocrx_word' id='word_1_81' title='bbox 1318 1169 1580 1240; x_wconf 90' lang='lat' dir='ltr'>quolibet</span> <span class='ocrx_word' id='word_1_82' title='bbox 1618 1169 1812 1236; x_wconf 90' lang='lat' dir='ltr'>modo,</span> <span class='ocrx_word' id='word_1_83' title='bbox 1862 1169 2071 1222; x_wconf 90' lang='lat' dir='ltr'>utilita-</span> 
     </span>
    </p>
   </div>
   <div class='ocr_carea' id='block_1_12' title="bbox 368 1257 2072 1328">
    <p class='ocr_par' dir='ltr' id='par_1_12' title="bbox 368 1257 2072 1328">
     <span class='ocr_line' id='line_1_12' title="bbox 368 1257 2072 1328; baseline -0.002 -15"><span class='ocrx_word' id='word_1_84' title='bbox 368 1259 523 1313; x_wconf 83' lang='lat' dir='ltr'>tibus</span> <span class='ocrx_word' id='word_1_85' title='bbox 552 1260 656 1312; x_wconf 89' lang='lat' dir='ltr'>hac</span> <span class='ocrx_word' id='word_1_86' title='bbox 680 1263 890 1312; x_wconf 61' lang='lat' dir='ltr'>nostras</span> <span class='ocrx_word' id='word_1_87' title='bbox 919 1257 1272 1312; x_wconf 83' lang='lat' dir='ltr'>auctoritatis</span> <span class='ocrx_word' id='word_1_88' title='bbox 1291 1258 1633 1327; x_wconf 71' lang='lat' dir='ltr'>przeceptali</span> <span class='ocrx_word' id='word_1_89' title='bbox 1664 1257 1876 1327; x_wconf 82' lang='lat' dir='ltr'>pagina</span> <span class='ocrx_word' id='word_1_90' title='bbox 1901 1260 2072 1328; x_wconf 85' lang='lat' dir='ltr'>prout</span> 
     </span>
    </p>
   </div>
   <div class='ocr_carea' id='block_1_13' title="bbox 369 1347 2068 1417">
    <p class='ocr_par' dir='ltr' id='par_1_13' title="bbox 369 1347 2068 1417">
     <span class='ocr_line' id='line_1_13' title="bbox 369 1347 2068 1417; baseline -0.002 -16"><span class='ocrx_word' id='word_1_91' title='bbox 369 1347 591 1401; x_wconf 89' lang='lat' dir='ltr'>ﬁrmius</span> <span class='ocrx_word' id='word_1_92' title='bbox 615 1363 936 1417; x_wconf 86' lang='lat' dir='ltr'>possumus,</span> <span class='ocrx_word' id='word_1_93' title='bbox 972 1347 1272 1412; x_wconf 85' lang='lat' dir='ltr'>donamus,</span> <span class='ocrx_word' id='word_1_94' title='bbox 1331 1350 1502 1416; x_wconf 89' lang='lat' dir='ltr'>atque</span> <span class='ocrx_word' id='word_1_95' title='bbox 1534 1347 1796 1399; x_wconf 91' lang='lat' dir='ltr'>omnium</span> <span class='ocrx_word' id='word_1_96' title='bbox 1836 1350 2068 1398; x_wconf 85' lang='lat' dir='ltr'>contra-</span> 
     </span>
    </p>
   </div>
   <div class='ocr_carea' id='block_1_14' title="bbox 369 1433 2069 1504">
    <p class='ocr_par' dir='ltr' id='par_1_14' title="bbox 369 1433 2069 1504">
     <span class='ocr_line' id='line_1_14' title="bbox 369 1433 2069 1504; baseline -0.001 -16"><span class='ocrx_word' id='word_1_97' title='bbox 369 1435 618 1488; x_wconf 88' lang='lat' dir='ltr'>dictione</span> <span class='ocrx_word' id='word_1_98' title='bbox 667 1441 889 1487; x_wconf 88' lang='lat' dir='ltr'>remota</span> <span class='ocrx_word' id='word_1_99' title='bbox 922 1433 1364 1504; x_wconf 82' lang='lat' dir='ltr'>proprietamus,</span> <span class='ocrx_word' id='word_1_100' title='bbox 1423 1434 1826 1504; x_wconf 57' lang='lat' dir='ltr'>praecipientes</span> <span class='ocrx_word' id='word_1_101' title='bbox 1879 1438 1944 1486; x_wconf 90' lang='lat' dir='ltr'>ut</span> <span class='ocrx_word' id='word_1_102' title='bbox 2009 1433 2069 1486; x_wconf 86' lang='lat' dir='ltr'>in</span> 
     </span>
    </p>
   </div>
   <div class='ocr_carea' id='block_1_15' title="bbox 376 1522 2069 1592">
    <p class='ocr_par' dir='ltr' id='par_1_15' title="bbox 376 1522 2069 1592">
     <span class='ocr_line' id='line_1_15' title="bbox 376 1522 2069 1592; baseline -0.001 -16"><span class='ocrx_word' id='word_1_103' title='bbox 376 1525 490 1577; x_wconf 92' lang='lat' dir='ltr'>Deo</span> <span class='ocrx_word' id='word_1_104' title='bbox 544 1523 782 1576; x_wconf 90' lang='lat' dir='ltr'>dilectus</span> <span class='ocrx_word' id='word_1_105' title='bbox 837 1522 1002 1575; x_wconf 92' lang='lat' dir='ltr'>nobis</span> <span class='ocrx_word' id='word_1_106' title='bbox 1055 1537 1206 1592; x_wconf 83' lang='lat' dir='ltr'>saepe</span> <span class='ocrx_word' id='word_1_107' title='bbox 1265 1522 1428 1576; x_wconf 65' lang='lat' dir='ltr'>dictae</span> <span class='ocrx_word' id='word_1_108' title='bbox 1504 1523 1652 1576; x_wconf 90' lang='lat' dir='ltr'>sedis</span> <span class='ocrx_word' id='word_1_109' title='bbox 1711 1523 2069 1576; x_wconf 88' lang='lat' dir='ltr'>Eberhardus</span> 
     </span>
    </p>
   </div>
   <div class='ocr_carea' id='block_1_16' title="bbox 373 1610 2066 1681">
    <p class='ocr_par' dir='ltr' id='par_1_16' title="bbox 373 1610 2066 1681">
     <span class='ocr_line' id='line_1_16' title="bbox 373 1610 2066 1681; baseline -0.001 -17"><span class='ocrx_word' id='word_1_110' title='bbox 373 1611 596 1681; x_wconf 87' lang='lat' dir='ltr'>primus</span> <span class='ocrx_word' id='word_1_111' title='bbox 627 1611 928 1680; x_wconf 87' lang='lat' dir='ltr'>episcopus</span> <span class='ocrx_word' id='word_1_112' title='bbox 956 1611 1197 1664; x_wconf 89' lang='lat' dir='ltr'>liberam</span> <span class='ocrx_word' id='word_1_113' title='bbox 1229 1610 1436 1664; x_wconf 89' lang='lat' dir='ltr'>dehinc</span> <span class='ocrx_word' id='word_1_114' title='bbox 1492 1611 1700 1665; x_wconf 89' lang='lat' dir='ltr'>habeat</span> <span class='ocrx_word' id='word_1_115' title='bbox 1729 1615 2066 1681; x_wconf 86' lang='lat' dir='ltr'>potestatem</span> 
     </span>
    </p>
   </div>
   <div class='ocr_carea' id='block_1_17' title="bbox 373 1700 2070 1772">
    <p class='ocr_par' dir='ltr' id='par_1_17' title="bbox 373 1700 2070 1772">
     <span class='ocr_line' id='line_1_17' title="bbox 373 1700 2070 1772; baseline 0.001 -19"><span class='ocrx_word' id='word_1_116' title='bbox 373 1701 576 1771; x_wconf 89' lang='lat' dir='ltr'>suique</span> <span class='ocrx_word' id='word_1_117' title='bbox 598 1716 968 1766; x_wconf 90' lang='lat' dir='ltr'>successores,</span> <span class='ocrx_word' id='word_1_118' title='bbox 1012 1700 1163 1754; x_wconf 90' lang='lat' dir='ltr'>idem</span> <span class='ocrx_word' id='word_1_119' title='bbox 1187 1700 1578 1770; x_wconf 88' lang='lat' dir='ltr'>supradictum</span> <span class='ocrx_word' id='word_1_120' title='bbox 1629 1701 1909 1772; x_wconf 67' lang='lat' dir='ltr'>praedium</span> <span class='ocrx_word' id='word_1_121' title='bbox 1942 1717 2070 1755; x_wconf 91' lang='lat' dir='ltr'>cum</span> 
     </span>
    </p>
   </div>
   <div class='ocr_carea' id='block_1_18' title="bbox 375 1788 2068 1859">
    <p class='ocr_par' dir='ltr' id='par_1_18' title="bbox 375 1788 2068 1859">
     <span class='ocr_line' id='line_1_18' title="bbox 375 1788 2068 1859; baseline -0.001 -16"><span class='ocrx_word' id='word_1_122' title='bbox 375 1789 642 1844; x_wconf 89' lang='lat' dir='ltr'>omnibus</span> <span class='ocrx_word' id='word_1_123' title='bbox 671 1789 788 1843; x_wconf 89' lang='lat' dir='ltr'>suis</span> <span class='ocrx_word' id='word_1_124' title='bbox 827 1788 1182 1859; x_wconf 84' lang='lat' dir='ltr'>appendiciis</span> <span class='ocrx_word' id='word_1_125' title='bbox 1242 1789 1496 1857; x_wconf 90' lang='lat' dir='ltr'>tenendi,</span> <span class='ocrx_word' id='word_1_126' title='bbox 1565 1789 1911 1859; x_wconf 85' lang='lat' dir='ltr'>possidendi,</span> <span class='ocrx_word' id='word_1_127' title='bbox 1971 1805 2068 1842; x_wconf 90' lang='lat' dir='ltr'>seu</span> 
     </span>
    </p>
   </div>
   <div class='ocr_carea' id='block_1_19' title="bbox 373 1876 2068 1948">
    <p class='ocr_par' dir='ltr' id='par_1_19' title="bbox 373 1876 2068 1948">
     <span class='ocr_line' id='line_1_19' title="bbox 373 1876 2068 1948; baseline -0.002 -16"><span class='ocrx_word' id='word_1_128' title='bbox 373 1877 655 1948; x_wconf 85' lang='lat' dir='ltr'>quidquid</span> <span class='ocrx_word' id='word_1_129' title='bbox 677 1877 784 1931; x_wconf 88' lang='lat' dir='ltr'>sibi</span> <span class='ocrx_word' id='word_1_130' title='bbox 823 1878 1000 1930; x_wconf 90' lang='lat' dir='ltr'>libeat</span> <span class='ocrx_word' id='word_1_131' title='bbox 1032 1877 1218 1930; x_wconf 90' lang='lat' dir='ltr'>modis</span> <span class='ocrx_word' id='word_1_132' title='bbox 1248 1877 1513 1932; x_wconf 90' lang='lat' dir='ltr'>omnibus</span> <span class='ocrx_word' id='word_1_133' title='bbox 1541 1876 1598 1930; x_wconf 90' lang='lat' dir='ltr'>in</span> <span class='ocrx_word' id='word_1_134' title='bbox 1637 1893 1804 1931; x_wconf 90' lang='lat' dir='ltr'>usum</span> <span class='ocrx_word' id='word_1_135' title='bbox 1844 1876 2068 1948; x_wconf 90' lang='lat' dir='ltr'>episco-</span> 
     </span>
    </p>
   </div>
   <div class='ocr_carea' id='block_1_20' title="bbox 372 1967 2070 2041">
    <p class='ocr_par' dir='ltr' id='par_1_20' title="bbox 372 1967 2070 2041">
     <span class='ocr_line' id='line_1_20' title="bbox 372 1967 2070 2041; baseline -0.001 -18"><span class='ocrx_word' id='word_1_136' title='bbox 372 1975 536 2041; x_wconf 88' lang='lat' dir='ltr'>patus</span> <span class='ocrx_word' id='word_1_137' title='bbox 564 1970 698 2023; x_wconf 89' lang='lat' dir='ltr'>inde</span> <span class='ocrx_word' id='word_1_138' title='bbox 729 1969 992 2024; x_wconf 86' lang='lat' dir='ltr'>faciendi.</span> <span class='ocrx_word' id='word_1_139' title='bbox 1025 1968 1080 2022; x_wconf 92' lang='lat' dir='ltr'>Si</span> <span class='ocrx_word' id='word_1_140' title='bbox 1110 1969 1239 2039; x_wconf 89' lang='lat' dir='ltr'>quis</span> <span class='ocrx_word' id='word_1_141' title='bbox 1263 1968 1459 2038; x_wconf 79' lang='lat' dir='ltr'>igitur,</span> <span class='ocrx_word' id='word_1_142' title='bbox 1491 1969 1641 2039; x_wconf 89' lang='lat' dir='ltr'>quod</span> <span class='ocrx_word' id='word_1_143' title='bbox 1685 1968 1831 2023; x_wconf 81' lang='lat' dir='ltr'>absit</span> <span class='ocrx_word' id='word_1_144' title='bbox 1857 1967 1868 2022; x_wconf 70' lang='grc' dir='ltr'>Σ</span> <span class='ocrx_word' id='word_1_145' title='bbox 1900 1968 2070 2039; x_wconf 90' lang='lat' dir='ltr'>hujus</span> 
     </span>
    </p>
   </div>
   <div class='ocr_carea' id='block_1_21' title="bbox 373 2057 2065 2113">
    <p class='ocr_par' dir='ltr' id='par_1_21' title="bbox 373 2057 2065 2113">
     <span class='ocr_line' id='line_1_21' title="bbox 373 2057 2065 2113; baseline -0.001 -1"><span class='ocrx_word' id='word_1_146' title='bbox 373 2065 584 2113; x_wconf 64' lang='lat' dir='ltr'>nostrae</span> <span class='ocrx_word' id='word_1_147' title='bbox 616 2057 940 2113; x_wconf 87' lang='lat' dir='ltr'>donationis</span> <span class='ocrx_word' id='word_1_148' title='bbox 967 2057 1420 2111; x_wconf 88' lang='lat' dir='ltr'>muniﬁcentiam</span> <span class='ocrx_word' id='word_1_149' title='bbox 1483 2058 1773 2112; x_wconf 84' lang='lat' dir='ltr'>destruere</span> <span class='ocrx_word' id='word_1_150' title='bbox 1804 2074 1903 2111; x_wconf 90' lang='lat' dir='ltr'>seu</span> <span class='ocrx_word' id='word_1_151' title='bbox 1943 2058 2065 2111; x_wconf 88' lang='lat' dir='ltr'>vio-</span> 
     </span>
    </p>
   </div>
   <div class='ocr_carea' id='block_1_22' title="bbox 375 2145 2071 2217">
    <p class='ocr_par' dir='ltr' id='par_1_22' title="bbox 375 2145 2071 2217">
     <span class='ocr_line' id='line_1_22' title="bbox 375 2145 2071 2217; baseline -0.001 -17"><span class='ocrx_word' id='word_1_152' title='bbox 375 2149 490 2200; x_wconf 89' lang='lat' dir='ltr'>lare</span> <span class='ocrx_word' id='word_1_153' title='bbox 521 2146 838 2217; x_wconf 61' lang='lat' dir='ltr'>prassumit,</span> <span class='ocrx_word' id='word_1_154' title='bbox 883 2146 941 2199; x_wconf 94' lang='lat' dir='ltr'>in</span> <span class='ocrx_word' id='word_1_155' title='bbox 971 2146 1063 2200; x_wconf 89' lang='lat' dir='ltr'>die</span> <span class='ocrx_word' id='word_1_156' title='bbox 1087 2145 1291 2215; x_wconf 85' lang='lat' dir='ltr'>judicii</span> <span class='ocrx_word' id='word_1_157' title='bbox 1338 2161 1529 2199; x_wconf 90' lang='lat' dir='ltr'>coram</span> <span class='ocrx_word' id='word_1_158' title='bbox 1581 2145 1760 2199; x_wconf 89' lang='lat' dir='ltr'>oculis</span> <span class='ocrx_word' id='word_1_159' title='bbox 1801 2146 1900 2199; x_wconf 90' lang='lat' dir='ltr'>Dei</span> <span class='ocrx_word' id='word_1_160' title='bbox 1953 2150 2071 2199; x_wconf 88' lang='lat' dir='ltr'>tor-</span> 
     </span>
    </p>
   </div>
   <div class='ocr_carea' id='block_1_23' title="bbox 376 2233 2071 2304">
    <p class='ocr_par' dir='ltr' id='par_1_23' title="bbox 376 2233 2071 2304">
     <span class='ocr_line' id='line_1_23' title="bbox 376 2233 2071 2304; baseline -0.001 -15"><span class='ocrx_word' id='word_1_161' title='bbox 376 2240 571 2289; x_wconf 91' lang='lat' dir='ltr'>mento</span> <span class='ocrx_word' id='word_1_162' title='bbox 627 2234 1054 2304; x_wconf 86' lang='lat' dir='ltr'>inextinguibili</span> <span class='ocrx_word' id='word_1_163' title='bbox 1099 2235 1240 2288; x_wconf 86' lang='lat' dir='ltr'>luat.</span> <span class='ocrx_word' id='word_1_164' title='bbox 1296 2234 1459 2298; x_wconf 86' lang='lat' dir='ltr'>Quod</span> <span class='ocrx_word' id='word_1_165' title='bbox 1511 2249 1582 2288; x_wconf 92' lang='lat' dir='ltr'>ne</span> <span class='ocrx_word' id='word_1_166' title='bbox 1649 2233 1770 2301; x_wconf 88' lang='lat' dir='ltr'>ﬁat,</span> <span class='ocrx_word' id='word_1_167' title='bbox 1822 2233 1921 2287; x_wconf 89' lang='lat' dir='ltr'>sed</span> <span class='ocrx_word' id='word_1_168' title='bbox 1951 2235 2071 2288; x_wconf 68' lang='lat' dir='ltr'>haec</span> 
     </span>
    </p>
   </div>
   <div class='ocr_carea' id='block_1_24' title="bbox 372 2322 2067 2393">
    <p class='ocr_par' dir='ltr' id='par_1_24' title="bbox 372 2322 2067 2393">
     <span class='ocr_line' id='line_1_24' title="bbox 372 2322 2067 2393; baseline 0 -17"><span class='ocrx_word' id='word_1_169' title='bbox 372 2329 567 2377; x_wconf 91' lang='lat' dir='ltr'>nostra</span> <span class='ocrx_word' id='word_1_170' title='bbox 611 2323 841 2377; x_wconf 83' lang='lat' dir='ltr'>traditio</span> <span class='ocrx_word' id='word_1_171' title='bbox 873 2323 1285 2393; x_wconf 88' lang='lat' dir='ltr'>perpetualiter</span> <span class='ocrx_word' id='word_1_172' title='bbox 1347 2322 1691 2376; x_wconf 87' lang='lat' dir='ltr'>inviolabilis</span> <span class='ocrx_word' id='word_1_173' title='bbox 1746 2327 2067 2392; x_wconf 87' lang='lat' dir='ltr'>permanet,</span> 
     </span>
    </p>
   </div>
   <div class='ocr_carea' id='block_1_25' title="bbox 371 2410 2068 2480">
    <p class='ocr_par' dir='ltr' id='par_1_25' title="bbox 371 2410 2068 2480">
     <span class='ocr_line' id='line_1_25' title="bbox 371 2410 2068 2480; baseline -0.001 -15"><span class='ocrx_word' id='word_1_174' title='bbox 371 2411 515 2465; x_wconf 90' lang='lat' dir='ltr'>hanc</span> <span class='ocrx_word' id='word_1_175' title='bbox 545 2411 797 2465; x_wconf 86' lang='lat' dir='ltr'>chartam</span> <span class='ocrx_word' id='word_1_176' title='bbox 830 2411 960 2465; x_wconf 91' lang='lat' dir='ltr'>inde</span> <span class='ocrx_word' id='word_1_177' title='bbox 997 2411 1377 2480; x_wconf 87' lang='lat' dir='ltr'>conscriptam</span> <span class='ocrx_word' id='word_1_178' title='bbox 1411 2427 1583 2464; x_wconf 89' lang='lat' dir='ltr'>manu</span> <span class='ocrx_word' id='word_1_179' title='bbox 1636 2410 1867 2480; x_wconf 89' lang='lat' dir='ltr'>propria</span> <span class='ocrx_word' id='word_1_180' title='bbox 1899 2410 2068 2464; x_wconf 88' lang='lat' dir='ltr'>robo-</span> 
     </span>
    </p>
   </div>
   <div class='ocr_carea' id='block_1_26' title="bbox 370 2497 1960 2570">
    <p class='ocr_par' dir='ltr' id='par_1_26' title="bbox 370 2497 1960 2570">
     <span class='ocr_line' id='line_1_26' title="bbox 370 2497 1960 2570; baseline 0 -17"><span class='ocrx_word' id='word_1_181' title='bbox 370 2505 562 2553; x_wconf 88' lang='lat' dir='ltr'>rantes</span> <span class='ocrx_word' id='word_1_182' title='bbox 584 2499 753 2570; x_wconf 84' lang='lat' dir='ltr'>sigilli</span> <span class='ocrx_word' id='word_1_183' title='bbox 774 2498 953 2552; x_wconf 90' lang='lat' dir='ltr'>nostri</span> <span class='ocrx_word' id='word_1_184' title='bbox 985 2498 1362 2568; x_wconf 87' lang='lat' dir='ltr'>impressione</span> <span class='ocrx_word' id='word_1_185' title='bbox 1385 2497 1651 2568; x_wconf 87' lang='lat' dir='ltr'>insigniri</span> <span class='ocrx_word' id='word_1_186' title='bbox 1665 2497 1960 2567; x_wconf 89' lang='lat' dir='ltr'>jussimus.</span> 
     </span>
    </p>
   </div>
   <div class='ocr_carea' id='block_1_27' title="bbox 438 2585 2065 2654">
    <p class='ocr_par' dir='ltr' id='par_1_27' title="bbox 438 2585 2065 2654">
     <span class='ocr_line' id='line_1_27' title="bbox 438 2585 2065 2654; baseline -0.001 -12"><span class='ocrx_word' id='word_1_187' title='bbox 438 2588 670 2654; x_wconf 79' lang='lat' dir='ltr'>Signum</span> <span class='ocrx_word' id='word_1_188' title='bbox 697 2587 906 2642; x_wconf 86' lang='lat' dir='ltr'>domini</span> <span class='ocrx_word' id='word_1_189' title='bbox 949 2585 1174 2641; x_wconf 86' lang='lat' dir='ltr'>secundi</span> <span class='ocrx_word' id='word_1_190' title='bbox 1203 2588 1446 2640; x_wconf 81' lang='lat' dir='ltr'>Heinrici</span> <span class='ocrx_word' id='word_1_191' title='bbox 1497 2588 1643 2654; x_wconf 83' lang='lat' dir='ltr'>regis</span> <span class='ocrx_word' id='word_1_192' title='bbox 1694 2585 2065 2642; x_wconf 74' lang='lat' dir='ltr'>invictissimi.</span> 
     </span>
    </p>
   </div>
   <div class='ocr_carea' id='block_1_28' title="bbox 439 2673 2071 2746">
    <p class='ocr_par' dir='ltr' id='par_1_28' title="bbox 439 2673 2071 2746">
     <span class='ocr_line' id='line_1_28' title="bbox 439 2673 2071 2746; baseline -0.001 -16"><span class='ocrx_word' id='word_1_193' title='bbox 439 2676 784 2730; x_wconf 89' lang='lat' dir='ltr'>Guntherins</span> <span class='ocrx_word' id='word_1_194' title='bbox 845 2675 1216 2730; x_wconf 88' lang='lat' dir='ltr'>cancellarius</span> <span class='ocrx_word' id='word_1_195' title='bbox 1271 2674 1391 2728; x_wconf 89' lang='lat' dir='ltr'>vice</span> <span class='ocrx_word' id='word_1_196' title='bbox 1467 2673 1730 2744; x_wconf 87' lang='lat' dir='ltr'>Willigisi</span> <span class='ocrx_word' id='word_1_197' title='bbox 1784 2675 2071 2746; x_wconf 87' lang='lat' dir='ltr'>archicap-</span> 
     </span>
    </p>
   </div>
   <div class='ocr_carea' id='block_1_29' title="bbox 367 2763 1005 2836">
    <p class='ocr_par' dir='ltr' id='par_1_29' title="bbox 367 2763 1005 2836">
     <span class='ocr_line' id='line_1_29' title="bbox 367 2763 1005 2836; baseline -0.002 -17"><span class='ocrx_word' id='word_1_198' title='bbox 367 2764 584 2836; x_wconf 88' lang='lat' dir='ltr'>pellani</span> <span class='ocrx_word' id='word_1_199' title='bbox 615 2765 762 2833; x_wconf 77' lang='grc'>(165)</span> <span class='ocrx_word' id='word_1_200' title='bbox 798 2763 1005 2818; x_wconf 88' lang='lat' dir='ltr'>notavi.</span> 
     </span>
    </p>
   </div>
   <div class='ocr_carea' id='block_1_30' title="bbox 438 2851 2070 2918">
    <p class='ocr_par' dir='ltr' id='par_1_30' title="bbox 438 2851 2070 2918">
     <span class='ocr_line' id='line_1_30' title="bbox 438 2851 2070 2918; baseline -0.002 -11"><span class='ocrx_word' id='word_1_201' title='bbox 438 2855 579 2908; x_wconf 88' lang='lat' dir='ltr'>Data</span> <span class='ocrx_word' id='word_1_202' title='bbox 612 2853 698 2906; x_wconf 85' lang='lat' dir='ltr'>Kl.</span> <span class='ocrx_word' id='word_1_203' title='bbox 730 2853 885 2908; x_wconf 86' lang='lat' dir='ltr'>Junii</span> <span class='ocrx_word' id='word_1_204' title='bbox 914 2851 1227 2906; x_wconf 80' lang='lat' dir='ltr'>indictione</span> <span class='ocrx_word' id='word_1_205' title='bbox 1259 2868 1375 2918; x_wconf 85' lang='lat' dir='ltr'>vm,</span> <span class='ocrx_word' id='word_1_206' title='bbox 1429 2867 1580 2903; x_wconf 89' lang='lat' dir='ltr'>anno</span> <span class='ocrx_word' id='word_1_207' title='bbox 1647 2851 1955 2905; x_wconf 75' lang='lat' dir='ltr'>Dominicze</span> <span class='ocrx_word' id='word_1_208' title='bbox 1986 2851 2070 2906; x_wconf 85' lang='lat' dir='ltr'>in-</span> 
     </span>
    </p>
   </div>
   <div class='ocr_carea' id='block_1_31' title="bbox 2179 456 3818 533">
    <p class='ocr_par' dir='ltr' id='par_1_31' title="bbox 2179 456 3818 533">
     <span class='ocr_line' id='line_1_31' title="bbox 2179 456 3818 533; baseline 0.001 -18"><span class='ocrx_word' id='word_1_209' title='bbox 2179 461 2448 533; x_wconf 89' lang='lat' dir='ltr'>paginam</span> <span class='ocrx_word' id='word_1_210' title='bbox 2473 458 2838 513; x_wconf 85' lang='lat' dir='ltr'>concedimus</span> <span class='ocrx_word' id='word_1_211' title='bbox 2867 463 3040 528; x_wconf 88' lang='lat' dir='ltr'>atque</span> <span class='ocrx_word' id='word_1_212' title='bbox 3072 456 3368 527; x_wconf 87' lang='lat' dir='ltr'>largimur,</span> <span class='ocrx_word' id='word_1_213' title='bbox 3425 473 3546 512; x_wconf 91' lang='lat' dir='ltr'>cum</span> <span class='ocrx_word' id='word_1_214' title='bbox 3595 462 3818 518; x_wconf 79' lang='lat' dir='ltr'>omnibus</span> 
     </span>
    </p>
   </div>
   <div class='ocr_carea' id='block_1_32' title="bbox 2179 545 3818 622">
    <p class='ocr_par' dir='ltr' id='par_1_32' title="bbox 2179 545 3818 622">
     <span class='ocr_line' id='line_1_32' title="bbox 2179 545 3818 622; baseline -0.002 -17"><span class='ocrx_word' id='word_1_215' title='bbox 2179 549 2534 622; x_wconf 91' lang='lat' dir='ltr'>appendiciis</span> <span class='ocrx_word' id='word_1_216' title='bbox 2566 547 2636 602; x_wconf 91' lang='lat' dir='ltr'>ad</span> <span class='ocrx_word' id='word_1_217' title='bbox 2670 547 2902 602; x_wconf 76' lang='lat' dir='ltr'>eosdem</span> <span class='ocrx_word' id='word_1_218' title='bbox 2957 545 3343 617; x_wconf 88' lang='lat' dir='ltr'>pertinentiis,</span> <span class='ocrx_word' id='word_1_219' title='bbox 3396 547 3555 612; x_wconf 89' lang='lat' dir='ltr'>areis,</span> <span class='ocrx_word' id='word_1_220' title='bbox 3586 550 3818 612; x_wconf 53' lang='lat' dir='ltr'>aediliciis,</span> 
     </span>
    </p>
   </div>
   <div class='ocr_carea' id='block_1_33' title="bbox 2181 635 3820 708">
    <p class='ocr_par' dir='ltr' id='par_1_33' title="bbox 2181 635 3820 708">
     <span class='ocr_line' id='line_1_33' title="bbox 2181 635 3820 708; baseline 0.002 -17"><span class='ocrx_word' id='word_1_221' title='bbox 2181 639 2346 692; x_wconf 63' lang='lat' dir='ltr'>torris</span> <span class='ocrx_word' id='word_1_222' title='bbox 2395 638 2561 692; x_wconf 89' lang='lat' dir='ltr'>cultis</span> <span class='ocrx_word' id='word_1_223' title='bbox 2607 642 2661 691; x_wconf 88' lang='lat' dir='ltr'>et</span> <span class='ocrx_word' id='word_1_224' title='bbox 2693 636 2942 702; x_wconf 88' lang='lat' dir='ltr'>incultis,</span> <span class='ocrx_word' id='word_1_225' title='bbox 2983 635 3180 707; x_wconf 80' lang='lat' dir='ltr'>pratis,</span> <span class='ocrx_word' id='word_1_226' title='bbox 3229 636 3474 706; x_wconf 85' lang='lat' dir='ltr'>pascuis,</span> <span class='ocrx_word' id='word_1_227' title='bbox 3519 654 3820 708; x_wconf 74' lang='lat' dir='ltr'>aquarumve</span> 
     </span>
    </p>
   </div>
   <div class='ocr_carea' id='block_1_34' title="bbox 2179 724 3820 794">
    <p class='ocr_par' dir='ltr' id='par_1_34' title="bbox 2179 724 3820 794">
     <span class='ocr_line' id='line_1_34' title="bbox 2179 724 3820 794; baseline 0.001 -13"><span class='ocrx_word' id='word_1_228' title='bbox 2179 727 2532 791; x_wconf 88' lang='lat' dir='ltr'>decursibus,</span> <span class='ocrx_word' id='word_1_229' title='bbox 2572 724 2941 789; x_wconf 87' lang='lat' dir='ltr'>molendinis,</span> <span class='ocrx_word' id='word_1_230' title='bbox 2976 724 3408 794; x_wconf 89' lang='lat' dir='ltr'>piscationibus,</span> <span class='ocrx_word' id='word_1_231' title='bbox 3451 727 3820 794; x_wconf 80' lang='lat' dir='ltr'>venationibus,</span> 
     </span>
    </p>
   </div>
   <div class='ocr_carea' id='block_1_35' title="bbox 2181 813 3821 886">
    <p class='ocr_par' dir='ltr' id='par_1_35' title="bbox 2181 813 3821 886">
     <span class='ocr_line' id='line_1_35' title="bbox 2181 813 3821 886; baseline 0.001 -17"><span class='ocrx_word' id='word_1_232' title='bbox 2181 816 2348 886; x_wconf 84' lang='lat' dir='ltr'>sylvis</span> <span class='ocrx_word' id='word_1_233' title='bbox 2404 814 2717 886; x_wconf 84' lang='lat' dir='ltr'>extirpatis,</span> <span class='ocrx_word' id='word_1_234' title='bbox 2763 815 2849 868; x_wconf 80' lang='lat' dir='ltr'>vel</span> <span class='ocrx_word' id='word_1_235' title='bbox 2918 813 3102 868; x_wconf 87' lang='lat' dir='ltr'>adhuc</span> <span class='ocrx_word' id='word_1_236' title='bbox 3147 813 3516 884; x_wconf 82' lang='lat' dir='ltr'>extirpandis,</span> <span class='ocrx_word' id='word_1_237' title='bbox 3572 831 3660 867; x_wconf 88' lang='lat' dir='ltr'>seu</span> <span class='ocrx_word' id='word_1_238' title='bbox 3717 833 3821 871; x_wconf 89' lang='lat' dir='ltr'>cum</span> 
     </span>
    </p>
   </div>
   <div class='ocr_carea' id='block_1_36' title="bbox 2182 902 3824 975">
    <p class='ocr_par' dir='ltr' id='par_1_36' title="bbox 2182 902 3824 975">
     <span class='ocr_line' id='line_1_36' title="bbox 2182 902 3824 975; baseline 0 -17"><span class='ocrx_word' id='word_1_239' title='bbox 2182 905 2469 971; x_wconf 91' lang='lat' dir='ltr'>omnibus,</span> <span class='ocrx_word' id='word_1_240' title='bbox 2505 920 2633 975; x_wconf 67' lang='lat' dir='ltr'>qum</span> <span class='ocrx_word' id='word_1_241' title='bbox 2663 903 2774 956; x_wconf 92' lang='lat' dir='ltr'>dici</span> <span class='ocrx_word' id='word_1_242' title='bbox 2816 907 2916 956; x_wconf 90' lang='lat' dir='ltr'>aut</span> <span class='ocrx_word' id='word_1_243' title='bbox 2970 902 3263 955; x_wconf 87' lang='lat' dir='ltr'>nominari</span> <span class='ocrx_word' id='word_1_244' title='bbox 3320 907 3570 972; x_wconf 86' lang='lat' dir='ltr'>possunt,</span> <span class='ocrx_word' id='word_1_245' title='bbox 3603 907 3824 958; x_wconf 80' lang='lat' dir='ltr'>utensili-</span> 
     </span>
    </p>
   </div>
   <div class='ocr_carea' id='block_1_37' title="bbox 2181 990 3824 1062">
    <p class='ocr_par' dir='ltr' id='par_1_37' title="bbox 2181 990 3824 1062">
     <span class='ocr_line' id='line_1_37' title="bbox 2181 990 3824 1062; baseline -0.001 -14"><span class='ocrx_word' id='word_1_246' title='bbox 2181 995 2306 1060; x_wconf 89' lang='lat' dir='ltr'>bus,</span> <span class='ocrx_word' id='word_1_247' title='bbox 2349 994 2502 1047; x_wconf 87' lang='lat' dir='ltr'>etde</span> <span class='ocrx_word' id='word_1_248' title='bbox 2561 997 2751 1046; x_wconf 90' lang='lat' dir='ltr'>nostro</span> <span class='ocrx_word' id='word_1_249' title='bbox 2785 992 2915 1062; x_wconf 89' lang='lat' dir='ltr'>jure</span> <span class='ocrx_word' id='word_1_250' title='bbox 2974 1007 3037 1044; x_wconf 91' lang='lat' dir='ltr'>ac</span> <span class='ocrx_word' id='word_1_251' title='bbox 3095 990 3352 1044; x_wconf 89' lang='lat' dir='ltr'>dominio</span> <span class='ocrx_word' id='word_1_252' title='bbox 3385 990 3440 1042; x_wconf 88' lang='lat' dir='ltr'>in</span> <span class='ocrx_word' id='word_1_253' title='bbox 3491 991 3606 1060; x_wconf 79' lang='lat' dir='ltr'>ejus</span> <span class='ocrx_word' id='word_1_254' title='bbox 3659 993 3734 1062; x_wconf 86' lang='lat' dir='ltr'>jus</span> <span class='ocrx_word' id='word_1_255' title='bbox 3777 1011 3824 1047; x_wconf 88' lang='lat' dir='ltr'>ac</span> 
     </span>
    </p>
   </div>
   <div class='ocr_carea' id='block_1_38' title="bbox 2182 1079 3822 1150">
    <p class='ocr_par' dir='ltr' id='par_1_38' title="bbox 2182 1079 3822 1150">
     <span class='ocr_line' id='line_1_38' title="bbox 2182 1079 3822 1150; baseline -0.001 -13"><span class='ocrx_word' id='word_1_256' title='bbox 2182 1082 2500 1138; x_wconf 90' lang='lat' dir='ltr'>dominium</span> <span class='ocrx_word' id='word_1_257' title='bbox 2521 1082 2759 1135; x_wconf 91' lang='lat' dir='ltr'>omnino</span> <span class='ocrx_word' id='word_1_258' title='bbox 2786 1079 3261 1134; x_wconf 85' lang='lat' dir='ltr'>transfundimus.</span> <span class='ocrx_word' id='word_1_259' title='bbox 3305 1080 3370 1132; x_wconf 82' lang='lat' dir='ltr'>Et</span> <span class='ocrx_word' id='word_1_260' title='bbox 3399 1079 3603 1150; x_wconf 89' lang='lat' dir='ltr'>quippe</span> <span class='ocrx_word' id='word_1_261' title='bbox 3646 1082 3822 1136; x_wconf 86' lang='lat' dir='ltr'>ratione</span> 
     </span>
    </p>
   </div>
   <div class='ocr_carea' id='block_1_39' title="bbox 2182 1168 3821 1242">
    <p class='ocr_par' dir='ltr' id='par_1_39' title="bbox 2182 1168 3821 1242">
     <span class='ocr_line' id='line_1_39' title="bbox 2182 1168 3821 1242; baseline -0.002 -17"><span class='ocrx_word' id='word_1_262' title='bbox 2182 1177 2245 1226; x_wconf 92' lang='lat' dir='ltr'>ut</span> <span class='ocrx_word' id='word_1_263' title='bbox 2273 1171 2573 1242; x_wconf 72' lang='lat' dir='ltr'>praedictus</span> <span class='ocrx_word' id='word_1_264' title='bbox 2602 1169 2789 1240; x_wconf 58' lang='lat' dir='ltr'>{abbas</span> <span class='ocrx_word' id='word_1_265' title='bbox 2845 1169 3049 1239; x_wconf 89' lang='lat' dir='ltr'>suique</span> <span class='ocrx_word' id='word_1_266' title='bbox 3098 1184 3450 1222; x_wconf 86' lang='lat' dir='ltr'>successores</span> <span class='ocrx_word' id='word_1_267' title='bbox 3491 1168 3678 1222; x_wconf 83' lang='lat' dir='ltr'>exinde</span> <span class='ocrx_word' id='word_1_268' title='bbox 3715 1171 3821 1224; x_wconf 85' lang='lat' dir='ltr'>libe-</span> 
     </span>
    </p>
   </div>
   <div class='ocr_carea' id='block_1_40' title="bbox 2181 1257 3817 1328">
    <p class='ocr_par' dir='ltr' id='par_1_40' title="bbox 2181 1257 3817 1328">
     <span class='ocr_line' id='line_1_40' title="bbox 2181 1257 3817 1328; baseline -0.001 -14"><span class='ocrx_word' id='word_1_269' title='bbox 2181 1276 2303 1314; x_wconf 89' lang='lat' dir='ltr'>ram</span> <span class='ocrx_word' id='word_1_270' title='bbox 2347 1259 2598 1313; x_wconf 86' lang='lat' dir='ltr'>habeant</span> <span class='ocrx_word' id='word_1_271' title='bbox 2645 1262 2991 1328; x_wconf 84' lang='lat' dir='ltr'>potestatem</span> <span class='ocrx_word' id='word_1_272' title='bbox 3022 1257 3280 1325; x_wconf 89' lang='lat' dir='ltr'>tenendi,</span> <span class='ocrx_word' id='word_1_273' title='bbox 3343 1257 3716 1312; x_wconf 86' lang='lat' dir='ltr'>commutandi</span> <span class='ocrx_word' id='word_1_274' title='bbox 3756 1261 3817 1313; x_wconf 81' lang='lat' dir='ltr'>vel</span> 
     </span>
    </p>
   </div>
   <div class='ocr_carea' id='block_1_41' title="bbox 2181 1344 3818 1418">
    <p class='ocr_par' dir='ltr' id='par_1_41' title="bbox 2181 1344 3818 1418">
     <span class='ocr_line' id='line_1_41' title="bbox 2181 1344 3818 1418; baseline 0 -19"><span class='ocrx_word' id='word_1_275' title='bbox 2181 1347 2462 1418; x_wconf 87' lang='lat' dir='ltr'>quidquid</span> <span class='ocrx_word' id='word_1_276' title='bbox 2496 1347 2575 1400; x_wconf 91' lang='lat' dir='ltr'>eis</span> <span class='ocrx_word' id='word_1_277' title='bbox 2623 1346 2683 1401; x_wconf 91' lang='lat' dir='ltr'>in</span> <span class='ocrx_word' id='word_1_278' title='bbox 2736 1361 2904 1399; x_wconf 92' lang='lat' dir='ltr'>usnm</span> <span class='ocrx_word' id='word_1_279' title='bbox 2941 1345 3358 1416; x_wconf 56' lang='lat' dir='ltr'>praedictorum</span> <span class='ocrx_word' id='word_1_280' title='bbox 3423 1344 3650 1398; x_wconf 86' lang='lat' dir='ltr'>fratrum</span> <span class='ocrx_word' id='word_1_281' title='bbox 3692 1362 3818 1415; x_wconf 84' lang='lat' dir='ltr'>agere</span> 
     </span>
    </p>
   </div>
   <div class='ocr_carea' id='block_1_42' title="bbox 2181 1433 3816 1498">
    <p class='ocr_par' dir='ltr' id='par_1_42' title="bbox 2181 1433 3816 1498">
     <span class='ocr_line' id='line_1_42' title="bbox 2181 1433 3816 1498; baseline -0.002 -8"><span class='ocrx_word' id='word_1_282' title='bbox 2181 1437 2430 1490; x_wconf 85' lang='lat' dir='ltr'>libuerit.</span> <span class='ocrx_word' id='word_1_283' title='bbox 2502 1438 2565 1490; x_wconf 84' lang='lat' dir='ltr'>Et</span> <span class='ocrx_word' id='word_1_284' title='bbox 2612 1441 2674 1489; x_wconf 90' lang='lat' dir='ltr'>ut</span> <span class='ocrx_word' id='word_1_285' title='bbox 2731 1436 2852 1489; x_wconf 77' lang='lat' dir='ltr'>haec</span> <span class='ocrx_word' id='word_1_286' title='bbox 2898 1440 3106 1489; x_wconf 83' lang='lat' dir='ltr'>nostrae</span> <span class='ocrx_word' id='word_1_287' title='bbox 3167 1433 3497 1488; x_wconf 88' lang='lat' dir='ltr'>donationis</span> <span class='ocrx_word' id='word_1_288' title='bbox 3546 1436 3816 1498; x_wconf 83' lang='lat' dir='ltr'>auctoritas,</span> 
     </span>
    </p>
   </div>
   <div class='ocr_carea' id='block_1_43' title="bbox 2182 1522 3818 1589">
    <p class='ocr_par' dir='ltr' id='par_1_43' title="bbox 2182 1522 3818 1589">
     <span class='ocr_line' id='line_1_43' title="bbox 2182 1522 3818 1589; baseline -0.003 -9"><span class='ocrx_word' id='word_1_289' title='bbox 2182 1525 2440 1580; x_wconf 90' lang='lat' dir='ltr'>omnium</span> <span class='ocrx_word' id='word_1_290' title='bbox 2473 1524 2776 1579; x_wconf 86' lang='lat' dir='ltr'>hominum</span> <span class='ocrx_word' id='word_1_291' title='bbox 2824 1522 3277 1577; x_wconf 88' lang='lat' dir='ltr'>contradictione</span> <span class='ocrx_word' id='word_1_292' title='bbox 3308 1528 3546 1589; x_wconf 88' lang='lat' dir='ltr'>remota,</span> <span class='ocrx_word' id='word_1_293' title='bbox 3577 1523 3760 1576; x_wconf 88' lang='lat' dir='ltr'>stabilis</span> <span class='ocrx_word' id='word_1_294' title='bbox 3779 1530 3818 1575; x_wconf 87' lang='lat' dir='ltr'>et</span> 
     </span>
    </p>
   </div>
   <div class='ocr_carea' id='block_1_44' title="bbox 2182 1611 3818 1680">
    <p class='ocr_par' dir='ltr' id='par_1_44' title="bbox 2182 1611 3818 1680">
     <span class='ocr_line' id='line_1_44' title="bbox 2182 1611 3818 1680; baseline -0.002 -12"><span class='ocrx_word' id='word_1_295' title='bbox 2182 1615 2348 1668; x_wconf 87' lang='lat' dir='ltr'>ﬁrma</span> <span class='ocrx_word' id='word_1_296' title='bbox 2421 1617 2661 1680; x_wconf 83' lang='lat' dir='ltr'>constet,</span> <span class='ocrx_word' id='word_1_297' title='bbox 2713 1611 2861 1665; x_wconf 85' lang='lat' dir='ltr'>hanc</span> <span class='ocrx_word' id='word_1_298' title='bbox 2927 1612 3181 1665; x_wconf 86' lang='lat' dir='ltr'>chartam</span> <span class='ocrx_word' id='word_1_299' title='bbox 3240 1627 3310 1664; x_wconf 84' lang='lat' dir='ltr'>ex</span> <span class='ocrx_word' id='word_1_300' title='bbox 3383 1615 3571 1664; x_wconf 90' lang='lat' dir='ltr'>nostra</span> <span class='ocrx_word' id='word_1_301' title='bbox 3613 1611 3818 1680; x_wconf 84' lang='lat' dir='ltr'>jussione</span> 
     </span>
    </p>
   </div>
   <div class='ocr_carea' id='block_1_45' title="bbox 2184 1697 3818 1772">
    <p class='ocr_par' dir='ltr' id='par_1_45' title="bbox 2184 1697 3818 1772">
     <span class='ocr_line' id='line_1_45' title="bbox 2184 1697 3818 1772; baseline -0.003 -16"><span class='ocrx_word' id='word_1_302' title='bbox 2184 1702 2564 1772; x_wconf 88' lang='lat' dir='ltr'>conscriptam</span> <span class='ocrx_word' id='word_1_303' title='bbox 2621 1717 2685 1755; x_wconf 88' lang='lat' dir='ltr'>ac</span> <span class='ocrx_word' id='word_1_304' title='bbox 2756 1700 3060 1770; x_wconf 85' lang='lat' dir='ltr'>signatam,</span> <span class='ocrx_word' id='word_1_305' title='bbox 3148 1697 3383 1770; x_wconf 86' lang='lat' dir='ltr'>propria</span> <span class='ocrx_word' id='word_1_306' title='bbox 3442 1715 3607 1752; x_wconf 87' lang='lat' dir='ltr'>manu</span> <span class='ocrx_word' id='word_1_307' title='bbox 3666 1701 3818 1753; x_wconf 85' lang='lat' dir='ltr'>subtus</span> 
     </span>
    </p>
   </div>
   <div class='ocr_carea' id='block_1_46' title="bbox 2185 1791 3202 1846">
    <p class='ocr_par' dir='ltr' id='par_1_46' title="bbox 2185 1791 3202 1846">
     <span class='ocr_line' id='line_1_46' title="bbox 2185 1791 3202 1846; baseline 0.002 -2"><span class='ocrx_word' id='word_1_308' title='bbox 2185 1791 2559 1844; x_wconf 87' lang='lat' dir='ltr'>ﬁrmavimus.</span> <span class='ocrx_word' id='word_1_309' title='bbox 3200 1843 3202 1846; x_wconf 75' lang='grc'>,</span> 
     </span>
    </p>
   </div>
   <div class='ocr_carea' id='block_1_47' title="bbox 2255 1876 3817 1943">
    <p class='ocr_par' dir='ltr' id='par_1_47' title="bbox 2255 1876 3817 1943">
     <span class='ocr_line' id='line_1_47' title="bbox 2255 1876 3817 1943; baseline -0.003 -9"><span class='ocrx_word' id='word_1_310' title='bbox 2255 1880 2396 1934; x_wconf 87' lang='lat' dir='ltr'>Data</span> <span class='ocrx_word' id='word_1_311' title='bbox 2428 1896 2504 1933; x_wconf 84' lang='lat' dir='ltr'>vu</span> <span class='ocrx_word' id='word_1_312' title='bbox 2551 1878 2788 1933; x_wconf 88' lang='lat' dir='ltr'>Kalend.</span> <span class='ocrx_word' id='word_1_313' title='bbox 2838 1877 2994 1943; x_wconf 83' lang='lat' dir='ltr'>Julii,</span> <span class='ocrx_word' id='word_1_314' title='bbox 3029 1876 3222 1930; x_wconf 90' lang='lat' dir='ltr'>indict.</span> <span class='ocrx_word' id='word_1_315' title='bbox 3277 1893 3352 1942; x_wconf 78' lang='lat' dir='ltr'>ix,</span> <span class='ocrx_word' id='word_1_316' title='bbox 3387 1892 3535 1931; x_wconf 87' lang='lat' dir='ltr'>anno</span> <span class='ocrx_word' id='word_1_317' title='bbox 3565 1877 3817 1930; x_wconf 75' lang='lat' dir='ltr'>Dominica</span> 
     </span>
    </p>
   </div>
   <div class='ocr_carea' id='block_1_48' title="bbox 2185 1964 3821 2034">
    <p class='ocr_par' dir='ltr' id='par_1_48' title="bbox 2185 1964 3821 2034">
     <span class='ocr_line' id='line_1_48' title="bbox 2185 1964 3821 2034; baseline -0.003 -13"><span class='ocrx_word' id='word_1_318' title='bbox 2185 1966 2597 2021; x_wconf 87' lang='lat' dir='ltr'>incarnationis</span> <span class='ocrx_word' id='word_1_319' title='bbox 2630 1968 2786 2034; x_wconf 90' lang='grc'><strong>1011,</strong></span> <span class='ocrx_word' id='word_1_320' title='bbox 2833 1981 2983 2019; x_wconf 87' lang='lat' dir='ltr'>anno</span> <span class='ocrx_word' id='word_1_321' title='bbox 3031 1981 3165 2018; x_wconf 90' lang='lat' dir='ltr'>vero</span> <span class='ocrx_word' id='word_1_322' title='bbox 3225 1964 3449 2019; x_wconf 90' lang='lat' dir='ltr'>domini</span> <span class='ocrx_word' id='word_1_323' title='bbox 3501 1964 3721 2020; x_wconf 84' lang='lat' dir='ltr'>Heinrici</span> <span class='ocrx_word' id='word_1_324' title='bbox 3763 1982 3821 2017; x_wconf 52' lang='lat' dir='ltr'>sev</span> 
     </span>
    </p>
   </div>
   <div class='ocr_carea' id='block_1_49' title="bbox 2182 2054 3385 2127">
    <p class='ocr_par' dir='ltr' id='par_1_49' title="bbox 2182 2054 3385 2127">
     <span class='ocr_line' id='line_1_49' title="bbox 2182 2054 3385 2127; baseline -0.002 -17"><span class='ocrx_word' id='word_1_325' title='bbox 2182 2057 2355 2112; x_wconf 89' lang='lat' dir='ltr'>eundi</span> <span class='ocrx_word' id='word_1_326' title='bbox 2385 2055 2681 2127; x_wconf 89' lang='lat' dir='ltr'>regnantis</span> <span class='ocrx_word' id='word_1_327' title='bbox 2708 2071 2762 2110; x_wconf 81' lang='lat' dir='ltr'>x.</span> <span class='ocrx_word' id='word_1_328' title='bbox 2797 2056 2959 2109; x_wconf 88' lang='lat' dir='ltr'>Actm</span> <span class='ocrx_word' id='word_1_329' title='bbox 2988 2054 3385 2125; x_wconf 83' lang='lat' dir='ltr'>Regenspurg.</span> 
     </span>
    </p>
   </div>
   <div class='ocr_carea' id='block_1_50' title="bbox 2939 2162 3121 2216">
    <p class='ocr_par' dir='ltr' id='par_1_50' title="bbox 2939 2162 3121 2216">
     <span class='ocr_line' id='line_1_50' title="bbox 2939 2162 3121 2216; baseline -0.005 0"><span class='ocrx_word' id='word_1_330' title='bbox 2939 2162 3121 2216; x_wconf 85' lang='lat' dir='ltr'><strong>LVIII.</strong></span> 
     </span>
    </p>
   </div>
   <div class='ocr_carea' id='block_1_51' title="bbox 2251 2248 3821 2320">
    <p class='ocr_par' dir='ltr' id='par_1_51' title="bbox 2251 2248 3821 2320">
     <span class='ocr_line' id='line_1_51' title="bbox 2251 2248 3821 2320; baseline -0.005 -12"><span class='ocrx_word' id='word_1_331' title='bbox 2251 2253 2316 2308; x_wconf 89' lang='lat' dir='ltr'>S.</span> <span class='ocrx_word' id='word_1_332' title='bbox 2385 2253 2604 2307; x_wconf 76' lang='grc' dir='ltr'><strong><em>Πρηνὶσί</em></strong></span> <span class='ocrx_word' id='word_1_333' title='bbox 2647 2253 2777 2320; x_wconf 81' lang='lat' dir='ltr'>imp.</span> <span class='ocrx_word' id='word_1_334' title='bbox 2835 2250 3078 2318; x_wconf 84' lang='lat' dir='ltr'>diploma</span> <span class='ocrx_word' id='word_1_335' title='bbox 3139 2249 3334 2303; x_wconf 84' lang='lat' dir='ltr'>datum</span> <span class='ocrx_word' id='word_1_336' title='bbox 3386 2264 3485 2318; x_wconf 81' lang='lat' dir='ltr'>pro</span> <span class='ocrx_word' id='word_1_337' title='bbox 3555 2248 3821 2302; x_wconf 82' lang='lat' dir='ltr'>monasterio</span> 
     </span>
    </p>
   </div>
   <div class='ocr_carea' id='block_1_52' title="bbox 2832 2323 3245 2388">
    <p class='ocr_par' dir='ltr' id='par_1_52' title="bbox 2832 2323 3245 2388">
     <span class='ocr_line' id='line_1_52' title="bbox 2832 2323 3245 2388; baseline -0.007 -12"><span class='ocrx_word' id='word_1_338' title='bbox 2832 2323 3245 2388; x_wconf 83' lang='lat' dir='ltr'>Tegemseensi.|</span> 
     </span>
    </p>
   </div>
   <div class='ocr_carea' id='block_1_53' title="bbox 2832 2408 3243 2479">
    <p class='ocr_par' dir='ltr' id='par_1_53' title="bbox 2832 2408 3243 2479">
     <span class='ocr_line' id='line_1_53' title="bbox 2832 2408 3243 2479; baseline -0.002 -16"><span class='ocrx_word' id='word_1_339' title='bbox 2832 2409 3026 2479; x_wconf 83' lang='lat' dir='ltr'><strong>(Anno</strong></span> <span class='ocrx_word' id='word_1_340' title='bbox 3063 2408 3243 2477; x_wconf 77' lang='grc'><strong>1011.)</strong></span> 
     </span>
    </p>
   </div>
   <div class='ocr_carea' id='block_1_54' title="bbox 2183 2493 3820 2568">
    <p class='ocr_par' dir='ltr' id='par_1_54' title="bbox 2183 2493 3820 2568">
     <span class='ocr_line' id='line_1_54' title="bbox 2183 2493 3820 2568; baseline -0.005 -15"><span class='ocrx_word' id='word_1_341' title='bbox 2183 2499 2332 2568; x_wconf 85' lang='lat' dir='ltr'>[Pez,</span> <span class='ocrx_word' id='word_1_342' title='bbox 2375 2499 2514 2552; x_wconf 88' lang='lat' dir='ltr'>Cod.</span> <span class='ocrx_word' id='word_1_343' title='bbox 2567 2499 2791 2568; x_wconf 83' lang='lat' dir='ltr'>diplom.</span> <span class='ocrx_word' id='word_1_344' title='bbox 2853 2499 2980 2552; x_wconf 74' lang='lat' dir='ltr'>hist.</span> <span class='ocrx_word' id='word_1_345' title='bbox 3032 2499 3214 2566; x_wconf 63' lang='lat' dir='ltr'>epist,</span> <span class='ocrx_word' id='word_1_346' title='bbox 3278 2512 3345 2550; x_wconf 84' lang='lat' dir='ltr'>ex</span> <span class='ocrx_word' id='word_1_347' title='bbox 3401 2495 3538 2550; x_wconf 86' lang='lat' dir='ltr'>bibl.</span> <span class='ocrx_word' id='word_1_348' title='bbox 3583 2493 3820 2565; x_wconf 35' lang='lat' dir='ltr'>Tegerns.)</span> 
     </span>
    </p>
   </div>
   <div class='ocr_carea' id='block_1_55' title="bbox 2253 2584 3822 2650">
    <p class='ocr_par' dir='ltr' id='par_1_55' title="bbox 2253 2584 3822 2650">
     <span class='ocr_line' id='line_1_55' title="bbox 2253 2584 3822 2650; baseline -0.004 -10"><span class='ocrx_word' id='word_1_349' title='bbox 2253 2588 2317 2641; x_wconf 92' lang='lat' dir='ltr'><strong>In</strong></span> <span class='ocrx_word' id='word_1_350' title='bbox 2349 2587 2583 2640; x_wconf 89' lang='lat' dir='ltr'>nomine</span> <span class='ocrx_word' id='word_1_351' title='bbox 2644 2590 2855 2640; x_wconf 71' lang='lat' dir='ltr'>sanctae</span> <span class='ocrx_word' id='word_1_352' title='bbox 2893 2592 2949 2639; x_wconf 93' lang='lat' dir='ltr'>et</span> <span class='ocrx_word' id='word_1_353' title='bbox 3003 2584 3324 2640; x_wconf 69' lang='lat' dir='ltr'>individum</span> <span class='ocrx_word' id='word_1_354' title='bbox 3373 2584 3668 2650; x_wconf 88' lang='lat' dir='ltr'>Trinitatis,</span> <span class='ocrx_word' id='word_1_355' title='bbox 3707 2585 3822 2636; x_wconf 69' lang='lat' dir='ltr'>Hex-</span> 
     </span>
    </p>
   </div>
   <div class='ocr_carea' id='block_1_56' title="bbox 2181 2674 3314 2730">
    <p class='ocr_par' dir='ltr' id='par_1_56' title="bbox 2181 2674 3314 2730">
     <span class='ocr_line' id='line_1_56' title="bbox 2181 2674 3314 2730; baseline -0.001 0"><span class='ocrx_word' id='word_1_356' title='bbox 2181 2693 2332 2730; x_wconf 79' lang='lat' dir='ltr'>mcus</span> <span class='ocrx_word' id='word_1_357' title='bbox 2360 2675 2565 2730; x_wconf 90' lang='lat' dir='ltr'>Divina</span> <span class='ocrx_word' id='word_1_358' title='bbox 2595 2674 2818 2728; x_wconf 88' lang='lat' dir='ltr'>favente</span> <span class='ocrx_word' id='word_1_359' title='bbox 2857 2674 3164 2728; x_wconf 90' lang='lat' dir='ltr'>clementia</span> <span class='ocrx_word' id='word_1_360' title='bbox 3193 2690 3314 2729; x_wconf 84' lang='lat' dir='ltr'>rex.</span> 
     </span>
    </p>
   </div>
   <div class='ocr_carea' id='block_1_57' title="bbox 2252 2761 3823 2818">
    <p class='ocr_par' dir='ltr' id='par_1_57' title="bbox 2252 2761 3823 2818">
     <span class='ocr_line' id='line_1_57' title="bbox 2252 2761 3823 2818; baseline -0.006 0"><span class='ocrx_word' id='word_1_361' title='bbox 2252 2764 2478 2818; x_wconf 86' lang='lat' dir='ltr'>Cunctis</span> <span class='ocrx_word' id='word_1_362' title='bbox 2533 2763 2744 2817; x_wconf 89' lang='lat' dir='ltr'>nostris</span> <span class='ocrx_word' id='word_1_363' title='bbox 2810 2762 3077 2816; x_wconf 89' lang='lat' dir='ltr'>ﬁdelibus</span> <span class='ocrx_word' id='word_1_364' title='bbox 3140 2767 3348 2815; x_wconf 90' lang='lat' dir='ltr'>notum</span> <span class='ocrx_word' id='word_1_365' title='bbox 3413 2778 3530 2816; x_wconf 84' lang='lat' dir='ltr'>esse</span> <span class='ocrx_word' id='word_1_366' title='bbox 3591 2761 3823 2817; x_wconf 78' lang='lat' dir='ltr'>volumus,</span> 
     </span>
    </p>
   </div>
   <div class='ocr_carea' id='block_1_58' title="bbox 2177 2850 3825 2924">
    <p class='ocr_par' dir='ltr' id='par_1_58' title="bbox 2177 2850 3825 2924">
     <span class='ocr_line' id='line_1_58' title="bbox 2177 2850 3825 2924; baseline -0.004 -18"><span class='ocrx_word' id='word_1_367' title='bbox 2177 2851 2557 2924; x_wconf 80' lang='lat' dir='ltr'>praesentibus</span> <span class='ocrx_word' id='word_1_368' title='bbox 2588 2851 2803 2905; x_wconf 88' lang='lat' dir='ltr'>scilicet</span> <span class='ocrx_word' id='word_1_369' title='bbox 2831 2856 3005 2922; x_wconf 89' lang='lat' dir='ltr'>atque</span> <span class='ocrx_word' id='word_1_370' title='bbox 3040 2851 3271 2918; x_wconf 89' lang='lat' dir='ltr'>futuris,</span> <span class='ocrx_word' id='word_1_371' title='bbox 3327 2851 3568 2920; x_wconf 88' lang='lat' dir='ltr'>qualiter</span> <span class='ocrx_word' id='word_1_372' title='bbox 3619 2865 3725 2913; x_wconf 80' lang='lat' dir='ltr'>nos,</span> <span class='ocrx_word' id='word_1_373' title='bbox 3771 2850 3825 2900; x_wconf 89' lang='lat' dir='ltr'>ob</span> 
     </span>
    </p>
   </div>
   <div class='ocr_carea' id='block_1_59' title="bbox 368 2937 3823 3012">
    <p class='ocr_par' dir='ltr' id='par_1_59' title="bbox 368 2937 3823 3012">
     <span class='ocr_line' id='line_1_59' title="bbox 368 2937 3823 3012; baseline -0.001 -18"><span class='ocrx_word' id='word_1_374' title='bbox 368 2941 715 2994; x_wconf 88' lang='lat' dir='ltr'>carnationis</span> <span class='ocrx_word' id='word_1_375' title='bbox 769 2939 1077 2994; x_wconf 89' lang='lat' dir='ltr'>millesimo</span> <span class='ocrx_word' id='word_1_376' title='bbox 1130 2940 1186 3001; x_wconf 84' lang='lat' dir='ltr'>X,</span> <span class='ocrx_word' id='word_1_377' title='bbox 1233 2954 1384 2992; x_wconf 89' lang='lat' dir='ltr'>anno</span> <span class='ocrx_word' id='word_1_378' title='bbox 1432 2955 1565 2993; x_wconf 84' lang='lat' dir='ltr'>vero</span> <span class='ocrx_word' id='word_1_379' title='bbox 1597 2939 1796 2994; x_wconf 91' lang='lat' dir='ltr'>domni</span> <span class='ocrx_word' id='word_1_380' title='bbox 1837 2940 2071 2995; x_wconf 91' lang='lat' dir='ltr'>secundi</span> <span class='ocrx_word' id='word_1_381' title='bbox 2101 2941 2140 2995; x_wconf 86' lang='lat' dir='ltr'><strong><em>C</em></strong></span> <span class='ocrx_word' id='word_1_382' title='bbox 2179 2941 2387 2995; x_wconf 66' lang='lat' dir='ltr'>anima:</span> <span class='ocrx_word' id='word_1_383' title='bbox 2436 2945 2649 2994; x_wconf 71' lang='lat' dir='ltr'>nostrae</span> <span class='ocrx_word' id='word_1_384' title='bbox 2691 2944 3140 3012; x_wconf 89' lang='lat' dir='ltr'>nostrorumque</span> <span class='ocrx_word' id='word_1_385' title='bbox 3198 2943 3503 3011; x_wconf 88' lang='lat' dir='ltr'>parentum</span> <span class='ocrx_word' id='word_1_386' title='bbox 3535 2937 3823 3000; x_wconf 80' lang='lat' dir='ltr'>remedium.</span> 
     </span>
    </p>
   </div>
   <div class='ocr_carea' id='block_1_60' title="bbox 373 3027 1095 3097">
    <p class='ocr_par' dir='ltr' id='par_1_60' title="bbox 373 3027 1095 3097">
     <span class='ocr_line' id='line_1_60' title="bbox 373 3027 1095 3097; baseline -0.006 -14"><span class='ocrx_word' id='word_1_387' title='bbox 373 3028 625 3084; x_wconf 86' lang='lat' dir='ltr'>Heinrici</span> <span class='ocrx_word' id='word_1_388' title='bbox 657 3027 950 3097; x_wconf 86' lang='lat' dir='ltr'>regnantis</span> <span class='ocrx_word' id='word_1_389' title='bbox 982 3043 1095 3080; x_wconf 84' lang='lat' dir='ltr'>vui.</span> 
     </span>
    </p>
   </div>
   <div class='ocr_carea' id='block_1_61' title="bbox 441 3115 1498 3186">
    <p class='ocr_par' dir='ltr' id='par_1_61' title="bbox 441 3115 1498 3186">
     <span class='ocr_line' id='line_1_61' title="bbox 441 3115 1498 3186; baseline -0.002 -14"><span class='ocrx_word' id='word_1_390' title='bbox 441 3121 641 3172; x_wconf 79' lang='lat' dir='ltr'>Actum</span> <span class='ocrx_word' id='word_1_391' title='bbox 675 3116 978 3186; x_wconf 70' lang='lat' dir='ltr'>Mogontia:</span> <span class='ocrx_word' id='word_1_392' title='bbox 1007 3115 1267 3169; x_wconf 88' lang='lat' dir='ltr'>feliciter.</span> <span class='ocrx_word' id='word_1_393' title='bbox 1293 3118 1498 3182; x_wconf 86' lang='lat' dir='ltr'>Amen,</span> 
     </span>
    </p>
   </div>
   <div class='ocr_carea' id='block_1_62' title="bbox 1154 3204 1310 3258">
    <p class='ocr_par' dir='ltr' id='par_1_62' title="bbox 1154 3204 1310 3258">
     <span class='ocr_line' id='line_1_62' title="bbox 1154 3204 1310 3258; baseline -0.006 0"><span class='ocrx_word' id='word_1_394' title='bbox 1154 3204 1310 3258; x_wconf 86' lang='lat' dir='ltr'><strong>LVII.</strong></span> 
     </span>
    </p>
   </div>
   <div class='ocr_carea' id='block_1_63' title="bbox 442 3291 1852 3363">
    <p class='ocr_par' dir='ltr' id='par_1_63' title="bbox 442 3291 1852 3363">
     <span class='ocr_line' id='line_1_63' title="bbox 442 3291 1852 3363; baseline -0.001 -15"><span class='ocrx_word' id='word_1_395' title='bbox 442 3294 499 3348; x_wconf 95' lang='lat' dir='ltr'>S.</span> <span class='ocrx_word' id='word_1_396' title='bbox 533 3295 751 3348; x_wconf 82' lang='lat' dir='ltr'>Henrici</span> <span class='ocrx_word' id='word_1_397' title='bbox 776 3293 1127 3363; x_wconf 82' lang='lat' dir='ltr'>privilegium</span> <span class='ocrx_word' id='word_1_398' title='bbox 1148 3307 1250 3361; x_wconf 83' lang='lat' dir='ltr'>pro</span> <span class='ocrx_word' id='word_1_399' title='bbox 1294 3293 1518 3346; x_wconf 73' lang='lat' dir='ltr'>ecclesia</span> <span class='ocrx_word' id='word_1_400' title='bbox 1541 3291 1852 3348; x_wconf 78' lang='lat' dir='ltr'>Altahensi.</span> 
     </span>
    </p>
   </div>
   <div class='ocr_carea' id='block_1_64' title="bbox 1015 3380 1418 3451">
    <p class='ocr_par' dir='ltr' id='par_1_64' title="bbox 1015 3380 1418 3451">
     <span class='ocr_line' id='line_1_64' title="bbox 1015 3380 1418 3451; baseline -0.002 -17"><span class='ocrx_word' id='word_1_401' title='bbox 1015 3380 1201 3450; x_wconf 87' lang='lat' dir='ltr'>(Anno</span> <span class='ocrx_word' id='word_1_402' title='bbox 1239 3380 1418 3451; x_wconf 85' lang='lat' dir='ltr'>lOtl.)</span> 
     </span>
    </p>
   </div>
   <div class='ocr_carea' id='block_1_65' title="bbox 552 3467 1887 3540">
    <p class='ocr_par' dir='ltr' id='par_1_65' title="bbox 552 3467 1887 3540">
     <span class='ocr_line' id='line_1_65' title="bbox 552 3467 1887 3540; baseline -0.002 -15"><span class='ocrx_word' id='word_1_403' title='bbox 552 3469 860 3540; x_wconf 65' lang='lat' dir='ltr'>[Ludewig</span> <span class='ocrx_word' id='word_1_404' title='bbox 905 3469 1085 3539; x_wconf 81' lang='lat' dir='ltr'>Scrip.</span> <span class='ocrx_word' id='word_1_405' title='bbox 1143 3485 1251 3523; x_wconf 78' lang='lat' dir='ltr'>rer.</span> <span class='ocrx_word' id='word_1_406' title='bbox 1287 3471 1494 3533; x_wconf 68' lang='lat' dir='ltr'>Germ,</span> <span class='ocrx_word' id='word_1_407' title='bbox 1550 3468 1594 3532; x_wconf 82' lang='grc' dir='ltr'>Ι,</span> <span class='ocrx_word' id='word_1_408' title='bbox 1637 3467 1887 3537; x_wconf 76' lang='lat'>335-36.]</span> 
     </span>
    </p>
   </div>
   <div class='ocr_carea' id='block_1_66' title="bbox 441 3556 2065 3616">
    <p class='ocr_par' dir='ltr' id='par_1_66' title="bbox 441 3556 2065 3616">
     <span class='ocr_line' id='line_1_66' title="bbox 441 3556 2065 3616; baseline -0.002 -3"><span class='ocrx_word' id='word_1_409' title='bbox 441 3561 504 3613; x_wconf 86' lang='lat' dir='ltr'><strong>In</strong></span> <span class='ocrx_word' id='word_1_410' title='bbox 539 3558 770 3613; x_wconf 89' lang='lat' dir='ltr'>nomine</span> <span class='ocrx_word' id='word_1_411' title='bbox 803 3564 1012 3612; x_wconf 80' lang='lat' dir='ltr'>sanctae</span> <span class='ocrx_word' id='word_1_412' title='bbox 1042 3562 1100 3612; x_wconf 91' lang='lat' dir='ltr'>et</span> <span class='ocrx_word' id='word_1_413' title='bbox 1147 3557 1463 3611; x_wconf 61' lang='lat' dir='ltr'>individua:</span> <span class='ocrx_word' id='word_1_414' title='bbox 1518 3556 1829 3616; x_wconf 86' lang='lat' dir='ltr'>Trinitatis.</span> <span class='ocrx_word' id='word_1_415' title='bbox 1898 3557 2065 3610; x_wconf 76' lang='lat' dir='ltr'>llam-</span> 
     </span>
    </p>
   </div>
   <div class='ocr_carea' id='block_1_67' title="bbox 371 3646 1474 3701">
    <p class='ocr_par' dir='ltr' id='par_1_67' title="bbox 371 3646 1474 3701">
     <span class='ocr_line' id='line_1_67' title="bbox 371 3646 1474 3701; baseline -0.003 0"><span class='ocrx_word' id='word_1_416' title='bbox 371 3661 522 3701; x_wconf 82' lang='lat' dir='ltr'>RICUS</span> <span class='ocrx_word' id='word_1_417' title='bbox 554 3647 745 3700; x_wconf 82' lang='lat' dir='ltr'>divina</span> <span class='ocrx_word' id='word_1_418' title='bbox 775 3646 997 3700; x_wconf 82' lang='lat' dir='ltr'>favente</span> <span class='ocrx_word' id='word_1_419' title='bbox 1019 3646 1323 3700; x_wconf 89' lang='lat' dir='ltr'>clementia</span> <span class='ocrx_word' id='word_1_420' title='bbox 1354 3662 1474 3699; x_wconf 85' lang='lat' dir='ltr'>rex.</span> 
     </span>
    </p>
   </div>
   <div class='ocr_carea' id='block_1_68' title="bbox 438 3733 2066 3806">
    <p class='ocr_par' dir='ltr' id='par_1_68' title="bbox 438 3733 2066 3806">
     <span class='ocr_line' id='line_1_68' title="bbox 438 3733 2066 3806; baseline -0.003 -16"><span class='ocrx_word' id='word_1_421' title='bbox 438 3735 495 3790; x_wconf 91' lang='lat' dir='ltr'>Si</span> <span class='ocrx_word' id='word_1_422' title='bbox 522 3735 654 3806; x_wconf 91' lang='lat' dir='ltr'>quid</span> <span class='ocrx_word' id='word_1_423' title='bbox 688 3752 793 3789; x_wconf 91' lang='lat' dir='ltr'>nos</span> <span class='ocrx_word' id='word_1_424' title='bbox 828 3735 1098 3789; x_wconf 83' lang='lat' dir='ltr'>Ecclesias</span> <span class='ocrx_word' id='word_1_425' title='bbox 1131 3735 1250 3800; x_wconf 91' lang='lat' dir='ltr'>Dei,</span> <span class='ocrx_word' id='word_1_426' title='bbox 1302 3735 1389 3788; x_wconf 85' lang='lat' dir='ltr'>vel</span> <span class='ocrx_word' id='word_1_427' title='bbox 1423 3734 1482 3788; x_wconf 93' lang='lat' dir='ltr'>in</span> <span class='ocrx_word' id='word_1_428' title='bbox 1539 3733 1753 3788; x_wconf 91' lang='lat' dir='ltr'>eisdem</span> <span class='ocrx_word' id='word_1_429' title='bbox 1811 3733 2066 3786; x_wconf 83' lang='lat' dir='ltr'>servien-</span> 
     </span>
    </p>
   </div>
   <div class='ocr_carea' id='block_1_69' title="bbox 367 3821 2064 3894">
    <p class='ocr_par' dir='ltr' id='par_1_69' title="bbox 367 3821 2064 3894">
     <span class='ocr_line' id='line_1_69' title="bbox 367 3821 2064 3894; baseline -0.003 -16"><span class='ocrx_word' id='word_1_430' title='bbox 367 3830 470 3892; x_wconf 87' lang='lat' dir='ltr'>tes,</span> <span class='ocrx_word' id='word_1_431' title='bbox 528 3825 598 3879; x_wconf 93' lang='lat' dir='ltr'>de</span> <span class='ocrx_word' id='word_1_432' title='bbox 651 3825 861 3879; x_wconf 89' lang='lat' dir='ltr'>nostris</span> <span class='ocrx_word' id='word_1_433' title='bbox 905 3825 1087 3878; x_wconf 90' lang='lat' dir='ltr'>ditare</span> <span class='ocrx_word' id='word_1_434' title='bbox 1157 3824 1567 3889; x_wconf 88' lang='lat' dir='ltr'>studuerimus,</span> <span class='ocrx_word' id='word_1_435' title='bbox 1635 3823 1831 3894; x_wconf 92' lang='lat' dir='ltr'>procul</span> <span class='ocrx_word' id='word_1_436' title='bbox 1888 3821 2064 3876; x_wconf 86' lang='lat' dir='ltr'>dubio</span> 
     </span>
    </p>
   </div>
   <div class='ocr_carea' id='block_1_70' title="bbox 369 3909 2066 3982">
    <p class='ocr_par' dir='ltr' id='par_1_70' title="bbox 369 3909 2066 3982">
     <span class='ocr_line' id='line_1_70' title="bbox 369 3909 2066 3982; baseline -0.002 -17"><span class='ocrx_word' id='word_1_437' title='bbox 369 3912 840 3966; x_wconf 71' lang='lat' dir='ltr'>immarcessmile</span> <span class='ocrx_word' id='word_1_438' title='bbox 873 3912 1174 3982; x_wconf 62' lang='lat' dir='ltr'>praemium</span> <span class='ocrx_word' id='word_1_439' title='bbox 1207 3911 1265 3965; x_wconf 93' lang='lat' dir='ltr'>in</span> <span class='ocrx_word' id='word_1_440' title='bbox 1317 3912 1508 3966; x_wconf 91' lang='lat' dir='ltr'>futuro</span> <span class='ocrx_word' id='word_1_441' title='bbox 1561 3925 1854 3982; x_wconf 91' lang='lat' dir='ltr'>capessere</span> <span class='ocrx_word' id='word_1_442' title='bbox 1887 3909 2066 3963; x_wconf 87' lang='lat' dir='ltr'>credi-</span> 
     </span>
    </p>
   </div>
   <div class='ocr_carea' id='block_1_71' title="bbox 365 3997 2066 4069">
    <p class='ocr_par' dir='ltr' id='par_1_71' title="bbox 365 3997 2066 4069">
     <span class='ocr_line' id='line_1_71' title="bbox 365 3997 2066 4069; baseline -0.002 -15"><span class='ocrx_word' id='word_1_443' title='bbox 365 4016 513 4056; x_wconf 86' lang='lat' dir='ltr'>mus.</span> <span class='ocrx_word' id='word_1_444' title='bbox 548 4000 670 4064; x_wconf 86' lang='lat' dir='ltr'>Qua</span> <span class='ocrx_word' id='word_1_445' title='bbox 719 4002 789 4055; x_wconf 94' lang='lat' dir='ltr'>de</span> <span class='ocrx_word' id='word_1_446' title='bbox 819 4017 880 4054; x_wconf 87' lang='lat' dir='ltr'>re</span> <span class='ocrx_word' id='word_1_447' title='bbox 911 4001 1128 4054; x_wconf 91' lang='lat' dir='ltr'>cunctis</span> <span class='ocrx_word' id='word_1_448' title='bbox 1156 4001 1424 4055; x_wconf 87' lang='lat' dir='ltr'>ﬁdelibus</span> <span class='ocrx_word' id='word_1_449' title='bbox 1472 4001 1700 4065; x_wconf 84' lang='lat' dir='ltr'>nostris,</span> <span class='ocrx_word' id='word_1_450' title='bbox 1761 3997 2066 4069; x_wconf 71' lang='lat' dir='ltr'>praesenti-</span> 
     </span>
    </p>
   </div>
   <div class='ocr_carea' id='block_1_72' title="bbox 365 4087 2068 4158">
    <p class='ocr_par' dir='ltr' id='par_1_72' title="bbox 365 4087 2068 4158">
     <span class='ocr_line' id='line_1_72' title="bbox 365 4087 2068 4158; baseline -0.002 -16"><span class='ocrx_word' id='word_1_451' title='bbox 365 4089 471 4142; x_wconf 89' lang='lat' dir='ltr'>bus</span> <span class='ocrx_word' id='word_1_452' title='bbox 501 4089 714 4142; x_wconf 88' lang='lat' dir='ltr'>scilicet</span> <span class='ocrx_word' id='word_1_453' title='bbox 741 4094 913 4158; x_wconf 88' lang='lat' dir='ltr'>atque</span> <span class='ocrx_word' id='word_1_454' title='bbox 944 4088 1171 4152; x_wconf 87' lang='lat' dir='ltr'>futuris,</span> <span class='ocrx_word' id='word_1_455' title='bbox 1206 4093 1407 4141; x_wconf 89' lang='lat' dir='ltr'>notum</span> <span class='ocrx_word' id='word_1_456' title='bbox 1461 4102 1583 4142; x_wconf 88' lang='lat' dir='ltr'>esse</span> <span class='ocrx_word' id='word_1_457' title='bbox 1625 4087 1892 4139; x_wconf 90' lang='lat' dir='ltr'>volumus</span> <span class='ocrx_word' id='word_1_458' title='bbox 1921 4101 2068 4156; x_wconf 85' lang='lat' dir='ltr'>qua-</span> 
     </span>
    </p>
   </div>
   <div class='ocr_carea' id='block_1_73' title="bbox 363 4173 2067 4245">
    <p class='ocr_par' dir='ltr' id='par_1_73' title="bbox 363 4173 2067 4245">
     <span class='ocr_line' id='line_1_73' title="bbox 363 4173 2067 4245; baseline -0.002 -15"><span class='ocrx_word' id='word_1_459' title='bbox 363 4175 497 4230; x_wconf 90' lang='lat' dir='ltr'>liter</span> <span class='ocrx_word' id='word_1_460' title='bbox 527 4193 655 4245; x_wconf 89' lang='lat' dir='ltr'>nos,</span> <span class='ocrx_word' id='word_1_461' title='bbox 718 4182 951 4231; x_wconf 64' lang='lat' dir='ltr'>aeternae</span> <span class='ocrx_word' id='word_1_462' title='bbox 1001 4176 1128 4230; x_wconf 61' lang='lat' dir='ltr'>vitae</span> <span class='ocrx_word' id='word_1_463' title='bbox 1185 4176 1467 4230; x_wconf 89' lang='lat' dir='ltr'>desiderio</span> <span class='ocrx_word' id='word_1_464' title='bbox 1533 4173 1894 4240; x_wconf 85' lang='lat' dir='ltr'>inﬂammati,</span> <span class='ocrx_word' id='word_1_465' title='bbox 1952 4179 2067 4227; x_wconf 88' lang='lat' dir='ltr'>tam</span> 
     </span>
    </p>
   </div>
   <div class='ocr_carea' id='block_1_74' title="bbox 365 4262 2071 4334">
    <p class='ocr_par' dir='ltr' id='par_1_74' title="bbox 365 4262 2071 4334">
     <span class='ocr_line' id='line_1_74' title="bbox 365 4262 2071 4334; baseline -0.001 -18"><span class='ocrx_word' id='word_1_466' title='bbox 365 4279 470 4334; x_wconf 91' lang='lat' dir='ltr'>pro</span> <span class='ocrx_word' id='word_1_467' title='bbox 509 4263 768 4317; x_wconf 84' lang='lat' dir='ltr'>remedio</span> <span class='ocrx_word' id='word_1_468' title='bbox 800 4262 1010 4317; x_wconf 70' lang='lat' dir='ltr'>animm</span> <span class='ocrx_word' id='word_1_469' title='bbox 1053 4267 1261 4316; x_wconf 69' lang='lat' dir='ltr'>nostra:</span> <span class='ocrx_word' id='word_1_470' title='bbox 1292 4279 1465 4332; x_wconf 88' lang='lat' dir='ltr'>quam</span> <span class='ocrx_word' id='word_1_471' title='bbox 1514 4266 1820 4332; x_wconf 87' lang='lat' dir='ltr'>parentum</span> <span class='ocrx_word' id='word_1_472' title='bbox 1851 4265 2071 4314; x_wconf 86' lang='lat' dir='ltr'>nostro-</span> 
     </span>
    </p>
   </div>
   <div class='ocr_carea' id='block_1_75' title="bbox 369 4349 2068 4417">
    <p class='ocr_par' dir='ltr' id='par_1_75' title="bbox 369 4349 2068 4417">
     <span class='ocr_line' id='line_1_75' title="bbox 369 4349 2068 4417; baseline -0.001 -13"><span class='ocrx_word' id='word_1_473' title='bbox 369 4367 519 4417; x_wconf 86' lang='lat' dir='ltr'>rum,</span> <span class='ocrx_word' id='word_1_474' title='bbox 555 4367 659 4404; x_wconf 85' lang='lat' dir='ltr'>nec</span> <span class='ocrx_word' id='word_1_475' title='bbox 690 4367 808 4404; x_wconf 92' lang='lat' dir='ltr'>non</span> <span class='ocrx_word' id='word_1_476' title='bbox 859 4357 916 4405; x_wconf 92' lang='lat' dir='ltr'>et</span> <span class='ocrx_word' id='word_1_477' title='bbox 953 4351 1280 4404; x_wconf 78' lang='lat' dir='ltr'>interventu</span> <span class='ocrx_word' id='word_1_478' title='bbox 1332 4351 1553 4404; x_wconf 64' lang='lat' dir='ltr'>dilectas</span> <span class='ocrx_word' id='word_1_479' title='bbox 1592 4349 1925 4404; x_wconf 88' lang='lat' dir='ltr'>contectalis</span> <span class='ocrx_word' id='word_1_480' title='bbox 1962 4365 2068 4403; x_wconf 88' lang='lat' dir='ltr'>no-</span> 
     </span>
    </p>
   </div>
   <div class='ocr_carea' id='block_1_76' title="bbox 367 4435 2068 4509">
    <p class='ocr_par' dir='ltr' id='par_1_76' title="bbox 367 4435 2068 4509">
     <span class='ocr_line' id='line_1_76' title="bbox 367 4435 2068 4509; baseline -0.002 -17"><span class='ocrx_word' id='word_1_481' title='bbox 367 4444 500 4493; x_wconf 65' lang='lat' dir='ltr'>stra:</span> <span class='ocrx_word' id='word_1_482' title='bbox 533 4437 961 4509; x_wconf 70' lang='lat' dir='ltr'>Chunegundce,</span> <span class='ocrx_word' id='word_1_483' title='bbox 1019 4441 1076 4490; x_wconf 92' lang='lat' dir='ltr'>et</span> <span class='ocrx_word' id='word_1_484' title='bbox 1105 4452 1210 4506; x_wconf 90' lang='lat' dir='ltr'>pro</span> <span class='ocrx_word' id='word_1_485' title='bbox 1266 4435 1458 4489; x_wconf 89' lang='lat' dir='ltr'>dilecti</span> <span class='ocrx_word' id='word_1_486' title='bbox 1509 4437 1832 4490; x_wconf 82' lang='lat' dir='ltr'>Altahensis</span> <span class='ocrx_word' id='word_1_487' title='bbox 1889 4436 2068 4490; x_wconf 86' lang='lat' dir='ltr'>Gode-</span> 
     </span>
    </p>
   </div>
   <div class='ocr_carea' id='block_1_77' title="bbox 365 4524 2061 4598">
    <p class='ocr_par' dir='ltr' id='par_1_77' title="bbox 365 4524 2061 4598">
     <span class='ocr_line' id='line_1_77' title="bbox 365 4524 2061 4598; baseline -0.003 -17"><span class='ocrx_word' id='word_1_488' title='bbox 365 4527 532 4582; x_wconf 90' lang='lat' dir='ltr'>hardi</span> <span class='ocrx_word' id='word_1_489' title='bbox 563 4526 888 4598; x_wconf 89' lang='lat' dir='ltr'>gratissimo</span> <span class='ocrx_word' id='word_1_490' title='bbox 939 4524 1238 4596; x_wconf 88' lang='lat' dir='ltr'>obsequio,</span> <span class='ocrx_word' id='word_1_491' title='bbox 1280 4524 1464 4578; x_wconf 91' lang='lat' dir='ltr'>eidem</span> <span class='ocrx_word' id='word_1_492' title='bbox 1502 4524 1759 4578; x_wconf 68' lang='lat' dir='ltr'>Ecclesiae</span> <span class='ocrx_word' id='word_1_493' title='bbox 1817 4525 1909 4578; x_wconf 90' lang='lat' dir='ltr'>cui</span> <span class='ocrx_word' id='word_1_494' title='bbox 1940 4525 2061 4594; x_wconf 89' lang='lat' dir='ltr'>ipse</span> 
     </span>
    </p>
   </div>
   <div class='ocr_carea' id='block_1_78' title="bbox 366 4613 2060 4687">
    <p class='ocr_par' dir='ltr' id='par_1_78' title="bbox 366 4613 2060 4687">
     <span class='ocr_line' id='line_1_78' title="bbox 366 4613 2060 4687; baseline -0.002 -17"><span class='ocrx_word' id='word_1_495' title='bbox 366 4631 608 4687; x_wconf 67' lang='lat' dir='ltr'>praeesse</span> <span class='ocrx_word' id='word_1_496' title='bbox 658 4615 902 4682; x_wconf 86' lang='lat' dir='ltr'>videtur,</span> <span class='ocrx_word' id='word_1_497' title='bbox 949 4614 1008 4668; x_wconf 92' lang='lat' dir='ltr'>in</span> <span class='ocrx_word' id='word_1_498' title='bbox 1049 4629 1218 4667; x_wconf 88' lang='lat' dir='ltr'>usum</span> <span class='ocrx_word' id='word_1_499' title='bbox 1273 4613 1691 4666; x_wconf 89' lang='lat' dir='ltr'>monachorum</span> <span class='ocrx_word' id='word_1_500' title='bbox 1748 4613 1890 4667; x_wconf 92' lang='lat' dir='ltr'>inibi</span> <span class='ocrx_word' id='word_1_501' title='bbox 1947 4615 2060 4667; x_wconf 92' lang='lat' dir='ltr'>Deo</span> 
     </span>
    </p>
   </div>
   <div class='ocr_carea' id='block_1_79' title="bbox 369 4701 2063 4772">
    <p class='ocr_par' dir='ltr' id='par_1_79' title="bbox 369 4701 2063 4772">
     <span class='ocr_line' id='line_1_79' title="bbox 369 4701 2063 4772; baseline -0.002 -13"><span class='ocrx_word' id='word_1_502' title='bbox 369 4703 798 4772; x_wconf 85' lang='lat' dir='ltr'>famulantium,</span> <span class='ocrx_word' id='word_1_503' title='bbox 832 4703 892 4758; x_wconf 92' lang='lat' dir='ltr'>in</span> <span class='ocrx_word' id='word_1_504' title='bbox 923 4703 1154 4757; x_wconf 87' lang='lat' dir='ltr'>marcha</span> <span class='ocrx_word' id='word_1_505' title='bbox 1209 4705 1266 4756; x_wconf 90' lang='lat' dir='ltr'>et</span> <span class='ocrx_word' id='word_1_506' title='bbox 1293 4701 1574 4756; x_wconf 87' lang='lat' dir='ltr'>comitatu</span> <span class='ocrx_word' id='word_1_507' title='bbox 1620 4701 1866 4755; x_wconf 83' lang='lat' dir='ltr'>Heinrici</span> <span class='ocrx_word' id='word_1_508' title='bbox 1917 4718 2063 4756; x_wconf 89' lang='lat' dir='ltr'>mar-</span> 
     </span>
    </p>
   </div>
   <div class='ocr_carea' id='block_1_80' title="bbox 365 4790 2061 4864">
    <p class='ocr_par' dir='ltr' id='par_1_80' title="bbox 365 4790 2061 4864">
     <span class='ocr_line' id='line_1_80' title="bbox 365 4790 2061 4864; baseline -0.002 -16"><span class='ocrx_word' id='word_1_509' title='bbox 365 4794 610 4861; x_wconf 88' lang='lat' dir='ltr'>chionis,</span> <span class='ocrx_word' id='word_1_510' title='bbox 646 4795 841 4848; x_wconf 93' lang='lat' dir='ltr'>decem</span> <span class='ocrx_word' id='word_1_511' title='bbox 873 4792 1093 4864; x_wconf 88' lang='lat' dir='ltr'>regales</span> <span class='ocrx_word' id='word_1_512' title='bbox 1127 4807 1377 4857; x_wconf 83' lang='lat' dir='ltr'>mansos,</span> <span class='ocrx_word' id='word_1_513' title='bbox 1411 4790 1562 4844; x_wconf 88' lang='lat' dir='ltr'>inter</span> <span class='ocrx_word' id='word_1_514' title='bbox 1620 4791 1724 4844; x_wconf 89' lang='lat' dir='ltr'>hos</span> <span class='ocrx_word' id='word_1_515' title='bbox 1786 4791 2061 4844; x_wconf 90' lang='lat' dir='ltr'>terminos</span> 
     </span>
    </p>
   </div>
   <div class='ocr_carea' id='block_1_81' title="bbox 363 4878 2062 4951">
    <p class='ocr_par' dir='ltr' id='par_1_81' title="bbox 363 4878 2062 4951">
     <span class='ocr_line' id='line_1_81' title="bbox 363 4878 2062 4951; baseline -0.003 -13"><span class='ocrx_word' id='word_1_516' title='bbox 363 4900 517 4949; x_wconf 91' lang='lat' dir='ltr'>suos,</span> <span class='ocrx_word' id='word_1_517' title='bbox 557 4883 690 4937; x_wconf 88' lang='lat' dir='ltr'>item</span> <span class='ocrx_word' id='word_1_518' title='bbox 731 4882 790 4936; x_wconf 92' lang='lat' dir='ltr'>in</span> <span class='ocrx_word' id='word_1_519' title='bbox 809 4881 1077 4936; x_wconf 89' lang='lat' dir='ltr'>orientali</span> <span class='ocrx_word' id='word_1_520' title='bbox 1108 4879 1279 4951; x_wconf 89' lang='lat' dir='ltr'>plaga</span> <span class='ocrx_word' id='word_1_521' title='bbox 1329 4879 1398 4933; x_wconf 92' lang='lat' dir='ltr'>de</span> <span class='ocrx_word' id='word_1_522' title='bbox 1446 4879 1543 4932; x_wconf 91' lang='lat' dir='ltr'>illo</span> <span class='ocrx_word' id='word_1_523' title='bbox 1573 4880 1717 4933; x_wconf 87' lang='lat' dir='ltr'>vallo</span> <span class='ocrx_word' id='word_1_524' title='bbox 1747 4881 1804 4931; x_wconf 89' lang='lat' dir='ltr'>et</span> <span class='ocrx_word' id='word_1_525' title='bbox 1843 4878 2062 4933; x_wconf 87' lang='lat' dir='ltr'>duabus</span> 
     </span>
    </p>
   </div>
   <div class='ocr_carea' id='block_1_82' title="bbox 361 4967 2062 5040">
    <p class='ocr_par' dir='ltr' id='par_1_82' title="bbox 361 4967 2062 5040">
     <span class='ocr_line' id='line_1_82' title="bbox 361 4967 2062 5040; baseline -0.004 -14"><span class='ocrx_word' id='word_1_526' title='bbox 361 4972 681 5037; x_wconf 88' lang='lat' dir='ltr'>arboribus,</span> <span class='ocrx_word' id='word_1_527' title='bbox 713 4971 884 5040; x_wconf 87' lang='lat' dir='ltr'>vulgo</span> <span class='ocrx_word' id='word_1_528' title='bbox 944 4970 1192 5024; x_wconf 81' lang='lat' dir='ltr'>Felevun</span> <span class='ocrx_word' id='word_1_529' title='bbox 1238 4968 1423 5035; x_wconf 90' lang='lat' dir='ltr'>dictis,</span> <span class='ocrx_word' id='word_1_530' title='bbox 1484 4967 1678 5021; x_wconf 89' lang='lat' dir='ltr'>subtus</span> <span class='ocrx_word' id='word_1_531' title='bbox 1715 4967 1910 5020; x_wconf 90' lang='lat' dir='ltr'>villam</span> <span class='ocrx_word' id='word_1_532' title='bbox 1949 4967 2062 5021; x_wconf 88' lang='lat' dir='ltr'>Ab-</span> 
     </span>
    </p>
   </div>
   <div class='ocr_carea' id='block_1_83' title="bbox 360 5055 2062 5136">
    <p class='ocr_par' dir='ltr' id='par_1_83' title="bbox 360 5055 2062 5136">
     <span class='ocr_line' id='line_1_83' title="bbox 360 5055 2062 5136; baseline -0.004 -21"><span class='ocrx_word' id='word_1_533' title='bbox 360 5060 550 5115; x_wconf 82' lang='lat' dir='ltr'>batorf</span> <span class='ocrx_word' id='word_1_534' title='bbox 573 5061 807 5136; x_wconf 83' lang='lat' dir='ltr'>dictam,</span> <span class='ocrx_word' id='word_1_535' title='bbox 843 5074 1024 5130; x_wconf 90' lang='lat' dir='ltr'>usque</span> <span class='ocrx_word' id='word_1_536' title='bbox 1081 5056 1317 5110; x_wconf 88' lang='lat' dir='ltr'>ﬂuvium</span> <span class='ocrx_word' id='word_1_537' title='bbox 1372 5055 1634 5123; x_wconf 87' lang='lat' dir='ltr'>Danubii,</span> <span class='ocrx_word' id='word_1_538' title='bbox 1671 5061 1727 5110; x_wconf 88' lang='lat' dir='ltr'>et</span> <span class='ocrx_word' id='word_1_539' title='bbox 1754 5055 1887 5109; x_wconf 89' lang='lat' dir='ltr'>inde</span> <span class='ocrx_word' id='word_1_540' title='bbox 1927 5071 2062 5109; x_wconf 87' lang='lat' dir='ltr'>rur-</span> 
     </span>
    </p>
   </div>
   <div class='ocr_carea' id='block_1_84' title="bbox 362 5144 2060 5216">
    <p class='ocr_par' dir='ltr' id='par_1_84' title="bbox 362 5144 2060 5216">
     <span class='ocr_line' id='line_1_84' title="bbox 362 5144 2060 5216; baseline -0.003 -15"><span class='ocrx_word' id='word_1_541' title='bbox 362 5165 490 5202; x_wconf 88' lang='lat' dir='ltr'>sum</span> <span class='ocrx_word' id='word_1_542' title='bbox 520 5149 581 5202; x_wconf 92' lang='lat' dir='ltr'>in</span> <span class='ocrx_word' id='word_1_543' title='bbox 637 5147 942 5204; x_wconf 89' lang='lat' dir='ltr'>latitudine</span> <span class='ocrx_word' id='word_1_544' title='bbox 991 5161 1172 5216; x_wconf 88' lang='lat' dir='ltr'>usque</span> <span class='ocrx_word' id='word_1_545' title='bbox 1230 5145 1291 5198; x_wconf 94' lang='lat' dir='ltr'>in</span> <span class='ocrx_word' id='word_1_546' title='bbox 1343 5144 1751 5198; x_wconf 88' lang='lat' dir='ltr'>occidentalem</span> <span class='ocrx_word' id='word_1_547' title='bbox 1811 5144 2060 5215; x_wconf 87' lang='lat' dir='ltr'>plagam,</span> 
     </span>
    </p>
   </div>
   <div class='ocr_carea' id='block_1_85' title="bbox 363 5231 2060 5303">
    <p class='ocr_par' dir='ltr' id='par_1_85' title="bbox 363 5231 2060 5303">
     <span class='ocr_line' id='line_1_85' title="bbox 363 5231 2060 5303; baseline -0.004 -13"><span class='ocrx_word' id='word_1_548' title='bbox 363 5236 431 5290; x_wconf 89' lang='lat' dir='ltr'>ad</span> <span class='ocrx_word' id='word_1_549' title='bbox 463 5236 772 5292; x_wconf 87' lang='lat' dir='ltr'>terminum</span> <span class='ocrx_word' id='word_1_550' title='bbox 797 5234 1103 5291; x_wconf 90' lang='lat' dir='ltr'>ministerii</span> <span class='ocrx_word' id='word_1_551' title='bbox 1142 5233 1450 5303; x_wconf 87' lang='lat' dir='ltr'>Sigimares</span> <span class='ocrx_word' id='word_1_552' title='bbox 1479 5232 1721 5297; x_wconf 90' lang='lat' dir='ltr'>Weride,</span> <span class='ocrx_word' id='word_1_553' title='bbox 1771 5232 1830 5286; x_wconf 93' lang='lat' dir='ltr'>in</span> <span class='ocrx_word' id='word_1_554' title='bbox 1875 5231 2060 5302; x_wconf 92' lang='lat' dir='ltr'>longi-</span> 
     </span>
    </p>
   </div>
   <div class='ocr_carea' id='block_1_86' title="bbox 364 5319 2062 5394">
    <p class='ocr_par' dir='ltr' id='par_1_86' title="bbox 364 5319 2062 5394">
     <span class='ocr_line' id='line_1_86' title="bbox 364 5319 2062 5394; baseline -0.004 -15"><span class='ocrx_word' id='word_1_555' title='bbox 364 5324 564 5380; x_wconf 90' lang='lat' dir='ltr'>tudine</span> <span class='ocrx_word' id='word_1_556' title='bbox 619 5340 774 5394; x_wconf 87' lang='lat' dir='ltr'>vero,</span> <span class='ocrx_word' id='word_1_557' title='bbox 841 5325 911 5379; x_wconf 89' lang='lat' dir='ltr'>de</span> <span class='ocrx_word' id='word_1_558' title='bbox 978 5322 1239 5378; x_wconf 89' lang='lat' dir='ltr'>Danubio</span> <span class='ocrx_word' id='word_1_559' title='bbox 1295 5336 1479 5393; x_wconf 89' lang='lat' dir='ltr'>usque</span> <span class='ocrx_word' id='word_1_560' title='bbox 1531 5321 1601 5375; x_wconf 88' lang='lat' dir='ltr'>ad</span> <span class='ocrx_word' id='word_1_561' title='bbox 1655 5319 1939 5390; x_wconf 86' lang='lat' dir='ltr'>Wagreim</span> <span class='ocrx_word' id='word_1_562' title='bbox 1992 5319 2062 5373; x_wconf 87' lang='lat' dir='ltr'>ad</span> 
     </span>
    </p>
   </div>
   <div class='ocr_carea' id='block_1_87' title="bbox 2176 3025 3822 3100">
    <p class='ocr_par' dir='ltr' id='par_1_87' title="bbox 2176 3025 3822 3100">
     <span class='ocr_line' id='line_1_87' title="bbox 2176 3025 3822 3100; baseline -0.005 -16"><span class='ocrx_word' id='word_1_563' title='bbox 2176 3035 2524 3100; x_wconf 63' lang='lat' dir='ltr'>aeternaeque</span> <span class='ocrx_word' id='word_1_564' title='bbox 2579 3028 2709 3082; x_wconf 67' lang='lat' dir='ltr'>vita:</span> <span class='ocrx_word' id='word_1_565' title='bbox 2744 3028 3114 3096; x_wconf 90' lang='lat' dir='ltr'>desiderium,</span> <span class='ocrx_word' id='word_1_566' title='bbox 3167 3027 3492 3082; x_wconf 87' lang='lat' dir='ltr'>interventu</span> <span class='ocrx_word' id='word_1_567' title='bbox 3527 3041 3728 3098; x_wconf 83' lang='lat' dir='ltr'>quoque</span> <span class='ocrx_word' id='word_1_568' title='bbox 3761 3025 3822 3077; x_wconf 92' lang='lat' dir='ltr'>di-</span> 
     </span>
    </p>
   </div>
   <div class='ocr_carea' id='block_1_88' title="bbox 2174 3113 3821 3183">
    <p class='ocr_par' dir='ltr' id='par_1_88' title="bbox 2174 3113 3821 3183">
     <span class='ocr_line' id='line_1_88' title="bbox 2174 3113 3821 3183; baseline -0.005 -10"><span class='ocrx_word' id='word_1_569' title='bbox 2174 3119 2304 3173; x_wconf 87' lang='lat' dir='ltr'>lecti</span> <span class='ocrx_word' id='word_1_570' title='bbox 2363 3118 2542 3172; x_wconf 89' lang='lat' dir='ltr'>nostri</span> <span class='ocrx_word' id='word_1_571' title='bbox 2595 3117 2936 3183; x_wconf 88' lang='lat' dir='ltr'>Godehardi,</span> <span class='ocrx_word' id='word_1_572' title='bbox 2987 3117 3208 3171; x_wconf 89' lang='lat' dir='ltr'>abbatis</span> <span class='ocrx_word' id='word_1_573' title='bbox 3254 3115 3606 3171; x_wconf 83' lang='lat' dir='ltr'>Altacbensis</span> <span class='ocrx_word' id='word_1_574' title='bbox 3651 3113 3821 3181; x_wconf 62' lang='lat' dir='ltr'>pradia</span> 
     </span>
    </p>
   </div>
   <div class='ocr_carea' id='block_1_89' title="bbox 2176 3200 3816 3279">
    <p class='ocr_par' dir='ltr' id='par_1_89' title="bbox 2176 3200 3816 3279">
     <span class='ocr_line' id='line_1_89' title="bbox 2176 3200 3816 3279; baseline -0.007 -17"><span class='ocrx_word' id='word_1_575' title='bbox 2176 3207 2442 3279; x_wconf 69' lang='lat' dir='ltr'>quaedam</span> <span class='ocrx_word' id='word_1_576' title='bbox 2501 3207 2794 3276; x_wconf 90' lang='lat' dir='ltr'>cujusdam</span> <span class='ocrx_word' id='word_1_577' title='bbox 2857 3206 3088 3260; x_wconf 87' lang='lat' dir='ltr'>artiﬁcis</span> <span class='ocrx_word' id='word_1_578' title='bbox 3171 3204 3525 3276; x_wconf 83' lang='lat' dir='ltr'>Perengarii,</span> <span class='ocrx_word' id='word_1_579' title='bbox 3606 3219 3717 3274; x_wconf 69' lang='lat' dir='ltr'>quia</span> <span class='ocrx_word' id='word_1_580' title='bbox 3768 3200 3816 3253; x_wconf 84' lang='lat' dir='ltr'>ad</span> 
     </span>
    </p>
   </div>
   <div class='ocr_carea' id='block_1_90' title="bbox 2176 3289 3820 3364">
    <p class='ocr_par' dir='ltr' id='par_1_90' title="bbox 2176 3289 3820 3364">
     <span class='ocr_line' id='line_1_90' title="bbox 2176 3289 3820 3364; baseline -0.005 -15"><span class='ocrx_word' id='word_1_581' title='bbox 2176 3294 2594 3349; x_wconf 88' lang='lat' dir='ltr'>monasterium</span> <span class='ocrx_word' id='word_1_582' title='bbox 2661 3295 2715 3348; x_wconf 89' lang='lat' dir='ltr'>S.</span> <span class='ocrx_word' id='word_1_583' title='bbox 2786 3293 3011 3358; x_wconf 89' lang='lat' dir='ltr'>Quirini</span> <span class='ocrx_word' id='word_1_584' title='bbox 3039 3294 3106 3348; x_wconf 85' lang='lat' dir='ltr'>M.</span> <span class='ocrx_word' id='word_1_585' title='bbox 3145 3294 3214 3348; x_wconf 90' lang='lat' dir='ltr'>ad</span> <span class='ocrx_word' id='word_1_586' title='bbox 3269 3295 3582 3364; x_wconf 88' lang='lat' dir='ltr'>Tegernsee</span> <span class='ocrx_word' id='word_1_587' title='bbox 3624 3289 3820 3363; x_wconf 89' lang='lat' dir='ltr'>pertine-</span> 
     </span>
    </p>
   </div>
   <div class='ocr_carea' id='block_1_91' title="bbox 2173 3377 3820 3454">
    <p class='ocr_par' dir='ltr' id='par_1_91' title="bbox 2173 3377 3820 3454">
     <span class='ocr_line' id='line_1_91' title="bbox 2173 3377 3820 3454; baseline -0.005 -17"><span class='ocrx_word' id='word_1_588' title='bbox 2173 3384 2330 3446; x_wconf 88' lang='lat' dir='ltr'>bant,</span> <span class='ocrx_word' id='word_1_589' title='bbox 2384 3400 2451 3438; x_wconf 91' lang='lat' dir='ltr'>eo</span> <span class='ocrx_word' id='word_1_590' title='bbox 2501 3382 2651 3454; x_wconf 90' lang='lat' dir='ltr'>quod</span> <span class='ocrx_word' id='word_1_591' title='bbox 2711 3383 2863 3437; x_wconf 92' lang='lat' dir='ltr'>idem</span> <span class='ocrx_word' id='word_1_592' title='bbox 2914 3398 3108 3435; x_wconf 77' lang='lat' dir='ltr'>servus</span> <span class='ocrx_word' id='word_1_593' title='bbox 3181 3382 3444 3453; x_wconf 88' lang='lat' dir='ltr'>ejusdem</span> <span class='ocrx_word' id='word_1_594' title='bbox 3496 3387 3633 3436; x_wconf 88' lang='lat' dir='ltr'>esset</span> <span class='ocrx_word' id='word_1_595' title='bbox 3681 3377 3820 3431; x_wconf 84' lang='lat' dir='ltr'>Eccle-</span> 
     </span>
    </p>
   </div>
   <div class='ocr_carea' id='block_1_92' title="bbox 2177 3470 3818 3541">
    <p class='ocr_par' dir='ltr' id='par_1_92' title="bbox 2177 3470 3818 3541">
     <span class='ocr_line' id='line_1_92' title="bbox 2177 3470 3818 3541; baseline -0.006 -15"><span class='ocrx_word' id='word_1_596' title='bbox 2177 3472 2296 3537; x_wconf 69' lang='lat' dir='ltr'>siae,</span> <span class='ocrx_word' id='word_1_597' title='bbox 2357 3471 2425 3525; x_wconf 90' lang='lat' dir='ltr'>ab</span> <span class='ocrx_word' id='word_1_598' title='bbox 2506 3473 2853 3541; x_wconf 86' lang='lat' dir='ltr'>Imperatore</span> <span class='ocrx_word' id='word_1_599' title='bbox 2944 3470 3175 3537; x_wconf 89' lang='lat' dir='ltr'>Ottonc,</span> <span class='ocrx_word' id='word_1_600' title='bbox 3265 3476 3463 3525; x_wconf 87' lang='lat' dir='ltr'>nostro</span> <span class='ocrx_word' id='word_1_601' title='bbox 3524 3474 3818 3524; x_wconf 78' lang='lat' dir='ltr'>antecessore</span> 
     </span>
    </p>
   </div>
   <div class='ocr_carea' id='block_1_93' title="bbox 2175 3558 3818 3630">
    <p class='ocr_par' dir='ltr' id='par_1_93' title="bbox 2175 3558 3818 3630">
     <span class='ocr_line' id='line_1_93' title="bbox 2175 3558 3818 3630; baseline -0.005 -16"><span class='ocrx_word' id='word_1_602' title='bbox 2175 3561 2232 3614; x_wconf 91' lang='lat' dir='ltr'>in</span> <span class='ocrx_word' id='word_1_603' title='bbox 2291 3560 2524 3615; x_wconf 76' lang='lat' dir='ltr'>Francia</span> <span class='ocrx_word' id='word_1_604' title='bbox 2574 3564 2630 3613; x_wconf 88' lang='lat' dir='ltr'>et</span> <span class='ocrx_word' id='word_1_605' title='bbox 2697 3559 2756 3614; x_wconf 92' lang='lat' dir='ltr'>in</span> <span class='ocrx_word' id='word_1_606' title='bbox 2825 3559 3101 3630; x_wconf 89' lang='lat' dir='ltr'>Turingia</span> <span class='ocrx_word' id='word_1_607' title='bbox 3159 3559 3269 3613; x_wconf 91' lang='lat' dir='ltr'>sibi</span> <span class='ocrx_word' id='word_1_608' title='bbox 3324 3575 3582 3613; x_wconf 89' lang='lat' dir='ltr'>concessa</span> <span class='ocrx_word' id='word_1_609' title='bbox 3635 3558 3688 3611; x_wconf 90' lang='lat' dir='ltr'>in</span> <span class='ocrx_word' id='word_1_610' title='bbox 3739 3569 3818 3607; x_wconf 90' lang='lat' dir='ltr'>no-</span> 
     </span>
    </p>
   </div>
   <div class='ocr_carea' id='block_1_94' title="bbox 2177 3643 3818 3718">
    <p class='ocr_par' dir='ltr' id='par_1_94' title="bbox 2177 3643 3818 3718">
     <span class='ocr_line' id='line_1_94' title="bbox 2177 3643 3818 3718; baseline -0.005 -16"><span class='ocrx_word' id='word_1_611' title='bbox 2177 3653 2358 3702; x_wconf 89' lang='lat' dir='ltr'>strum</span> <span class='ocrx_word' id='word_1_612' title='bbox 2386 3650 2480 3718; x_wconf 89' lang='lat' dir='ltr'>jus</span> <span class='ocrx_word' id='word_1_613' title='bbox 2511 3647 2853 3702; x_wconf 88' lang='lat' dir='ltr'>cambiendo</span> <span class='ocrx_word' id='word_1_614' title='bbox 2885 3648 3196 3718; x_wconf 86' lang='lat' dir='ltr'>recipimus</span> <span class='ocrx_word' id='word_1_615' title='bbox 3228 3665 3240 3702; x_wconf 92' lang='lat'>:</span> <span class='ocrx_word' id='word_1_616' title='bbox 3286 3656 3518 3702; x_wconf 84' lang='lat' dir='ltr'>econtra</span> <span class='ocrx_word' id='word_1_617' title='bbox 3569 3662 3687 3700; x_wconf 88' lang='lat' dir='ltr'>vero</span> <span class='ocrx_word' id='word_1_618' title='bbox 3709 3643 3818 3696; x_wconf 86' lang='lat' dir='ltr'>ultra</span> 
     </span>
    </p>
   </div>
   <div class='ocr_carea' id='block_1_95' title="bbox 2179 3730 3814 3790">
    <p class='ocr_par' dir='ltr' id='par_1_95' title="bbox 2179 3730 3814 3790">
     <span class='ocr_line' id='line_1_95' title="bbox 2179 3730 3814 3790; baseline -0.007 0"><span class='ocrx_word' id='word_1_619' title='bbox 2179 3737 2414 3790; x_wconf 77' lang='lat' dir='ltr'>[luvium</span> <span class='ocrx_word' id='word_1_620' title='bbox 2460 3735 2681 3790; x_wconf 83' lang='lat' dir='ltr'>Ainzim</span> <span class='ocrx_word' id='word_1_621' title='bbox 2714 3734 2774 3789; x_wconf 90' lang='lat' dir='ltr'>in</span> <span class='ocrx_word' id='word_1_622' title='bbox 2833 3736 3107 3790; x_wconf 89' lang='lat' dir='ltr'>comitatu</span> <span class='ocrx_word' id='word_1_623' title='bbox 3168 3737 3400 3790; x_wconf 86' lang='lat' dir='ltr'>Henrici</span> <span class='ocrx_word' id='word_1_624' title='bbox 3445 3731 3754 3789; x_wconf 86' lang='lat' dir='ltr'>marchionis</span> <span class='ocrx_word' id='word_1_625' title='bbox 3775 3730 3814 3781; x_wconf 90' lang='lat' dir='ltr'>in</span> 
     </span>
    </p>
   </div>
   <div class='ocr_carea' id='block_1_96' title="bbox 2181 3818 3815 3897">
    <p class='ocr_par' dir='ltr' id='par_1_96' title="bbox 2181 3818 3815 3897">
     <span class='ocr_line' id='line_1_96' title="bbox 2181 3818 3815 3897; baseline -0.004 -17"><span class='ocrx_word' id='word_1_626' title='bbox 2181 3838 2505 3897; x_wconf 82' lang='lat' dir='ltr'>opportuno</span> <span class='ocrx_word' id='word_1_627' title='bbox 2546 3826 2669 3878; x_wconf 91' lang='lat' dir='ltr'>loco</span> <span class='ocrx_word' id='word_1_628' title='bbox 2713 3825 2877 3894; x_wconf 84' lang='lat' dir='ltr'>juxta</span> <span class='ocrx_word' id='word_1_629' title='bbox 2937 3825 3221 3894; x_wconf 74' lang='lat' dir='ltr'>praedium</span> <span class='ocrx_word' id='word_1_630' title='bbox 3272 3826 3529 3896; x_wconf 83' lang='lat' dir='ltr'>ejusdem</span> <span class='ocrx_word' id='word_1_631' title='bbox 3593 3818 3815 3878; x_wconf 69' lang='lat' dir='ltr'>Ecclesia.</span> 
     </span>
    </p>
   </div>
   <div class='ocr_carea' id='block_1_97' title="bbox 2179 3907 3818 3984">
    <p class='ocr_par' dir='ltr' id='par_1_97' title="bbox 2179 3907 3818 3984">
     <span class='ocr_line' id='line_1_97' title="bbox 2179 3907 3818 3984; baseline -0.007 -18"><span class='ocrx_word' id='word_1_632' title='bbox 2179 3913 2534 3968; x_wconf 88' lang='lat' dir='ltr'>Creberbach</span> <span class='ocrx_word' id='word_1_633' title='bbox 2569 3913 2810 3977; x_wconf 90' lang='lat' dir='ltr'>dictum,</span> <span class='ocrx_word' id='word_1_634' title='bbox 2843 3913 2900 3966; x_wconf 92' lang='lat' dir='ltr'>in</span> <span class='ocrx_word' id='word_1_635' title='bbox 2935 3913 3250 3967; x_wconf 88' lang='lat' dir='ltr'>meridiana</span> <span class='ocrx_word' id='word_1_636' title='bbox 3279 3915 3454 3984; x_wconf 87' lang='lat' dir='ltr'>plaga</span> <span class='ocrx_word' id='word_1_637' title='bbox 3492 3907 3818 3982; x_wconf 80' lang='lat' dir='ltr'>interjacentis</span> 
     </span>
    </p>
   </div>
   <div class='ocr_carea' id='block_1_98' title="bbox 2178 4001 3817 4072">
    <p class='ocr_par' dir='ltr' id='par_1_98' title="bbox 2178 4001 3817 4072">
     <span class='ocr_line' id='line_1_98' title="bbox 2178 4001 3817 4072; baseline -0.004 -17"><span class='ocrx_word' id='word_1_638' title='bbox 2178 4006 2366 4056; x_wconf 63' lang='lat' dir='ltr'>stratas</span> <span class='ocrx_word' id='word_1_639' title='bbox 2398 4001 2663 4072; x_wconf 66' lang='lat' dir='ltr'>publicaa,</span> <span class='ocrx_word' id='word_1_640' title='bbox 2720 4017 2850 4072; x_wconf 62' lang='lat' dir='ltr'>qua:</span> <span class='ocrx_word' id='word_1_641' title='bbox 2880 4003 3330 4056; x_wconf 83' lang='lat' dir='ltr'>Hochenstrassa</span> <span class='ocrx_word' id='word_1_642' title='bbox 3375 4003 3541 4072; x_wconf 86' lang='lat' dir='ltr'>vulgo</span> <span class='ocrx_word' id='word_1_643' title='bbox 3579 4010 3817 4065; x_wconf 45' lang='lat' dir='ltr'>nuncupa.</span> 
     </span>
    </p>
   </div>
   <div class='ocr_carea' id='block_1_99' title="bbox 2178 4084 3818 4159">
    <p class='ocr_par' dir='ltr' id='par_1_99' title="bbox 2178 4084 3818 4159">
     <span class='ocr_line' id='line_1_99' title="bbox 2178 4084 3818 4159; baseline -0.005 -15"><span class='ocrx_word' id='word_1_644' title='bbox 2178 4094 2289 4154; x_wconf 88' lang='lat' dir='ltr'>tur,</span> <span class='ocrx_word' id='word_1_645' title='bbox 2325 4096 2547 4159; x_wconf 86' lang='lat' dir='ltr'>partem</span> <span class='ocrx_word' id='word_1_646' title='bbox 2592 4089 2769 4156; x_wconf 67' lang='lat' dir='ltr'>silvm,</span> <span class='ocrx_word' id='word_1_647' title='bbox 2832 4089 3122 4144; x_wconf 82' lang='lat' dir='ltr'>Enisiwalt</span> <span class='ocrx_word' id='word_1_648' title='bbox 3177 4090 3371 4157; x_wconf 77' lang='lat' dir='ltr'>dictae,</span> <span class='ocrx_word' id='word_1_649' title='bbox 3425 4091 3596 4144; x_wconf 88' lang='lat' dir='ltr'>hobas</span> <span class='ocrx_word' id='word_1_650' title='bbox 3646 4084 3818 4154; x_wconf 50' lang='lat' dir='ltr'>regales</span> 
     </span>
    </p>
   </div>
   <div class='ocr_carea' id='block_1_100' title="bbox 2178 4170 3818 4249">
    <p class='ocr_par' dir='ltr' id='par_1_100' title="bbox 2178 4170 3818 4249">
     <span class='ocr_line' id='line_1_100' title="bbox 2178 4170 3818 4249; baseline -0.005 -19"><span class='ocrx_word' id='word_1_651' title='bbox 2178 4177 2474 4248; x_wconf 82' lang='lat' dir='ltr'>sexaginta</span> <span class='ocrx_word' id='word_1_652' title='bbox 2526 4178 2595 4231; x_wconf 91' lang='lat' dir='ltr'>ad</span> <span class='ocrx_word' id='word_1_653' title='bbox 2651 4179 3040 4249; x_wconf 89' lang='lat' dir='ltr'>supradictum</span> <span class='ocrx_word' id='word_1_654' title='bbox 3092 4180 3424 4234; x_wconf 65' lang='lat' dir='ltr'>coenobium</span> <span class='ocrx_word' id='word_1_655' title='bbox 3465 4170 3818 4248; x_wconf 86' lang='lat' dir='ltr'>Tegernseein</span> 
     </span>
    </p>
   </div>
   <div class='ocr_carea' id='block_1_101' title="bbox 2180 4266 3820 4331">
    <p class='ocr_par' dir='ltr' id='par_1_101' title="bbox 2180 4266 3820 4331">
     <span class='ocr_line' id='line_1_101' title="bbox 2180 4266 3820 4331; baseline 0 -13"><span class='ocrx_word' id='word_1_656' title='bbox 2180 4281 2350 4318; x_wconf 89' lang='lat' dir='ltr'>usum</span> <span class='ocrx_word' id='word_1_657' title='bbox 2408 4266 2821 4321; x_wconf 86' lang='lat' dir='ltr'>monachorum</span> <span class='ocrx_word' id='word_1_658' title='bbox 2900 4267 3044 4321; x_wconf 91' lang='lat' dir='ltr'>inibi</span> <span class='ocrx_word' id='word_1_659' title='bbox 3117 4268 3232 4322; x_wconf 93' lang='lat' dir='ltr'>Deo</span> <span class='ocrx_word' id='word_1_660' title='bbox 3310 4267 3820 4331; x_wconf 73' lang='lat' dir='ltr'>famulantium,per</span> 
     </span>
    </p>
   </div>
   <div class='ocr_carea' id='block_1_102' title="bbox 2178 4346 3817 4426">
    <p class='ocr_par' dir='ltr' id='par_1_102' title="bbox 2178 4346 3817 4426">
     <span class='ocr_line' id='line_1_102' title="bbox 2178 4346 3817 4426; baseline 0 -19"><span class='ocrx_word' id='word_1_661' title='bbox 2178 4353 2327 4407; x_wconf 90' lang='lat' dir='ltr'>hanc</span> <span class='ocrx_word' id='word_1_662' title='bbox 2381 4353 2562 4408; x_wconf 89' lang='lat' dir='ltr'>nostri</span> <span class='ocrx_word' id='word_1_663' title='bbox 2634 4355 2906 4426; x_wconf 55' lang='lat' dir='ltr'>praecepti</span> <span class='ocrx_word' id='word_1_664' title='bbox 2956 4355 3231 4426; x_wconf 86' lang='lat' dir='ltr'>paginam</span> <span class='ocrx_word' id='word_1_665' title='bbox 3271 4357 3652 4414; x_wconf 91' lang='lat' dir='ltr'>concedimus,</span> <span class='ocrx_word' id='word_1_666' title='bbox 3682 4355 3728 4404; x_wconf 76' lang='lat' dir='ltr'>et</span> <span class='ocrx_word' id='word_1_667' title='bbox 3767 4346 3817 4398; x_wconf 67' lang='lat' dir='ltr'>d9-</span> 
     </span>
    </p>
   </div>
   <div class='ocr_carea' id='block_1_103' title="bbox 2178 4429 3818 4507">
    <p class='ocr_par' dir='ltr' id='par_1_103' title="bbox 2178 4429 3818 4507">
     <span class='ocr_line' id='line_1_103' title="bbox 2178 4429 3818 4507; baseline -0.006 -17"><span class='ocrx_word' id='word_1_668' title='bbox 2178 4438 2518 4506; x_wconf 89' lang='lat' dir='ltr'>nostrojure</span> <span class='ocrx_word' id='word_1_669' title='bbox 2549 4436 2716 4507; x_wconf 91' lang='lat' dir='ltr'>injus</span> <span class='ocrx_word' id='word_1_670' title='bbox 2731 4455 2793 4492; x_wconf 85' lang='lat' dir='ltr'>ac</span> <span class='ocrx_word' id='word_1_671' title='bbox 2819 4438 3142 4492; x_wconf 91' lang='lat' dir='ltr'>dominium</span> <span class='ocrx_word' id='word_1_672' title='bbox 3172 4454 3398 4505; x_wconf 89' lang='lat' dir='ltr'>eorum,</span> <span class='ocrx_word' id='word_1_673' title='bbox 3434 4453 3561 4491; x_wconf 90' lang='lat' dir='ltr'>cum</span> <span class='ocrx_word' id='word_1_674' title='bbox 3605 4429 3818 4487; x_wconf 71' lang='lat' dir='ltr'>omnibus</span> 
     </span>
    </p>
   </div>
   <div class='ocr_carea' id='block_1_104' title="bbox 2173 4520 3817 4598">
    <p class='ocr_par' dir='ltr' id='par_1_104' title="bbox 2173 4520 3817 4598">
     <span class='ocr_line' id='line_1_104' title="bbox 2173 4520 3817 4598; baseline -0.004 -18"><span class='ocrx_word' id='word_1_675' title='bbox 2173 4525 2517 4580; x_wconf 87' lang='lat' dir='ltr'>utensilibus</span> <span class='ocrx_word' id='word_1_676' title='bbox 2595 4542 2724 4596; x_wconf 72' lang='lat' dir='ltr'>quae.</span> <span class='ocrx_word' id='word_1_677' title='bbox 2773 4527 2852 4581; x_wconf 87' lang='lat' dir='ltr'>ibi</span> <span class='ocrx_word' id='word_1_678' title='bbox 2907 4527 3153 4581; x_wconf 86' lang='lat' dir='ltr'>inveniri</span> <span class='ocrx_word' id='word_1_679' title='bbox 3222 4528 3310 4581; x_wconf 88' lang='lat' dir='ltr'>vel</span> <span class='ocrx_word' id='word_1_680' title='bbox 3375 4525 3554 4598; x_wconf 88' lang='lat' dir='ltr'>aptari</span> <span class='ocrx_word' id='word_1_681' title='bbox 3609 4520 3817 4592; x_wconf 55' lang='lat' dir='ltr'>possunt.</span> 
     </span>
    </p>
   </div>
   <div class='ocr_carea' id='block_1_105' title="bbox 2174 4609 3817 4686">
    <p class='ocr_par' dir='ltr' id='par_1_105' title="bbox 2174 4609 3817 4686">
     <span class='ocr_line' id='line_1_105' title="bbox 2174 4609 3817 4686; baseline -0.002 -18"><span class='ocrx_word' id='word_1_682' title='bbox 2174 4631 2408 4686; x_wconf 90' lang='lat' dir='ltr'>prorsus</span> <span class='ocrx_word' id='word_1_683' title='bbox 2434 4615 2908 4682; x_wconf 87' lang='lat' dir='ltr'>transfundimus,</span> <span class='ocrx_word' id='word_1_684' title='bbox 2947 4621 3002 4670; x_wconf 92' lang='lat' dir='ltr'>et</span> <span class='ocrx_word' id='word_1_685' title='bbox 3033 4616 3080 4670; x_wconf 93' lang='lat' dir='ltr'>si</span> <span class='ocrx_word' id='word_1_686' title='bbox 3107 4615 3188 4671; x_wconf 92' lang='lat' dir='ltr'>ibi</span> <span class='ocrx_word' id='word_1_687' title='bbox 3215 4615 3275 4670; x_wconf 91' lang='lat' dir='ltr'>in</span> <span class='ocrx_word' id='word_1_688' title='bbox 3307 4615 3591 4686; x_wconf 88' lang='lat' dir='ltr'>integrum</span> <span class='ocrx_word' id='word_1_689' title='bbox 3624 4609 3817 4665; x_wconf 61' lang='lat' dir='ltr'>inventi?</span> 
     </span>
    </p>
   </div>
   <div class='ocr_carea' id='block_1_106' title="bbox 2174 4703 3819 4775">
    <p class='ocr_par' dir='ltr' id='par_1_106' title="bbox 2174 4703 3819 4775">
     <span class='ocr_line' id='line_1_106' title="bbox 2174 4703 3819 4775; baseline -0.005 -18"><span class='ocrx_word' id='word_1_690' title='bbox 2174 4719 2294 4758; x_wconf 92' lang='lat' dir='ltr'>non</span> <span class='ocrx_word' id='word_1_691' title='bbox 2323 4703 2556 4770; x_wconf 89' lang='lat' dir='ltr'>fuerint,</span> <span class='ocrx_word' id='word_1_692' title='bbox 2593 4704 2655 4757; x_wconf 90' lang='lat' dir='ltr'>in</span> <span class='ocrx_word' id='word_1_693' title='bbox 2682 4704 2946 4773; x_wconf 81' lang='lat' dir='ltr'>proximo</span> <span class='ocrx_word' id='word_1_694' title='bbox 2975 4705 3099 4758; x_wconf 92' lang='lat' dir='ltr'>loco</span> <span class='ocrx_word' id='word_1_695' title='bbox 3133 4709 3332 4759; x_wconf 90' lang='lat' dir='ltr'>nostro</span> <span class='ocrx_word' id='word_1_696' title='bbox 3375 4704 3742 4775; x_wconf 86' lang='lat' dir='ltr'>suppleantur,</span> <span class='ocrx_word' id='word_1_697' title='bbox 3771 4707 3819 4745; x_wconf 84' lang='lat' dir='ltr'>e0</span> 
     </span>
    </p>
   </div>
   <div class='ocr_carea' id='block_1_107' title="bbox 2174 4781 3818 4848">
    <p class='ocr_par' dir='ltr' id='par_1_107' title="bbox 2174 4781 3818 4848">
     <span class='ocr_line' id='line_1_107' title="bbox 2174 4781 3818 4848; baseline -0.008 -3"><span class='ocrx_word' id='word_1_698' title='bbox 2174 4791 2440 4845; x_wconf 91' lang='lat' dir='ltr'>videlicet</span> <span class='ocrx_word' id='word_1_699' title='bbox 2468 4796 2669 4846; x_wconf 90' lang='lat' dir='ltr'>tenore</span> <span class='ocrx_word' id='word_1_700' title='bbox 2713 4795 2775 4845; x_wconf 91' lang='lat' dir='ltr'>ut</span> <span class='ocrx_word' id='word_1_701' title='bbox 2827 4791 2981 4846; x_wconf 89' lang='lat' dir='ltr'>illius</span> <span class='ocrx_word' id='word_1_702' title='bbox 3029 4792 3139 4846; x_wconf 89' lang='lat' dir='ltr'>loci</span> <span class='ocrx_word' id='word_1_703' title='bbox 3196 4793 3432 4848; x_wconf 89' lang='lat' dir='ltr'>abbates</span> <span class='ocrx_word' id='word_1_704' title='bbox 3495 4787 3677 4845; x_wconf 83' lang='lat' dir='ltr'>exinde</span> <span class='ocrx_word' id='word_1_705' title='bbox 3713 4781 3818 4838; x_wconf 87' lang='lat' dir='ltr'>libe-</span> 
     </span>
    </p>
   </div>
   <div class='ocr_carea' id='block_1_108' title="bbox 2175 4879 3821 4949">
    <p class='ocr_par' dir='ltr' id='par_1_108' title="bbox 2175 4879 3821 4949">
     <span class='ocr_line' id='line_1_108' title="bbox 2175 4879 3821 4949; baseline -0.007 -17"><span class='ocrx_word' id='word_1_706' title='bbox 2175 4895 2299 4934; x_wconf 89' lang='lat' dir='ltr'>ram</span> <span class='ocrx_word' id='word_1_707' title='bbox 2330 4879 2578 4933; x_wconf 87' lang='lat' dir='ltr'>habeant</span> <span class='ocrx_word' id='word_1_708' title='bbox 2631 4884 2972 4949; x_wconf 85' lang='lat' dir='ltr'>potestatem</span> <span class='ocrx_word' id='word_1_709' title='bbox 3001 4879 3062 4934; x_wconf 92' lang='lat' dir='ltr'>in</span> <span class='ocrx_word' id='word_1_710' title='bbox 3092 4896 3261 4935; x_wconf 88' lang='lat' dir='ltr'>usum</span> <span class='ocrx_word' id='word_1_711' title='bbox 3321 4880 3625 4936; x_wconf 88' lang='lat' dir='ltr'>eorundem</span> <span class='ocrx_word' id='word_1_712' title='bbox 3661 4884 3821 4945; x_wconf 41' lang='lat' dir='ltr'>,mona-</span> 
     </span>
    </p>
   </div>
   <div class='ocr_carea' id='block_1_109' title="bbox 2176 4964 3822 5041">
    <p class='ocr_par' dir='ltr' id='par_1_109' title="bbox 2176 4964 3822 5041">
     <span class='ocr_line' id='line_1_109' title="bbox 2176 4964 3822 5041; baseline -0.001 -21"><span class='ocrx_word' id='word_1_713' title='bbox 2176 4968 2438 5030; x_wconf 89' lang='lat' dir='ltr'>chorum,</span> <span class='ocrx_word' id='word_1_714' title='bbox 2486 4967 2762 5038; x_wconf 85' lang='lat' dir='ltr'>quicquid</span> <span class='ocrx_word' id='word_1_715' title='bbox 2813 4967 2894 5021; x_wconf 91' lang='lat' dir='ltr'>eis</span> <span class='ocrx_word' id='word_1_716' title='bbox 2949 4967 3080 5023; x_wconf 89' lang='lat' dir='ltr'>inde</span> <span class='ocrx_word' id='word_1_717' title='bbox 3129 4969 3372 5025; x_wconf 88' lang='lat' dir='ltr'>faciendi</span> <span class='ocrx_word' id='word_1_718' title='bbox 3405 4964 3687 5041; x_wconf 87' lang='lat' dir='ltr'>placuerit,</span> <span class='ocrx_word' id='word_1_719' title='bbox 3729 4972 3822 5013; x_wconf 81' lang='lat' dir='ltr'>0m-</span> 
     </span>
    </p>
   </div>
   <div class='ocr_carea' id='block_1_110' title="bbox 2177 5055 3430 5113">
    <p class='ocr_par' dir='ltr' id='par_1_110' title="bbox 2177 5055 3430 5113">
     <span class='ocr_line' id='line_1_110' title="bbox 2177 5055 3430 5113; baseline 0.003 -5"><span class='ocrx_word' id='word_1_720' title='bbox 2177 5055 2337 5108; x_wconf 90' lang='lat' dir='ltr'>nium</span> <span class='ocrx_word' id='word_1_721' title='bbox 2361 5055 2665 5110; x_wconf 91' lang='lat' dir='ltr'>hominum</span> <span class='ocrx_word' id='word_1_722' title='bbox 2707 5056 3161 5111; x_wconf 87' lang='lat' dir='ltr'>contradictione</span> <span class='ocrx_word' id='word_1_723' title='bbox 3191 5064 3430 5113; x_wconf 86' lang='lat' dir='ltr'>remota.</span> 
     </span>
    </p>
   </div>
   <div class='ocr_carea' id='block_1_111' title="bbox 2249 5135 3826 5200">
    <p class='ocr_par' dir='ltr' id='par_1_111' title="bbox 2249 5135 3826 5200">
     <span class='ocr_line' id='line_1_111' title="bbox 2249 5135 3826 5200; baseline -0.004 -3"><span class='ocrx_word' id='word_1_724' title='bbox 2249 5143 2312 5197; x_wconf 87' lang='lat' dir='ltr'>Et</span> <span class='ocrx_word' id='word_1_725' title='bbox 2356 5149 2419 5197; x_wconf 92' lang='lat' dir='ltr'>ut</span> <span class='ocrx_word' id='word_1_726' title='bbox 2460 5145 2583 5198; x_wconf 54' lang='lat' dir='ltr'>haec</span> <span class='ocrx_word' id='word_1_727' title='bbox 2637 5150 2853 5198; x_wconf 60' lang='lat' dir='ltr'>nostra!</span> <span class='ocrx_word' id='word_1_728' title='bbox 2884 5145 3210 5200; x_wconf 88' lang='lat' dir='ltr'>donationis</span> <span class='ocrx_word' id='word_1_729' title='bbox 3251 5145 3548 5200; x_wconf 85' lang='lat' dir='ltr'>auctoritas</span> <span class='ocrx_word' id='word_1_730' title='bbox 3605 5140 3748 5196; x_wconf 81' lang='lat' dir='ltr'>ﬁrma</span> <span class='ocrx_word' id='word_1_731' title='bbox 3783 5135 3826 5185; x_wconf 66' lang='lat' dir='ltr'>et</span> 
     </span>
    </p>
   </div>
   <div class='ocr_carea' id='block_1_112' title="bbox 2176 5225 3824 5300">
    <p class='ocr_par' dir='ltr' id='par_1_112' title="bbox 2176 5225 3824 5300">
     <span class='ocr_line' id='line_1_112' title="bbox 2176 5225 3824 5300; baseline -0.005 -16"><span class='ocrx_word' id='word_1_732' title='bbox 2176 5231 2390 5286; x_wconf 88' lang='lat' dir='ltr'>stabilis</span> <span class='ocrx_word' id='word_1_733' title='bbox 2443 5237 2681 5300; x_wconf 88' lang='lat' dir='ltr'>constet,</span> <span class='ocrx_word' id='word_1_734' title='bbox 2735 5233 2882 5287; x_wconf 89' lang='lat' dir='ltr'>hanc</span> <span class='ocrx_word' id='word_1_735' title='bbox 2938 5235 3189 5290; x_wconf 89' lang='lat' dir='ltr'>chartam</span> <span class='ocrx_word' id='word_1_736' title='bbox 3246 5250 3311 5289; x_wconf 82' lang='lat' dir='ltr'>ex</span> <span class='ocrx_word' id='word_1_737' title='bbox 3371 5238 3557 5288; x_wconf 87' lang='lat' dir='ltr'>nostra</span> <span class='ocrx_word' id='word_1_738' title='bbox 3609 5225 3824 5300; x_wconf 85' lang='lat' dir='ltr'>jussione</span> 
     </span>
    </p>
   </div>
   <div class='ocr_carea' id='block_1_113' title="bbox 2176 5317 3648 5394">
    <p class='ocr_par' dir='ltr' id='par_1_113' title="bbox 2176 5317 3648 5394">
     <span class='ocr_line' id='line_1_113' title="bbox 2176 5317 3648 5394; baseline -0.002 -21"><span class='ocrx_word' id='word_1_739' title='bbox 2176 5317 2445 5390; x_wconf 89' lang='lat' dir='ltr'>scriptam</span> <span class='ocrx_word' id='word_1_740' title='bbox 2459 5326 2514 5375; x_wconf 92' lang='lat' dir='ltr'>et</span> <span class='ocrx_word' id='word_1_741' title='bbox 2529 5320 2815 5392; x_wconf 88' lang='lat' dir='ltr'>signatam</span> <span class='ocrx_word' id='word_1_742' title='bbox 2841 5337 3018 5377; x_wconf 88' lang='lat' dir='ltr'>manu</span> <span class='ocrx_word' id='word_1_743' title='bbox 3043 5323 3275 5394; x_wconf 89' lang='lat' dir='ltr'>propria</span> <span class='ocrx_word' id='word_1_744' title='bbox 3292 5321 3648 5377; x_wconf 83' lang='lat' dir='ltr'>ﬁrmavimus.</span> 
     </span>
    </p>
   </div>
   <div class='ocr_carea' id='block_1_114' title="bbox 437 5480 2736 5557">
    <p class='ocr_par' dir='ltr' id='par_1_114' title="bbox 437 5480 2736 5557">
     <span class='ocr_line' id='line_1_114' title="bbox 437 5480 2736 5557; baseline -0.001 -17"><span class='ocrx_word' id='word_1_745' title='bbox 437 5488 584 5557; x_wconf 73' lang='lat'>(165)</span> <span class='ocrx_word' id='word_1_746' title='bbox 615 5486 734 5538; x_wconf 68' lang='lat' dir='ltr'>Non</span> <span class='ocrx_word' id='word_1_747' title='bbox 763 5501 900 5555; x_wconf 89' lang='lat' dir='ltr'>ergo</span> <span class='ocrx_word' id='word_1_748' title='bbox 917 5486 1035 5556; x_wconf 88' lang='lat' dir='ltr'>jam</span> <span class='ocrx_word' id='word_1_749' title='bbox 1066 5487 1133 5539; x_wconf 77' lang='lat'>‘23</span> <span class='ocrx_word' id='word_1_750' title='bbox 1162 5485 1322 5539; x_wconf 82' lang='lat' dir='ltr'>Febr.</span> <span class='ocrx_word' id='word_1_751' title='bbox 1358 5483 1462 5537; x_wconf 89' lang='lat' dir='ltr'>hoc</span> <span class='ocrx_word' id='word_1_752' title='bbox 1495 5497 1646 5535; x_wconf 88' lang='lat' dir='ltr'>anno</span> <span class='ocrx_word' id='word_1_753' title='bbox 1673 5485 1934 5535; x_wconf 85' lang='lat' dir='ltr'>mortuus</span> <span class='ocrx_word' id='word_1_754' title='bbox 1962 5484 2104 5551; x_wconf 89' lang='lat' dir='ltr'>erat,</span> <span class='ocrx_word' id='word_1_755' title='bbox 2139 5487 2198 5534; x_wconf 85' lang='lat' dir='ltr'>ut</span> <span class='ocrx_word' id='word_1_756' title='bbox 2228 5480 2462 5552; x_wconf 88' lang='lat' dir='ltr'>quidam</span> <span class='ocrx_word' id='word_1_757' title='bbox 2512 5483 2736 5538; x_wconf 87' lang='lat' dir='ltr'>volunt.</span> 
     </span>
    </p>
   </div>
  </div>
