4016 6202
208 216 305 267 293

1512 230 1906 292 DlPLOMATA
1948 239 2504 302 ECCLESIASTICA.

3658 274 3762 324 297i

270 338 641 393 Guntherius
695 341 1081 395 cancellarius
1126 343 1242 398 vice
1305 346 1705 408 Erchambaldi
1764 355 1945 409 arclii-
1975 361 2017 413 A
2060 362 2407 430 interventu,
2436 369 2607 435 atque
2639 369 2969 439 Meginwerc
3000 382 3207 430 sanctze
3228 380 3761 441 Podrebronnensis

199 429 480 496 capellani
515 432 875 499 recognovi.

264 516 404 569 Data
458 533 555 570 xrv
614 517 762 574 Kal.
827 519 983 586 Julii,
1050 519 1247 575 indict.
1302 540 1373 589 ix,
1420 542 1575 579 anno
1639 531 1949 586 Dominica:

197 607 627 660 incarnationis
694 611 865 674 1011,
927 625 1077 662 anno
1158 627 1291 664 vero
1351 614 1573 670 domini
1618 620 1844 673 Henrici
1896 622 1946 676 Il

190 695 488 764 regnantis
510 712 571 750 χ.
610 701 833 752 Actum
864 698 1276 753 Randesburaa.

1029 787 1159 842 LIX.

188 873 239 925 S.
274 874 508 925 Henrici
537 873 811 941 diploma
857 890 965 944 per
1014 875 1165 942 quod
1224 879 1493 944 integrum
1551 886 1862 940 comitatum
1890 891 1945 940 in

246 958 389 1011 pago
426 945 879 1009 Lobedengouve
923 946 1161 1014 reliquis
1212 950 1465 1004 Ecclesiae
1529 954 1943 1012 Wormatiensis

256 1014 575 1069 ditionibus
605 1018 846 1084 adjicit.

896 1106 1061 1158 Anno
1114 1107 1273 1159 1011.

871 1104 1061 1171 (Anno
1114 1106 1297 1174 που.)

360 1172 721 1242 [Schannat,
750 1176 1097 1244 episcopatus
1132 1177 1427 1246 Wormat.,
1463 1181 1528 1247 ΙΙ,
1551 1198 1609 1252 p.
1644 1182 1760 1255 38.]

252 1262 315 1314 In
346 1262 601 1315 nomine
658 1268 875 1316 sanctm
907 1269 962 1316 et
1018 1263 1350 1320 individua:
1402 1269 1719 1340 Trinitatis,
1771 1273 1941 1328 Hein-

187 1349 330 1403 ricns
351 1348 558 1403 divina
585 1350 909 1405 ordinante
934 1352 1315 1421 providentia
1344 1372 1466 1413 rex.

254 1439 536 1493 Omnium
599 1440 810 1511 itaque
861 1446 1067 1493 sanctae
1127 1443 1237 1496 Dei
1331 1446 1590 1503 Ecclesiae
1634 1450 1935 1523 utriusque

189 1543 344 1580 sexus
376 1526 662 1583 fidelium
698 1529 809 1583 sub
840 1529 1000 1599 regni
1046 1531 1238 1584 nostri
1296 1533 1513 1590 ditione
1573 1537 1928 1608 degentium,

2064 450 2321 503 Ecclesiae
2349 456 2686 510 venerabilis
2727 459 2979 532 episcopi
3008 470 3234 534 rogatu,
3287 468 3396 522 sibi
3436 478 3758 545 sanctasque

2058 553 2173 591 suae
2208 540 2463 595 Ecclesia:
2491 559 2524 596 a
2563 544 2768 600 Karolo
2801 564 3010 619 magno
3050 552 3397 624 imperatore
3430 557 3570 614 olim
3622 540 3754 615 fdu-

2060 626 2227 688 datze,
2278 631 2487 683 nostris
2524 648 2658 687 vero
2688 639 3044 706 temporibus
3088 642 3419 698 incendium
3450 664 3651 717 passer,
3696 651 3756 704 in

2057 715 2270 770 honore
2298 718 2447 772 enim
2480 727 2686 776 sanctas
2744 725 2843 778 Dei
2894 729 3185 797 genitricis
3242 748 3581 805 semperque
3639 738 3755 791 vir-

2056 803 2205 873 ginis
2250 806 2440 860 Mariae
2489 815 2545 863 et
2597 813 2777 866 sancti
2844 816 3051 869 Kiliani
3119 820 3367 873 martiris
3424 823 3754 896 Liburiique

2054 893 2393 949 confessoris
2428 897 2722 963 dedicata,
2757 903 3089 959 comitatum
3113 923 3283 977 quem
3311 910 3531 964 Hahold
3562 893 3757 967 comes

2054 981 2192 1034 dum
2244 982 2377 1037 vixit
2430 988 2639 1054 tenuit,
2698 989 2868 1043 situm
2918 992 3133 1047 scilicet
3185 995 3244 1048 in
3278 997 3413 1050 locis
3469 1001 3753 1071 Haverga,

2055 1070 2270 1140 Limga,
2310 1072 2635 1129 Thiatmalli
2688 1080 2827 1147 Aga,
2866 1081 3164 1151 Patherga,
3214 1086 3578 1157 Treveresga,
3610 1070 3756 1145 Lati-

2052 1159 2296 1227 ganeka,
2328 1161 2639 1231 Erpesfeld,
2676 1165 2901 1233 Silbiki,
2938 1170 3183 1233 Matfeld,
3244 1173 3536 1244 Nihterga,
3567 1177 3757 1232 Sinat-

2050 1246 2185 1312 feld,
2249 1249 2513 1303 Ballevan
2580 1268 2763 1322 prope
2822 1255 3082 1324 Spriada,
3158 1261 3437 1327 Lambiki,
3495 1265 3751 1330 Lession,

2048 1334 2545 1405 Sewardeshusun,
2614 1357 2742 1394 cum
2789 1343 2946 1396 omni
3008 1345 3383 1414 legalitatein
3438 1353 3751 1420 proprium

2048 1424 2410 1478 concedimus
2434 1428 2902 1498 atquelargimur
2929 1448 3034 1500 per
3064 1433 3209 1486 hanc
3230 1441 3475 1490 nostram
3491 1441 3750 1509 regalem

2047 1511 2341 1581 paginam,
2393 1530 2459 1567 eo
2503 1515 2767 1571 videlicet
2812 1518 3052 1573 rationis
3107 1527 3302 1575 tenore
3356 1530 3419 1578 ut
3474 1528 3751 1595 praefatus

190 1631 345 1670 nosse
389 1620 681 1671 volumus
744 1617 1035 1671 solertiam
1094 1620 1366 1689 qualiter
1406 1600 1788 1696 Burchardus,
1837 1600 1931 1685 vel
1971 1640 2008 1693 Β
2048 1600 2350 1696 θρίῗθίῗρηδ
2379 1603 2711 1696 Μθείῖλνθνθ
2741 1605 2943 1676 “lique
2984 1624 3337 1664 successores
3394 1615 3746 1686 pmscripta‘

189 1705 454 1758 nerabilis
522 1706 847 1776 episcopus
920 1711 1123 1761 sanctae
1186 1711 1454 1765 ecclesiae
1484 1715 1932 1786 Wormatiensis,

190 1794 343 1847 nobis
384 1794 446 1848 in
502 1795 797 1848 omnibus
858 1794 1262 1865 ﬁdelissimus,
1318 1799 1774 1859 dominationem
1830 1824 1933 1862 no-

188 1884 350 1934 stram
378 1881 595 1936 adiens
647 1882 882 1952 rogavit
926 1888 989 1936 ut
1035 1885 1351 1939 tidelitatis
1404 1888 1666 1960 variique
1719 1892 1930 1947 laboris

190 1983 408 2038 semper
472 1985 589 2039 pro
647 1974 849 2023 nostra
926 1970 1250 2025 dilectione
1303 1972 1551 2044 impensi
1609 1980 1933 2035 recordare-

188 2070 327 2111 mur.
357 2056 542 2125 Cujus
572 2073 718 2110 vero
752 2057 1021 2127 petitioni
1065 2076 1179 2113 nos
1234 2076 1535 2117 assensum
1587 2066 1926 2138 praebentes,

189 2144 431 2215 fideique
459 2146 577 2199 sibi
632 2147 935 2217 promissm
994 2149 1357 2203 memoriam
1412 2156 1698 2221 tenentes,
1747 2155 1927 2212 inter-

190 2239 351 2287 ventu
382 2235 613 2289 scilicet
670 2250 736 2287 ac
794 2234 1073 2305 petitione
1135 2237 1363 2292 dilectae
1397 2241 1662 2311 conjugis
1721 2252 1928 2300 nostrae

190 2322 543 2392 Cuniguudaz
618 2324 862 2394 reginae,
910 2326 1259 2380 comitatum
1316 2328 1375 2381 in
1425 2346 1578 2400 pago
1628 2330 1927 2389 Lobedeu-

192 2426 365 2480 gouve
390 2412 599 2481 situm,
660 2428 792 2466 cum
852 2414 1126 2469 omnibus
1182 2415 1294 2469 sibi
1353 2419 1799 2489 pertinentibus,
1826 2440 1928 2493 per

191 2500 324 2553 hanc
362 2506 636 2556 nostram
716 2502 970 2570 regalem
1032 2503 1315 2575 paginam
1394 2506 1693 2573 cessimus,
1763 2516 1819 2565 et
1857 2513 1923 2566 de

192 2594 374 2641 nostro
399 2590 534 2658 jure
568 2605 638 2642 ac
666 2588 926 2643 dominio
955 2588 1017 2643 in
1042 2608 1163 2644 suae
1194 2591 1436 2646 ditionis
1466 2610 1709 2649 manum
1745 2602 1925 2652 trans-

189 2676 463 2741 misimus,
498 2694 571 2733 eo
604 2677 872 2730 videlicet
902 2679 1142 2733 rationis
1175 2684 1385 2735 tenore
1445 2688 1511 2737 ut
1555 2683 1680 2752 jam
1738 2685 1921 2741 dictus

190 2764 476 2836 episcopus
501 2767 576 2820 de
629 2764 904 2835 praedicto
946 2767 1227 2822 comitatu
1270 2775 1335 2821 et
1392 2771 1524 2840 ejus
1563 2771 1920 2827 utilitatibus

192 2852 385 2908 dehinc
442 2856 664 2909 habeat
757 2856 1096 2923 potestatem
1166 2857 1423 2922 fruendi,
1492 2858 1772 2929 habendi,
1826 2863 1915 2915 vel

199 2942 471 3014 quidquid
518 2944 633 2998 sibi
671 2942 953 3013 placuerit
976 2943 1243 3009 faciendi,
1278 2947 1561 3003 omnium
1602 2948 1909 3004 hominum

200 3033 647 3087 contradictione
730 3035 965 3084 remota.
1025 3033 1182 3096 Quod
1240 3039 1309 3087 ut
1372 3037 1577 3090 verius
1623 3038 1906 3103 credatur,

203 3119 643 3192 diligentiusque
726 3121 1061 3173 observetur
1137 3121 1207 3175 ab
1284 3124 1583 3191 omnibus,
1660 3128 1911 3196 propriis

202 3208 455 3264 manibus
526 3210 893 3274 roborantes,
954 3208 1141 3279 sigillo
1214 3215 1410 3265 nostro
1458 3212 1739 3282 insigniri
1791 3215 1888 3284 jus

204 3294 390 3351 simus.

262 3386 487 3453 Signum
528 3387 735 3441 domini
769 3386 1027 3439 Heinrici
1055 3390 1200 3454 regis
1242 3389 1615 3442 invictissimi.

268 3474 595 3530 Guntherus
625 3473 1024 3540 cancellarius,
1049 3475 1114 3528 ad
1177 3474 1359 3528 vicem
1397 3475 1766 3531 Erkambaldi
1824 3496 1910 3535 ar-

206 3561 599 3635 chicapellani,
639 3562 851 3616 notavi.

270 3651 401 3705 Data
449 3668 537 3706 vn
591 3652 725 3705 Idus
778 3649 925 3713 Maii,
982 3650 1162 3705 indict
1217 3668 1330 3716 vm,
1380 3667 1535 3705 anno
1590 3653 1908 3712 Dominicaa

209 3738 471 3797 incarnat.
533 3739 842 3794 millesimo
882 3738 972 3801 Xl,
1022 3755 1173 3793 anno
1232 3756 1366 3794 vero
1422 3739 1623 3794 domui
1670 3746 1908 3801 secundi

211 3825 449 3883 Heinrici
481 3846 537 3884 x.

272 3920 469 3973 Actum
515 3916 832 3972 Bavenberc
860 3914 1121 3969 feliciter.
1144 3919 1343 3972 Amen.

1006 4004 1107 4060 LX.

272 4093 309 4145 S
354 4096 576 4149 Henrici
616 4094 969 4164 privilegium
998 4108 1097 4161 pro
1156 4094 1405 4147 Ecclesia
1442 4092 1897 4152 Paderbornensi.

849 4165 1265 4248 (4""019119
1384 4244 1398 4248 _
1586 4245 1632 4248 _,
1671 4242 1686 4248 -
1932 4195 1976 4248 ι)

398 4244 603 4317 [Codex
624 4244 1009 4315 diplomaticus
1038 4245 1159 4297 Hist
1187 4244 1457 4312 Westph.,
1482 4260 1540 4312 p.
1578 4242 1687 4314 6L]

274 4332 328 4386 C.
390 4336 456 4389 In
532 4332 765 4387 nomine
822 4336 1030 4385 sauctze
1111 4337 1165 4385 et
1209 4331 1523 4385 individua:
1582 4331 1897 4402 Trinitatis,

214 4420 499 4477 ﬂammeus
526 4422 716 4476 divina
747 4420 1045 4474 ordinante
1071 4421 1433 4490 providentia
1459 4437 1572 4473 rex.

276 4510 484 4567 Divina}
523 4511 751 4582 pietatis
819 4509 1139 4577 clementia,
1202 4525 1333 4580 quae
1391 4526 1497 4563 nos
1554 4509 1625 4562 ad
1670 4511 1896 4566 culmen

210 4599 363 4666 regite
385 4600 694 4668 majestatis
721 4598 1004 4668 perduxit,
1050 4598 1121 4651 ad
1163 4599 1269 4651 hoc
1319 4599 1500 4651 voluit
1552 4613 1796 4666 regnare
1829 4606 1893 4656 ut

214 4688 561 4743 ecclesiarum
617 4687 805 4742 ordini
872 4687 1154 4740 firmando
1237 4692 1410 4758 atque
1467 4685 1892 4744 corroborando

212 4776 638 4844 subveniamus;
674 4776 764 4830 his
793 4780 985 4829 autem
1027 4775 1274 4829 maxime
1321 4774 1479 4841 locis,
1514 4789 1644 4845 quae
1677 4775 1748 4829 ab
1790 4794 1890 4831 au-

211 4865 563 4922 tccessoribus
601 4864 811 4920 nostris
851 4865 1084 4934 regibus
1129 4863 1578 4934 imperatoribus
1634 4861 1887 4931 fundata,

212 4952 422 5023 sedjam
473 4953 716 5026 peccatis
774 4951 1134 5022 exigentibus
1186 4967 1330 5021 pene
1388 4951 1731 5005 videbantur
1786 4969 1888 5007 an-

211 5038 426 5096 nullata.
494 5040 855 5110 Quapropter
924 5037 1187 5091 omnium
1243 5037 1501 5091 ﬁdelium
1559 5043 1887 5094 nostrorum

209 5130 557 5191 praesentium
609 5127 824 5181 scilicet
866 5142 929 5180 ac
960 5126 1284 5180 futurorum
1340 5126 1637 5180 industriae
1687 5133 1886 5183 notum

207 5225 311 5268 esse
335 5221 592 5271 volumus
621 5215 889 5286 qualiter,
930 5231 1035 5268 nos
1083 5213 1260 5267 divini
1308 5214 1522 5267 amoris
1580 5214 1880 5284 instinctu,

212 5314 300 5368 pro
324 5307 574 5361 remedio
607 5305 814 5359 animae
838 5308 1049 5357 nostra:
1081 5318 1178 5355 seu
1212 5308 1514 5372 parentum
1539 5306 1883 5374 nostrorum,

210 5403 299 5455 nec
323 5410 432 5450 non
461 5401 517 5449 et
569 5393 727 5449 tertii
785 5391 1006 5447 Ottonis
1063 5391 1231 5444 house
1291 5390 1583 5445 memoriae
1640 5390 1884 5463 impera-

213 5481 355 5551 toris,
382 5485 717 5554 dilectaeque
746 5480 1008 5551 conjugis
1037 5484 1242 5533 nostrm
1272 5477 1629 5548 Cunigundse
1669 5481 1882 5551 reginae

2044 1691 2288 1743 ecclesize
2344 1694 2716 1762 prinsidentes
2773 1695 2980 1749 dehinc
3036 1696 3277 1752 liberam
3342 1701 3588 1757 habeant
3640 1722 3745 1775 po-

2044 1781 2331 1847 testatem,
2372 1782 2442 1834 de
2493 1782 2691 1835 eodem
2747 1784 3023 1838 comitatu
3088 1787 3324 1858 ejusque
3389 1791 3741 1847 utilitatibus

2044 1866 2323 1938 quidquid
2372 1869 2453 1923 eis
2511 1871 2791 1938 placuerit
2841 1873 3112 1941 faciendi,
3173 1877 3244 1929 ad
3285 1893 3486 1932 eorum
3544 1886 3739 1935 tamen

2041 1955 2349 2010 utilitatem
2402 1959 2677 2025 ecclesiae,
2758 1962 2916 2015 omni
2990 1962 3256 2018 videlicet
3336 1964 3741 2037 inquietudine

2038 2050 2277 2099 remota.
2310 2047 2373 2101 Et
2392 2052 2455 2100 ut
2483 2048 2606 2100 hazc
2631 2053 2844 2102 nostra:
2902 2051 3227 2106 traditionis
3285 2070 3385 2107 seu
3435 2056 3739 2112 conﬁrma-

2037 2132 2209 2187 tionis
2231 2136 2536 2189 auctoritas
2563 2136 2779 2189 stabilis
2802 2144 2859 2191 et
2882 2138 3212 2195 inconvulsa
3234 2143 3392 2196 omni
3417 2145 3743 2203 habeantur

2034 2224 2321 2292 tempore,
2367 2224 2476 2278 hoc
2531 2230 2881 2295 praeceptum
2938 2226 3072 2282 inde
3123 2231 3505 2300 conscriptum
3563 2252 3737 2291 manu

2034 2311 2268 2382 propria
2286 2313 2518 2367 ﬁrmare
2546 2313 2893 2384 curavimus,
2927 2320 2983 2370 et
3009 2317 3195 2387 sigillo
3229 2324 3421 2374 nostro
3456 2322 3724 2393 insigniri

2028 2398 2325 2467 jussimus.

2137 2490 2361 2555 Signum
2381 2488 2566 2544 domui
2585 2493 2827 2545 Heinrici
2855 2492 2931 2562 (L.
2956 2494 3059 2560 M.)
3089 2498 3233 2565 regis
3258 2496 3624 2553 invictissimi.

2104 2578 2452 2632 Guntherius
2518 2580 2891 2633 cancellarius
2971 2582 3039 2635 ad
3126 2584 3305 2638 vicem
3368 2586 3733 2645 Erkambaldi

2032 2656 2471 2726 archicapellaui
2499 2660 2827 2728 recognovi.

2102 2744 2306 2817 Datum
2340 2761 2393 2798 1v
2446 2745 2581 2817 ldus
2650 2747 2856 2815 April.,
2916 2748 3225 2804 indictione
3280 2768 3351 2817 ix,
3414 2769 3564 2808 anno
3624 2758 3735 2810 Do-

2029 2816 2255 2868 minicaa
2308 2815 2717 2869 incarnationis
2794 2819 3097 2873 millesimo
3153 2815 3548 2879 leQAnno
3600 2842 3734 2881 vero

2026 2886 2223 2939 domui
2254 2888 2490 2939 secundi
2518 2887 2741 2941 Henrici
2796 2892 3089 2959 regnantis
3120 2908 3194 2945 ix.

2091 2976 2294 3027 Actum
2315 2974 2717 3045 Triburaregia
2757 2976 2899 3030 villa
2932 2978 3189 3033 feliciter.
3221 2983 3424 3035 Amen.

2524 3134 2770 3188 Traditio
2792 3065 3053 3190 Ilitiurici
3073 3140 3235 3205 regis.

2660 3206 2846 3273 (Anno
2898 3208 3074 3277 1012).

2310 3272 2580 3344 [Dronke,
2605 3272 2732 3331 Cod.
2778 3279 3010 3346 Diplom.
3036 3272 3209 3333 'Fuld.
3236 3297 3290 3350 p.
3327 3283 3470 3355 343.}

2087 3360 2148 3412 In
2178 3362 2411 3415 nomine
2449 3368 2657 3417 sancta:
2704 3368 2760 3418 et
2826 3364 3136 3419 individuae
3192 3368 3506 3433 Trinitatis,
3565 3374 3720 3428 [leu-

2022 3454 2181 3493 nicus
2212 3440 2406 3494 divina
2434 3441 2654 3496 favente
2686 3445 2991 3497 clementia
3032 3446 3422 3503 Romanorum
3457 3467 3574 3507 rex.

2087 3528 2317 3583 Constat
2377 3547 2478 3583 nos
2547 3532 2740 3585 divina
2836 3534 3175 3603 disponente
3259 3539 3443 3606 gratia
3504 3545 3724 3597 caeteris

2016 3619 2442 3686 supereminere
2465 3621 2823 3685 mortalibus,
2854 3621 3100 3691 ideoque
3122 3628 3388 3681 convenit
3418 3634 3499 3696 ut,
3543 3632 3706 3701 cujus

2015 3707 2397 3776 praecellimus
2420 3723 2675 3772 munere,
2704 3710 2826 3778 ejus
2848 3711 3125 3763 voluntati
3149 3728 3350 3781 parere
3372 3716 3428 3769 in
3446 3722 3716 3775 omnibus

2015 3794 2345 3848 studeamus
2380 3811 2393 3861 ;
2423 3795 2668 3867 ideoque
2698 3797 2965 3851 omnibus
3000 3798 3340 3857 Christianae
3374 3805 3508 3859 fidei
3532 3809 3719 3862 culto—

2013 3882 2170 3937 ribus
2223 3883 2549 3953 nostrisque
2624 3885 2909 3945 tidelibus.
2971 3891 3087 3939 tam
3118 3892 3491 3958 prsesentibus
3543 3912 3715 3966 quam

2012 3971 2239 4038 futuris,
2289 3971 2551 4042 cupimus
2602 3991 2722 4027 esse
2805 3981 3005 4028 notum
3051 3977 3301 4047 qualiter
3366 3986 3710 4039 venerabilis

2010 4061 2154 4114 abba
2186 4060 2475 4114 Brantboh
2525 4063 2593 4115 de.
2635 4065 2983 4117 monasterio
3016 4068 3192 4121 sancti
3224 4071 3506 4126 Bonefacii
3555 4076 3709 4144 quod

2019 4150 2220 4203 Fultlia
2250 4155 2485 4203 vocatur
2524 4167 2637 4204 una
2694 4168 2819 4205 cum
2862 4155 3155 4207 monachis
3215 4160 3332 4212 suis
3372 4163 3715 4232 supplicavit

2015 4239 2351 4293 celsitudine
2410 4246 2619 4294 nostra:
2671 4246 2732 4294 ut
2786 4242 3046 4296 homines
3105 4244 3363 4301 Romano
3415 4253 3708 4321 quondam

2008 4328 2253 4396 imperio
2284 4327 2613 4396 attinentes,
2648 4330 2746 4400 qui
2802 4347 2972 4400 super
3019 4336 3201 4387 terras
3242 4341 3575 4393 monasterii
3611 4358 3709 4395 eo-

2006 4433 2135 4470 rum
2168 4423 2554 4483 commanent,
2589 4435 2733 4488 quos
2773 4419 2910 4472 olim
2951 4419 3093 4474 divae
3134 4424 3430 4477 memoriae
3462 4425 3708 4479 domnus

2008 4507 2329 4560 Lodcwicus
2378 4522 2469 4558 rex
2522 4508 2777 4577 itemque
2826 4508 3094 4562 dominus
3143 4510 3313 4565 Ottho
3368 4512 3701 4583 imperator,

2004 4594 2177 4665 hujus
2216 4595 2467 4649 nominis
2518 4597 2756 4666 primus,
2794 4598 3161 4653 contulerunt
3213 4606 3269 4653 et
3326 4604 3701 4655 confirmave-

2003 4689 2138 4737 runt
2168 4684 2513 4738 scholasticis
2546 4684 2879 4738 monasterii
2916 4686 3211 4742 Fuldensis
3239 4695 3295 4743 et
3327 4706 3529 4743 eorum
3567 4707 3699 4743 suc-

2002 4773 2321 4826 cessoribus
2353 4788 2456 4841 pro
2509 4774 2702 4842 pueris
2734 4774 3054 4829 nutriendis
3086 4784 3142 4830 et
3182 4778 3496 4849 disciplinis
3534 4780 3700 4833 scho-

2000 4859 2210 4914 lasticis
2237 4859 2565 4914 imbuendis
2605 4861 2673 4915 ad
2719 4862 2935 4916 cultum
2984 4864 3241 4919 divinum
3302 4866 3535 4919 uberius
3569 4883 3700 4937 aug-

2000 4948 2372 5003 mentandum
2407 4965 2419 5002 :
2454 4965 2556 5001 nos
2578 4965 2809 5021 quoque
2851 4950 2991 5021 ipsis
3022 4968 3085 5005 ac
3122 4954 3467 5006 monasterio
3498 4970 3696 5008 eorum

1996 5037 2223 5091 tradere
2252 5044 2309 5089 et
2338 5038 2680 5091 confirmare
2724 5042 3061 5093 auctoritate
3107 5040 3267 5108 regia
3325 5040 3698 5110 dignaremur

1997 5142 2110 5178 una
2159 5140 2288 5178 cum
2346 5127 2637 5195 provincia
2694 5127 2920 5181 Sarowe
2980 5128 3129 5181 dicta
3158 5134 3215 5181 et
3269 5129 3517 5199 quadam
3563 5132 3697 5185 villa

1996 5213 2102 5267 sita
2137 5213 2196 5265 in
2216 5213 2527 5286 Thuringia
2557 5216 2800 5270 llolzhus
2818 5220 3167 5285 nuncupata,
3196 5233 3325 5288 quin
3343 5218 3424 5271 eis
3459 5218 3690 5289 quidam

1994 5316 2184 5353 comes
2218 5301 2287 5354 de
2319 5303 2622 5356 Boemenia
2678 5302 2915 5357 nomine
2955 5303 3233 5358 Thacholf
3259 5307 3316 5358 in
3348 5310 3691 5361 testamento

1991 5388 2254 5457 contulit,
2287 5396 2423 5460 aput
2461 5391 2616 5460 ipsos
2644 5390 2864 5460 eligens
2895 5392 3252 5461 sepulturam
3279 5394 3550 5465 :insuper
3579 5396 3692 5449 alia

1994 5479 2142 5532 bona
2177 5494 2304 5548 quae
2327 5480 2408 5533 eis
2461 5479 2634 5534 nostri
2688 5483 3075 5535 antecessores
3124 5482 3495 5554 imperatores
3528 5499 3690 5554 reges
