4016 6202
378 306 486 363 295

1693 300 1748 358 S.
1790 299 2077 358 IIENRICI
2112 295 2585 357 IMPERATORIS
3774 306 3863 356 ἓθὸ

380 434 671 507 principes
693 450 757 488 ac
792 433 890 487 alii
944 432 1138 488 ﬁdeles
1184 431 1332 486 infra
1389 431 1713 487 Romanum
1760 430 2072 503 imperium
2102 433 2147 486 Α
2186 447 2319 485 cum
2348 431 2536 486 hanno
2566 436 2624 486 et
2667 448 2796 486 cum
2850 431 2968 486 suis
3021 431 3288 486 omnibus
3331 432 3727 504 pertinentiis,
3781 450 3870 504 per

382 522 704 577 devotionis
735 522 945 576 intuitu
976 521 1329 592 optulerunt.
1369 522 1481 591 Nos
1513 521 1690 590 igitur
1720 520 1792 573 ob
1822 521 2080 575 divinum

383 626 637 665 amorem
661 614 718 664 et
748 609 931 681 ipsius
956 611 1135 663 sancti
1166 609 1274 663 loci
1306 608 1679 664 reverentiam
1713 608 1907 662 omnia
1933 608 2082 663 bona

382 704 500 752 tam
530 698 764 753 mobilia
796 714 968 769 quam
1004 695 1324 751 immobilia
1345 713 1474 750 cum
1508 696 1772 762 abbatiis,
1807 695 2079 761 comiciis,

382 787 584 852 centis,
612 786 867 857 judiciis,
897 786 1179 839 thcloneis
1219 785 1485 851 monetis,
1532 784 1758 851 bannis,
1815 785 2079 838 districti-

386 874 516 942 bus,
558 875 907 939 wiltbannis,
947 874 1413 944 jurisdicionibus
1464 873 1921 944 quibuscunque,
1953 888 2081 943 qum

382 963 536 1017 idem
572 960 872 1018 Fultbense
905 961 1314 1021 monasterium
1366 962 1625 1032 possidet
1668 961 1816 1015 infra
1839 977 2079 1032 regnum

384 1049 655 1103 divinitus
687 1049 850 1102 nobis
873 1049 1090 1114 datum,
1145 1049 1230 1101 vel
1262 1064 1391 1118 quas
1421 1048 1483 1100 in
1542 1046 1802 1100 futurum
1849 1046 2083 1116 adipisci

381 1139 589 1208 poterit
613 1137 856 1192 Domino
887 1137 1255 1204 concedente,
1291 1152 1402 1189 una
1444 1152 1572 1189 cum
1609 1135 1944 1189 hominibus
1973 1135 2080 1189 im-

381 1226 525 1298 perii
547 1225 852 1279 antedictis
882 1229 939 1279 et
959 1241 1087 1278 cum
1121 1226 1392 1278 omnibus
1418 1240 1592 1294 super
1613 1230 1795 1277 terras
1825 1223 2081 1295 ipsorum

379 1314 783 1382 residentibus,
818 1314 918 1385 qui
966 1330 1072 1384 pro
1125 1313 1464 1367 condicione
1513 1328 1613 1365 sua
1654 1312 1723 1366 ad
1761 1313 1962 1366 iiscum
1993 1328 2081 1367 re-

381 1403 538 1472 gium
569 1418 805 1455 censum
833 1402 1053 1455 solvere
1080 1401 1377 1465 deberent,
1416 1416 1518 1453 nec
1566 1417 1682 1453 non
1715 1406 1770 1454 et
1821 1399 2081 1470 praedicti

380 1489 672 1545 Thacholﬁ
699 1490 924 1543 comitis
955 1492 1359 1543 testamentum
1407 1489 1513 1559 ipsi
1554 1489 1746 1542 abbati
1796 1490 2080 1543 Branthoo

382 1578 621 1648 ejusque
672 1576 1091 1631 successoribus
1130 1582 1185 1630 et
1242 1577 1590 1630 monasterio
1631 1576 1924 1630 Fultheusi
1978 1592 2083 1647 per

380 1667 484 1720 hos
509 1666 699 1736 apices
720 1666 1037 1720 serenitatis
1080 1670 1290 1719 nostra;
1321 1665 1603 1719 tradimus
1646 1669 1701 1718 et
1745 1665 2080 1719 auctoritate

382 1754 543 1824 regia
584 1754 643 1806 in
697 1759 1041 1824 perpetuum
1083 1754 1513 1807 confirmamus.
1567 1754 1848 1807 Prazterea
1893 1754 2080 1808 distri-

383 1840 632 1893 ctissime
672 1841 1042 1911 prohibemus
1084 1857 1156 1894 ne
1188 1840 1343 1893 missi
1374 1840 1555 1894 nostri
1610 1841 1695 1894 vel
1741 1841 1933 1895 ballivi
1970 1840 2080 1894 im-

382 1928 529 1999 perii
557 1928 775 1999 aliquid
825 1929 1049 1997 tollant,
1099 1928 1330 2000 rapiant
1391 1931 1477 1982 vel
1525 1929 1797 1983 invadant
1847 1930 1915 1983 de
1945 1946 2079 2000 sup-

383 2017 654 2088 pellectili
681 2023 780 2071 aut
808 2018 979 2072 rebus
1008 2017 1281 2071 abbatum
1340 2018 1763 2085 deccdentium,
1824 2018 1918 2072 sed
1952 2034 2081 2071 suc-

385 2106 597 2160 cessori
620 2106 816 2160 omnia
846 2111 1204 2160 reserventur
1236 2124 1248 2161 :
1284 2122 1389 2160 nec
1418 2123 1521 2178 pro
1561 2106 1919 2176 investitura,
1951 2123 2081 2179 quae

384 2210 489 2266 per
512 2199 796 2265 sceptrum
821 2194 1041 2265 regium
1075 2195 1200 2249 ﬁeri
1227 2195 1418 2263 debet,
1465 2194 1536 2248 ab
1586 2194 1788 2249 abbate
1835 2196 1905 2249 de
1935 2212 2081 2249 novo

379 2286 568 2336 creato
589 2281 809 2352 aliquid
840 2287 1181 2352 expetatur;
1224 2282 1318 2337 sed
1352 2283 1432 2336 sie
1454 2284 1649 2337 omnia
1680 2299 1786 2353 pro
1818 2285 2082 2338 libertate

382 2370 641 2441 ejusdem
678 2371 857 2425 sancti
890 2371 1000 2425 loci
1030 2372 1225 2425 taliter
1262 2372 1604 2425 ordinentur
1641 2373 1936 2427 utibidem
1961 2373 2083 2427 cul-

384 2465 475 2513 tus
518 2458 749 2513 Domini
802 2465 1079 2530 perpetuo
1129 2466 1278 2513 stare
1323 2461 1517 2531 possit.
1555 2462 1619 2513 lit
1663 2477 1734 2513 ne
1773 2461 2082 2532 quisquam

384 2547 685 2602 hominum
714 2547 923 2601 futuris
981 2548 1340 2618 temporibus
1386 2553 1586 2601 contra
1651 2548 1798 2602 hanc
1827 2554 2081 2603 nostram

384 2636 748 2691 traditionem
780 2653 878 2690 seu
924 2636 1416 2691 conﬁrmationem
1477 2638 1669 2691 venire
1722 2638 1952 2703 audeat,
1980 2639 2083 2692 llOS

386 2724 572 2794 apices
617 2725 752 2779 inde
803 2725 1156 2795 conscriptos
1212 2740 1390 2778 manu
1464 2725 1695 2796 propria
1746 2726 2083 2780 roborantes

384 2813 574 2883 sigillo
605 2817 799 2867 nostro
826 2812 1066 2867 fecimus
1100 2812 1385 2882 insigniri.

456 2903 685 2968 Signum
720 2898 905 2956 damni
934 2904 1176 2957 Ileinrici
1223 2900 1317 2971 (Μ)
1345 2903 1491 2969 regis
1528 2903 1901 2957 invictissimi.

458 2989 851 3044 Erkanbaldus
876 2989 1366 3059 archicapellanus
1399 2990 1728 3059 recognovi.

460 3079 599 3131 Data
640 3094 753 3131 xvn
793 3076 917 3133 Kal.
967 3078 1201 3133 Ianuar.
1262 3077 1577 3131 indictione
1620 3094 1702 3145 xx,
1743 3094 1894 3132 anno
1951 3095 2084 3134 vero

387 3165 586 3220 domui
606 3165 911 3220 millesimo
943 3166 1057 3220 ΧΠ.
1093 3167 1233 3220 Item
1267 3182 1418 3219 anno
1476 3166 1674 3220 domui
1714 3166 1967 3222 Heinrici
1998 3184 2085 3221 se-

387 3254 557 3309 cundi
583 3255 877 3326 regnantis
905 3271 980 3308 xl.
1014 3257 1217 3308 Actum
1274 3254 1475 3308 Fultha
1524 3255 1870 3309 monasterio
1892 3255 1951 3310 in
1984 3271 2083 3311 no-

387 3343 542 3399 mine
573 3343 800 3399 Domini
830 3343 1087 3398 feliciter.
1120 3346 1325 3398 Amen.

1172 3432 1325 3485 LXII.

462 3520 711 3576 Traditio
762 3518 1024 3575 Heinrici
1087 3522 1233 3587 regis
1291 3519 1357 3573 de
1403 3521 1597 3586 foresti
1652 3519 2080 3578 Zunderenhart.

938 3611 1120 3675 (10l2,
1156 3611 1224 3663 29
1255 3608 1532 3677 decemb.)

911 3697 1184 3768 [Dronke,
1216 3698 1313 3751 ubi
1343 3696 1556 3769 supra.]

460 3789 522 3843 In
572 3787 808 3844 nomine
864 3792 1073 3842 sanctas
1105 3792 1161 3841 et
1191 3785 1501 3841 individua;
1555 3784 1872 3854 Trinitatis,
1918 3787 2085 3841 llam-

387 3893 541 3933 mcus
571 3877 769 3932 divina
799 3875 1027 3931 favente
1058 3874 1366 3930 clementia
1396 3891 1512 3929 rex.

459 3967 517 4022 Si
546 3966 912 4022 ecclesiarum
946 3965 1045 4019 Dei
1093 3965 1219 4019 loca
1252 3964 1493 4033 alicujus
1535 3962 1671 4018 doni
1726 3963 2082 4019 incremento

390 4056 703 4111 sublimare
730 4053 819 4109 vel
852 4054 1156 4108 meliorare
1211 4051 1622 4116 studuerimus,
1658 4050 1821 4104 nobis
1872 4049 2084 4103 nostri-

389 4159 501 4216 que
544 4143 710 4214 regni
768 4141 942 4195 statui
997 4141 1057 4195 id
1112 4139 1391 4210 proﬁcere
1444 4138 1683 4191 minime
1732 4136 2078 4193 dubitamus.

387 4232 753 4302 Quapropter
777 4229 1036 4283 omnium
1095 4227 1354 4282 ﬁdelium
1412 4231 1764 4291 nostrorum,
1823 4241 2079 4296 pressan-

389 4320 534 4372 tium
585 4318 799 4372 scilicet
845 4333 908 4371 ac
982 4316 1333 4382 futurorum,
1378 4312 1680 4368 industriae
1733 4317 1931 4367 notum
1961 4330 2081 4369 esse

389 4406 656 4460 volumus
683 4404 931 4476 qualiter
962 4420 1062 4457 nos
1101 4401 1279 4458 divini
1300 4401 1511 4456 amoris
1564 4401 1861 4469 instinctu,
1907 4401 2085 4455 inter-

390 4497 565 4548 ventu
595 4508 830 4566 quoque
868 4508 931 4546 ac
970 4491 1257 4564 peticione
1311 4490 1602 4561 Branthoy
1643 4490 1884 4555 abbatis,
1914 4506 2088 4561 quan-

391 4583 521 4637 dam
570 4581 718 4652 juris
758 4580 944 4635 nostri
1006 4578 1170 4651 regni
1256 4578 1511 4633 forestim
1565 4577 1713 4631 infra
1755 4578 1894 4631 istos
1939 4578 2085 4633 ﬁnes

389 4670 744 4741 adjacentem
766 4669 969 4740 hisque
1000 4667 1260 4723 terminis
1279 4667 1641 4739 prazcinctam
1676 4683 1691 4720 :
1713 4667 1782 4721 de
1808 4665 2087 4720 Biberaho

390 4760 603 4816 scilicet
632 4774 818 4830 usque
843 4758 914 4812 ad
943 4758 1304 4826 Wolfeshart,
1330 4773 1393 4811 ac
1428 4756 1562 4811 inde
1604 4760 1753 4810 recte
1801 4759 2089 4809 transcur-

389 4849 567 4904 rendo
620 4848 1084 4904 Bodenmannun
1136 4850 1193 4900 et
1254 4845 1718 4916 Byochineberge
1770 4859 1953 4914 usque
2013 4843 2086 4897 ad

391 4938 639 4994 Calbaho
670 4942 726 4991 et
754 4936 1060 5001 Fliedenu;
1107 4934 1241 4989 hinc
1278 4938 1468 4989 autem
1506 4933 1576 4988 ad
1634 4932 1974 5004 Langenaho
2030 4937 2089 4987 et

390 5027 740 5093 Widenaho;
790 5024 925 5080 hinc
977 5038 1111 5077 vero
1162 5022 1224 5076 in
1289 5022 1632 5077 Guncenaho
1686 5027 1743 5076 et
1797 5021 1860 5075 in
1908 5022 2082 5076 Mose-

388 5115 674 5182 brunuen,
708 5118 764 5169 et
794 5113 929 5169 inde
961 5113 1041 5166 sic
1091 5116 1246 5166 recte
1290 5110 1619 5165 transiendo
1667 5110 1795 5165 loca
1859 5109 2090 5165 Ufecre-

391 5202 611 5272 ginfelt,
638 5198 1220 5265 Warmuntessneida,
1244 5197 1676 5251 Iliwineshusuu
1693 5202 1750 5252 et
1778 5197 2083 5253 Heribrah-

392 5291 691 5356 teshusun,
722 5305 943 5344 necnon
982 5287 1218 5344 Slierefa
1251 5287 1519 5341 deorsum
1567 5285 1628 5339 in
1657 5286 1895 5350 Slidesa,
1928 5290 1985 5340 et
2009 5285 2089 5340 sic

390 5394 493 5450 per
517 5377 784 5431 deorsum
821 5394 1004 5449 usque
1042 5377 1103 5432 in
1150 5374 1408 5441 Fuldam,
1443 5374 1551 5429 sibi
1595 5390 1828 5447 suaeque
1877 5379 2087 5429 sanctas

393 5463 647 5523 ecclesia:
674 5464 737 5520 in
765 5465 984 5521 honore
1007 5466 1109 5521 Dei
1138 5464 1433 5537 genitricis
1471 5462 1766 5535 sanctique
1814 5462 2089 5519 Bonifacii

393 5552 807 5626 archiepiscopi
863 5558 918 5607 et
964 5553 1231 5623 martyris
1262 5555 1602 5609 consecrata:
1633 5568 1696 5607 ac
1725 5556 2085 5618 constructas,

2189 521 2338 575 hanc
2358 525 2614 575 nostram
2638 522 2893 591 regalem
2924 520 3194 592 paginam
3226 520 3285 576 in
3339 520 3653 593 proprium
3689 538 3871 576 conce-

2189 606 2378 661 dimus
2403 612 2574 678 atque
2606 607 2906 677 largimur,
2930 612 2987 661 et
3020 607 3089 661 de
3129 612 3322 662 nostro
3348 609 3490 678 jure
3547 624 3611 661 ac
3640 608 3874 663 dominio

2190 696 2249 750 in
2271 697 2393 766 ejus
2416 696 2512 767 jus
2539 701 2597 751 et
2626 696 2947 751 dominium
3007 696 3242 750 omnino
3289 697 3768 763 transfundimus,
3818 715 3876 752 ea

2190 784 2406 838 scilicet
2434 785 2657 839 ratione
2698 790 2762 838 ut
2808 785 3113 855 praedictus
3160 786 3332 840 abbas
3381 786 3644 840 Brantho
3692 788 3875 856 suique

2189 889 2536 927 successores
2568 872 2637 927 de
2667 874 2940 945 praedicta
2996 873 3189 927 foresti
3237 882 3295 929 et
3338 876 3472 945 ejus
3518 874 3876 946 'pertinentiis

2188 961 2430 1015 liberam
2482 961 2692 1016 dehinc
2739 966 3079 1032 potestatem
3136 962 3392 1017 habeant
3451 963 3732 1035 quicquid
3785 964 3876 1017 sibi

2188 1050 2323 1104 inde
2356 1050 2634 1121 placuerit
2686 1050 2956 1116 faciendi,
3014 1051 3085 1104 ad
3142 1067 3310 1106 usum
3370 1058 3574 1105 tamen
3627 1052 3875 1117 ecclesia,

2190 1139 2451 1192 omnium
2482 1139 2784 1193 hominum
2805 1139 3253 1195 contradictione
3292 1146 3547 1194 remota.
3582 1141 3650 1195 Et
3694 1147 3752 1194 ut
3772 1142 3877 1195 haec

2190 1233 2398 1280 nostrae
2439 1227 2766 1282 traditionis
2823 1228 3135 1281 auctoritas
3176 1227 3395 1282 stabilis
3454 1233 3516 1281 et
3566 1229 3875 1282 inconvulsa

2188 1330 2295 1385 per
2319 1315 2509 1369 futura
2531 1321 2870 1386 permaneat
2894 1320 3178 1387 tempora,
3212 1315 3319 1370 hoc
3365 1323 3734 1387 praeceptum
3765 1316 3872 1371 inde

2188 1402 2572 1474 conscriptum
2656 1418 2833 1457 manu
2910 1403 3145 1475 propria
3202 1404 3658 1458 corroborantes
3714 1404 3872 1473 sigillo

2192 1496 2387 1545 nostro
2420 1491 2686 1562 insigniri
2711 1491 3008 1561 jussimus.

2260 1580 2489 1646 Signum
2513 1580 2704 1634 damni
2739 1581 3000 1634 Heinrici
3028 1580 3116 1649 (Μ)
3141 1583 3285 1649 regis
3308 1583 3689 1635 invictissimi.

2260 1667 2607 1723 Guntherius
2662 1668 3032 1723 cancellarius
3076 1669 3190 1723 vice
3248 1669 3665 1724 Erchambaldi
3715 1670 3873 1724 archi-

2190 1757 2474 1827 capellani
2503 1756 2825 1827 recognovi.
2861 1756 2938 1823 (S)

2263 1846 2403 1899 Data
2430 1862 2483 1899 1v
2534 1846 2658 1899 Kal.
2716 1845 2995 1912 Januarii,
3034 1845 3347 1901 indictione
3377 1862 3432 1913 x,
3508 1862 3669 1900 anno
3704 1847 3871 1900 Domi-

2190 1933 2334 1988 nica:
2363 1934 2776 1989 incarnationis
2798 1934 3105 1988 millesimo
3135 1935 3272 1990 XIII.
3340 1941 3512 1990 Anno
3542 1951 3679 1989 vero
3708 1935 3875 1988 domui

2174 2023 2427 2077 'secuudi
2461 2022 2711 2077 lleinrici
2756 2023 3049 2093 regnantis
3079 2040 3158 2078 ιι.

2261 2115 2465 2165 Actum
2498 2112 2693 2166 Polida
2717 2112 2980 2167 feliciter.
3014 2114 3221 2167 Amen.

2652 2206 2661 2213 '
2952 2201 3135 2255 LXIII.

2335 2288 2584 2343 Traditio
2612 2290 2856 2343 Heinrici
2883 2290 2949 2343 II
2972 2288 3117 2355 regis
3148 2288 3215 2342 de
3266 2290 3520 2357 Lupence
3550 2304 3751 2342 marco.

2706 2375 2899 2444 (Anno
2934 2375 3117 2429 me?
3148 2377 3216 2428 30
3245 2375 3393 2445 dec.)

2713 2461 2982 2534 [Dronkc,
3016 2463 3112 2515 ubi
3139 2464 3355 2532 δίαιται]

2263 2551 2323 2604 In
2352 2550 2592 2604 nomine
2636 2556 2845 2605 sanctae
2903 2556 2961 2605 et
3007 2551 3309 2605 individuae
3365 2551 3688 2615 Trinitatis,
3737 2552 3876 2605 Hers-

2190 2654 2365 2704 mcus,
2424 2638 2614 2693 divina
2665 2640 2891 2693 favente
2964 2639 3268 2693 clementia
3344 2639 3741 2694 Romanorum
3789 2638 3879 2691 im-

2192 2731 2424 2797 perator
2472 2731 2770 2796 angustus,
2831 2726 3100 2780 omnibus
3166 2726 3437 2781 ﬁdelibus
3494 2727 3706 2781 nostris
3758 2740 3881 2795 prir-

2193 2813 2451 2868 sentibus
2496 2812 2712 2868 scilicet
2757 2818 2813 2867 et
2868 2813 3076 2868 futuris
3120 2814 3367 2885 gratiam
3430 2820 3491 2869 et
3553 2815 3784 2869 salutem
3829 2812 3876 2864 in

2194 2902 2433 2958 Christo.

2119 2987 2160 3041 C
2269 2991 2479 3044 Notum
2513 3006 2636 3044 esse
2667 2990 2934 3044 volumus
2962 2990 3223 3045 omnium
3280 2991 3576 3046 catholicae
3610 2989 3740 3044 ﬁdei
3771 3004 3878 3041 me-

2194 3078 2393 3133 morias
2424 3078 2690 3147 qualiter,
2731 3078 3059 3132 interventu
3087 3094 3150 3132 ac
3178 3079 3465 3149 peticione
3500 3074 3875 3147 Cbunigundze

2191 3165 2572 3237 imperatricis
2618 3171 2877 3237 augustae
2923 3172 3133 3221 nostra:
3191 3168 3413 3221 dilectae
3468 3166 3754 3237 conjugis,
3783 3179 3870 3234 per

2189 3254 2338 3309 hanc
2366 3254 2548 3309 nostri
2575 3254 2895 3325 imperialis
2919 3254 3185 3327 praecepti
3217 3255 3492 3325 paginam
3525 3252 3867 3309 concedimus

2193 3348 2403 3397 sanctas
2441 3342 2707 3397 Fuldensi
2754 3344 3005 3397 ecclesiae
3054 3348 3111 3397 et
3161 3343 3374 3397 domno
3406 3344 3674 3415 Bopponi
3706 3338 3869 3396 abbati

2193 3431 2433 3503 ejusque
2464 3430 2881 3485 successoribus
2902 3431 2961 3485 in
2982 3437 3325 3503 perpetuum
3350 3431 3610 3486 bannum
3642 3433 3867 3484 nostrum

2191 3534 2365 3589 super
2389 3518 2600 3572 diversi
2630 3518 2859 3588 generis
2912 3519 3058 3572 feras
3111 3520 3263 3574 inter
3309 3520 3455 3574 ﬁnes
3504 3526 3568 3574 et
3624 3517 3868 3573 terminos

2195 3606 2695 3678 Lupencemarcha
2721 3623 3183 3679 quaquaversum
3223 3608 3423 3662 eadem
3473 3608 3866 3678 Lupencemar-

2192 3698 2300 3750 cha
2328 3696 2672 3763 extenditur,
2697 3711 2764 3749 ex
2786 3711 3070 3750 consensu
3099 3700 3155 3750 et
3192 3696 3484 3750 voluntate
3552 3689 3866 3750 Erkeubaldi

2192 3783 2636 3855 Mogontinensis
2685 3782 3098 3854 archiepiscopi
3154 3799 3375 3838 necnon
3430 3787 3489 3837 et
3536 3780 3759 3838 Arnoldi
3792 3776 3865 3831 ab-

2194 3873 2342 3928 batis
2383 3871 2765 3927 Ilerfeldcnsis
2806 3876 2865 3926 et
2915 3871 3259 3925 Willehelmi
3316 3872 3549 3926 comitis
3616 3877 3673 3925 et
3706 3865 3866 3923 fratris

2194 3963 2318 4033 ejus
2348 3961 2655 4032 Bopponis.
2681 3959 2950 4030 Sigimari
2981 3976 3210 4032 quoque
3240 3962 3495 4016 advocati
3531 3964 3590 4015 et
3639 3956 3863 4014 omnium

2193 4051 2342 4105 circa
2364 4050 2749 4105 habitantium
2808 4049 2908 4120 qui
2955 4049 3032 4103 ibi
3071 4049 3233 4120 juxta
3285 4049 3498 4121 praedia
3530 4049 3735 4104 habere
3782 4060 3863 4097 no-

2190 4144 2447 4206 scuntur,
2477 4154 2544 4192 eo
2590 4137 2848 4192 vicelicet
2903 4143 3104 4192 tenore
3171 4143 3454 4208 quatenus
3510 4136 3714 4191 eadem
3740 4146 3858 4204 pra!-

2197 4227 2511 4294 nominata,
2544 4230 2737 4280 sancta
2783 4226 3004 4281 scilicet
3042 4225 3339 4280 Fuldensis
3390 4226 3649 4290 ecclesia,
3678 4225 3863 4277 noster-

2199 4330 2310 4385 que
2340 4314 2524 4369 ﬁdelis
2555 4316 2749 4384 Boppo
2780 4314 3036 4383 ejusdem
3067 4313 3316 4368 ecclesia
3336 4313 3678 4369 venerabilis
3697 4310 3860 4371 abbas,

2201 4418 2518 4474 omnesque
2548 4403 2649 4474 qui
2673 4403 2735 4457 in
2763 4403 3032 4474 praesenti
3066 4402 3335 4457 Fuldensi
3390 4403 3629 4457 ecclesia
3659 4398 3755 4454 sibi
3778 4409 3862 4467 pro

2197 4489 2405 4545 futuris
2453 4491 2811 4562 temporibus
2854 4491 3166 4546 successuri
3223 4496 3387 4559 sunt,
3427 4490 3577 4545 infra
3630 4486 3864 4561 praefatos

2198 4577 2341 4634 ﬁnes
2373 4580 2731 4635 forestandos
2760 4580 2866 4634 hac
2894 4585 3090 4634 nostra
3134 4579 3421 4651 imperiali
3473 4580 3767 4635 traditione
3794 4579 3859 4625 ta-

2197 4667 2310 4722 lem
2341 4684 2541 4741 pacem
2572 4674 2629 4724 et
2654 4668 3018 4724 securitatem
3046 4669 3251 4723 amodo
3284 4673 3340 4723 et
3385 4668 3653 4739 deinceps
3698 4665 3762 4719 de
3783 4675 3863 4714 ca:-

2196 4754 2333 4808 teris
2370 4754 2949 4826 comproviucialibus
3002 4761 3059 4810 et
3108 4755 3324 4810 circum
3374 4756 3699 4811 sedentibus
3737 4746 3861 4805 obti-

2197 4848 2392 4912 neant,
2429 4845 2659 4915 qualem
2690 4844 2814 4897 haec
2844 4845 3044 4899 eadem
3099 4849 3438 4915 ceteraeque
3490 4843 3731 4898 ecclesiae
3757 4838 3861 4892 hac-

2196 4936 2366 4986 tenus
2408 4932 2623 4987 habere
2670 4931 2809 4986 visae
2863 4937 3016 4999 sunt,
3078 4948 3204 5003 quae
3260 4938 3458 4986 nostra
3508 4932 3624 4985 sive
3667 4924 3860 5000 praede-

2197 5036 2486 5075 cessorum
2518 5026 2846 5076 nostrorum
2874 5021 3288 5092 imperatorum
3311 5020 3583 5075 videlidet
3607 5024 3663 5074 et
3690 5025 3859 5084 regum

2199 5108 2268 5163 de
2295 5110 2630 5180 hujusmodi
2657 5108 2967 5164 forestibus
3013 5108 3357 5163 forestandis
3410 5112 3688 5179 praecepta
3707 5113 3863 5157 susce-

2196 5202 2425 5267 perunt.
2487 5199 2554 5253 Et
2598 5203 2663 5253 ut
2714 5197 2834 5252 haec
2879 5197 3057 5252 banni
3107 5197 3291 5252 nostri
3338 5197 3626 5251 concessio
3671 5185 3859 5247 stabilis

2198 5302 2427 5357 semper
2447 5290 2502 5340 et
2524 5286 2855 5341 inconvulsa
2875 5290 3231 5358 permaneat,
3246 5285 3356 5339 hoc
3377 5290 3719 5356 praeceptum
3746 5273 3859 5332 inde

2197 5373 2584 5445 conscriptum
2617 5390 2791 5429 manu
2814 5375 3048 5446 propria
3104 5374 3537 5429 corroborantes
3566 5369 3728 5444 sigilli
3777 5377 3857 5418 n0-

2198 5462 2299 5516 stri
2327 5461 2706 5535 impressione
2734 5462 3011 5533 jussimus
3044 5461 3310 5534 insigniri
3339 5467 3398 5518 et
3415 5460 3660 5518 nominis
3704 5449 3855 5512 nostri

2198 5555 2481 5608 caractere
2502 5550 2849 5609 conﬁrmari.
