3914 6190
115 288 188 338 εεθῖ
1278 273 1673 328 DlPLOMATA
1711 273 2263 329 ECCLESIASTICA.
3420 283 3524 335 298

166 410 339 472 Signum
381 400 611 454 Heinrici
653 398 1032 466 gloriosissimi
1080 399 1422 466 imperatoris
1469 398 1709 466 augusti.
1743 400 1792 453 A
1834 398 1965 451 licet
1995 414 2199 469 regum
2232 399 2318 452 vel
2357 398 2773 469 imperatorum
2815 401 3185 470 Francorum,
3226 402 3285 456 in
3318 404 3528 473 quibus

164 497 249 563 Ego
277 487 587 545 Guntherius
620 486 988 539 Cancellarius
1022 486 1341 556 recognovi.
1835 485 2106 556 scriptum
2139 485 2429 540 invenitur
2460 488 2746 558 quomodo
2778 487 2887 557 ipsi
2922 489 3284 543 traditionem
3317 498 3373 545 et
3402 509 3533 544 con-

166 584 324 635 Datum
355 594 405 629 lll
437 575 554 628 Kal.
586 575 816 628 Januar.
1835 574 2216 627 tirmationem
2266 575 2581 645 praescripti
2629 576 2780 645 regis
2821 577 2936 628 suis
2986 578 3463 647 prmeeptionibus
3501 597 3534 632 a

160 676 317 723 Actum
347 664 501 719 Fulde
527 662 795 717 feliciter.
1836 678 1982 714 novo
2021 661 2433 715 conﬁrmarunt
2466 680 2479 728 ;
2535 663 2631 716 sed
2670 680 2774 733 pro
2827 665 2911 717 rei
2952 666 3223 717 ﬁrmitate
3273 673 3533 736 precatus

165 758 326 810 Notum
357 754 419 805 sit
445 751 710 804 omnibus
742 751 1008 804 fidelibus
1040 749 1290 821 qualiter
1320 766 1443 813 nos,
1478 765 1607 802 cum
1634 764 1725 802 ec-
1838 759 1923 803 est
1962 756 2214 804 nostram
2262 751 2624 804 clementiam
2674 757 2734 805 ut
2793 753 3079 823 frequenti
3130 754 3312 824 litigio
3360 755 3534 809 tinem

113 845 232 898 clesia
258 839 895 907 Fuldensilconcambium
921 839 1211 903 facientes,
1238 838 1502 893 dedimus
1533 844 1727 890 sancto
1840 844 2237 892 statueremus.
2303 840 2476 909 Cujus
2526 840 2923 910 petitionibus,
2972 843 3045 895 ob
3107 843 3204 895 Dei
3256 859 3533 911 amorem,

117 931 331 987 Bouifacio
358 930 534 983 locum
565 927 931 997 proprietatis
970 932 1177 980 nostrae
1200 927 1259 980 in
1285 930 1547 996 Lupence
1572 942 1728 979 mar-
1841 928 2078 997 ejusque
2118 927 2285 981 tidele
2317 928 2611 981 servitium
2653 929 2898 981 libenter
2934 935 3273 997 annuentes,
3318 932 3539 1000 Boppo-

115 1024 202 1081 cha,
231 1027 275 1073 et
300 1017 597 1088 recepimus
646 1017 756 1069 alia
795 1016 935 1083 loca,
988 1016 1095 1070 hoc
1126 1020 1212 1069 est
1264 1015 1620 1069 Wazerlosen
1678 1020 1733 1067 et
1844 1031 1975 1067 nem
2006 1015 2316 1084 supradicti
2347 1016 2480 1085 pagi
2509 1016 2775 1069 comitem
2805 1033 2838 1068 a
2867 1016 3115 1069 culmine
3148 1019 3325 1070 nostri
3358 1018 3537 1087 impe-

116 1110 341 1177 Eibingen.
1841 1104 1913 1157 rii
1959 1104 2031 1157 ad
2080 1103 2485 1156 destruendam
2526 1104 2687 1156 litem
2733 1107 3015 1156 vetustam
3055 1103 3339 1169 misimus,
3376 1111 3432 1157 et
3478 1110 3569 1163 ut,

162 1198 210 1250 Hi
246 1200 359 1248 sunt
386 1198 570 1246 autem
623 1191 765 1246 ﬁnes
813 1197 869 1245 et
898 1191 1128 1245 termini
1162 1191 1421 1262 Lupence
1454 1190 1685 1244 marcha
1717 1206 1730 1243 :
1844 1191 2123 1262 Sigebodo
2152 1192 2613 1245 Wormaticensis
2644 1191 2831 1259 miles,
2875 1196 2929 1243 et
2962 1192 3265 1244 Wernerus
3300 1194 3540 1244 Laures-

111 1282 470 1339 Trucbenebach
516 1280 651 1334 inde
691 1281 758 1333 ad
788 1280 1314 1344 Steinenbrunnen,
1348 1280 1479 1333 inde
1509 1279 1579 1332 ad
1614 1280 1734 1331 Bir-
1845 1279 2135 1335 hamensis
2194 1279 2379 1345 miles,
2459 1295 2565 1332 nec
2624 1295 2740 1332 non
2812 1279 3061 1332 scabinei
3138 1279 3543 1349 praenominati

113 1374 243 1425 kinen
289 1372 445 1433 solen,
494 1369 629 1422 inde
676 1370 741 1422 ad
776 1369 1174 1433 Holcbiberen,
1224 1368 1359 1421 inde
1390 1368 1461 1420 ad
1493 1368 1736 1420 alterum
1847 1369 2093 1434 comitis,
2125 1385 2252 1421 cum
2274 1369 2602 1438 juramento
2623 1383 2869 1420 marcam
2906 1368 3544 1437 Lobedunburgensem,

112 1461 309 1514 Biberen.
358 1457 479 1510 inde
512 1457 582 1509 ad
632 1456 1010 1518 Hattenhach,
1045 1456 1175 1508 inde
1226 1456 1297 1509 ad
1352 1453 1733 1524 Leingruben,
1846 1476 1951 1529 pro
2010 1475 2123 1529 qua
2174 1457 2612 1522 contenderunt,
2671 1474 2704 1509 δ
2758 1473 2951 1509 mar-ca
3007 1472 3133 1526 quae
3198 1457 3430 1529 respicit
3476 1458 3546 1510 ad

116 1549 209 1600 inde
247 1546 305 1599 ad
347 1545 699 1612 Cumbelum,
738 1543 869 1597 inde
918 1544 986 1596 ad
1026 1543 1428 1613 Lyopbel‘gun,
1489 1541 1619 1595 inde
1666 1540 1736 1594 ad
1851 1546 2183 1617 Epfenheim
2233 1546 2673 1614 distinguerent,
2724 1544 3118 1614 praecepimus.
3154 1544 3251 1596 Isti
3285 1550 3417 1596 sunt
3449 1544 3547 1613 qui

112 1635 436 1697 Homuerzum,
496 1632 630 1684 inde
689 1631 759 1684 ad
819 1631 1366 1686 Brestinesbrunnen
1406 1671 1419 1695 ,
1478 1629 1613 1682 inde
1668 1629 1734 1681 ad
1770 1668 1808 1720 Β
1851 1652 1953 1704 pro
2031 1634 2231 1687 eadem
2290 1650 2481 1687 marca
2547 1634 2924 1703 juraverunt:
3006 1632 3232 1698 Sibodo,
3306 1632 3544 1700 Sigoin,

114 1723 261 1774 Hohcn
302 1721 640 1783 eibcholcen,
694 1719 826 1772 inde
880 1720 950 1772 ad
1008 1718 1418 1784 Merenlinden,
1475 1717 1609 1772 inde
1667 1717 1737 1769 ad
1772 1717 1800 1720 ’
1850 1725 2070 1790 Wazzo,
2120 1724 2408 1780 Auduom.
2468 1721 2852 1791 Reolfreging,
2915 1722 3051 1773 item
3112 1720 3328 1789 Signia.
3385 1723 3548 1775 Hart-

114 1810 451 1876 Habechental,
489 1809 622 1861 inde
647 1807 948 1861 Slvinincn
1002 1814 1248 1872 strazen,
1300 1807 1434 1860 inde
1488 1806 1555 1859 ad
1591 1804 1738 1857 WGi-
1849 1827 2048 1877 manu,
2087 1810 2296 1875 lletzcl,
2349 1809 2571 1862 Eskrih.
2626 1811 2690 1862 Et
2735 1808 2856 1861 istis
2901 1808 3163 1861 terminis
3194 1808 3550 1878 supradictas

112 1898 417 1950 denbrunnen
469 1902 525 1949 et
568 1896 1052 1949 Nazahainferius
1104 1896 1174 1948 ad
1212 1894 1737 1961 Sleinenbrunnen,
1852 1917 2069 1953 marcus
2118 1899 2519 1952 distinxerunt.
2570 1898 2915 1965 Hegisurum
2968 1915 3147 1967 usque
3192 1899 3249 1949 in
3296 1897 3550 1950 Flicbeu-

110 1986 203 2038 inde
227 1986 284 2039 ad
313 1985 562 2039 Widinen
591 1986 768 2049 solen,
801 1983 936 2037 inde
960 1984 1026 2036 ad
1058 1983 1457 2048 Marcsteinen,
1505 1982 1636 2034 inde
1669 1981 1740 2033 ad
1850 1988 2013 2054 bach,
2048 1992 2104 2041 et
2148 1987 2224 2039 sic
2255 2003 2433 2056 usque
2479 1985 2539 2038 in
2586 2002 2899 2055 possessam
2954 1986 3333 2038 Homathoni:
3390 1992 3445 2038 et
3475 1985 3553 2037 sic

108 2073 284 2140 Neptale
312 2089 526 2124 sursum
563 2076 618 2124 et
660 2071 892 2139 Neptale
924 2070 1093 2135 infra,
1126 2070 1257 2123 inde
1284 2070 1351 2123 ad
1384 2070 1741 2123 Setensteten
1852 2091 2079 2127 sursum
2130 2090 2443 2144 possessam
2493 2089 2669 2142 usque
2701 2073 2768 2124 ad
2820 2072 3117 2125 Euthelem
3166 2073 3551 2137 Wichelstein,

106 2177 178 2228 per
199 2161 458 2229 capellam,
528 2161 600 2213 de
630 2160 843 2228 capella
875 2159 943 2213 ad
986 2159 1286 2225 Hurselen,
1312 2158 1447 2211 inde
1482 2158 1554 2209 ad
1591 2158 1743 2211 Olte-
1852 2163 1985 2216 inde
2018 2164 2088 2216 ad
2136 2162 2470 2215 orientalem
2501 2161 2742 2225 bornen,
2784 2160 2917 2213 inde
2963 2161 3033 2213 ad
3075 2176 3408 2229 spumosum
3441 2167 3551 2212 sta-

107 2263 284 2312 reswag,
313 2247 434 2300 inde
468 2247 538 2299 ad
579 2246 895 2309 HorWiden,
928 2245 1063 2299 inde
1096 2245 1165 2298 ad
1230 2244 1575 2313 Lachweige,
1609 2242 1742 2295 inde
1853 2267 2053 2319 gnum,
2081 2256 2138 2303 et
2161 2250 2238 2303 sic
2275 2250 2333 2302 in
2370 2251 2667 2303 Ulmenam
2694 2268 2709 2313 ;
2741 2254 2795 2301 et
2817 2247 2949 2300 inde
2982 2264 3163 2317 usque
3187 2249 3257 2301 ad
3290 2246 3553 2300 intonein

108 2335 466 2400 Kabenbuhele,
516 2334 652 2387 inde
693 2333 761 2386 ad
800 2334 1173 2403 Wartbergen
1224 2333 1283 2385 in
1318 2334 1554 2396 fontem,
1610 2332 1654 2383 ir

2006 2357 2069 2392 .m
2098 2359 2112 2405 ;
2144 2339 2275 2392 inde
2295 2356 2327 2391 a
2356 2340 2549 2391 dunen
2574 2337 2923 2397 VVicbental,
2958 2336 3087 2388 inde
3121 2335 3179 2388 in
3217 2336 3552 2389 orientalem

106 2424 155 2474 ad
185 2425 580 2491 lugenturnen,
624 2422 753 2475 inde
787 2422 857 2474 ad
894 2423 1235 2491 Madungen.
1269 2420 1401 2474 inde
1431 2420 1500 2473 ad
1541 2418 1747 2473 GefWi-
1855 2430 2172 2491 Ulmenam,
2219 2433 2275 2481 et
2324 2427 2398 2479 sic
2434 2443 2610 2496 usque
2643 2426 2713 2478 ad
2764 2424 3285 2478 Ricberesvindam.
3330 2425 3465 2478 Inde
3496 2426 3555 2479 in

108 2511 389 2576 nessteinen,
430 2512 569 2565 inde
608 2513 676 2564 ad
712 2511 938 2579 Alviges
970 2511 1102 2572 80L,
1137 2511 1270 2563 inde
1301 2510 1371 2562 ad
1402 2508 1741 2572 Suarzbach,
1854 2519 2135 2572 charum
2167 2521 2222 2569 et
2253 2516 2331 2568 sic
2379 2516 2659 2568 charum
2708 2514 2975 2566 deorsum
3030 2528 3208 2582 usque
3240 2512 3297 2565 in
3334 2514 3556 2566 Niwen_

106 2599 203 2651 inde
227 2602 284 2653 ad
308 2600 525 2667 Alinde,
551 2608 609 2653 et
634 2600 834 2653 Aliude
867 2599 1105 2652 inferius
1127 2598 1198 2651 ad
1230 2598 1485 2665 Merrith,
1511 2598 1645 2651 inde
1676 2597 1746 2650 ad
1854 2605 2032 2669 heim,
2065 2608 2120 2656 et
2145 2604 2204 2656 iu
2238 2619 2304 2657 ea
2346 2602 2487 2655 nihil
2522 2602 2764 2671 speciale
2804 2601 3095 2665 dixerunt,
3128 2607 3360 2669 excepto
3395 2602 3558 2654 Colc-

108 2685 437 2758 ιίιςεθυιιουεν
467 2688 605 2741 inde
651 2689 716 2741 ad
752 2687 1142 2756 ονὶοὶιυιιεθη,
1192 2687 1323 2739 inde
1362 2688 1434 2739 δά
1467 2686 1746 2739 Ηοὶθωευ-
1857 2693 2111 2763 genberg
2162 2696 2218 2744 et
2270 2691 2555 2743 Forestem
2605 2706 2733 2759 qum
2801 2688 3236 2755 Eugizunforste
3294 2687 3556 2739 nomina-

106 2776 187 2838 leu,
213 2776 329 2828 inde
357 2778 426 2829 ad
456 2776 774 2840 Gotdedah,
808 2776 939 2829 inde
969 2777 1040 2828 ad
1074 2775 1322 2839 Abarne,
1356 2774 1490 2828 inde
1519 2774 1589 2827 ad
1626 2774 1745 2827 Ku-
1857 2787 1973 2833 tur.
2016 2780 2374 2847 Quapropter
2424 2777 2527 2830 hoc
2576 2784 2787 2829 nostra:
2829 2775 3180 2829 auctoritatis
3210 2780 3559 2845 praeceptum

107 2862 227 2929 bach,
264 2869 313 2917 et
361 2865 427 2918 de
482 2865 723 2918 Kubach
768 2864 914 2917 infra
947 2864 1004 2938 in
1035 2865 1325 2929 Werraba,
1358 2868 1415 2917 et
1442 2863 1512 2917 de
1550 2864 1748 2917 Werra
1858 2868 2044 2921 eidem
2078 2865 2340 2919 Ecclesiae
2371 2865 2497 2918 ﬁeri
2544 2864 2918 2929 decrevimus,
2958 2880 3062 2933 per
3102 2866 3249 2933 quod
3288 2864 3560 2932 jubemus

104 2950 290 3004 inferius
319 2952 375 3005 in
402 2952 747 3021 praedictum
778 2950 1239 3005 Truckenebach.
1582 2992 1593 3001 .
1790 2943 1830 2997 Ο
1862 2961 1928 3009 ut
1985 2955 2219 3024 praefato
2281 2953 2547 3023 episcopo
2598 2953 2949 3016 Burcliardo,
2998 2957 3096 3003 aut
3146 2951 3561 3003 successoribus

816 3058 990 3110 LXIV.
1861 3043 1998 3110 suis,
2040 3042 2263 3095 nullum
2312 3040 2792 3109 impedimentum
2850 3038 3137 3109 praedictis
3186 3039 3446 3091 Ecclesiae
3475 3038 3560 3090 fa-

104 3162 298 3215 Ηρίηνίσί
348 3166 493 3230 regis
540 3168 896 3231 praeceptum,
950 3178 1046 3229 per
1102 3161 1247 3230 quod
1303 3161 1753 3214 meaticensem
1862 3130 2289 3231 oc.ul'tatibus.ab
2326 3129 2520 3227 aliqua
2551 3143 2823 3231 persona.
2862 3133 3161 3231 occurrat‘;
3217 3132 3272 3180 et
3302 3128 3407 3231 Ιιοό
3462 3127 3561 3180 ad-

154 3215 432 3287 Ecclesiamv
453 3215 651 3303 [inter]
671 3215 674 3216 ν
692 3215 741 3287 εἶ
768 3215 771 3216 ν
797 3215 1088 3286 εωιιοῖιίηηι
1110 3215 1600 3285 Ἰιαυνὶδιιελὶτηεηεε
1632 3245 1700 3283 εοι

2024 3235 2087 3272 us
2120 3234 2134 3271 :
2166 3218 2212 3270 si
2242 3217 2340 3287 qui
2373 3215 2757 3286 superbiendo
2809 3215 2960 3268 istud
3016 3220 3247 3284 pactum
3300 3215 3387 3267 vel
3420 3231 3562 3284 pree-

153 3302 710 3371 τνουετεὶανηίγαλὶοηε
728 3306 961 3357 Ferasiis
984 3303 1266 3357 Odenwalt
1292 3303 1521 3355 dirimit
1863 3313 2089 3378 ceptum
2132 3304 2448 3371 violaverit,
2490 3310 2604 3357 tres
2653 3304 2826 3357 libras
2870 3302 2995 3356 auri
3042 3303 3109 3357 ad
3143 3319 3428 3357 cameram
3458 3319 3561 3356 no-

709 3393 893 3460 (Anno
924 3388 1104 3458 1012.)
1490 3394 1493 3401 ’
1866 3404 2039 3451 stram
2068 3397 2157 3449 vel
2209 3394 2543 3449 successoris
2582 3394 2763 3447 nostri
2801 3393 3037 3461 tribuat,
3072 3399 3128 3447 et
3156 3394 3308 3464 quod
3340 3394 3565 3464 inCepe-

271 3478 599 3548 [Schannat,
633 3480 1001 3548 Episcopatus
1039 3480 1300 3539 Vormat.,
1326 3477 1395 3542 II,
1429 3474 1543 3546 38.]

2014 3485 2216 3537 rritum
2264 3483 2560 3537 habeatur.
2613 3483 2692 3545 Et,
2745 3487 2808 3535 ut
2853 3482 2972 3535 haec
3011 3483 3319 3535 auctoritas
3352 3488 3560 3536 nostra:

154 3564 203 3615 Ῑο
240 3570 462 3621 nomine
502 3574 716 3621 581101-83
774 3571 828 3619 et
867 3566 1176 3619 ίηάίνίάυεε
1227 3564 1534 3631 Trinitatis:
1586 3562 1757 3615 H315"
1867 3573 2319 3628 confirmationis
2378 3572 2545 3625 ﬁrma
2596 3571 2929 3642 stabilisque
2972 3576 3331 3641 permaneat,
3365 3572 3562 3625 annuli

104 3666 231 3718 “Cl-‘5,
262 3655 447 3709 (“Vina
478 3655 790 3710 ordinante
821 3654 1146 3719 Clementia,
1178 3670 1295 3707 ι’θΧ.
1870 3661 2052 3716 nostri
2082 3661 2458 3730 impressione
2499 3676 2624 3712 eam
2653 3659 2921 3729 insigniri
2944 3659 3239 3729 jussimus,
3276 3676 3563 3729 manuque

154 3741 295 3795 Omni
324 3744 520 3815 itaque
556 3749 767 3797 sancta:
798 3743 897 3796 Dei
920 3741 1180 3796 Ecclesiae
1209 3740 1467 3795 ﬁdelium
1493 3739 1552 3793 in
1585 3753 1762 3809 regno
1870 3750 2104 3823 propria
2129 3750 2329 3802 subtus
2362 3748 2782 3801 “notavimus.

104 3836 256 3882 nostro
308 3832 648 3903 degentium
701 3847 868 3884 nosse
929 3830 1193 3884 volumus
1259 3828 1568 3883 sollertiam
1620 3842 1762 3897 quo-
1942 3836 2265 3892 Gunthems
2350 3834 2742 3901 cancellarius,
2827 3836 2896 3889 ad
2970 3834 3151 3888 vicem
3218 3834 3565 3889 Erkanbaldi

104 3916 233 3969 modo
276 3919 357 3973 vir
404 3919 776 3983 Venerabilis,
818 3925 874 3972 et
921 3917 1087 3972 nobis
1138 3918 1199 3970 in
1258 3916 1527 3970 omnibus
1556 3913 1760 3979 ﬁdelis,
1874 3922 2316 3993 archicapeuani
2359 3922 2681 3992 recognovi,

107 4000 439 4071 Burchardus,
489 4007 937 4062 VVormatiensis
981 4006 1231 4060 ecclesize
1278 4005 1600 4074 episcopus,

2018 4018 2087 4065 ita
2115 4028 2185 4065 xv
2231 4010 2468 4064 Kalend.
2520 4009 2834 4080 Septemb.,
2874 4025 3025 4063 anno
3074 4008 3348 4063 incarnat.
3403 4010 3564 4062 Dom.

104 4094 426 4151 minationem
472 4103 740 4150 nostram
785 4095 928 4149 adiit
978 4110 1100 4147 sese
1135 4092 1519 4156 reclamando,
1554 4091 1625 4143 ob

2021 4100 2181 4154 :simo
2224 4098 2587 4163 duodecimo,
2622 4097 2935 4152 indictione
2967 4096 3208 4163 decima,
3253 4113 3404 4151 anno
3434 4113 3567 4150 vero

104 4186 323 4245 queutem
374 4184 811 4238 contentionem
858 4182 1113 4236 habitam
1169 4183 1318 4234 inter
1371 4196 1531 4232 suam
1583 4178 1765 4232 Eccle-
1804 4218 1847 4271 Β
1878 4188 2097 4244 domini
2126 4187 2356 4242 Πρω-ξεί
2388 4186 2624 4240 secundi
2655 4186 2902 4241 decimo,

100 4265 251 4336 siam,
307 4279 363 4325 et
416 4270 927 4326 Laureshamensis
984 4270 1276 4333 ecclesiae,
1337 4268 1620 4333 abbatem,

1381 4268 1620 4333 bbalem.
1695 4266 1764 4319 de
1806 4265 1840 4271 ”
1910 4282 2111 4331 Actum
2144 4275 2405 4330 Nerstein
2437 4274 2699 4329 feliciter.
2726 4278 2927 4328 Amen.

104 4356 397 4421 quibusdam
442 4359 797 4451 utilitatibus
841 4375 968 4451 quae
1001 4363 1133 4451 sunt
1180 4359 1238 4411 in
1274 4354 1761 4451 pago-Lgbfiflu-n’
2656 4398 2785 4451 LXV

100 4456 241 4510 gowe,
270 4463 332 4500 eo
363 4450 527 4518 quod
555 4447 828 4518 praefatus
850 4447 1022 4500 abbas
1044 4444 1475 4499 Wormatiensis
1506 4443 1767 4497 Ecclesia;
1898 4506 1911 4518 ‘
1936 4505 1950 4518 ‘
1971 4504 1985 4518 '
2044 4506 2082 4518 Π
2153 4503 2209 4518 m
2284 4504 2295 4515 O
2440 4505 2450 4515 .
2656 4439 2739 4451 νει

103 4500 120 4507 ν
230 4500 239 4510 -
377 4500 399 4518 ι
430 4500 470 4502 τί
500 4500 527 4502 —
555 4500 575 4518 ι

103 4546 236 4585 omne
271 4536 601 4590 silvaticum
631 4536 688 4589 in
729 4536 868 4588 silva
889 4534 1182 4587 Odenwalt
1211 4532 1553 4604 potestativa
1592 4548 1648 4584 m

2027 4506 2118 4604 [ζὶιέ
2148 4503 2533 4604 Flprineyzsis,n
2564 4518 2704 4604 quasi,
2734 4507 2815 4604 es:
2841 4501 3309 4604 ll‘enedictinorun:
3340 4504 3410 4604 iAn'
3437 4500 3573 4604 dio:-

2027 4591 2052 4604 ν.
2131 4589 2185 4604 οη
2232 4589 2363 4604 πω.
2420 4591 2449 4604 ι.
2514 4589 2665 4604 _,.......
2707 4588 2734 4604 η
2901 4587 3283 4604 “numnum...”
3415 4587 3470 4604 ,ρο
3509 4586 3573 4604 η-

1948 4576 2057 4629 οωνί
2082 4573 2385 4639 Leodiensi,
2419 4591 2453 4627 a
2493 4573 2734 4629 Gerardo
2776 4574 2815 4624 Ι
2860 4573 3234 4628 Cameracensi
3257 4577 3306 4625 et
3336 4571 3575 4625 Atreba—

100 4620 212 4713 Ἕω,
268 4623 563 4690 abdicare’
637 4639 1037 4713 sumquelper
1102 4623 1392 4693 integrum
1446 4620 1765 4713 νθηξίθδλξθο
1949 4620 2123 4698 tensi-
2172 4620 2416 4713 episcopo
2497 4620 2760 4710 Ῠηηάαια,
2859 4620 3209 4711 conﬁrmatur
3287 4641 3579 4709 diplomate

102 4706 163 4759 Ob
203 4710 337 4764 hanc
395 4714 586 4782 igitur
653 4710 1081 4765 altercationem
1138 4716 1348 4765 nostra!
1422 4706 1770 4762 excellentiae
1952 4706 2278 4771 s,Hem-{ci.
2346 4706 2365 4713 “
2500 4706 2509 4710 ⁷
2742 4706 2751 4709 ’
2956 4706 2965 4727 τ

101 4800 312 4861 porrexit
386 4804 755 4872 praeceptum
838 4799 1144 4868 Dagoberti
1204 4796 1570 4851 famosissimi
1619 4795 1772 4863 regis
2540 4800 2728 4870 (Anno
2764 4798 2942 4868 1012.)

106 4882 412 4943 Francorum
469 4889 871 4958 relegendum,
928 4889 988 4941 in
1031 4904 1145 4958 quo
1201 4887 1475 4956 scriptum
1526 4885 1776 4938 habetur
2246 4888 2510 4959 [Mimans
2544 4889 2682 4958 Opp.
2715 4888 2966 4956 diplom.,
3000 4887 3041 4951 l,
3074 4882 3224 4954 675.]

102 4976 307 5039 qualiter
332 4979 456 5048 ipse
495 4977 856 5047 Dagobertus
877 4992 971 5029 rex
1005 4976 1073 5028 ad
1100 4975 1393 5029 basilicam
1418 4973 1598 5026 sancti
1623 4971 1777 5025 Petri
1954 4979 2202 5043 (Initium
2254 4975 2441 5046 deest)
2480 4975 2841 5046 Quapropter
2870 4970 3281 5027 innotescimus
3313 4966 3580 5021 omnibus

104 5066 302 5127 apostoli
352 5066 695 5119 Wormatiae
751 5064 1129 5118 constructam
1183 5061 1420 5116 tradidit
1476 5060 1777 5114 castellum
1888 5063 2383 5129 christiﬁdelibus,
2431 5069 2488 5116 et
2527 5065 2755 5129 nostris,
2801 5069 2917 5115 tam
2966 5057 3173 5113 futuris
3213 5072 3387 5126 quam
3432 5071 3581 5125 prae.

106 5145 391 5223 [Adinburg
421 5154 486 5207 in
544 5169 694 5222 pago
739 5151 1175 5221 Lobedungowe
1208 5150 1381 5203 situm
1426 5165 1556 5202 cum
1598 5146 1780 5200 omni-
1889 5151 2163 5215 sentibus,
2214 5148 2351 5219 quia
2391 5150 2671 5203 Gerardus
2718 5149 2806 5201 vir
2863 5144 3207 5200 venerabilis
3253 5144 3313 5198 in
3358 5143 3579 5213 primis,

107 5234 182 5289 bus
206 5242 555 5295 utensilibus
595 5241 731 5293 illuc
780 5239 1199 5309 pertinentibus
1238 5243 1295 5291 et
1327 5237 1485 5291 omni
1526 5236 1777 5290 silvatico
1889 5244 2083 5293 noster
2112 5238 2460 5307 capellanus,
2503 5242 2704 5306 postea
2742 5250 2897 5299 vero,
2932 5233 3031 5287 Dei
3060 5231 3244 5302 gratia
3270 5236 3584 5297 annuente,

104 5322 146 5376 in
176 5327 301 5381 silva
330 5330 684 5393 Odenwalt;
737 5329 805 5380 ad
837 5328 942 5381 hoc
974 5328 1148 5380 etiam
1195 5325 1405 5380 nostris
1436 5325 1648 5379 visibus
1680 5324 1776 5377 ob-
1890 5332 1947 5381 et
1986 5342 2076 5379 me
2125 5324 2311 5385 dante,
2376 5323 2796 5378 Cameracensis
2851 5321 3154 5391 episcopus
3214 5320 3464 5385 effectus,
3533 5329 3590 5371 et

107 5416 204 5467 tulit
242 5424 538 5487 praecepta.
598 5432 987 5470 successorum
1038 5415 1215 5482 illius,
1252 5414 1517 5467 videlicet
1570 5411 1782 5482 Pipini,
1891 5414 2092 5468 fratres
2124 5411 2213 5465 sui
2244 5411 2605 5476 Godefridus,
2642 5415 2698 5462 et
2725 5410 3017 5474 Arnulfus,
3060 5407 3347 5462 abbatiam
3386 5422 3589 5478 quam-

110 5498 282 5569 Karoli,
317 5504 655 5571 Ludowici;
689 5502 915 5558 Ottonis
960 5503 1153 5573 primi,
1198 5501 1645 5556 clarissimorum
1675 5498 1781 5553 sci-
1895 5502 2027 5555 dam
2056 5499 2120 5554 in
2149 5515 2298 5570 pago
2342 5497 2671 5553 Lomacensi
2702 5497 2870 5551 sitam
2909 5512 3014 5567 pro
3055 5497 3234 5551 salute
3266 5495 3589 5548 animarum

431 5621 714 5684 PATROL.
769 5618 941 5683 CXL.
3203 5613 3283 5669 lO
