4016 6202
431 296 537 350 299

1741 296 1797 351 S.
1841 295 2127 353 HENRICI
2166 295 2646 354 IMPERATORIS

3862 301 3968 353 300

433 435 689 486 suarum,
737 425 794 475 et
845 437 1080 476 suorum
1128 423 1434 493 parentum
1493 418 1744 475 Florines
1795 421 1939 490 (166)
1990 435 2127 474 con-
2167 422 2210 474 A
2242 419 2980 491 gun(Irnsing)dictum,in
3000 418 3493 490 pagoKelesgowe
3515 419 3657 475 etin
3679 420 3969 474 comitatu

433 515 784 566 struxerunt.

506 599 761 662 Quorum
795 600 1120 654 interventu
1161 600 1343 670 ipsam
1374 597 1662 652 abbatiam
1697 613 1826 650 cum
1867 597 2135 651 omnibus

433 688 600 742 bonis
646 689 716 741 ad
751 688 1010 742 eamdem
1052 686 1490 758 pertinentibus,
1541 685 1747 738 futuris
1777 690 1833 738 et
1877 701 2132 756 presen-

436 775 608 842 tibus,
656 775 716 829 in
746 781 938 829 nostro
990 774 1402 830 mundiburnio
1453 780 1511 828 et
1564 774 1805 828 tuitione
1854 781 2134 845 perpetuo

434 865 883 918 conservandam
908 865 1278 934 suscepimus.

507 953 812 1008 Commnni
851 953 1029 1023 igitur
1070 952 1309 1006 fratrum
1360 966 1616 1014 assensu,
1665 951 1836 1020 hujus
1875 955 2134 1005 constru-

433 1048 537 1096 ctae
571 1044 643 1096 ab
672 1043 752 1095 eis
785 1041 1046 1105 abbatim,
1071 1040 1379 1095 Godefrido
1403 1040 1572 1094 cessit
1595 1039 1908 1094 advocatio.

505 1130 574 1183 Et
619 1146 689 1183 ne
730 1130 922 1201 aliqua
959 1129 1111 1183 inter
1163 1129 1344 1198 ipsam
1395 1133 1450 1182 et
1489 1128 1775 1182 abbatiam
1826 1126 2133 1180 suscitare-

437 1222 531 1274 tur
581 1219 894 1286 altercatio,
963 1217 1116 1271 idem
1167 1217 1501 1271 Godefridus
1565 1217 1659 1286 jus
1728 1215 2134 1282 advocationis,

435 1307 590 1377 quod
634 1306 890 1373 retinuit,
939 1306 998 1360 in
1038 1311 1230 1359 nostra
1262 1305 1570 1376 praesentia
1600 1305 1678 1358 sic
1725 1304 2006 1375 exposuit.
2057 1303 2135 1356 De

434 1395 676 1466 singulis
707 1395 962 1449 foris.....

505 1483 562 1538 Si
621 1484 750 1555 quis
815 1489 1006 1536 autem
1083 1487 1441 1552 posterorum
1510 1481 1683 1551 hujus
1755 1479 2137 1534 advocationis

433 1572 584 1625 ultra
629 1573 750 1625 haec
797 1572 1066 1625 adversus
1129 1570 1422 1624 ecclesiam
1464 1569 1779 1639 quidquam
1831 1568 2132 1622 molestum

435 1665 770 1728 arroganter
799 1658 1076 1724 intulerit,
1125 1659 1377 1711 Baldrico
1411 1656 1838 1710 [.eodicensium
1870 1655 2135 1726 episcopo

434 1763 588 1800 nunc
627 1747 793 1800 nobis
824 1747 1129 1812 assistenti,
1169 1751 1226 1799 et
1254 1746 1673 1799 successoribus
1721 1747 1865 1814 ejus,
1919 1749 1982 1798 ut
2029 1761 2132 1799 no-

433 1840 549 1888 stra
571 1836 757 1906 vigeat
801 1836 1112 1897 concessio,
1154 1835 1278 1888 loco
1323 1833 1503 1887 nostri
1541 1839 1604 1887 ut
1652 1833 1870 1902 judices
1912 1838 1970 1886 et
2017 1834 2137 1886 vin-

434 1922 587 1976 dices
668 1924 878 1976 arctius
956 1928 1296 1992 appareant,
1381 1922 1715 1975 auctoritate
1791 1921 2130 1992 potiore.....

433 2009 706 2064 Jubemus
745 2027 880 2080 ergo
913 2011 1140 2080 publice
1190 2009 1333 2064 etin
1379 2011 1548 2080 pleno
1592 2010 1902 2079 colloquio,
1934 2015 2133 2080 quate-

437 2113 545 2150 nus
589 2098 910 2168 impensius
967 2099 1126 2151 labor
1172 2114 1287 2151 non
1330 2099 1564 2168 periret,
1614 2097 1712 2151 sed
1754 2114 2020 2152 securum
2081 2102 2137 2151 et

436 2185 732 2239 defensum
799 2191 1059 2240 maneret
1118 2187 1529 2240 monasterium
1587 2187 1646 2239 in
1706 2187 1928 2240 honore
1986 2186 2137 2239 beati

432 2274 666 2328 Joannis
714 2275 976 2343 Baptistae
1031 2279 1460 2339 constructum;
1511 2279 1568 2327 et
1611 2273 1756 2326 inibi
1813 2273 2136 2326 habitantes

432 2379 536 2432 pro
579 2363 970 2418 incolumitate
1005 2367 1220 2427 nostra,
1273 2368 1328 2415 et
1372 2361 1635 2431 conjugis
1671 2367 1902 2426 nostra,
1944 2367 2002 2414 et
2029 2377 2134 2431 pro

431 2455 578 2504 statu
609 2450 838 2520 imperii
864 2449 1042 2503 nostri
1069 2449 1166 2502 Dei
1193 2448 1790 2519 rlementiamjugiter
1809 2453 2131 2516 exorarent,

432 2539 541 2592 hoc
580 2545 786 2592 nostra).
819 2538 1175 2592 auctoritatis
1208 2543 1561 2608 praeceptum
1597 2539 1723 2590 fieri
1756 2538 2129 2592 decrevimus.

503 2628 634 2682 Haec
663 2633 797 2681 sunt
826 2632 1016 2681 autem
1055 2625 1440 2696 ingenuorum
1475 2625 1705 2679 testium
1740 2627 2006 2680 nomina:

503 2716 863 2770 Burcbardus
894 2715 1227 2768 Wormacias
1259 2715 1580 2785 episcopus.

502 2805 832 2858 Heribertus
860 2803 1215 2860 Coloniensis
1242 2805 1722 2874 archiepiscopus.

502 2893 852 2945 Deodoricus
911 2891 1172 2945 Metensis
1217 2891 1546 2961 episcopus,
1594 2890 1768 2943 frater
1827 2889 2132 2958 Cunegun-

433 2979 520 3033 dis
549 2979 626 3032 im
637 2978 949 3047 peratricis.

499 3065 845 3118 Adelboldus
878 3063 1298 3133 Ultrajectensis
1329 3063 1648 3135 episcOpus.

500 3151 837 3206 Godefridus
868 3153 999 3218 dux,
1035 3158 1140 3204 etc.

503 3241 698 3295 Frater
726 3243 847 3309 ejus
877 3239 1096 3292 Ethelo.

502 3329 633 3384 Otto
659 3329 769 3382 dux
804 3327 1204 3397 Lothariugia'.

499 3417 708 3472 Albero
736 3417 848 3470 dux
879 3415 1338 3470 Mosellanorum.

503 3507 642 3560 Data
666 3505 886 3559 decima
929 3505 1170 3575 septima
1204 3503 1354 3571 Maii,
1387 3519 1537 3558 anno
1591 3502 1898 3556 Dominicas
1942 3503 2128 3557 incar-

431 3595 678 3649 nationis
739 3593 1045 3647 millesimo
1097 3593 1460 3658 duodecimo,
1517 3590 1824 3645 indictione
1887 3591 2126 3659 decima,

430 3689 802 3738 concurrente
853 3683 1124 3749 secundo,
1167 3687 1367 3750 epacta
1407 3681 1674 3735 vicesima
1703 3688 1927 3752 quarta,
1979 3697 2128 3736 anno

431 3763 620 3810 autem
660 3755 909 3810 lleiurici
941 3753 1313 3822 imperatoris
1343 3753 1667 3808 undecimo.

496 3846 699 3899 Actum
732 3842 956 3896 Leodici
982 3842 1237 3896 feliciter.
1271 3844 1473 3897 Amen.

1191 3948 1367 4001 LXVI.

425 4060 729 4126 Imperator
809 4057 1073 4126 Henricus
1160 4053 1353 4126 donat"
1396 4053 1644 4107 Ecclesiae
1747 4052 2129 4126 Bambergensi

496 4123 664 4182 locum
723 4126 944 4188 Irnsing
994 4123 1052 4176 in
1112 4139 1254 4191 pago
1312 4125 1612 4191 Kelesgowe
1663 4127 1712 4176 et
1752 4125 1812 4176 in
1865 4125 2124 4177 comitatu

496 4199 702 4253 Ottonis
736 4197 801 4248 de
839 4197 1168 4260 Vittelspach
1193 4196 1377 4246 situm.

956 4283 1138 4347 (Anno
1174 4282 1326 4346 1012,
1362 4285 1382 4334 1
1424 4279 1592 4350 Nov.)

708 4369 896 4442 [Ried,
928 4369 1054 4424 Cod.
1098 4371 1260 4437 episc.
1303 4371 1552 4436 Ratisb.,
1595 4370 1637 4432 1,
1685 4367 1832 4440 130.]

496 4479 554 4533 C.
624 4478 687 4531 ln
753 4474 987 4529 nomine
1043 4479 1252 4528 sancta:
1317 4478 1374 4527 et
1437 4474 1747 4528 individua:
1803 4475 2114 4542 Trinitatis,

425 4566 743 4628 ï¬‚ammeus,
796 4563 987 4617 divina
1037 4563 1261 4616 favente
1329 4562 1653 4628 clementia,
1721 4563 2114 4618 Romanorum

423 4655 736 4726 imperator
758 4656 1064 4722 Augustus.

491 4743 759 4798 Omnium
791 4741 896 4810 Xpi
940 4739 1235 4809 nostrique
1283 4737 1540 4794 ï¬delium
1580 4738 1801 4793 noverit
1832 4738 2114 4794 industria

419 4832 668 4904 qualiter
688 4846 811 4895 nos,
840 4830 911 4882 ob
937 4827 1257 4883 remedium
1288 4829 1494 4882 animae
1517 4833 1572 4881 et
1595 4844 1697 4898 per
1724 4828 2110 4883 interventum

417 4926 626 4976 nostra:
654 4919 1037 4974 dilectissimm
1070 4917 1327 4987 conjugis
1356 4917 1754 4988 Chunigundas
1787 4916 2107 4988 imperatri-

416 5011 496 5064 cis
531 5013 822 5078 Augustae,
849 5008 1136 5079 quendam
1165 5007 1342 5060 nostri
1374 5006 1522 5076 juris
1560 5010 1746 5061 locum
1777 5005 2106 5078 Eringesin-

2244 510 2466 563 Ottonis
2503 509 2725 564 comitis
2753 516 2946 574 suum,
2971 514 3175 562 sancte
3209 508 3676 579 Babenbergensi
3707 510 3971 563 ecclesia!

2243 598 2302 651 in
2353 599 2630 652 honorem
2684 597 2833 651 beati
2892 597 3042 650 Petri
3099 597 3378 668 principis
3435 599 3860 668 apostolorum
3917 606 3978 652 et

2244 687 2422 741 sancti
2479 686 2707 756 Georgii
2764 685 3029 756 martyris
3093 691 3431 740 constructae
3491 692 3549 739 et
3579 692 3969 753 consecrate,

2244 792 2374 830 cum
2424 775 2692 828 omnibus
2739 773 3116 844 appendiciis,
3173 774 3386 826 scilicet
3441 774 3616 828 terris
3674 775 3858 828 cultis
3914 781 3976 829 et

2245 864 2495 929 incultis,
2542 863 2708 929 villis,
2753 862 2955 923 vineis,
3007 861 3179 932 agris,
3225 862 3423 933 pratis,
3491 863 3760 932 pascuis,
3808 865 3977 933 aquis

2246 968 2641 1024 aquarumque
2678 951 3030 1017 decursibus,
3061 951 3428 1017 molendinis,
3459 951 3633 1018 areis,
3676 951 3968 1019 aedificiis,

2247 1044 2548 1112 utriusque
2601 1056 2766 1094 sexus
2809 1039 3132 1108 mancipiis,
3178 1039 3426 1092 exitibus
3473 1045 3528 1092 et
3559 1040 3881 1107 reditibus,
3914 1047 3971 1094 et

2245 1148 2377 1185 cum
2433 1130 2700 1184 omnibus
2749 1128 3090 1182 utilitatibus
3121 1143 3248 1197 qua:
3293 1127 3380 1181 vel
3413 1127 3589 1182 scribi
3636 1129 3733 1183 vel
3784 1131 3966 1182 nomi-

2245 1219 2373 1274 nari
2420 1222 2678 1290 possunt,
2736 1233 2962 1270 summo
3011 1221 3067 1269 et
3123 1215 3342 1269 liberali
3399 1216 3731 1270 devotionis
3780 1219 3964 1271 stadio

2246 1307 2308 1362 in
2350 1307 2651 1378 proprium
2689 1305 3049 1359 concedimus
3102 1309 3158 1358 et
3204 1304 3528 1371 donamus;
3583 1321 3652 1358 ea
3700 1305 3964 1360 videlicet

2245 1396 2583 1450 condicione
2640 1399 2922 1464 quatenus
2997 1392 3250 1463 ejusdem
3321 1391 3670 1464 supradictae
3755 1403 3957 1448 sancta:

2250 1483 2737 1554 Babenbergensis
2769 1482 3020 1536 ecclesia;
3065 1481 3404 1535 venerabilis
3434 1483 3758 1552 episcopus
3794 1484 3956 1536 Eber-

2247 1574 2460 1628 bardus
2511 1573 2715 1642 suique
2757 1586 3106 1624 successores
3151 1570 3418 1639 deinceps
3448 1571 3704 1624 liberam
3761 1572 3956 1625 exinde

2246 1660 2494 1715 habeant
2526 1665 2865 1729 potestatem
2908 1659 3156 1725 tenendi,
3189 1657 3540 1727 possidendi,
3576 1663 3635 1712 et
3682 1659 3954 1729 quicquid

2247 1749 2315 1803 ad
2377 1764 2542 1802 usum
2609 1747 2895 1818 praedictae
2990 1747 3238 1800 ecclesiae
3314 1747 3606 1816 pertineat
3685 1747 3953 1812 faciendi,

2245 1838 2508 1891 omnium
2559 1842 2778 1890 remoto
2827 1835 3292 1889 contradictionis
3323 1835 3645 1888 obstaculo.
3716 1836 3780 1890 Si
3814 1838 3951 1906 quis,

2245 1927 2398 1996 quod
2427 1926 2576 1979 absit
2606 1925 2617 1978 l
2653 1925 2824 1994 hujus
2863 1929 3070 1977 nostrae
3118 1923 3440 1976 donationis
3488 1924 3956 1978 muniï¬centiam

2244 2016 2537 2069 destruere
2568 2017 2901 2083 praesumat,
2946 2012 3372 2080 inextinguibili
3401 2017 3703 2066 tormento
3761 2014 3825 2066 in
3876 2013 3958 2066 die.

2238 2103 2444 2174 judicii
2470 2103 2627 2168 luat;
2661 2102 2713 2156 id
2742 2118 2813 2155 ne
2854 2101 2975 2165 ï¬at,
3001 2101 3098 2155 sed
3125 2106 3189 2154 ut
3219 2101 3387 2171 hujus
3430 2106 3648 2154 nostra:
3703 2101 3958 2156 donatio-

2246 2193 2334 2245 nis
2365 2191 2670 2246 auctoritas
2719 2189 2940 2243 stabilis
2980 2195 3038 2242 et
3068 2189 3402 2242 inconvulsa
3447 2195 3831 2258 permaneat,
3859 2191 3955 2242 hoc

2244 2287 2597 2351 praeceptum
2649 2279 2780 2332 inde
2826 2278 3208 2347 conscriptum
3259 2277 3496 2346 propria
3534 2293 3726 2330 manu
3773 2294 3956 2331 corro-

2244 2367 2514 2422 borantes
2561 2367 2732 2437 sigilli
2812 2366 2995 2420 nostri
3066 2365 3442 2436 impressione
3507 2363 3810 2434 jussimns
3880 2367 3956 2419 in-

2245 2455 2470 2526 signiri.

2313 2544 2546 2612 Signum
2605 2543 2790 2597 domni
2861 2543 3101 2596 Heinrici
3167 2543 3522 2596 invictissimi
3575 2543 3951 2596 Romanorum

2241 2635 2588 2702 imperatoris
2621 2633 2878 2698 Augusti.
2905 2633 3370 2701 (Monogramma.)

2314 2721 2662 2775 Guntherius
2719 2720 3087 2774 cancellarius
3144 2720 3262 2774 vice
3321 2718 3711 2774 Erchanbaldi
3772 2721 3959 2775 archi-

2243 2810 2523 2882 capellani
2551 2809 2877 2878 recognovi.

2317 2901 2458 2954 Data
2507 2899 2626 2953 Kal.
2671 2897 3027 2963 Novembris,
3059 2896 3254 2951 indict.
3302 2912 3382 2959 ul,
3431 2912 3586 2950 anno
3637 2897 3960 2952 Dominicm

2165 2978 2204 3032 ÎŸ
2242 2987 2649 3042 incarnationis
2696 2989 2851 3054 lOl2,
2916 3002 3066 3040 anno
3121 3001 3256 3039 vero
3301 2984 3493 3039 domni
3556 2985 3825 3041 Heinrici
3875 3003 3959 3040 se-

2243 3075 2413 3141 cundi
2446 3075 2740 3148 regnantis
2769 3091 2864 3142 xu,
2899 3074 3129 3145 imperii
3157 3077 3348 3126 autem
3380 3089 3418 3126 Î¹.

2315 3169 2518 3220 Actum
2547 3165 2865 3220 Merseburc
2884 3164 3143 3217 feliciter.
3175 3165 3375 3216 Amen.

2763 3253 2905 3305 Cum
2931 3252 3112 3319 sigillo
3137 3250 3410 3318 majestat.

2983 3339 3185 3394 LXVII.

2251 3427 2310 3482 S.
2373 3429 2594 3484 Î ÎµÏ„Î¹á¿†Î¿á½·
2649 3429 3151 3554 ÏÎ½á½·Ï…á¼±Î¹Î¸Ïá½²Î·Î·ÎµÏá½²
3193 3428 3518 3511 monasterio
3567 3427 3626 3480 S.
3664 3427 3951 3483 Benedicti

2935 3515 3000 3551 on
3029 3515 3073 3552 ts
3145 3513 3310 3552 Î±ÎµÎ¹Î·Î¹.

2935 3513 3073 3552 unus
3093 3513 3310 3552 Ï…Î¹Î¹ÎµÎ¹Î·Î¹.

2895 3586 3078 3656 (Anno
3113 3586 3292 3653 tOl3.)

2453 3675 2654 3748 [Tosti,
2687 3677 2870 3731 Storia
2896 3676 3038 3729 delia
3069 3674 3234 3728 badia
3259 3675 3462 3737 Casini,
3498 3675 3540 3742 l,
3571 3674 3742 3746 2t9.]

2311 3764 2373 3816 In
2435 3765 2668 3818 nomine
2708 3771 2917 3818 sanctas
2957 3769 3014 3817 et
3065 3763 3376 3818 individua?
3422 3763 3723 3818 Trinitatis
3784 3766 3946 3818 Î—ÎµÎ¹á¿–Ï‚-

2237 3867 2409 3918 mcus,
2453 3852 2645 3906 divina
2691 3853 2913 3907 favente
2941 3852 3265 3918 clementia,
3317 3851 3712 3906 Romanorum
3759 3853 3940 3922 impe-

2234 3946 2389 3993 rator
2414 3942 2723 4010 Augustus.

2305 4027 2544 4097 Oportet
2620 4019 2907 4098 imperiali
2963 4026 3360 4097 magnitudine
3398 4027 3655 4098 praâ€™latis
3688 4028 3807 4082 Deo
3863 4029 3938 4082 fa-

2234 4116 2581 4170 mulantium
2647 4132 2845 4186 preces
2909 4115 3210 4183 obaudire,
3284 4122 3342 4170 et
3411 4115 3562 4185 quod
3636 4117 3932 4186 petierint,

2235 4221 2431 4260 amore
2491 4211 2816 4259 sanctorum
2867 4220 3114 4274 quorum
3163 4205 3527 4258 veneratione
3580 4205 3705 4258 loca
3751 4207 3935 4260 dicata

2154 4273 2197 4326 Î¸
2237 4298 2389 4361 sunt,
2428 4293 2528 4348 ubi
2563 4309 2767 4364 greges
2810 4273 2931 4358 Dei,
2983 4292 3173 4346 divina
3207 4291 3572 4358 militatione,
3629 4299 3688 4346 et
3731 4294 3934 4364 exequi

2229 4385 2554 4447 procurant,
2618 4379 2861 4434 libenter
2907 4378 3332 4448 obtemperare,
3385 4394 3632 4448 queque
3689 4395 3934 4433 munera

2228 4483 2364 4537 erga
2416 4468 2617 4522 eadem
2659 4469 2799 4534 loca,
2832 4467 3361 4538 adjpercipiendam
3395 4467 3650 4520 divinam
3687 4468 3933 4521 retribu-

2224 4555 2461 4620 tionem,
2503 4556 2779 4610 conferre.
2815 4557 3040 4619 Quanto
3096 4555 3405 4609 studiosius
3463 4555 3569 4607 hoc
3614 4555 3748 4625 quis
3797 4571 3928 4626 pro-

2223 4659 2422 4698 curare
2479 4644 2788 4710 contendit,
2853 4649 3036 4712 tanto,
3093 4645 3216 4713 ejus
3271 4641 3664 4696 misericordia
3729 4643 3927 4710 fultus,

2222 4737 2280 4786 et
2315 4734 2618 4803 praesentia
2669 4732 2892 4786 facilius
2922 4732 3230 4797 transilire,
3272 4737 3328 4785 et
3373 4737 3648 4784 aeternam
3679 4730 3927 4784 beatitu-

2222 4821 2415 4875 dinem
2465 4821 2685 4876 facilius
2731 4837 3023 4891 capessere
3077 4819 3518 4890 promerebitur.
3569 4819 3758 4888 Igitur
3795 4837 3929 4874 cun-

2219 4912 2442 4964 ctorum
2471 4909 2730 4964 fidelium
2770 4914 2977 4963 sanctae
3013 4907 3112 4962 Dei
3173 4907 3422 4962 Ecclesiae
3455 4911 3925 4978 nostrorumque,

2217 4998 2588 5070 praesentium
2627 4997 2888 5052 videlicet
2931 5013 2996 5051 ac
3051 4997 3400 5063 futurorum,
3449 5003 3764 5066 cognoscat
3813 4999 3922 5051 sol-

2214 5123 2410 5178 decem
2441 5123 2872 5190 canonicorum,
2905 5123 3208 5178 fundatum
3263 5121 3323 5174 in
3367 5122 3645 5175 honorem
3679 5120 3738 5176 S.
3771 5120 3923 5176 Genâ€”

2213 5196 2439 5266 gulphi
2467 5195 2752 5266 martyris,
2801 5211 2834 5247 a
2873 5195 3123 5264 quodam
3159 5192 3375 5266 abbate
3432 5191 3782 5266 Florine_n_si,
3825 5191 3924 5262 qui

2211 5262 2327 5320 sibi
2359 5262 3071 5334 suisque'successoribus
3129 5265 3371 5334 titulum,
3418 5262 3724 5334 praepositi
3782 5279 3920 5316 cum

2203 5338 2333 5406 jure
2364 5332 2695 5391 conferendi
2724 5335 3062 5403 pra'benrlas
3095 5333 3422 5406 reservavit.
3473 5349 3538 5385 ac
3577 5332 3675 5406 jus
3724 5334 3924 5406 archiâ€”

2207 5403 2498 5462 diaconale
2529 5407 2591 5462 in
2628 5407 2906 5478 Oppidum
2946 5407 3273 5461 Florinense
3302 5405 3540 5475 ejusque
3589 5403 3921 5459 districtum

2205 5479 2525 5550 acquisivit.

485 5132 635 5193 (166)
659 5131 902 5190 Florina.
935 5131 1104 5198 vulgo
1135 5130 1406 5190 Florenne,
1439 5129 1797 5199 episcopatus
1825 5129 2102 5183 Leodien-

410 5203 488 5256 sis
519 5201 856 5268 oppidulum
889 5201 1040 5254 inter
1067 5200 1256 5253 Sabim
1304 5204 1359 5251 et
1391 5201 1597 5252 Mosam
1643 5201 1838 5262 situm,
1869 5201 2100 5270 sexqui-

409 5272 618 5326 miliari
653 5290 679 5322 Ï„Î¹
727 5271 1111 5341 Î¡á½¶Î¹Î¹Î¹á½·ÏÏÏ…Î¹Î¹Ï…Î¹á½·
1161 5269 1468 5341 Hannonje
1501 5270 1736 5340 oppido,
1765 5277 1822 5322 et
1845 5269 2099 5340 quinque

408 5359 442 5395 a
481 5338 929 5395 Mariae-Montio
957 5340 1324 5394 miltiaribus:
1373 5338 1521 5394 Olim
1543 5338 1686 5394 satis
1709 5338 1951 5408 lautum,
1998 5338 2097 5394 sed

408 5416 614 5480 sepius
647 5428 678 5463 a
709 5413 880 5466 Gallis
908 5427 1190 5464 eversum.

474 5479 570 5536 Est
621 5481 736 5535 illic
800 5483 1026 5536 ahbatia
1086 5479 1602 5552 Benedictinorum,
1659 5480 1728 5534 de
1787 5496 1902 5552 qna
1965 5480 2092 5536 vide

396 5552 567 5625 plura
614 5552 764 5606 inter
811 5553 1073 5622 Origines
1117 5552 1552 5618 Benedictinas;
1585 5551 1723 5605 item
1767 5551 2083 5622 capitulum
