4016 6202
85 320 167 371 301

1344 316 1735 375 DIPLOMATA
1774 320 2327 378 ECCLESIASTICA.

3483 332 3587 386 302

81 442 231 497 lertia
256 440 391 511 quia
438 439 531 494 vir
569 436 924 493 venerabilis
980 438 1156 493 abbas
1212 441 1519 506 Atinulfus,
1583 443 1773 497 erudi-
1803 445 1849 497 Α
1888 460 2234 499 concessum.
2275 447 2386 501 Nec
2416 463 2532 501 non
2562 446 2732 501 etiam
2789 464 2822 501 a
2854 447 3020 501 nobis
3051 448 3214 513 adiit,
3249 454 3420 521 atque
3451 468 3586 505 con-

84 539 162 585 tus
188 528 559 600 regularibus
595 526 941 598 disciplinis,
976 531 1032 581 et
1062 532 1248 581 rector
1287 531 1532 584 coenobii
1590 530 1781 584 Sancti

90 618 373 685 Benedicti,
411 618 514 688 qui
569 621 659 671 est
692 617 869 669 situm
918 615 977 668 in
1009 622 1195 669 castro
1255 618 1479 685 Casino,
1531 620 1630 673 ubi
1661 620 1781 689 ipse

89 709 161 760 sui
216 706 469 776 corporis
532 705 854 775 sepulturm
909 704 1100 756 locum
1162 708 1531 760 veneratione
1576 708 1783 761 dicavit

92 813 199 849 cum
220 800 416 849 cuncta
468 793 933 863 congregatione
966 809 1142 862 quam
1179 793 1238 847 in
1290 795 1491 849 eodem
1526 796 1647 849 loco
1678 796 1781 849 sub

93 886 265 956 regula
287 884 523 938 almiﬁci
551 883 903 937 confessoris
935 882 1324 952 omnipotenti
1359 886 1470 937 Deo
1496 884 1782 938 Benedicti

94 975 337 1027 veraciter
382 973 681 1026 deservire
715 970 1115 1040 cognovimus,
1176 987 1279 1041 per
1330 988 1475 1042 quos
1534 973 1654 1041 ipse
1687 989 1779 1025 ve-

94 1062 333 1115 nerabilis
364 1062 543 1114 abbas
575 1060 874 1130 pecientes
908 1060 1028 1127 (sic)
1058 1059 1458 1113 celsitudinem
1504 1066 1782 1127 nostram,

96 1158 148 1204 ut
172 1151 236 1203 ob
264 1150 545 1203 honorem
600 1148 708 1202 Dei
763 1152 821 1201 et
878 1146 1263 1201 reverentiam
1303 1149 1560 1217 ejusdem
1602 1149 1783 1202 sancti

97 1240 203 1301 loci,
235 1238 558 1308 animaeque
594 1242 814 1290 nostra).
847 1240 1241 1305 augmentem,
1275 1253 1378 1289 nec
1429 1252 1543 1289 non
1602 1237 1783 1289 stabi-

97 1329 286 1382 litatem
319 1325 502 1379 nostri
532 1325 732 1395 regni,
788 1324 1104 1378 secundum
1165 1325 1646 1393 praedecessorum
1680 1342 1781 1379 no-

97 1423 312 1467 strorum
364 1414 802 1482 imperatorum
864 1415 1168 1481 prmceptu,
1232 1418 1610 1482 augustorum
1643 1413 1784 1466 scili-

98 1508 169 1557 cet
201 1502 394 1568 Caroli,
443 1500 734 1564 Lotbarii,
772 1500 1018 1566 Ottonis,
1050 1516 1153 1569 per
1182 1500 1291 1554 hoc
1321 1507 1531 1555 nostrae
1585 1508 1783 1555 aucto-

97 1592 251 1643 ritatis
282 1591 395 1643 imo
454 1588 924 1642 conﬁrmationis
976 1596 1332 1660 prazceptum
1386 1591 1534 1643 circa
1592 1590 1781 1661 ipsum

95 1678 443 1731 venerabilem
475 1679 676 1729 locum
713 1693 780 1728 ea
828 1692 955 1745 quae
989 1677 1191 1731 subter
1217 1679 1429 1749 scripta
1460 1680 1781 1732 decernunt

97 1767 395 1821 conﬁrmare
440 1770 496 1819 et
548 1764 933 1818 corroborare
964 1764 1373 1833 dignaremur;
1435 1784 1634 1820 omnes
1690 1783 1782 1819 res

98 1856 523 1925 etpossessiones
558 1860 621 1906 et
672 1852 988 1921 mancipias
1015 1859 1069 1906 et
1112 1856 1401 1920 aldianas,
1451 1856 1784 1922 cartulatos,

99 1946 164 1995 vel
214 1945 430 1998 oﬁ'crtos
463 1958 676 1997 servos
729 1945 787 1993 et
815 1941 1062 2008 ancillas,
1105 1960 1251 1997 cum
1285 1944 1450 1998 terris
1497 1948 1553 1997 et
1583 1943 1784 2011 vineis,

101 2032 245 2097 silvis,
282 2032 603 2095 montibus,
668 2028 873 2100 planis,
922 2029 1313 2098 planitiebus,
1375 2031 1537 2102 aquis
1615 2047 1790 2102 aqua-

104 2138 309 2192 rumque
360 2120 702 2175 decursibus
746 2124 912 2187 atque
955 2117 1239 2188 piscariis
1315 2118 1574 2189 deposita
1640 2118 1791 2171 infra

108 2211 220 2265 lines
254 2210 576 2282 Pandulpbi
621 2207 967 2280 principatus
996 2211 1292 2278 Capuano
1342 2214 1397 2261 et
1463 2206 1792 2276 Pandulpbi

111 2302 468 2355 Beneventano
522 2298 800 2371 principi,
853 2313 975 2352 cum
1056 2295 1359 2350 universis
1416 2295 1791 2365 pertinenciis

112 2406 212 2459 qnze
240 2407 350 2444 esse
380 2390 663 2445 videntur
691 2388 839 2441 infra
868 2388 970 2441 hos
1034 2386 1193 2440 ﬁnes
1248 2400 1374 2454 qum
1423 2382 1662 2436 inferius
1691 2384 1790 2436 de-

114 2481 371 2547 claramus,
434 2484 492 2534 et
539 2478 705 2551 quod
758 2477 1008 2548 antiquis
1081 2472 1452 2541 temporibus
1499 2487 1790 2541 possessus

115 2574 197 2619 est.
254 2567 561 2637 Incipiente
631 2583 663 2619 a
710 2565 901 2635 prima
966 2564 1077 2617 ﬁne
1133 2560 1206 2612 ab
1254 2559 1377 2629 ipso
1421 2558 1681 2612 Carnello
1738 2562 1794 2611 et

115 2656 362 2723 quomodo
436 2655 573 2709 salit
634 2670 737 2723 per
814 2653 943 2722 ipsa
1016 2652 1216 2701 contra
1287 2663 1469 2717 usque
1533 2646 1591 2698 in
1670 2646 1793 2699 rivo

118 2745 337 2798 sicco.....
397 2748 658 2813 (seguono
701 2744 722 2795 i
787 2742 937 2796 nomi
989 2738 1049 2791 di
1102 2741 1263 2798 terre,
1318 2736 1489 2788 chiose
1533 2734 1599 2788 ed
1656 2737 1795 2788 altre

119 2840 319 2901 suggette
376 2836 489 2887 alia
543 2832 858 2901 badia).....
947 2828 1007 2880 in
1070 2824 1380 2893 integrum,
1440 2823 1789 2894 quibuscun-

123 2937 207 2989 que
232 2922 402 2976 nostri
444 2921 619 2992 regni
652 2920 867 2973 ﬁnibus
898 2912 1071 2986 positi
1101 2917 1251 2979 sunt,
1287 2916 1342 2964 et
1368 2928 1493 2981 quae
1528 2912 1592 2964 ad
1631 2928 1792 2964 eum-

1891 533 2109 587 ﬁrmari
2142 535 2374 603 placuit,
2408 540 2470 588 ut
2499 551 2563 588 ex
2596 536 2862 589 omnibus
2903 537 3071 590 rebus
3135 538 3219 591 vel
3286 540 3589 609 mancipiis

1892 636 1957 673 ex
1990 620 2113 691 ipso
2169 627 2363 675 sancto
2423 623 2772 676 monasterio
2833 623 3252 692 pertinentibus
3299 627 3589 680 cartulatis

1891 709 1976 761 vel
2006 709 2239 775 offertis,
2284 709 2475 762 liberis
2527 716 2698 780 atque
2732 712 2907 764 servis
2938 712 3034 764 ubi
3064 730 3195 782 pars
3245 714 3424 784 ipsius
3456 732 3589 768 mo—

1894 798 2127 850 nasterii
2159 798 2334 851 sancti
2366 798 2533 851 citius
2551 800 2735 850 valeat
2764 816 2924 853 suam
2943 801 3228 870 justitiam
3266 802 3540 873 consequi
3567 820 3580 857 :

1892 884 1969 937 ita
2001 890 2128 954 post
2174 886 2319 938 facta
2354 886 2725 956 inquisitione
2790 903 2910 940 rem
2970 904 3140 957 quem
3205 890 3587 943 clamaverint

1891 988 1995 1041 per
2018 974 2315 1043 praedictos
2344 990 2572 1027 veraces
2603 975 2864 1028 homines
2923 977 3039 1045 jam
3099 978 3371 1047 praedicto
3400 979 3589 1048 perti-

1893 1077 2028 1115 nere
2073 1069 2266 1115 sancto
2320 1063 2666 1115 monasterio
2716 1065 2772 1116 in
2824 1064 3037 1133 palatio
3087 1082 3589 1137 quorumcumque

1893 1150 2084 1203 taliter
2113 1152 2481 1221 respondere,
2511 1154 2609 1203 aut
2636 1151 2703 1204 de
2733 1158 3087 1206 sacramento
3134 1156 3582 1223 compelluntur.

1892 1239 1947 1293 Si
1970 1255 2102 1291 vero
2134 1242 2202 1291 de
2259 1239 2431 1291 servis
2480 1244 2579 1291 aut
2644 1240 2883 1304 ancillis,
2945 1241 3033 1293 vel
3096 1241 3165 1294 de
3235 1241 3592 1311 quibuslibet

1891 1328 2063 1380 rebus
2093 1332 2216 1380 orta
2262 1327 2551 1380 contentio
2608 1325 2801 1395 fuerit,
2852 1326 3021 1381 liceat
3064 1329 3361 1382 monachis
3402 1329 3591 1383 eidem

1893 1414 2074 1467 sancti
2138 1415 2471 1468 monasterii
2528 1414 2655 1484 ipos
2710 1415 2954 1469 retinere
3013 1432 3314 1486 quousque
3375 1416 3434 1469 in
3480 1432 3592 1469 no-

1892 1508 2067 1556 stram
2108 1519 2208 1555 seu
2266 1503 2601 1556 eorumdem
2652 1518 3035 1556 successorum
3069 1508 3397 1556 nostrorum
3443 1520 3590 1573 pra:-

1893 1590 2137 1645 sentiam
2168 1591 2419 1656 veniant,
2456 1596 2511 1643 et
2542 1591 2753 1645 ibidem
2784 1607 2975 1645 coram
3008 1591 3172 1645 nobis
3214 1592 3413 1661 positis
3444 1592 3593 1645 deli—

1893 1680 2187 1732 berentur.
2215 1678 2550 1748 Quicunque
2585 1678 2824 1749 [contra]
2882 1679 3031 1732 hanc
3094 1686 3349 1732 nostram
3406 1679 3593 1748 impe-

1896 1766 2097 1819 rialem
2130 1766 2549 1819 institutionem
2582 1766 2663 1818 ire
2686 1767 3006 1833 tentaverit,
3042 1771 3206 1819 antea
3252 1782 3380 1835 quae
3421 1782 3594 1835 supra

1900 1860 2213 1907 memorata
2254 1854 2726 1923 iucomprehensa
2782 1860 2915 1907 sunt
2979 1854 3218 1907 minime
3270 1853 3591 1919 observare,

1899 1943 2042 2014 quin
2087 1943 2321 1997 fortasse
2344 1943 2555 1995 violare
2612 1947 2711 1996 aut
2738 1943 3066 2013 dirumpere
3101 1942 3417 2007 tentaverit,
3455 1942 3595 1995 sciat

1900 2046 1959 2083 se
1991 2046 2157 2098 paena
2187 2030 2631 2099 persolviturum
2663 2030 2787 2082 auri
2818 2029 3023 2099 optimi
3053 2029 3226 2082 libras
3258 2030 3434 2094 mille,
3468 2046 3593 2082 me-

1901 2119 2176 2173 dietatem
2239 2134 2479 2172 camerm
2536 2122 2771 2183 nostra},
2828 2122 2883 2170 et
2945 2117 3311 2171 medietatem
3376 2118 3592 2171 domno

1900 2207 2168 2261 Atenulfo
2202 2206 2513 2260 venerabili
2566 2206 2779 2270 abbati,
2840 2206 2923 2258 vel
2984 2206 3217 2275 suisque
3258 2205 3595 2258 suCCessori-

1899 2296 2029 2362 bus,
2114 2296 2201 2348 vel
2262 2294 2511 2348 ecclesiae
2605 2295 2783 2348 sancti
2844 2292 3154 2347 Benedicti.
3225 2293 3597 2362 Prmcipimus

1902 2384 2098 2449 etiam,
2140 2382 2469 2451 ubicunque
2549 2387 2814 2450 repertus
2856 2380 3028 2434 fuerit
3077 2396 3140 2433 ex
3187 2380 3358 2433 rebus
3414 2379 3595 2449 ipsius

1903 2472 2086 2526 sancti
2136 2470 2489 2535 monasterii,
2520 2470 2609 2523 vel
2649 2471 2805 2523 cellis
2836 2469 3062 2523 illicitas
3121 2473 3291 2538 atque
3354 2468 3594 2522 damno-

1903 2578 1993 2614 sas
2022 2576 2117 2612 seu
2178 2559 2411 2612 inutiles
2457 2574 2599 2628 quas
2657 2558 2990 2627 scriptiones
3048 2557 3136 2611 vel
3215 2556 3598 2610 contuinatio-

1900 2665 2006 2703 nes
2065 2654 2431 2712 evacnentur,
2466 2647 2554 2699 vel
2583 2647 2653 2699 ad
2691 2647 2813 2715 ejus
2868 2650 3213 2717 potestatem
3274 2646 3451 2698 sancti
3494 2646 3601 2699 Be-

1905 2736 2117 2790 nedicti
2148 2735 2540 2788 restituantur.
2595 2735 2666 2788 Ut
2694 2738 2885 2787 autem
2939 2735 3058 2788 haec
3089 2738 3283 2786 nostra
3334 2732 3605 2802 imperia-

1905 2825 1974 2877 lis
2004 2822 2313 2894 prazceptio
2352 2837 2455 2891 per
2482 2822 2737 2875 futurum
2772 2827 3098 2891 temporum
3153 2820 3465 2874 ﬁrmiorem
3501 2821 3605 2874 ob-
3662 2872 3663 2875 η

1903 2914 2087 2966 tineat
2114 2910 2389 2980 vigorem,
2444 2926 2647 2963 manus
2675 2915 2899 2964 nostras
2960 2911 3156 2964 subter
3224 2909 3603 2976 ﬁrmavimus,

126 3009 227 3062 dem
252 3011 575 3065 venerabile
638 3004 1059 3061 monasterium
1089 3000 1240 3053 beati
1296 3000 1581 3053 Benedicti
1640 2994 1866 3053 Chri-C
1907 3007 1964 3056 et
2029 2999 2241 3053 annulo
2300 3002 2493 3051 nostro
2575 2998 2814 3068 sigillari
2868 2998 3142 3069 jussimus
3201 2997 3456 3067 (fortasse
3510 2997 3607 3050 in-

125 3097 177 3149 sti
230 3100 557 3152 confessoris
644 3093 1039 3166 pervenerunt
1096 3092 1152 3139 et
1217 3103 1489 3149 possessa}.
1539 3088 1796 3157 fuerunt,

125 3187 193 3237 vel
217 3188 457 3255 quolibet
491 3185 669 3239 modo
694 3182 1030 3243 tenuerunt,
1064 3192 1167 3246 per
1196 3176 1341 3229 lianc
1398 3181 1607 3229 nostrae
1661 3193 1799 3230 con-

128 3274 427 3328 lirmatienis
485 3274 894 3327 auctoritatem
933 3265 1147 3319 nostris
1189 3264 1513 3334 futurisque
1572 3270 1796 3335 tempo-

127 3363 253 3414 ribus
284 3364 510 3417 abbates
542 3363 725 3432 ipsius
768 3353 1109 3413 monasterii
1159 3352 1340 3423 ipsius
1398 3352 1573 3405 sancti
1614 3353 1797 3405 Bene-

129 3450 237 3504 dicti
264 3452 497 3506 ﬁrmiter
559 3446 977 3504 inviolabiliter
1022 3445 1215 3496 teneat
1268 3446 1325 3493 et
1369 3440 1669 3510 possideat,
1740 3445 1803 3494 ut

128 3538 327 3594 facultas
368 3543 455 3594 vel
535 3539 757 3593 utilitas
815 3532 997 3604 ipsius
1082 3528 1421 3583 venerabilis
1469 3529 1802 3581 monasterii

127 3629 359 3698 exigerit;
391 3630 471 3683 ita
549 3632 615 3681 ut
672 3625 866 3679 nullus
902 3620 1100 3690 judex,
1154 3617 1379 3688 publice
1436 3616 1707 3686 quislibet
1736 3634 1801 3669 ex

122 3718 347 3782 jndiciali
405 3721 694 3787 potestate
748 3714 807 3765 in
866 3710 1039 3762 cellas
1088 3711 1143 3760 et
1222 3706 1404 3772 villas,
1459 3710 1558 3758 aut
1611 3720 1799 3773 agros,

130 3820 205 3855 seu
254 3806 368 3858 loca
426 3806 552 3858 sive
606 3803 858 3871 reliquas
905 3794 1295 3866 possessiones
1380 3809 1551 3862 supra
1606 3793 1805 3862 scripti

130 3894 339 3947 cceuobii
392 3892 592 3949 Sancti
650 3885 943 3944 Benedicti
997 3900 1138 3955 quas
1230 3882 1508 3937 moderno
1566 3880 1686 3950 ipse
1745 3881 1806 3935 in

133 3982 564 4053 quibuscumque
616 3978 779 4049 pagis
832 3980 888 4029 et
942 3972 1247 4027 territoriis
1304 3971 1453 4024 infra
1500 3968 1681 4023 nostri
1724 3985 1808 4023 re-

135 4071 211 4136 gni
248 4071 456 4124 ditione
522 4070 673 4138 juste
739 4070 795 4118 et
838 4061 1099 4132 legaliter
1163 4059 1430 4125 possidet,
1499 4058 1587 4111 vel
1647 4057 1807 4127 quic-

138 4158 246 4224 quid
298 4164 349 4211 et
401 4158 677 4225 deinceps
751 4152 945 4206 divina
1027 4149 1210 4218 pietas
1287 4146 1396 4215 ipsi
1438 4150 1633 4198 sancto
1684 4144 1809 4198 loco

138 4246 345 4300 voluerit
395 4261 633 4318 augere,
700 4241 769 4295 ad
857 4254 1055 4292 causas
1148 4234 1460 4290 audiendas
1518 4232 1605 4285 vel
1661 4233 1806 4287 fredi

141 4338 218 4384 aut
290 4335 503 4388 tributa
580 4327 869 4399 exigendi,
944 4326 1030 4377 vel
1090 4323 1414 4377 mansiones
1493 4325 1593 4373 aut
1648 4336 1811 4389 para-

143 4422 207 4471 tas
250 4420 547 4485 faciendas,
618 4417 702 4470 vel
773 4431 984 4480 servos,
1037 4430 1136 4466 seu
1211 4411 1520 4465 cartulatos
1582 4409 1664 4460 vel
1728 4410 1812 4463 of-

145 4504 308 4570 fertos,
341 4515 393 4562 et
423 4508 526 4578 qui
576 4520 749 4575 super
779 4508 994 4556 terram
1027 4500 1205 4571 ipsius
1262 4496 1600 4552 monasterii
1667 4497 1808 4549 resi-

147 4592 259 4649 deut
306 4599 632 4651 nullatenus
682 4590 1128 4659 distringendos,
1158 4604 1262 4641 nec
1288 4587 1434 4640 ullas
1474 4582 1809 4638 redhibitio-

147 4696 228 4733 nes
274 4690 367 4738 aut
430 4683 662 4737 illicitas
711 4678 1034 4733 occasiones
1127 4674 1525 4745 requirendas,
1604 4673 1813 4725 nostris

148 4767 434 4843 futurisque
473 4768 836 4838 temporibus
866 4764 1090 4833 ingredi
1142 4765 1365 4828 audeat,
1402 4778 1507 4815 nec
1559 4776 1625 4813 ea
1684 4775 1811 4829 quae

149 4861 377 4927 superius
407 4862 724 4914 memorata
763 4858 897 4907 sunt
954 4852 1183 4922 penitus
1225 4851 1449 4920 exigere
1481 4853 1810 4919 praesumat,

148 4946 223 4999 sed
267 4949 425 5002 liceat
480 4948 824 5019 praesentem
876 4940 1185 4994 Altinulfus
1235 4937 1579 4991 venerabilis
1640 4935 1813 4989 abbas

150 5034 349 5107 ejusque
401 5049 773 5098 successores,
830 5045 947 5083 una
999 5044 1126 5081 cum
1183 5025 1645 5096 congregatione,
1705 5023 1813 5075 ibi-

152 5120 252 5176 dem
285 5127 392 5179 Deo
419 5124 794 5179 famulantem
828 5117 932 5171 sub
956 5122 1163 5169 nostra:
1192 5114 1490 5168 munitatis
1523 5111 1811 5166 defensio-

152 5208 221 5259 nis
241 5212 452 5280 quietos
484 5210 685 5263 ordine
717 5205 904 5257 vivere
935 5208 990 5255 et
1045 5202 1313 5267 residere,
1362 5205 1417 5253 et
1465 5201 1645 5253 Deum
1710 5212 1813 5267 pro

152 5302 312 5351 nostra
333 5299 521 5351 anima
562 5292 883 5364 supplicare
919 5306 931 5343 :
969 5294 1024 5342 et
1055 5287 1333 5358 quidquid
1386 5286 1554 5340 ﬁscus
1585 5301 1647 5338 ex
1682 5285 1813 5354 jure

149 5380 242 5447 jam
284 5386 501 5455 praefati
550 5378 888 5438 monasterii
953 5393 1085 5447 pars
1115 5375 1345 5445 publica
1397 5390 1621 5444 sperare
1664 5378 1816 5443 pote-

153 5475 237 5531 rat.
290 5490 390 5543 pro
444 5476 650 5527 anima:
694 5472 903 5523 nostrm
957 5464 1221 5519 mercede
1251 5461 1629 5516 luminaribus
1706 5460 1815 5531 ipsi

157 5562 473 5615 sanctissimo
533 5555 883 5615 monasterio
940 5558 1132 5607 nostra
1208 5555 1437 5605 maneat
1484 5549 1815 5603 auctoritate

1840 4276 1881 4328 D

1906 3087 2149 3161 signiri).

1980 3179 2207 3243 Signum
2265 3174 2450 3228 damni
2505 3174 2729 3227 Henrici
2787 3176 3125 3229 serenissimi
3182 3179 3232 3229 et
3260 3176 3613 3229 invictissimi

1907 3265 2251 3335 imperatoris
2280 3264 2538 3330 Augusti.

1981 3353 2281 3406 IIcinricus
2324 3349 2696 3404 cancellarius
2755 3350 2875 3404 vice
2923 3352 3200 3405 Everardi
3251 3352 3504 3423 episcopi
3557 3358 3612 3407 et

1910 3439 2347 3509 archicapellani
2382 3438 2707 3507 recognovi.

1983 3528 2188 3580 Datum
2250 3544 2397 3580 anno
2448 3526 2759 3579 Dominicae
2831 3526 3244 3582 incarnationis
3305 3528 3611 3582 millesimo

1909 3632 2028 3683 xui,
2063 3614 2378 3669 indictione
2418 3631 2517 3679 xu,
2564 3630 2716 3668 anno
2755 3632 2889 3669 vero
2959 3615 3159 3671 domui
3206 3616 3456 3671 Heinrici
3509 3617 3617 3671 im-

1910 3703 2195 3776 peratoris
2224 3703 2473 3774 Augusti
2507 3704 2801 3772 regnantis
2831 3704 3197 3771 duodecimo,
3237 3704 3465 3775 imperii
3496 3708 3619 3776 ejus

1912 3792 2123 3864 primo.

1984 3881 2186 3933 Actum
2222 3878 2416 3931 Romae
2439 3876 2699 3932 feliciter.
2732 3880 2934 3935 Amen.

2656 3985 2889 4041 LXVIII.

1918 4095 1975 4149 S.
2064 4091 2326 4144 Henricus
2376 4090 2628 4163 Ecclesiae
2701 4093 3112 4159 Bergomensis,
3178 4111 3213 4148 a
3294 4095 3621 4163 Reginfredo

1988 4165 2235 4236 episcopo
2293 4163 2433 4215 male
2511 4162 2730 4229 habita,
2789 4167 3150 4233 possessiones
3236 4172 3285 4220 et
3328 4162 3622 4236 privilegia

1991 4235 2292 4299 conﬁrmat.
3331 4235 3335 4236 ν
3536 4264 3571 4297 ο

2561 4319 2747 4389 (Αηηο
2792 4323 2975 4389 1013)

2281 4407 2550 4476 [Ughelli,
2585 4410 2747 4461 Italia
2770 4424 2949 4476 sacra,
2982 4411 3067 4471 IV,
3108 4410 3255 4482 438.]

1995 4497 2056 4549 In
2115 4494 2354 4547 nomine
2411 4500 2626 4549 sanctae.
2653 4501 2707 4548 et
2752 4498 3067 4552 individum
3117 4500 3429 4568 Trinitatis,
3489 4504 3627 4555 Hau-

1922 4599 2097 4648 mcus,
2130 4582 2324 4636 divina
2350 4583 2577 4636 favente
2624 4585 2948 4653 clementia,
3002 4602 3117 4650 rex.

1992 4670 2265 4740 Congruit
2294 4671 2644 4724 excellentia:
2676 4678 2888 4727 nostra:
2922 4674 3270 4729 venerabilia
3300 4681 3621 4731 sanctorum

1922 4761 2043 4813 loca
2074 4760 2283 4813 intuitu
2314 4759 2544 4829 pietatis
2606 4760 2910 4829 respicere,
2976 4768 3149 4832 atque
3210 4780 3283 4817 ne
3315 4765 3459 4817 inibi
3510 4766 3623 4817 Deo

1922 4848 2231 4901 servientes
2265 4849 2517 4919 aliquam
2555 4849 2827 4917 injuriam
2887 4850 3207 4919 patiantur,
3236 4852 3457 4903 solicita
3497 4868 3628 4905 con-

1923 4936 2279 4990 sideratione
2311 4937 2634 5007 providere.
2681 4937 2952 4999 Quocirca
2977 4939 3237 4992 omnium
3284 4942 3491 4991 sauclm
3524 4940 3626 4993 Dei

1928 5022 2214 5087 Ecclesiae,
2249 5028 2689 5094 nostrorumque
2730 5026 3008 5093 ﬁdelium,
3068 5026 3438 5095 praesentium
3474 5026 3623 5080 scili-

1924 5116 2016 5163 cet
2047 5127 2110 5163 ac
2144 5111 2492 5177 futurorum,
2525 5112 2789 5166 volumus
2831 5119 3025 5183 pateat
3056 5114 3350 5166 industriae
3385 5114 3631 5183 qualiter

1925 5198 2353 5252 Theoderulfus
2380 5199 2820 5254 archidiaconus
2844 5200 2989 5272 [pro]
3019 5218 3098 5264 se,
3146 5206 3201 5253 et
3245 5217 3350 5270 pro
3409 5203 3629 5256 caeteris

1927 5287 2196 5339 omnibus
2257 5286 2439 5339 eidem
2507 5289 2766 5341 Ecclesire
2820 5288 3197 5341 servientibus
3261 5290 3625 5359 praesentiam

1927 5381 2177 5428 nostram
2226 5374 2536 5429 tristissimi
2589 5378 2871 5442 adierunt,
2945 5382 3001 5429 et
3061 5378 3401 5449 nunciante's
3462 5378 3624 5432 nobis

1926 5462 2162 5515 adversa
2220 5476 2344 5530 qum
2398 5462 2466 5515 de
2549 5463 2850 5516 territoriis
2917 5465 3087 5517 rebus
3161 5466 3450 5519 canonica:
3505 5483 3623 5519 sua:

1930 5568 1961 5604 a
2015 5549 2360 5617 Reginfredo
2451 5550 2719 5622 episcopo
2752 5550 2991 5622 aliisque
3048 5555 3214 5609 malis
3290 5554 3623 5610 hominibus
