4016 6202
493 362 595 415 303

492 484 641 557 passi
692 485 938 548 fuerant,

494 581 802 627 oravernnt
833 581 913 635 ut,
945 583 1176 643 propter
1218 572 1533 623 remedium
1595 575 1652 622 et
1705 569 1943 620 salutem
1976 568 2184 620 animae

495 672 729 726 nostras,
781 662 1042 714 universa
1077 661 1289 729 praedia
1341 665 1398 710 et
1430 675 1518 710 res
1573 657 1859 710 canonica:
1900 655 2184 709 facultatis

491 750 789 804 beatorum
825 755 1140 817 martyrum
1169 745 1469 799 Alexandri
1500 751 1669 815 atque
1718 743 2017 806 Vincentii,
2068 742 2181 796 duo

493 841 707 893 scilicet
738 845 985 891 mercata
1020 838 1088 888 ab
1121 835 1427 889 Adelberto
1453 832 1925 886 revereudissimo
1956 836 2183 900 pastore

492 929 714 992 collata,
748 933 804 979 et
836 939 1212 994 quascumque
1243 923 1353 974 alia
1381 928 1514 974 sunt
1535 921 1606 974 ab
1635 921 1758 990 ipso
1789 920 2001 973 donata
2032 935 2045 972 ε
2080 936 2184 972 nec

492 1031 607 1066 non
637 1023 694 1066 et
723 1017 935 1072 omnia,
954 1027 1081 1080 qua:
1103 1010 1172 1062 ab
1203 1014 1392 1062 Azone
1413 1009 1737 1061 venerando
1768 1006 2060 1076 pontifice,
2083 1023 2178 1059 seu

493 1101 711 1155 caeteris
742 1102 875 1152 viris
908 1100 1090 1152 Deum
1117 1096 1452 1150 timentibus
1485 1101 1620 1148 sunt
1662 1111 1944 1160 concessa,
1977 1110 2181 1147 secun-

490 1191 626 1242 dum
651 1189 994 1240 voluntatem
1022 1185 1389 1248 donatorum,
1419 1199 1519 1253 per
1553 1184 1952 1236 auctoritatem
1976 1189 2182 1235 nostrze

487 1275 833 1330 defensionis
863 1283 920 1327 et.
949 1274 1222 1343 praecepti
1242 1273 1420 1324 nostri
1455 1272 1726 1341 paginam
1785 1271 1864 1322 eis
1898 1271 2063 1323 liceat
2087 1270 2184 1322 ob-

485 1365 689 1419 tinere.
723 1365 978 1428 Quorum
1013 1361 1405 1432 petitionibus,
1453 1367 1516 1413 ut
1542 1360 1761 1429 justum
1822 1366 1926 1426 est,
1961 1358 2182 1412 miseri-

485 1452 734 1506 corditer
771 1455 1112 1512 annuentes,
1149 1462 1251 1518 per
1302 1448 1450 1500 hanc
1506 1446 1686 1499 nostri
1717 1446 1987 1516 praecepti
2018 1445 2180 1515 pagi-

488 1556 622 1592 nam
655 1538 1063 1591 confirmamus
1095 1542 1150 1589 et
1182 1536 1618 1589 corroboramus
1647 1535 1748 1602 eis,
1783 1535 1936 1587 salvo
1965 1535 2182 1588 honore

485 1626 762 1696 episcopi,
797 1642 997 1678 omnes
1030 1641 1118 1676 res
1145 1629 1201 1676 et
1233 1625 1525 1676 facultates
1547 1623 1830 1692 praedictae
1862 1626 2177 1690 canonicze,

487 1713 911 1782 sicutsuperius
943 1713 1376 1781 Comprehensa:
1409 1718 1567 1775 sunt;
1591 1727 1658 1764 eo
1686 1711 1948 1764 videlicet
1979 1711 2180 1763 ordine

487 1811 552 1856 ut
579 1804 790 1854 amodo
824 1801 881 1854 in
913 1808 1102 1865 antea,
1127 1801 1196 1852 ad
1229 1817 1394 1852 usum
1427 1809 1482 1852 et
1505 1800 1808 1853 utilitatem
1840 1805 2048 1852 sancte:
2091 1801 2180 1852 Ec-

484 1888 673 1941 clesiae
728 1887 1122 1953 servientium,
1183 1894 1298 1940 tam
1359 1887 1468 1957 ipsi
1515 1905 1686 1957 quam
1721 1893 1778 1940 et
1832 1904 2182 1940 successores

484 1993 681 2030 eorum
718 1977 984 2038 habeant,
1019 1982 1252 2028 teneant
1279 1976 1636 2046 tirmiterque
1669 1975 2020 2044 possideant,
2053 1992 2178 2028 om-

485 2066 647 2118 nium
718 2064 1022 2116 hominum
1081 2063 1526 2117 contradictione
1573 2070 1629 2118 et
1686 2063 2026 2134 repetitione
2086 2080 2179 2116 re-

483 2158 652 2206 mota.
691 2151 1092 2221 Pi'tecipientes
1141 2150 1335 2222 itaque
1395 2152 1680 2204 sancimus
1720 2160 1783 2205 ut
1822 2153 2014 2205 nullus
2044 2152 2177 2216 dux,

480 2240 964 2310 archiepisc0pus,
1030 2239 1351 2309 episcopus,
1407 2239 1684 2307 marcbio,
1752 2256 1962 2307 comes,
2030 2239 2178 2293 vice-

479 2345 692 2394 comes,
726 2327 1004 2397 gastaldio
1051 2343 1156 2380 nec
1215 2329 1364 2380 nllus
1412 2328 1740 2398 reipublicae
1797 2335 2045 2394 exactor,
2078 2344 2180 2380 seu

478 2417 671 2487 aliqua
697 2417 864 2486 regni
890 2415 1069 2469 nostri
1125 2431 1334 2484 magna
1381 2432 1667 2486 parvaque
1736 2432 1981 2485 persona
2035 2432 2180 2485 prae-

479 2506 657 2560 dictos
721 2504 1050 2571 canonicos,
1090 2505 1178 2557 vel
1227 2520 1576 2557 successores
1625 2519 1848 2568 eorum,
1925 2503 2026 2574 qui
2072 2520 2176 2573 pro

477 2602 734 2664 tempore
793 2593 864 2645 ad
894 2592 1131 2662 praefata
1196 2592 1614 2645 venerabilium
1665 2598 1992 2644 sanctorum
2054 2592 2178 2645 loca

479 2682 594 2736 Deo
626 2681 890 2735 servituri
910 2686 1062 2747 sunt,
1094 2680 1164 2734 de
1187 2680 1588 2750 suprascriptis
1624 2680 1794 2732 rebus
1858 2680 2172 2747 disvestire,

479 2772 800 2836 molestare,
835 2770 921 2822 vel
950 2768 1270 2838 inquietare
1320 2774 1647 2839 praesumat.
1701 2767 1757 2822 Si
1819 2767 1948 2838 quis
2017 2785 2174 2837 vero,

477 2860 632 2928 quod
663 2859 920 2910 futurum
958 2874 1071 2910 non
1105 2859 1408 2924 credimus,
1468 2858 1642 2927 hujus
1699 2863 1909 2910 nostra:
1965 2873 2176 2926 praece-

476 2947 688 3014 ptionis
756 2946 994 2998 violator
1044 2945 1316 3010 extiterit,
1367 2944 1505 2997 sciat
1582 2961 1641 2997 se
1720 2945 2171 3014 compositurum

1793 358 1847 411 S.
1893 353 2187 410 llENRlCl
2230 353 2708 409 [MPERATORIS
3874 358 3965 408 30':

1033 480 1482 537 misericordiam
1565 485 1821 534 nostram
1895 477 2180 549 supplices
2216 481 2263 531 A
2292 477 2500 542 bendo,
2532 475 2803 531 familiari
2833 474 3225 546 compassione
3253 474 3800 529 condescendamus.
3845 477 3966 530 Nam

2294 567 2362 634 si,
2399 565 2703 637 qualitates
2732 563 3102 617 servientium
3129 564 3294 616 nobis
3341 564 3452 633 pia:
3492 563 3853 617 discrecionis
3888 565 3970 617 in-

2292 655 2443 708 tuitu
2469 653 2877 717 examinantes,
2903 652 3211 722 unicuique
3234 669 3338 722 pro
3354 652 3633 722 qualitate
3660 653 3972 705 meritorum

2291 758 2729 812 recompensare
2785 741 3192 803 studuerimus,
3289 741 3546 794 debitum
3621 741 3971 810 persolvendo

2293 832 2654 884 Dominicum
2713 838 3060 899 praeceptum
3109 829 3441 899 implemus,
3479 835 3536 883 et
3593 830 3968 882 excellentiam

2295 919 2472 984 regite
2502 919 2818 988 dignitatis.

2363 1010 2388 1034 "
2411 1007 2652 1060 Studere
2714 1005 2981 1070 vidimus,
3036 1004 3324 1075 quandam
3355 1009 3572 1058 cortem
3609 1010 3816 1057 n0stra'
3845 1022 3962 1075 pro-

2290 1094 2553 1165 prietatis
2623 1095 3016 1148 Bernesbuson
3069 1094 3300 1160 dictam,
3361 1092 3422 1146 in
3472 1110 3625 1163 pago
3681 1093 3858 1161 Lisga,
3908 1093 3956 1147 in

2289 1184 2564 1238 comitatu
2618 1182 2828 1236 Udonis
2872 1181 3257 1252 sitam,quam
3311 1181 3381 1235 ab
3444 1182 3736 1235 Uuewano
3768 1182 3965 1234 Bremo-

2291 1289 2469 1327 nense
2501 1271 2929 1342 archiepiscopo
2971 1271 3218 1324 donante
3283 1287 3389 1340 per
3428 1269 3775 1324 advocatum
3828 1286 3962 1323 suum

2294 1361 2548 1414 Udonem
2582 1359 2796 1430 absque
2848 1357 3005 1412 omni
3049 1357 3508 1412 contradictione
3570 1357 3830 1426 legitima
3872 1365 3962 1409 tra-

2292 1448 2509 1502 dilione
2541 1447 2884 1518 accepimus,
2918 1454 3128 1499 sanctas
3181 1445 3693 1499 Paderbrunnensi
3749 1445 3960 1497 ecclesia:

2290 1537 2350 1590 in
2384 1539 2602 1591 honore
2634 1542 2841 1589 sanctae
2875 1536 2974 1588 Dei
3000 1535 3292 1606 genitricis
3326 1534 3518 1588 Marias
3547 1538 3959 1602 sanctorumque

2295 1625 2788 1680 Kilianimartiris
2844 1631 2901 1678 et
2960 1623 3170 1678 Liborii
3225 1623 3576 1677 confessoris
3625 1630 3954 1684 consecrate,

2293 1731 2398 1784 pro
2431 1713 2688 1767 remedio
2730 1713 3057 1766 animarum
3083 1713 3229 1767 divze
3283 1711 3587 1766 memoriae
3621 1710 3838 1765 Ottonis
3865 1710 3952 1761 im-

2293 1802 2572 1873 peratoris
2613 1801 2777 1854 tercii
2837 1801 3078 1854 senioris
3133 1801 3349 1854 scilicet
3381 1800 3589 1865 nostri,
3621 1799 3956 1867 omniumque

2292 1901 2598 1960 parentum
2623 1895 2967 1955 nostrorum,
3002 1888 3174 1942 simul
3201 1905 3264 1942 ac
3293 1888 3691 1942 dilectissimus
3737 1888 3955 1956 conjugis

2292 1985 2522 2044 nostras,
2548 1983 2604 2032 et
2641 1977 2943 2031 stabilitate
2973 1977 3160 2046 regni,
3202 1976 3592 2047 proprietario
3634 1976 3768 2046 jure
3794 1991 3957 2027 conce-

2291 2067 2482 2119 dimus
2525 2081 2655 2118 cum
2707 2065 2972 2118 omnibus
3003 2065 3463 2134 appertinentiis,
3513 2065 3716 2122 rebus.
3764 2063 3956 2117 territo-

2289 2154 2409 2221 riis,
2443 2153 2612 2219 villis,
2656 2153 2957 2221 mancipiis
2991 2154 3288 2222 utriusque
3347 2168 3538 2218 sexus,
3584 2151 3770 2218 silvis,
3820 2168 3955 2203 vena-

2289 2240 2565 2307 tionibus,
2605 2237 2770 2308 aquis
2796 2255 3147 2308 aquarumve
3201 2239 3560 2306 decursibus,
3627 2239 3956 2296 molendinis.

2289 2326 2722 2395 piscationibus,
2773 2325 2878 2378 viis
2935 2333 2992 2379 et
3030 2325 3217 2392 inviis,
3272 2325 3520 2378 exitibus
3570 2333 3637 2380 et
3696 2326 3958 2388 reditibm,

2289 2414 2466 2484 pratis
2493 2420 2549 2467 et
2578 2413 2822 2484 pascuis,
2874 2419 2930 2466 et
2976 2429 3106 2466 cum
3146 2413 3418 2467 omnibus
3451 2415 3752 2484 acquisitis
3795 2414 3872 2466 vel
3897 2414 3959 2465 in-

2287 2502 2612 2573 quirendis;
2663 2519 2731 2555 ea
2799 2502 3020 2555 ratione
3067 2506 3131 2556 ut
3200 2502 3649 2572 prenominatus
3698 2503 3958 2572 episc0pus.

2287 2591 2525 2662 ejusque
2578 2605 2926 2644 successores
2958 2589 3200 2643 liberam
3248 2595 3591 2660 potestatem
3654 2591 3715 2644 in
3738 2592 3958 2660 ejusdem

2286 2680 2537 2734 ecclesia:
2568 2679 2877 2732 utilitatem
2937 2679 3194 2731 vertendi
3225 2679 3490 2732 habeant.
3525 2679 3584 2732 Si
3644 2679 3772 2750 quis
3799 2686 3957 2730 autem

2285 2769 2345 2822 in
2371 2773 2689 2839 posterum,
2720 2766 2874 2837 quod
2906 2764 3080 2819 absit!
3115 2765 3396 2836 prefatam
3425 2768 3731 2820 ecclesiam
3760 2766 3959 2836 inquie-

2283 2861 2405 2910 tare
2437 2856 2742 2910 contendat
2798 2855 2868 2925 d_e
2917 2855 3132 2908 eisdem
3164 2855 3398 2924 prediis,
3445 2862 3736 2926 perpetuo
3764 2855 3959 2908 anathe-

2284 2953 2436 3000 mate
2488 2945 2921 2998 condemnetur.
2972 2944 3213 3012 Insuper
3266 2959 3294 2996 c
3334 2943 3508 2997 libras
3579 2944 3714 2998 auri
3788 2941 3958 3012 optimi

477 3033 650 3086 libras
678 3037 905 3085 centum
937 3031 1059 3085 auri
1120 3031 1343 3102 optimi,
1406 3031 1771 3086 medietatem
1829 3032 2043 3087 scilicet
2086 3051 2173 3088 ca-
2203 3037 2244 3092 C
2284 3039 2612 3104 componat,
2641 3031 3060 3086 dimidietatem
3099 3033 3274 3102 regia:
3301 3047 3565 3096 camerae,
3602 3038 3661 3086 et
3711 3031 3957 3100 reliquam

476 3137 652 3174 mera:
712 3128 940 3187 nostrae,
1002 3127 1059 3172 et
1104 3120 1435 3173 memoratis
1478 3120 1769 3173 canonicis
1826 3121 1914 3174 vel
1969 3139 2172 3179 eorum

478 3209 894 3262 successoribus
947 3208 1206 3260 alteram.
1244 3208 1407 3271 Quod
1439 3213 1501 3260 ut
1533 3208 1719 3260 verius
1747 3208 2029 3275 credatur,
2078 3211 2168 3265 di-

477 3296 864 3367 ligentiusque
903 3295 973 3348 ab
1002 3296 1272 3350 omnibus
1312 3297 1664 3362 observetur,
1688 3296 1796 3349 hoc
1818 3304 2169 3369 praeceptum

477 3384 612 3437 inde
643 3383 1053 3454 conscriptum,
1103 3400 1277 3437 manu
1340 3384 1575 3454 propria
1625 3386 2052 3454 conlirmantes,
2093 3389 2168 3442 si-

478 3473 600 3542 gilli
626 3473 808 3526 nostri
859 3473 1242 3542 impressione
1266 3473 1542 3542 jussimus
1565 3473 1860 3543 insigniri.

546 3560 771 3624 Signum
792 3563 852 3613 D.
892 3561 1114 3614 Henrici
1141 3563 1283 3626 regis
1315 3561 1680 3614 invictissimi.
1961 3608 1964 3610 ν

545 3647 819 3700 Henricus
865 3647 985 3701 vice
1069 3647 1336 3701 Everardi
1395 3647 1648 3718 episcopi
1706 3651 1764 3702 et
1825 3647 2170 3720 archicapel-

478 3735 596 3789 lani
616 3736 964 3806 recognovit.

545 3831 748 3878 Actum
780 3841 933 3878 anno
983 3823 1390 3878 incarnationis
1447 3825 1759 3879 Dominicas
1818 3827 1976 3892 lOl3,
2018 3825 2168 3880 indi-

473 3913 662 3966 ctione
692 3913 1013 3978 undecima,
1057 3929 1208 3966 anno
1253 3929 1384 3967 vero
1441 3912 1666 3967 domini
1719 3915 1947 3968 l‘lenrici
2016 3914 2168 3984 regis

471 4000 723 4067 secundi,
752 4001 1044 4070 regnantis
1080 4017 1153 4053 x1.

543 4095 744 4143 Actum
775 4089 1189 4158 Magedeburch
1211 4086 1472 4145 feliciter.
1508 4093 1711 4144 Amen.

1247 4193 1417 4246 LXIX.

473 4257 529 4334 ἔ.
580 4281 851 4335 Henricus
907 4281 1153 4370 Ecclesiae
1193 4280 1624 4370 Paderbornensi
1671 4288 1912 4338 curtuem
1953 4283 2162 4338 Berne—
2203 4317 2247 4370 Β

1073 4352 1272 4403 shuson
1302 4352 1559 4405 concedit.

1109 4439 1293 4508 (Anno
1334 4439 1514 4508 lOl3.)

758 4524 907 4597 [Cod.
933 4525 1157 4594 diplom.
1197 4527 1342 4580 Hist.
1385 4527 1652 4596 Westph.,
1681 4545 1738 4598 p.
1766 4530 1878 4600 62.]

541 4614 606 4669 C.
671 4615 738 4668 In
799 4615 1030 4668 nomine
1097 4621 1306 4669 sancta:
1380 4621 1437 4669 et
1481 4616 1796 4670 individua:
1851 4619 2159 4684 Trinitatis,

467 4701 793 4769 Hemmcus,
837 4701 1029 4756 divina
1062 4704 1284 4757 favente
1315 4703 1646 4770 clementia,
1687 4720 1803 4758 rex.

539 4793 822 4856 Quoniam
868 4791 1071 4846 divinas
1123 4793 1517 4862 dispositionis
1552 4793 1913 4862 providentia
1943 4811 2046 4848 nos
2085 4797 2154 4850 ad

465 4897 755 4935 summum
789 4880 1117 4949 reipublicae
1171 4881 1399 4934 culmen
1443 4881 1758 4952 regendum
1788 4883 2047 4952 provexit
2101 4891 2160 4938 et

463 4970 818 5024 universitati
855 4969 1187 5033 multorum,
1263 4970 1523 5039 quamvis
1577 4970 1786 5023 merito
1833 4969 2156 5040 inferiores,

462 5065 654 5112 tamen
709 5057 1090 5113 eminentiore
1173 5059 1419 5127 quadam
1485 5058 1737 5112 nominis
1779 5059 2157 5130 praerogativa

463 5163 707 5216 prmesse
781 5147 1082 5215 disposuit,
1125 5145 1269 5214 ejus,
1303 5146 1466 5214 cnjns
1507 5147 1901 5200 miserieordia
1957 5165 2155 5202 sumus

465 5235 773 5300 sulilimali,
799 5235 852 5287 in
913 5235 1180 5288 omnibus
1227 5241 1452 5303 oportet
1481 5236 1713 5290 obedire
1736 5238 2058 5307 praeceptis,
2092 5245 2154 5294 ut

464 5323 697 5374 utilitati
728 5323 1087 5376 subditorum
1143 5323 1530 5392 providentes,
1590 5333 1804 5394 quanto
1868 5330 1994 5396 plus
2035 5343 2153 5397 pra:

464 5410 683 5462 caeteris
743 5414 847 5463 sub
896 5413 1082 5479 specie
1151 5411 1378 5466 honoris
1457 5413 1776 5466 ascendisse
1839 5414 2149 5478 cernimur,

461 5501 620 5550 tanto
655 5496 835 5566 magis
886 5498 1125 5551 interius
1173 5499 1483 5564 linmiliati,
1534 5499 1622 5552 his
1653 5500 1754 5569 qui
1808 5501 1914 5555 sub
1949 5503 2152 5554 umbra

462 5584 761 5654 regimiuis
828 5585 1172 5653 deserviunt,
1228 5588 1486 5642 debitum
1544 5588 1942 5643 retributionis
1993 5587 2150 5643 exhi-

2283 3130 2505 3193 partem
2539 3122 2726 3176 eidem
2753 3121 3003 3174 ecclesia:
3034 3137 3207 3191 quam
3238 3121 3557 3191 inquietare
3619 3118 3956 3191 presumpsit.

2284 3213 2366 3277 Et,
2399 3219 2464 3266 ut
2491 3213 2612 3266 haec
2648 3216 2859 3264 nostras
2886 3209 3215 3263 tradicionis
3245 3209 3550 3263 auctoritas
3606 3207 3822 3263 stabilis
3858 3220 3957 3276 per-

2281 3305 2530 3367 maneat,
2557 3299 2703 3353 hanc
2733 3298 2942 3369 regalis
2973 3297 3227 3368 precepti
3264 3298 3536 3368 paginam
3579 3294 3856 3352 conscribi
3888 3308 3953 3352 ac,

2281 3407 2454 3444 manu
2491 3388 2723 3459 propria
2778 3387 3205 3452 conlirmantes,
3257 3387 3446 3456 sigillo
3488 3395 3692 3442 nostro
3715 3383 3954 3456 jussimus

2279 3477 2570 3550 insigniri.

2349 3568 2580 3632 Signum
2622 3564 2806 3618 domui
2850 3564 3098 3617 Heinrici
3159 3563 3383 3617 secundi
3439 3567 3587 3631 regis
3649 3567 3828 3637 (L.M.)
3877 3566 3949 3635 {in-

2276 3657 2583 3709 victissimi.

2351 3743 2697 3798 Guntherius
2727 3740 3100 3794 cancellarius
3130 3740 3249 3794 vice
3291 3740 3652 3797 Ercambaldi
3703 3745 3951 3812 archicapo

2276 3831 2536 3903 peHanL.

3055 3917 3196 3971 LXX.

2277 4027 2336 4082 S.
2385 4027 2662 4080 Henricus
2693 4024 2952 4079 Ecclesiae
2998 4026 3478 4098 iPaderbornensis
3549 4033 3844 4098 privilegia
3907 4033 3943 4079 et

2771 4097 3128 4163 possessiones
3159 4097 3462 4166 conﬁrmat.

2923 4189 3110 4251 (Anno
3146 4186 3329 4255 1014.)

2546 4271 2694 4342 [ϐοά.
2721 4271 2941 4340 diplom.
2968 4277 3112 4328 Hist.
3145 4275 3422 4342 Ιγεειρὴη
3446 4290 3558 4344 pag
3589 4276 3709 4345 63.]

2347 4361 2412 4412 In
2453 4360 2686 4414 nomine
2723 4367 2931 4414 sancta:
2980 4368 3038 4416 et
3071 4361 3382 4416 individua:
3435 4363 3760 4426 Trinitatis,
3809 4363 3940 4416 Hals-

2273 4462 2451 4512 RlCUS,
2482 4447 2670 4500 divina
2717 4447 2942 4502 favente
2987 4449 3316 4515 clementia,
3351 4449 3754 4504 Romanorum
3788 4451 3938 4519 impe-

2266 4542 2423 4590 rator
2460 4540 2772 4606 Angustus.

2335 4624 2618 4688 Quoniam
2659 4623 2868 4678 divina:
2902 4625 3297 4696 dispositionis
3346 4625 3716 4694 providentia
3762 4643 3855 4680 nos
3880 4623 3934 4676 ad

2265 4713 2578 4782 regendum
2614 4711 2793 4764 tocius
2835 4713 3165 4783 reipublicae
3209 4713 3603 4766 monarcbiam
3656 4715 3937 4784 apostolica

2263 4799 2658 4854 benedictione
2700 4801 2984 4869 provexit,
3036 4807 3167 4854 ante
3199 4802 3393 4854 omnia
3424 4806 3618 4856 autem
3659 4803 3771 4857 hoc
3807 4803 3934 4856 labe.

2262 4904 2390 4941 rare
2422 4889 2695 4942 debemus
2725 4893 2807 4953 ut,
2851 4890 2953 4959 qui
3003 4906 3272 4944 coronam
3307 4889 3522 4942 terreni
3573 4890 3803 4961 imperii
3832 4906 3938 4943 cou-

2263 4980 2450 5040 cesstt,
2484 4967 2611 5044 post
2648 4991 2950 5030 emensum
3001 4978 3173 5047 hujus
3202 4978 3333 5030 vita:
3383 4978 3642 5048 spacium
3686 4997 3756 5034 ea
3792 4981 3936 5033 etiam

2262 5061 2524 5115 coronari
2571 5063 2864 5133 permittat
2921 5082 3050 5136 quin
3083 5083 3199 5120 non
3241 5065 3534 5120 auferatur
3574 5067 3631 5121 in
3660 5077 3934 5122 aeternum.

2261 5149 2420 5212 Quod
2450 5151 2812 5220 potissimum
2844 5154 2970 5207 fieri
3011 5154 3392 5219 decernimus,
3427 5154 3476 5207 si
3531 5156 3654 5209 loca
3701 5155 3936 5210 ecclesia-

2263 5239 2418 5292 sticis
2465 5239 2753 5310 obsequiis
2803 5241 3076 5311 deputata
3127 5249 3318 5296 nostra
3359 5245 3700 5299 auctoritate
3771 5261 3936 5298 curro-

2263 5327 2558 5389 borentur,
2592 5335 2654 5382 ut
2677 5331 2834 5382 omni
2878 5331 3144 5385 exteriori
3192 5331 3592 5402 inquietudine
3641 5341 3853 5387 remota
3890 5332 3936 5382 in

2261 5416 2654 5486 tranquilitate
2699 5425 3091 5487 permaneant,
3125 5422 3398 5489 quatinus
3435 5437 3636 5474 eorum
3694 5421 3936 5492 precibus

2260 5503 2599 5572 adjuvemur
2633 5504 2733 5574 qui
2763 5504 2841 5558 ibi
2891 5505 2986 5559 die
3030 5514 3315 5577 noctuque
3359 5508 3717 5563 orationibus
3757 5509 3811 5562 iu
3853 5504 3936 5561 Dei

2261 5589 2500 5646 servieio
2529 5609 2724 5646 vacare
2770 5593 3074 5661 debentur,
3127 5600 3182 5649 et
3231 5596 3387 5667 quod
3431 5612 3536 5667 per
3576 5613 3699 5666 nos,
3749 5601 3931 5667 utputo
