3914 6190
128 238 197 289 305

1304 224 1691 280 DIPLOMATA
1730 224 2273 281 ECCLESIASTICA.

3436 231 3537 283 306

125 348 403 407 consciencia
430 344 648 416 trepidi,
672 360 914 415 querere
936 361 1053 398 non
1086 346 1508 414 praesumimus,
1538 351 1744 399 sanctae
1776 349 1819 400 Α
1858 346 1917 400 in
1948 348 2074 401 loco
2107 346 2447 400 Porcariana
2484 347 2633 399 dicto
2688 348 3016 412 constructi,
3050 353 3257 403 nostra:
3310 350 3539 419 pietatis

123 437 439 498 DeiEcclesize
494 435 861 488 servientium
914 434 1011 505 pia
1068 435 1473 488 intercessione
1542 436 1731 503 impe-

122 540 299 584 tremus.
353 527 693 593 Quapropter
723 523 1079 576 universitati
1112 523 1367 576 tidelium
1408 529 1734 577 nostrorum

124 625 263 685 patere
288 616 525 667 volumus
572 611 820 681 qualiter
876 613 1334 681 Megenuvercus,
1384 613 1730 665 Paterbruu-

122 706 264 761 nensis
305 702 537 757 Ecclesiae
610 701 951 753 venerabilis
1011 700 1334 769 episcopus,
1398 717 1501 770 pro
1555 701 1733 753 eccle-

123 795 287 847 siastica
333 790 561 842 utilitate
594 788 841 842 arduum
897 788 1146 841 laborem
1180 804 1500 858 aggressus,
1541 788 1732 841 nobis-

119 900 208 937 cum
256 879 432 934 limina
488 878 783 930 beatorum
846 878 1231 947 apostolorum
1285 877 1437 930 Petri
1491 883 1545 929 et
1575 876 1735 930 Pauli

115 972 181 1042 pia
226 967 509 1021 intentione
586 966 869 1035 quaesivit,
933 965 1137 1017 devote
1199 964 1619 1034 supplicaturus
1674 969 1735 1017 ut

117 1057 302 1113 Ecclesia
326 1055 407 1109 cui
440 1054 557 1122 ipse
608 1053 876 1124 pastorali
915 1069 1051 1107 cura
1101 1053 1387 1122 praesidet,
1445 1052 1502 1105 in
1538 1052 1734 1123 primis

115 1144 375 1214 apostolica,
408 1142 607 1195 deinde
665 1147 859 1194 nostra
889 1141 1176 1210 imperiali
1207 1140 1545 1193 auctoritate
1602 1156 1732 1192 cor-

113 1237 368 1295 roboretur,
389 1248 487 1301 pro
512 1248 579 1284 eo
613 1232 862 1283 maxime
889 1230 1046 1300 quia,
1079 1230 1310 1301 quando
1363 1230 1599 1283 ecclesia
1628 1229 1738 1282 fuit

110 1327 419 1379 concremata,
459 1319 653 1372 omnia
699 1319 959 1387 ejusdem
1019 1319 1269 1371 ecclesiae
1322 1324 1611 1388 praecepta
1649 1323 1733 1370 at-

110 1427 189 1482 que
233 1408 504 1479 privilegia
548 1407 813 1460 incendio
853 1407 1170 1475 perierunt.
1231 1408 1404 1477 Cujus
1448 1406 1731 1475 petitioni,

110 1499 209 1569 quia
269 1496 603 1550 rationabilis
685 1496 933 1562 videtur,
1010 1496 1254 1565 gratuito
1329 1496 1731 1561 adsentientes,

107 1584 324 1656 quidquid
354 1586 547 1637 eadem
568 1584 800 1637 ecclesia
831 1600 933 1653 per
965 1584 1246 1653 justitiam
1278 1584 1535 1638 obtinere
1566 1584 1732 1638 debet
1769 1623 1809 1675 Β

107 1680 455 1726 antecessorum
490 1678 824 1725 nostrorum
872 1672 955 1723 vel
993 1677 1183 1724 nostra
1231 1672 1541 1737 oblatione,
1575 1678 1735 1724 caste-

110 1761 251 1831 risque
299 1760 553 1814 ﬁdelibus
614 1760 695 1813 ibi
749 1761 1017 1813 collatum
1051 1760 1111 1812 in
1162 1761 1354 1822 rebus,
1404 1760 1731 1824 territoriis,

106 1852 167 1902 vel
206 1850 254 1902 in
302 1850 659 1902 comitatibus
715 1864 779 1901 ac
826 1849 1107 1912 districtu,
1155 1850 1239 1901 vel
1296 1848 1731 1919 quibuscunque

107 1938 397 2001 utensilibus,
443 1954 506 1989 ac
564 1937 836 2007 quicquid
890 1937 1011 2006 ipse
1064 1937 1367 2007 episcopus
1426 1936 1732 2007 prmdictus

105 2027 468 2089 Megenuvercus
519 2028 590 2079 de
647 2042 747 2078 sua
801 2025 1129 2079 haereditate
1188 2025 1267 2079 ibi
1321 2026 1587 2089 contulit,
1645 2026 1729 2079 vel

104 2114 275 2166 aliunde
302 2130 396 2182 per
423 2113 938 2167 commutationem
978 2118 1078 2166 aut
1115 2113 1429 2184 precariam
1476 2113 1734 2183 legaliter

102 2203 359 2271 adquisivit,
398 2204 588 2255 denuo
620 2202 811 2255 stabili
841 2202 995 2256 dono
1052 2202 1420 2255 concedimus
1458 2207 1515 2255 et
1544 2203 1728 2271 impe-

104 2293 191 2344 riali
216 2293 529 2345 auctoritate
579 2292 1003 2346 conﬁrmamus.
1043 2292 1099 2347 Si
1133 2293 1260 2362 quis
1308 2296 1500 2344 autem
1526 2298 1730 2344 nostrae

99 2382 481 2434 conﬁrmationis
518 2382 766 2436 edictum
800 2381 1038 2434 ulterius
1077 2380 1269 2450 aliqua
1299 2379 1730 2449 presumptione

99 2470 346 2538 infringere
412 2470 801 2539 temptaverit,
860 2474 1091 2521 centum
1160 2470 1437 2521 librarum
1480 2468 1605 2521 auri
1658 2468 1727 2521 ad

98 2564 297 2610 nostrum
343 2559 568 2628 pondus
613 2556 1033 2626 compositione
1094 2558 1390 2622 multetur,
1438 2572 1503 2608 ac
1558 2556 1728 2608 dimi-

96 2645 212 2698 dium
268 2663 490 2699 camera:
567 2651 778 2699 nostras
843 2646 1151 2715 persolvat,
1241 2644 1528 2714 reliquum
1596 2662 1728 2697 vero

96 2734 230 2785 eidem
281 2735 547 2801 ecclesiae,
602 2750 773 2804 quam
836 2732 1139 2786 temerarie
1193 2732 1518 2802 inquietare
1576 2749 1728 2803 prie-

99 2822 298 2888 sumpsit.
358 2824 438 2885 Et,
489 2828 552 2875 ut
599 2823 719 2875 haec
772 2820 1129 2873 confirmatio
1184 2836 1289 2889 per
1346 2820 1728 2873 successiones

98 2912 358 2977 temporum
388 2910 609 2964 stabilis
633 2916 690 2963 et
710 2910 1041 2962 inconvulsa
1072 2912 1422 2979 permaneat,
1452 2908 1599 2962 hanc
1630 2908 1733 2962 im-
1767 2897 1807 2951 (ἶ

98 2997 269 3061 perialis
282 2999 540 3068 pracepti
570 2998 986 3069 paginaminde
1007 2997 1289 3050 conscribi
1310 3014 1374 3050 ac
1397 3013 1569 3050 manu
1601 3014 1727 3066 pro-

96 3084 184 3150 pria
206 3086 594 3138 contirmantes
617 3086 806 3155 sigillo
838 3089 1031 3138 nostro
1055 3084 1332 3153 jussimus
1370 3084 1655 3153 insigniri.

143 3170 330 3233 Signum
382 3171 570 3225 damni
613 3173 863 3225 Ileinrici
910 3173 1243 3224 serenissimi
1284 3176 1333 3223 et
1384 3174 1733 3225 invictissimi

96 3259 377 3322 imperatoris
406 3260 487 3324 (L.
524 3260 644 3326 M.).

138 3348 401 3400 Gunterius
449 3347 827 3401 cancellarius
896 3347 1016 3400 vice
1088 3346 1423 3401 Ercanbaldi
1483 3347 1728 3401 archica-

94 3434 254 3499 pellani
282 3436 607 3505 recognovi.

142 3522 252 3574 Data
290 3523 603 3577 indictione
657 3539 733 3589 xi,
785 3538 937 3575 anno
978 3522 1289 3576 Dominicae
1321 3522 1731 3576 incarnationis

97 3610 209 3672 1011i,
244 3627 381 3664 anno
434 3628 573 3665 vero
607 3611 802 3666 domui
852 3610 1107 3665 Heinrici
1145 3611 1381 3665 secundi
1436 3612 1731 3681 regnantis

93 3712 161 3759 tl],
187 3698 393 3769 imperii
424 3717 560 3754 vero
590 3718 627 3754 ι.

142 3789 309 3841 Actum
337 3790 524 3859 Papiae
557 3788 818 3842 feliciter.
852 3790 1052 3841 Amen.

807 3877 977 3931 LXXI.

95 3966 270 4018 Sanctus
317 3968 605 4027 Henricus,
666 3968 822 4019 Petro
878 3968 1125 4035 episcopo
1182 3969 1232 4019 et
1280 3965 1470 4019 abbati
1523 3967 1579 4021 S.
1624 3968 1727 4020 Mi-

135 4035 299 4090 chaelis
335 4040 387 4090 in
438 4039 794 4099 Porcariana,
854 4036 992 4089 bona
1044 4051 1145 4089 sua
1183 4040 1233 4089 et
1263 4038 1398 4103 jura
1426 4040 1725 4103 conﬁrmat,

142 4121 255 4157 anno
323 4112 477 4171 1013,
537 4112 661 4176 post
736 4108 1093 4175 proﬂigatum
1166 4107 1491 4159 Arduinum
1555 4108 1731 4161 Italia

142 4180 268 4238 regni
325 4175 659 4240 invasorem;
708 4179 791 4231 vel
840 4182 977 4231 certe
1032 4192 1173 4230 anno
1233 4178 1386 4233 1014.
1454 4182 1579 4229 ante
1629 4180 1729 4231 Pa-
1759 4175 1801 4227 D

140 4248 263 4310 scha,
305 4265 404 4315 quo
460 4249 553 4301 die
610 4250 839 4316 acceptis
870 4264 904 4300 α
949 4250 1184 4301 Romano
1206 4249 1463 4316 pontiﬁce
1512 4250 1736 4316 imperii

142 4320 412 4383 insignibus
442 4321 608 4387 coepit
636 4333 747 4371 esse
776 4321 1090 4386 imperator.

144 4400 300 4474 [Apud
326 4407 658 4471 Acherium,
687 4405 965 4473 Spicileg.,
1018 4407 1111 4463 Ill.
1137 4408 1259 4471 386,
1293 4422 1322 4458 e
1347 4405 1525 4459 veteri
1552 4422 1730 4459 mem-

324 4493 505 4547 brana
539 4494 754 4546 archivi
786 4494 1037 4547 ecclesiae
1081 4492 1432 4565 Bisuntinze].

139 4575 187 4628 lu
217 4581 434 4635 nomine
466 4586 676 4634 sanctae
707 4586 765 4635 et
821 4580 1128 4635 individua:
1181 4580 1492 4645 Trinitatis,
1526 4583 1730 4635 Humu-

89 4678 174 4723 εἷς,
195 4666 370 4722 divina
399 4670 628 4722 favente
658 4669 982 4733 clementia,
1018 4685 1132 4722 rex.

142 4751 259 4808 Dum
307 4757 758 4827 uniuscujusque
812 4757 1069 4825 regimen
1109 4761 1335 4826 oportet
1381 4756 1734 4810 rectitudinis

92 4840 326 4897 moderari
377 4846 642 4908 habenis,
714 4846 925 4915 regalis
982 4844 1208 4897 culmen
1284 4844 1521 4897 honoris
1569 4850 1730 4898 tanto

92 4924 328 4984 liberalius
358 4940 533 5005 atque
565 4932 844 5004 prolixius
891 4949 1127 5003 operam
1180 4949 1297 4985 suae
1350 4933 1735 4987 desudationis

87 5012 272 5077 justitiaz
301 5021 636 5089 impendere
664 5022 851 5079 debet.
884 5027 940 5074 et
973 5021 1222 5074 maxime
1272 5021 1331 5073 in
1362 5026 1509 5073 statu
1543 5023 1734 5074 catlioo

95 5100 179 5153 lira!
224 5106 494 5174 Ecclesia),
556 5115 771 5178 quanto
821 5126 879 5160 se
910 5108 1060 5161 videt
1112 5125 1145 5161 a
1178 5108 1418 5161 Domino
1462 5108 1733 5161 divinitus

89 5190 348 5249 sublimari.
414 5196 660 5250 Proinde
735 5195 994 5249 omnium
1056 5201 1262 5249 sanctae
1323 5197 1419 5248 Dei
1470 5196 1732 5249 Ecclesiae

93 5284 481 5354 nostrorumque
545 5284 915 5353 prasentium
974 5300 1040 5337 ac
1098 5285 1420 5338 futurorum
1475 5284 1733 5337 ﬁdelium

93 5371 354 5436 comperiat
427 5372 664 5425 solertia
736 5372 1015 5425 domuum
1078 5374 1328 5438 Petrum,
1403 5372 1733 5437 religiosum

95 5452 395 5526 episcopum,
429 5464 488 5513 et
526 5458 787 5514 abbatem
822 5459 1153 5514 monasterii
1207 5460 1385 5513 sancti
1428 5460 1732 5523 Michaelis,

1844 436 2205 488 clementiam
2266 441 2321 488 et
2358 434 2801 489 misericorditer
2848 436 3078 499 adiisse,
3132 445 3435 508 quatenus,
3468 440 3539 492 ob

1845 529 2071 577 aeternae
2102 523 2582 576 remunerationis
2613 525 2939 594 praemium,
2973 532 3298 595 nostraeque
3330 526 3537 579 animae

1846 612 2189 677 remedium,
2222 613 2342 681 jam
2405 611 2619 665 dictum
2683 614 3095 666 monasterium
3132 613 3190 666 in
3244 615 3538 667 cacumine

1846 702 2057 753 montis
2088 700 2263 752 situm
2295 704 2488 752 nostra
2536 702 2861 770 praeceptali
2920 703 3257 755 auctoritate
3310 708 3365 754 et
3422 709 3536 755 sta-

1843 788 2062 842 bilitate
2115 789 2616 841 corroboraremus
2674 796 2731 841 et
2788 790 3275 843 contirmarenms.
3337 792 3539 859 Cujus-

1845 894 1954 948 que
1983 878 2154 929 sacris
2186 876 2472 945 precibus,
2505 893 2601 946 spe
2661 877 2838 930 futuri
2889 880 3261 932 emolumenti
3308 880 3539 949 prospi-

1844 968 2056 1019 cientes
2104 972 2274 1035 atque
2304 965 2576 1026 faventes,
2623 966 2983 1035 propositum
3033 968 3352 1021 cmnobium
3409 984 3537 1021 cum

1844 1054 2081 1123 Alpibus
2111 1058 2167 1105 et
2222 1053 2489 1106 omnibus
2518 1053 2696 1117 silvis,
2750 1054 2989 1123 campis,
3045 1056 3320 1120 acditiciis,
3371 1064 3536 1109 caete-

1845 1140 2038 1210 risque
2089 1140 2443 1210 appendiciis
2509 1156 2613 1208 per
2670 1140 2780 1193 tria
2854 1142 3122 1195 milliaria
3188 1143 3245 1195 in
3299 1143 3536 1196 circuitu

1844 1228 2024 1297 ipsius
2073 1245 2136 1281 ex
2198 1228 2357 1281 omni
2400 1234 2560 1297 parte
2616 1229 2835 1297 positis,
2876 1245 2973 1282 seu
3024 1246 3153 1282 cum
3194 1232 3424 1284 castello
3484 1238 3540 1283 et

1845 1322 1999 1370 corte
2027 1317 2096 1370 de
2152 1317 2435 1381 Clavasce,
2488 1332 2661 1387 quam
2710 1317 2827 1384 Ugo
2864 1319 3117 1370 marchio
3148 1320 3217 1371 ad
3272 1320 3536 1372 eumdem

1846 1411 2102 1457 sanctum
2136 1410 2190 1457 et
2219 1405 2603 1459 venerabilem
2639 1406 2821 1458 locum
2847 1422 2949 1474 pro
2981 1423 3097 1459 suae
3125 1406 3328 1459 animae
3353 1424 3536 1460 reme-

1846 1493 1939 1547 dio
1968 1494 2121 1547 dedit
2151 1498 2207 1547 et
2262 1493 2496 1547 tradidit
2523 1509 2653 1546 cum
2711 1495 2979 1546 omnibus
3010 1494 3125 1546 suis
3175 1496 3538 1564 pertinentiis

1848 1582 2045 1635 charta
2099 1582 2347 1653 propriae
2391 1582 2740 1646 donationis,
2800 1588 2969 1651 atque
2998 1582 3316 1646 Castaneto,
3351 1582 3535 1647 Cacia,

1850 1671 2181 1729 Breteneso;
2257 1671 2492 1722 Villarez
2556 1687 2681 1740 quae.
2732 1670 2941 1723 dicitur
2997 1672 3258 1734 Castello,
3318 1672 3536 1733 Curtes,

1845 1758 2126 1819 Maliasco,
2186 1759 2512 1824 Sablonem,
2564 1761 2895 1828 caeterisque
2945 1759 3114 1812 rebus
3149 1776 3289 1829 quas
3332 1759 3540 1813 Ardui-

1843 1862 1951 1899 nus
1974 1846 2226 1900 marchio
2258 1846 2413 1899 ﬁlius
2439 1847 2637 1901 Otonis
2669 1847 2828 1900 dedit
2853 1848 2925 1900 ad
2974 1849 3389 1901 monasterium
3422 1850 3535 1917 jam

1842 1936 2165 2005 praefatum,
2219 1952 2349 1987 cum
2422 1936 2663 1999 cellulis,
2706 1941 2762 1988 et
2817 1937 3086 2001 ecclesiis,
3151 1942 3205 1989 et
3261 1937 3538 1989 universis

1840 2024 1968 2077 aliis
2027 2024 2196 2076 rebus
2269 2023 2575 2076 mobilibus
2622 2029 2677 2077 et
2746 2024 3159 2087 immobilibus,
3203 2042 3327 2095 qua:
3387 2042 3539 2078 nunc

1840 2112 2051 2165 habere
2092 2111 2377 2177 videntur,
2411 2118 2467 2164 et
2506 2111 2845 2182 insequenti
2880 2112 3093 2165 ibidem
3154 2116 3300 2166 Dens
3328 2130 3537 2182 augere

1842 2200 2102 2265 voluerit,
2136 2200 2373 2269 praefato
2413 2199 2606 2252 abbati
2638 2207 2695 2252 et
2743 2205 2955 2253 sanctae
3018 2202 3450 2270 congregationi
3477 2203 3537 2254 in

1839 2290 2039 2342 eodem
2093 2291 2212 2341 loco
2272 2290 2384 2342 Deo
2439 2289 2760 2353 famulanti,
2830 2290 3060 2359 suisque
3118 2291 3538 2343 successoribus

1842 2382 2031 2430 nostra
2084 2376 2410 2447 praeceptali
2467 2376 2930 2431 corroboratione
2995 2378 3404 2431 confirmamus
3454 2384 3536 2431 at-

1841 2483 1951 2536 que
2007 2466 2203 2534 (prout
2239 2467 2387 2535 juste
2441 2470 2495 2518 et
2526 2465 2787 2534 legaliter
2836 2468 3161 2535 possumus)
3212 2467 3533 2520 stabilimus

1840 2560 1895 2607 et
1925 2554 2390 2617 corroboramus;
2453 2570 2520 2607 eo
2565 2554 2827 2607 videlicet
2891 2555 3089 2608 ordine
3136 2573 3249 2626 quo
3288 2556 3407 2624 ipse
3441 2557 3534 2608 ab-

1839 2642 1939 2696 bas
1970 2646 2025 2697 et
2081 2642 2450 2713 congregatio
2484 2642 2592 2695 sibi
2649 2644 2970 2705 commissa,
3009 2660 3358 2714 suorumque
3416 2662 3533 2698 suc—

1838 2746 2088 2783 cessores
2161 2730 2574 2782 monasterium
2631 2747 2761 2784 cum
2838 2731 2994 2784 omni
3049 2732 3376 2802 integritate
3446 2733 3533 2785 in-

1842 2819 2119 2871 trinsecus
2161 2823 2217 2871 et
2262 2818 2611 2871 extrinsecus
2658 2819 2927 2885 habeant,
2987 2825 3221 2873 teneant
3266 2821 3534 2875 ﬁrmiter-

1845 2924 1955 2978 que
1984 2907 2339 2977 possideant;
2402 2912 2593 2960 nostra
2633 2913 3076 2978 nostrorumque
3125 2925 3531 2975 successorum,

1845 3002 1902 3050 et
1954 2996 2213 3049 omnium
2271 2992 2572 3049 hominum
2605 3002 2823 3049 semota
2853 2996 3282 3067 inquietudine,
3317 3002 3372 3050 et
3398 3014 3528 3051 con-

1843 3084 2203 3145 tradictione,
2234 3100 2327 3135 seu
2362 3083 2823 3137 diminoratioue.

1915 3172 2292 3226 Concedimus
2365 3172 2599 3241 insuper
2667 3177 2722 3224 et
2787 3173 3067 3241 largimur
3128 3172 3308 3242 ipsius
3357 3174 3537 3225 sancti

1842 3261 1949 3314 loci
1976 3260 2415 3330 congregatione
2448 3260 2693 3312 habendi
2743 3260 3029 3313 licentiam
3077 3260 3327 3328 eligendi
3371 3262 3540 3314 abba-

1842 3356 1958 3403 tem
2005 3350 2264 3403 moribus
2311 3349 2636 3419 probatum.
2688 3350 2988 3418 prazceptis
3021 3351 3227 3403 Christi
3255 3356 3310 3404 et
3340 3353 3539 3417 regula

1841 3436 2019 3488 sancti
2066 3434 2351 3488 Benedicti
2424 3436 2793 3490 adornatum.
2883 3438 3284 3508 Praecipieutes
3361 3440 3538 3509 igitur

1836 3524 2126 3594 jubemus,
2168 3528 2224 3575 et
2278 3522 2381 3575 hac
2408 3528 2597 3575 nostra
2650 3525 2979 3593 praeceptali
3035 3527 3374 3579 auctoritate
3406 3543 3535 3581 san-

1841 3612 2023 3664 cimus
2072 3614 2135 3663 ut
2183 3611 2374 3663 nullus
2411 3610 2543 3675 dux,
2602 3611 3079 3681 archiepiscopus,
3124 3620 3180 3667 et
3218 3615 3535 3683 episcopus.

1842 3699 2117 3762 marchio,
2152 3714 2362 3761 comes,
2420 3698 2750 3765 vicecomes,
2812 3702 3177 3765 sculdascius,
3233 3704 3533 3771 gastaldio,

1842 3787 2115 3856 nullaque
2182 3784 2356 3838 nostri
2414 3785 2577 3853 regni
2660 3802 2871 3853 magna
2920 3803 3206 3857 parvaque
3292 3806 3537 3858 persona

1840 3875 2182 3943 praedictum
2228 3873 2659 3937 monasterium,
2705 3880 2805 3926 aut
2860 3874 3109 3938 abbates,
3152 3892 3247 3928 seu
3303 3893 3537 3945 congre-

1840 3964 2130 4033 gationem
2222 3962 2566 4031 inquietare,
2658 3962 2981 4025 molestare,
3036 3963 3349 4030 disvestire,
3437 3970 3537 4017 aut

1838 4052 2066 4105 fodrum
2098 4052 2318 4114 tollere,
2352 4066 2452 4103 seu
2483 4054 2669 4119 legem
2712 4051 2918 4115 facere,
2969 4057 3071 4105 aut
3117 4052 3391 4120 placitum
3446 4058 3536 4106 te—

1840 4156 1998 4203 nere,
2028 4139 2137 4192 nisi
2169 4139 2341 4192 abbas
2391 4138 2647 4207 ejusdem
2683 4138 2792 4192 loci
2842 4146 2939 4192 aut
2969 4141 3084 4192 suis
3113 4141 3296 4193 missis
3328 4158 3537 4211 praesu—

1842 4233 1978 4282 mat.
2025 4228 2081 4281 Si
2138 4228 2265 4297 quis
2322 4232 2515 4279 autem
2577 4226 2751 4295 hujus
2799 4233 3006 4281 nostra:
3060 4229 3538 4283 corroborationis

1841 4316 2067 4387 paginae
2124 4315 2362 4367 violator
2417 4314 2717 4381 exstiterit,
2768 4316 2907 4368 sciat
2964 4332 3022 4367 se
3080 4319 3534 4386 compositurum

1844 4406 1967 4458 auri
2014 4402 2218 4473 optimi
2268 4402 2443 4455 libras
2501 4404 2681 4467 mille,
2741 4404 3102 4459 medietatem
3154 4424 3393 4462 camerae
3434 4424 3535 4462 uo-

1843 4498 1993 4555 strzr,
2026 4498 2081 4544 et
2139 4490 2505 4544 medietatem
2569 4492 2762 4545 abbati
2818 4493 3050 4563 suisque
3098 4497 3533 4550 successoribus.

1842 4581 1997 4643 Quod
2030 4584 2094 4632 ut
2123 4579 2311 4632 verius
2342 4579 2625 4645 credatur,
2666 4585 2723 4633 et
2757 4597 2926 4646 nunc,
2953 4586 3027 4648 {et
3073 4581 3131 4634 in
3173 4584 3411 4653 posteris
3465 4584 3535 4635 ab

1842 4669 2156 4722 omnibus.
2207 4708 2217 4718 .
2266 4708 2277 4718 .
2322 4708 2335 4718 .
2381 4706 2396 4721 .
2442 4708 2453 4719 .
2499 4708 2511 4720 .
2547 4672 2604 4719 et
2650 4684 2826 4721 manu
2882 4671 3118 4740 propria
3176 4671 3534 4733 roborantes,

1843 4755 2015 4825 sigilli
2045 4755 2227 4808 nostri
2253 4755 2630 4824 impressione
2658 4756 2932 4823 juSsimus
2966 4758 3249 4825 insigniri.

1844 4952 2061 5004 Henrici
2098 4952 2159 5004 ῙΙ
2185 4950 2529 5017 imperatoris
2569 4949 2812 5016 diploma
2849 4968 2953 5018 pra
2977 4953 3297 5004 monasterio
3322 4952 3377 5005 S.
3418 4948 3535 5003 Sal-

2299 5022 2504 5072 uatoris
2548 5022 2802 5074 Fontana’
2854 5025 3070 5075 Taonis.

2488 5107 2672 5178 (Αηηυ
2707 5110 2885 5178 10H.)

1846 5196 2148 5269 [Zaccaria,
2201 5195 2555 5249 bibliothecae
2611 5197 2824 5249 Estensi
2885 5196 3208 5265 praefectus,
3261 5198 3535 5252 Anecdota

1912 5285 2079 5337 medii
2121 5286 2244 5349 aevi,
2294 5298 2424 5352 pars
2456 5301 2535 5344 ιιι,
2589 5299 2720 5352 pag.
2771 5286 2897 5350 218,
2950 5300 3018 5337 ex
3066 5286 3298 5339 archiva
3353 5288 3413 5340 P.
3474 5290 3530 5341 P.

1914 5370 2516 5424 Vallumbrosanornm
2547 5370 3026 5443 Pistoriensium.]

1916 5461 1979 5512 In
2017 5458 2251 5511 nomine
2296 5466 2505 5513 sanctm
2546 5466 2601 5512 et
2652 5459 2963 5513 individua:
3025 5460 3341 5530 Trinitatis,
3389 5464 3531 5516 Hes-
