4016 6202
317 249 420 301 307
1612 247 1668 301 8.
1713 245 2006 301 HENRICI
2046 243 2523 300 IMPERATOBIS
3748 250 3874 300 308

313 384 487 433 RICUS,
519 367 712 421 divina
743 366 1023 438 largiente
1044 367 1367 436 clementia,
1401 369 1791 423 Romanorum
1824 367 2015 438 impe-
2045 371 2092 423 Α
2129 384 2258 421 cum
2293 367 2449 421 omni
2490 382 2694 422 eorum
2743 366 3095 434 haereditate,
3153 372 3395 440 paterno
3441 369 3532 422 vel
3569 374 3879 425 materno

315 460 474 509 rator
503 457 816 524 Augustus.
2121 457 2274 527 jure,
2321 457 2697 528 proprietate,
2741 457 3166 526 communaliis,
3207 457 3322 512 sive
3354 458 3634 512 omnibus
3673 458 3883 512 rebus

387 545 611 598 Iustum
667 548 723 598 et
763 543 1100 598 rationabile
1157 544 1322 598 nobis
1392 545 1619 598 videtur
1667 545 1728 598 in
1793 560 2021 597 venera-
2131 559 2258 612 quae
2308 543 2377 596 ab
2425 560 2620 597 eorum
2665 543 3000 614 parentibus
3053 560 3310 615 possessa
3354 545 3618 612 fuerunt,
3668 551 3737 600 ei
3775 561 3886 598 eo-

319 632 457 686 bilia
501 637 830 686 sanctorum
875 633 976 685 Dei
1006 634 1133 687 loca
1162 650 1289 703 quae
1321 633 1391 687 ab
1422 650 1455 686 a
1485 633 1653 687 bonis
1691 633 2022 687 hominibus
2133 647 2263 685 rum
2319 632 2599 703 acquisita
2676 634 2792 686 sive
2853 632 3216 703 acquirenda,
3285 634 3649 688 nominative
3715 634 3892 686 silva

322 722 533 776 intuitu
590 720 823 791 pietatis
866 726 923 774 et
961 737 1058 792 spe
1089 723 1327 775 alterna:
1381 721 1862 776 remunerationis
1887 737 2024 774 con-
2132 723 2467 788 Armanore,
2518 722 2860 792 Carpeneta.
2913 722 3110 788 Succa,
3153 722 3546 792 Septingenti,
3599 723 3726 776 sive
3767 736 3893 792 per

325 811 592 864 feruntur
647 815 818 880 atque
876 815 1072 862 nostro
1123 809 1242 879 juri
1292 813 1348 862 et
1400 809 1654 864 dominio
1697 810 2024 872 traduntur,
2136 814 2340 862 caetera
2369 810 2494 863 loca
2549 810 2608 863 in
2647 809 2926 864 comitatu
2973 811 3382 865 Mantuanense
3437 811 3886 880 rejacentil-us,

330 907 526 955 nostra
570 899 904 952 auctoritate
958 898 1404 968 ﬁerijussimus.
1463 899 1738 963 Quocirca
1767 898 2027 952 omnium
2135 898 2564 968 piscationibus,
2625 898 2965 952 ﬂuminibus
2995 904 3054 951 et
3101 899 3434 968 paludibus,
3490 900 3617 954 sine
3658 899 3888 968 aliquo

333 994 538 1044 sancta:
593 989 692 1041 Dei
738 987 992 1041 Ecclesiae
1045 993 1492 1057 nostrorumque
1549 987 1831 1050 fidelium,
1881 1002 2029 1057 prte-

334 1079 583 1133 sentium
622 1076 835 1130 scilicet
878 1083 934 1130 et
974 1077 1322 1142 futurorum,
1373 1077 1636 1130 volumus
1676 1074 2033 1130 universitati

332 1171 525 1236 pateat
581 1164 827 1235 qualiter
872 1181 975 1217 nos
1039 1165 1314 1234 recepisse
1373 1164 1791 1217 monasterium
1846 1162 2035 1218 Sancti

337 1254 663 1320 Salvatoris,
701 1253 856 1324 quod
885 1259 971 1307 est
1010 1253 1184 1306 situm
1226 1253 1287 1306 in
1330 1254 1581 1307 Fontana
1607 1252 1847 1318 Tanoni,
1882 1251 2035 1324 quod

341 1342 662 1397 Bonifacius
722 1341 976 1395 marchio
1022 1358 1127 1410 pro
1184 1341 1442 1395 remedio
1496 1343 1705 1395 animae
1765 1357 1878 1394 suae
1929 1340 2037 1394 sibi

339 1429 572 1501 praedia,
623 1429 776 1498 quod
818 1434 1052 1482 vocatur
1089 1429 1312 1482 Cafadia
1353 1429 1739 1498 Bonifacinga,
1773 1430 2039 1499 proprie-

341 1518 487 1572 tario
528 1518 660 1588 jure
708 1518 895 1570 eidem
947 1517 1242 1584 concessit,
1297 1523 1352 1571 et
1395 1517 1589 1571 villam
1638 1534 1762 1588 qua
1808 1525 2041 1572 vocatur

343 1607 582 1662 Stazano
631 1621 760 1658 cum
800 1605 1067 1659 omnibus
1110 1605 1226 1658 suis
1270 1605 1653 1675 pertinentiis,
1687 1612 1742 1659 et
1780 1605 1840 1658 in
1871 1606 2038 1659 badio

347 1694 541 1750 omnia
574 1711 702 1764 quae
737 1694 957 1762 habuit,
991 1698 1047 1748 et
1084 1694 1191 1747 sibi
1231 1695 1494 1748 similiter
1537 1695 1898 1759 condonavit,
1943 1694 2045 1746 sub

346 1783 528 1838 nostri
568 1783 770 1837 mundi
814 1781 988 1836 furdii
1033 1781 1277 1836 tuitione
1319 1782 1642 1852 recepimus
1689 1783 1812 1837 IIZBC
1845 1788 1902 1836 et.
1936 1782 2049 1836 alia

348 1889 479 1944 quae
521 1871 581 1924 in
614 1876 780 1925 antea
811 1872 925 1925 Deo
959 1871 1270 1924 auxiliante
1309 1872 1607 1942 acquirere
1638 1871 1914 1941 potuerit,
1950 1888 2047 1923 vo-

350 1963 545 2014 lumus
588 1965 651 2013 ut
698 1961 802 2014 sub
854 1963 1049 2013 nostra
1097 1959 1430 2013 defensione
1481 1960 1672 2030 quiete
1717 1977 1780 2013 ac
1818 1959 2051 2030 pacitice

350 2053 632 2118 perpetuo
662 2053 995 2117 permaneat
1017 2046 1139 2100 sine
1169 2047 1573 2102 molestatione
1602 2047 1859 2118 alicujus.
1891 2047 2052 2111 Quod

352 2152 488 2190 vero
537 2136 924 2206 praecipimus,
974 2141 1030 2189 et
1074 2136 1144 2189 ab
1193 2137 1297 2190 hac
1341 2136 1486 2189 hora
1535 2136 1596 2189 in
1646 2141 1814 2189 antea
1861 2136 2055 2189 nullus

353 2223 488 2291 dux,
536 2223 807 2287 marchio,
853 2222 1170 2292 episcopus,
1219 2238 1430 2291 comes,
1474 2221 1806 2287 vicecomes,
1847 2220 2057 2290 gastal-

354 2311 469 2378 dio,
531 2311 864 2373 sculdascio,
916 2309 1131 2363 decano
1191 2325 1288 2362 seu
1346 2311 1541 2381 aliqua
1587 2309 1770 2363 nostri
1826 2307 2058 2378 imperii

356 2415 567 2469 magna
589 2415 876 2470 parvaque
906 2414 1148 2467 persona
1169 2397 1380 2452 audeat
1407 2400 1684 2453 Joannem
1713 2398 2058 2452 monachum

359 2487 624 2540 abbatem
672 2487 771 2556 qui
819 2487 898 2540 ibi
937 2487 1051 2539 Deo
1086 2486 1279 2551 servit,
1329 2491 1502 2556 atque
1543 2486 1684 2539 alios
1731 2485 2058 2550 monachos,

365 2575 466 2646 qui
504 2576 674 2629 modo
706 2582 840 2629 sunt
868 2579 967 2629 aut
1003 2591 1105 2646 pro
1148 2581 1410 2644 tempore
1442 2575 1588 2629 inibi
1629 2576 1739 2628 Deo
1779 2575 2061 2628 famulen-

364 2671 480 2730 tur,
525 2664 837 2729 disvestire,
879 2664 1180 2718 molestare
1224 2669 1321 2717 aut
1368 2663 1712 2734 iniquietare
1758 2667 2067 2734 praesumat

368 2752 491 2806 sine
525 2752 694 2823 legati
717 2752 956 2822 judicio.
990 2751 1048 2806 Si
1074 2752 1204 2822 quis
1232 2751 1410 2821 igitur
1438 2752 1610 2822 hujus
1643 2752 1818 2805 nostri
1862 2752 2067 2805 mundi

369 2841 561 2896 burdii
587 2839 828 2893 violator
856 2839 1151 2902 exstiterit,
1186 2840 1323 2894 sciat
1354 2857 1411 2893 se
1445 2841 1897 2909 compositurum
1942 2839 2069 2892 auri

373 2928 579 2998 optimi
616 2928 761 2981 libra
809 2933 1062 2992 centum,
1126 2928 1492 2981 medietatem
1545 2943 1784 2980 camera:
1841 2932 2071 2993 nostra),

377 3021 435 3069 et
465 3015 828 3068 medietatem
875 3015 1180 3083 praefatum
1237 3016 1517 3069 Joannem
1571 3015 1859 3084 abbatem,
1899 3022 2071 3085 atque

377 3102 670 3169 fratribus,
707 3106 879 3172 atque
912 3102 1028 3154 suis
1060 3102 1499 3156 successoribus.
1569 3102 1732 3165 Quod
1795 3109 1855 3157 ut
1886 3103 2073 3157 verius

380 3189 1100 3260 credaturdiligentinsque
1121 3190 1189 3244 ab
1224 3190 1489 3244 omnibus
1505 3190 1859 3257 observetur,
1890 3191 2073 3260 sigillo

382 3278 871 3348 nostrojussimus
908 3277 1194 3348 insigniri.

458 3367 756 3422 Heinricus
812 3367 1180 3421 cancellarius
1233 3367 1353 3422 vice
1407 3365 1642 3422 Everadi
1713 3366 1968 3438 episcopi
2024 3371 2080 3421 et

385 3455 869 3510 archicancellarii
892 3456 1239 3527 recognovit.

458 3545 630 3599 Locus
645 3546 837 3613 sigilli.

460 3634 665 3687 Datum
701 3650 848 3686 anno
904 3632 1210 3687 Dominicae
1243 3630 1652 3686 incarnationis
1695 3632 1849 3697 1014,
1881 3630 2079 3685 indict.

385 3739 484 3789 xu,
568 3738 720 3776 anno
787 3721 1008 3776 domini
1084 3721 1333 3778 Heinrici
1402 3721 1765 3793 imperatoris
1839 3719 2086 3791 Augusti

387 3812 554 3880 regni
574 3826 671 3876 xu,
707 3809 856 3880 (167)
887 3810 1118 3882 imperii
1147 3811 1270 3881 ejus
1301 3828 1337 3865 ι.

462 3900 663 3953 Actum
690 3899 752 3953 in
782 3898 1032 3970 Papiano
1062 3899 1318 3953 feliciter.
1348 3900 1550 3952 Amen.

1130 4004 1353 4058 LXXIII.

393 4095 658 4148 Henricus
689 4094 750 4146 Il
778 4079 1078 4148 Germaniae
1129 4107 1228 4144 recc
1262 4090 1585 4143 Arimannis
1634 4088 1950 4142 Mantuanis
1976 4089 2093 4156 pri-

977 4163 1176 4227 vilegia
1212 4163 1510 4228 conﬁrmat.

1051 4248 1236 4317 (Anno
1273 4246 1448 4317 1014.)

757 4336 1077 4410 [Muratori,
1109 4339 1305 4404 Antiq.
1328 4337 1478 4404 Ital.,
1501 4334 1591 4403 IV,
1629 4331 1739 4406 13.]

474 4446 539 4499 ln
564 4445 798 4499 nomine
838 4451 1043 4498 sanctae
1075 4449 1130 4498 et
1176 4443 1484 4498 individua:
1533 4441 1848 4510 Trinitatis,
1882 4442 2096 4496 Heum-

403 4551 519 4600 cos,
543 4535 734 4589 divina
755 4535 977 4589 favente
1000 4533 1324 4599 clementia,
1351 4548 1467 4588 rex.

477 4625 747 4680 Omnium
790 4630 1117 4677 sanctorum
1175 4622 1272 4675 Dei
1311 4626 1750 4691 nostrorumque
1816 4616 2096 4685 ﬁdelium,

405 4713 770 4784 praesentium
803 4712 1016 4766 scilicet
1058 4730 1122 4766 ac
1171 4711 1516 4777 futurorum,
1559 4708 1784 4763 noverit
1819 4708 2098 4774 sagacita-

403 4803 476 4858 tis
503 4803 784 4857 industria
807 4801 1054 4873 qualiter
1085 4818 1213 4865 nos,
1256 4816 1361 4870 pro
1394 4799 1493 4854 Dei
1526 4814 1741 4864 amore,
1775 4795 2100 4867 animaeque

407 4898 614 4947 nostras
672 4889 952 4958 remedio,
1025 4893 1259 4943 cunctos
1330 4888 1673 4942 Arimannos
1735 4885 1797 4940 in
1871 4884 2101 4938 civitate

405 4981 669 5047 Mantuae,
702 4979 819 5034 sive
863 4978 923 5032 in
967 4981 1146 5032 castro
1198 4975 1297 5046 qui
1345 4975 1555 5029 dicitur
1592 4975 1817 5041 Portus,
1878 4972 1994 5027 sive
2041 4973 2103 5026 in

407 5069 624 5123 vicoras
683 5085 810 5140 quin
854 5066 1230 5121 nominantur
1285 5064 1488 5118 Sancto
1538 5063 1799 5132 Georgio,
1851 5061 2099 5131 Cepada,

408 5158 757 5229 Formigosa,
802 5174 903 5213 seu
934 5162 990 5212 et
1019 5157 1078 5210 in
1108 5153 1383 5209 comitatu
1413 5154 1716 5207 Mantuano
1747 5149 2090 5212 habitantes,

478 5281 629 5352 (167)
653 5281 768 5336 Nisi
817 5281 981 5335 malis
1013 5279 1289 5335 mendum
1319 5277 1380 5331 in
1410 5291 1693 5352 annorum
1737 5271 2100 5352 supputatio-

406 5343 539 5406 nem
564 5343 877 5422 irrepsisse,
938 5353 1381 5422 scriptumque:_
1406 5347 1568 5416 regni
1585 5363 1694 5422 xu,
1715 5343 1825 5422 pré
1849 5343 1972 5422 xm,

403 5422 654 5491 diploma
680 5415 880 5476 datum
910 5415 1191 5477 ante'Kal.
1227 5415 1451 5491 Martias
1477 5415 1570 5471 an.
1609 5415 1763 5471 1014.
1785 5418 1928 5491 Tum
1951 5415 2100 5468 belle

403 5487 598 5548 omnia
644 5492 842 5546 ﬂuent.
893 5493 1035 5546 Nam
1086 5491 1258 5564 (quod
1286 5491 1357 5545 ad
1402 5490 1556 5544 hunc
1606 5503 1823 5542 annum
1853 5487 2093 5541 demon-

2139 986 2464 1056 scriptionis
2484 987 2671 1054 titulo,
2699 988 3017 1058 quodjuste
3039 997 3095 1041 et
3116 987 3376 1058 legaliter
3391 987 3475 1040 eis
3497 987 3885 1058 pertinente,

2140 1091 2272 1128 cum
2303 1075 2534 1129 familiis
2590 1075 2890 1146 utriusque
2923 1092 3105 1138 sexus,
3152 1075 3330 1129 servis
3370 1080 3428 1128 et
3478 1075 3743 1141 ancillis,
3818 1075 3892 1128 li-

2143 1164 2415 1229 bellariis,
2469 1165 2765 1234 precariis,
2796 1170 2852 1218 et
2906 1181 3035 1218 cum
3088 1164 3361 1217 omnibus
3433 1163 3612 1217 rebus
3656 1179 3884 1216 eorum

2145 1252 2452 1306 mobilibus
2482 1258 2537 1306 et
2566 1252 2975 1321 immobilibus,
3035 1269 3133 1323 per
3161 1253 3332 1322 hujus
3372 1253 3552 1305 nostri
3585 1252 3888 1322 praecepti

2145 1340 2442 1410 paginam,
2479 1342 2827 1412 proutjuste
2867 1348 2924 1395 et
2968 1341 3226 1408 legaliter
3255 1356 3592 1410 possumus,
3644 1356 3892 1393 conces-

2149 1427 2329 1481 simus
2377 1436 2434 1482 et
2463 1430 2922 1496 corroboramus,
2958 1430 3169 1483 scilicet
3209 1434 3483 1500 utrasque
3537 1429 3703 1499 ripas
3764 1429 3888 1483 ilu-

2149 1516 2322 1569 minis
2352 1518 2592 1584 Tartari,
2625 1520 2831 1573 deinde
2871 1535 3098 1572 sursum
3137 1534 3320 1589 usque
3349 1518 3420 1572 ad
3448 1519 3676 1571 ﬂumen
3717 1517 3888 1581 Olei;

2159 1616 2228 1670 de
2263 1607 2376 1661 alia
2421 1611 2582 1678 parte
2643 1608 2811 1661 Fossa
2865 1607 3008 1671 alta;
3059 1606 3127 1660 de
3180 1606 3351 1660 tertia
3411 1611 3577 1676 parte
3632 1606 3892 1659 ecclesia

2161 1702 2353 1760 Sancti
2381 1696 2634 1755 Faustini
2682 1696 2742 1748 in
2773 1698 2946 1764 caput
3003 1694 3262 1759 Variana,
3310 1699 3368 1748 et
3424 1694 3561 1747 inde
3607 1711 3892 1747 seorsum

2162 1807 2342 1862 usque
2372 1790 2433 1842 in
2463 1785 2688 1857 Agricia
2734 1784 2981 1853 majore;
3015 1799 3082 1837 ea
3110 1782 3378 1836 videlicet
3403 1782 3635 1836 ratione
3666 1799 3889 1836 conce—

2162 1882 2351 1935 dimus
2381 1877 2462 1932 eis
2492 1890 2724 1929 omnem
2765 1873 3057 1925 teloneum
3089 1876 3146 1925 et
3199 1870 3526 1940 ripaticum,
3572 1870 3742 1940 quod
3782 1885 3893 1939 pro

2164 1967 2394 2038 negotio
2467 1966 2729 2018 exercent
2785 1960 2845 2014 in
2906 1961 3110 2026 Garda,
3158 1963 3214 2013 et
3282 1959 3345 2011 in
3397 1960 3624 2023 Lasese,
3699 1964 3769 2012 et
3832 1957 3896 2010 in

2165 2072 2391 2111 summo
2443 2054 2608 2116 Lacu,
2644 2052 2730 2104 vel
2784 2049 2844 2102 in
2878 2049 3160 2112 Brixiana,
3195 2052 3252 2100 et.
3283 2047 3344 2100 in
3378 2048 3660 2113 Ferraria,
3698 2047 3796 2099 vel
3834 2047 3897 2099 in

2167 2145 2453 2210 Comaclu,
2486 2148 2542 2196 et
2586 2141 2647 2194 in
2697 2140 2986 2204 Ravenna,
3039 2137 3173 2207 ipsi,
3213 2136 3448 2206 suisque
3497 2136 3660 2203 ﬁliis,
3695 2152 3772 2188 ac
3797 2136 3900 2188 ho-

2168 2234 2418 2289 minibus
2464 2231 2564 2302 qui
2595 2229 2825 2282 illorum
2856 2243 3082 2280 causam
3122 2226 3446 2280 laborantes
3473 2225 3896 2296 negotiantur,

2166 2322 2460 2379 licentiam
2515 2319 2765 2374 habeant
2823 2315 3160 2386 potestative
3205 2313 3542 2384 negotiandi
3596 2329 3709 2384 per
3769 2314 3899 2382 jam

2170 2412 2384 2467 dictum
2421 2412 2628 2464 Lacum
2676 2406 2892 2476 absque
2927 2403 3187 2458 omnium
3223 2402 3527 2456 hominum
3589 2401 3899 2455 contradi-

2172 2500 2382 2564 ctione,
2432 2497 2520 2550 vel
2581 2494 2809 2566 publica
2865 2491 3180 2557 iunctione,
3240 2491 3328 2544 vel
3381 2490 3626 2560 alicujus
3667 2489 3905 2542 telonei

2174 2590 2262 2644 vel
2293 2585 2516 2658 ripatici
2547 2584 2786 2638 reddita.
2822 2581 3225 2652 Prtecipientes
3262 2580 3457 2650 itaque
3505 2579 3803 2649 jubemus
3839 2585 3909 2631 ut

2177 2679 2367 2732 nullus
2397 2676 2527 2740 dux,
2581 2672 2903 2742 episcopos,
2938 2669 3213 2736 marchio,
3275 2685 3485 2734 comes,
3538 2668 3903 2730 vicecomes,

2178 2764 2480 2836 gastaldio,
2539 2759 2876 2826 scoldascio,
2948 2758 3216 2825 decanus,
3285 2757 3371 2810 vel
3448 2755 3647 2826 aliqua
3709 2754 3908 2808 nostri

2181 2852 2346 2924 regni
2393 2866 2602 2921 magna
2652 2864 2941 2919 parvaque
2998 2861 3243 2916 persona
3295 2845 3366 2898 de
3427 2844 3561 2897 hinc
3616 2844 3909 2913 praefatos

2109 2929 2148 2983 Ο
2187 2943 2524 2998 Arimannos
2549 2939 2617 2992 de
2661 2938 2778 2991 suis
2825 2935 3104 3006 personis,
3156 2934 3270 2986 sive
3301 2933 3474 2986 etiam
3517 2933 3587 2986 de
3613 2933 3905 2985 omnibus

2183 3029 2469 3101 praedictis
2528 3026 2697 3081 rebus
2763 3025 3107 3095 inquietare,
3175 3022 3490 3086 disvestire,
3553 3021 3901 3083 molestare,

2184 3119 2490 3187 nullusque
2511 3115 2571 3168 in
2601 3130 2801 3167 eorum
2833 3111 3223 3166 mansionibus
3245 3110 3326 3164 eis
3357 3109 3549 3163 invitis
3566 3108 3902 3178 hospitium

2185 3207 2392 3272 facere,
2445 3205 2532 3257 vel
2577 3203 2834 3272 aliquam
2887 3199 3174 3270 publicam
3229 3198 3604 3262 iunctionem,
3664 3197 3784 3250 nisi
3831 3196 3900 3248 ad

2188 3311 2313 3348 eam
2367 3308 2539 3364 quam
2580 3291 2669 3344 sui
2701 3295 3082 3344 antecessores
3125 3288 3440 3341 secundum
3492 3288 3685 3356 legem
3741 3286 3904 3338 fece-

2187 3388 2345 3448 runt,
2371 3396 2594 3451 cogere,
2625 3380 2746 3432 sine
2798 3377 2967 3447 legali
3007 3376 3227 3447 judicio
3261 3376 3446 3430 facere
3472 3381 3822 3444 prtesumat.
3843 3372 3903 3426 Si

2191 3471 2321 3542 quis
2340 3477 2554 3536 autem,
2589 3467 2740 3539 quod
2775 3466 3032 3520 futurum
3055 3481 3170 3518 non
3201 3465 3506 3529 credimus,
3543 3469 3756 3516 contra
3791 3462 3899 3515 hoc

2192 3565 2453 3614 nostrum
2485 3561 2834 3628 przeceptum
2865 3554 3197 3623 insurgerit,
3248 3559 3347 3606 aut
3377 3553 3516 3606 illud
3575 3551 3903 3621 infringere

2193 3645 2517 3712 tentaverit,
2552 3644 2691 3699 sciat
2720 3659 2779 3696 se
2827 3641 3282 3712 compositurum
3312 3640 3435 3693 auri
3467 3638 3680 3710 optimi
3729 3639 3906 3692 libras

2197 3736 2374 3801 mille,
2444 3733 2808 3788 medietatem
2853 3746 3092 3784 camerae
3122 3734 3352 3794 nostrae,
3410 3732 3469 3781 et
3523 3726 3902 3780 medietatem

2200 3823 2482 3895 praedictis
2531 3819 2881 3886 Arimannis,
2932 3818 2994 3872 in
3035 3818 3156 3888 jam
3185 3817 3336 3870 dicta
3382 3816 3611 3869 Mantua
3639 3814 3901 3877 civitate,

2199 3915 2314 3969 sive
2375 3912 2435 3966 in
2508 3917 2691 3964 castro
2738 3909 2934 3972 Portu,
3006 3906 3092 3959 vel
3140 3904 3200 3958 in
3254 3903 3530 3958 comitatu
3592 3902 3906 3956 Mantuano

2200 3999 2583 4057 residentibus
2613 3995 3022 4051 habitantibus.
3093 3993 3252 4056 Quod
3296 3997 3360 4046 nt
3388 3991 3577 4045 verius
3606 3991 3904 4055 credatur,

2203 4094 2260 4142 et
2307 4085 2635 4157 diligentius
2671 4085 2740 4138 ab
2796 4082 3062 4139 omnibus
3104 4082 3454 4146 observetur,
3507 4079 3690 4133 nostri
3732 4076 3908 4148 sigilli

2125 4201 2166 4255 ι)
2207 4174 2582 4246 impressione
2607 4173 2803 4227 subter
2831 4169 3093 4241 insigniri
3119 4167 3414 4237 jussimus.

2278 4284 2505 4350 Signum
2529 4280 2737 4334 domini
2758 4279 2980 4332 Henrici
3006 4277 3147 4344 regis
3168 4275 3540 4329 invictissimi.

2281 4387 2558 4442 Henricus
2617 4384 2989 4439 cancellarius
3044 4381 3161 4436 vice
3214 4379 3481 4435 Everardi
3552 4379 3817 4450 episcopi
3854 4384 3907 4431 et

2209 4474 2650 4546 archicapellani
2670 4471 2990 4543 recognovi.

2282 4583 2490 4637 Datum
2549 4596 2699 4635 anno
2753 4577 3061 4633 Dominicaa
3104 4575 3511 4630 incarnationis
3547 4575 3706 4641 1014,
3761 4574 3907 4628 indi-

2210 4671 2399 4726 ctione
2439 4687 2536 4735 xu,
2595 4685 2746 4722 anno
2779 4683 2911 4722 vero
2962 4666 3158 4720 domni
3204 4664 3433 4720 l-lenrici
3484 4663 3637 4733 regis
3668 4653 3911 4716 secundi

2212 4758 2506 4831 regnantis
2529 4774 2627 4811 xu.

2282 4869 2485 4921 Actum
2506 4864 2791 4919 Ravenna:
2837 4861 3096 4916 feliciter.
3121 4863 3322 4915 Amen.

2215 5273 2426 5325 stratur
2454 5285 2488 5322 a
2542 5264 2851 5322 Muratorio
2901 5267 3097 5318 contra
3142 5260 3384 5329 Pagium
3433 5257 3711 5328 aliosque)
3761 5256 3909 5311 circa

2214 5340 2478 5464 Martipm
2508 5354 2602 5393 an.
2636 5339 2790 5405 1014,
2829 5335 3101 5390 Henricus
3131 5334 3177 5388 Il
3227 5331 3483 5386 Italicum
3509 5344 3755 5401 regnum
3815 5344 3909 5382 ar-

2213 5427 2368 5466 ripui
2401 5449 2413 5463 .

2266 5427 2413 5482 pun.
