3914 6190
323 239 416 289 3H

1623 234 1677 285 S.
1723 231 2003 286 IlENRICl
2045 231 2518 298 IMPERATORIS

3700 239 3785 288 3l'2

321 369 494 433 atque
521 361 789 432 disponat
845 375 977 412 cum
1021 359 1286 413 omnibus
1341 359 1460 412 suis
1509 357 1678 411 rebus
1713 356 2018 410 mobilibus
2050 358 2095 410 A
2132 356 2228 410 alii
2263 357 2441 411 nostri
2470 355 2689 420 ﬁdeles,
2720 353 2826 408 hoc
2858 359 3282 423 cognoscentes,
3310 360 3516 408 nostra
3561 357 3789 412 ﬁdelitati

323 457 380 506 et
399 448 789 504 immobilibus
829 452 1046 501 remota
1076 448 1336 500 omnium
1378 445 1678 500 hominum
1728 445 2014 498 contradi-

323 539 512 593 ctione
543 539 630 591 vel
667 537 1086 590 molestatione.
1119 537 1176 591 Si
1207 535 1337 606 quis
1386 535 1564 604 igitur
1613 539 1822 588 nostra
1880 549 2017 586 con-

328 625 672 681 ﬁrmationis
719 629 1068 695 praceptum
1101 623 1318 676 nefario
1349 639 1490 675 ausu
1551 621 1863 690 infringere
1895 626 2018 674 ten-

325 714 551 779 taverit,
614 712 754 766 sciat
807 730 865 766 se
926 711 1375 782 compositurum
1427 709 1552 763 auri
1611 709 1818 780 optimi
1845 709 2020 762 libras

327 807 574 865 centum,
601 800 962 854 medietatem
994 814 1234 852 camera
1281 801 1515 864 nostra,
1549 802 1606 850 et
1654 797 2020 850 medietatem

326 891 639 961 pralibata
678 888 926 942 ecclesia
987 887 1218 956 suisque
1259 885 1598 938 rectoribus.
1642 884 1805 947 Quod
1836 889 1899 938 ut
1927 901 2024 935 ve-

325 979 443 1032 rius
473 979 737 1031 credatur
767 974 1213 1044 diligentiusque
1261 973 1612 1038 observetur,
1664 988 1839 1025 manu
1899 988 2024 1043 pro-

327 1066 452 1135 pria
483 1064 809 1117 roboratum
833 1062 1021 1131 sigillo
1046 1067 1241 1114 nostro
1262 1060 1539 1130 jussimus
1562 1059 1850 1128 insigniri.

399 1154 623 1219 Signum
681 1151 888 1204 domini
938 1151 1182 1204 Heinrici
1243 1150 1598 1202 invictissimi
1676 1148 2026 1216 imperatoris

331 1242 592 1308 Augusti.

398 1326 740 1384 Gumherius
790 1326 1164 1380 cancellarius
1220 1325 1337 1378 vice
1397 1323 1782 1378 Harconbaldi
1841 1323 2027 1377 archi-

329 1435 493 1488 capp.
530 1415 749 1470 notavi.

406 1549 418 1559 .
459 1544 472 1558 .
521 1547 532 1557 .
578 1545 590 1556 .
637 1544 650 1556 .
696 1546 708 1556 .
752 1501 1065 1555 Dominica
1113 1499 1525 1554 incarnationis
1580 1500 1736 1565 1014,
1794 1499 1913 1556 ind.
1949 1519 2026 1566 ιι,

2129 445 2375 515 amplius
2417 443 2779 497 stabiliantur
2810 461 2826 509 ;
2856 442 2979 511 ejus
3026 442 3288 513 precibus
3336 449 3662 513 annuentes,
3685 446 3783 515 jam

2130 533 2347 586 dictum
2380 531 2781 585 comitatulum
2831 547 2862 584 a
2912 536 3112 584 nostro
3146 530 3274 600 jure
3315 530 3373 584 in
3420 531 3540 601 ejus
3571 536 3791 588 ecclesia

2128 625 2466 692 potestatem
2521 621 2755 674 omnino
2813 620 3269 674 transfundimus
3333 625 3390 672 et
3418 622 3790 689 perdonamus,

2131 716 2188 764 et
2209 711 2506 780 praefatam
2546 709 2773 779 plebem
2803 717 2975 778 atque
3034 709 3295 762 chortem
3355 725 3458 779 per
3486 710 3588 762 hoc
3614 717 3792 765 nostra:

2131 797 2484 852 auctoritatis
2516 801 2869 867 praceptum
2933 796 3055 864 jam
3107 796 3452 866 supradicta
3499 797 3794 851 Novariensi

2133 885 2382 939 ecclesia
2405 883 2696 938 reddimus
2723 888 2779 936 et
2804 883 3165 938 concedimus
3194 900 3328 937 cum
3361 885 3519 937 omni
3548 885 3791 950 districto,

2134 979 2190 1029 et
2217 973 2458 1028 teloneis
2514 989 2579 1026 ac
2635 971 3048 1042 piscatiouibus
3106 988 3235 1042 qua
3284 972 3347 1025 in
3396 972 3626 1025 ﬂumine
3665 975 3792 1026 Τοχο

2135 1068 2287 1125 sunt,
2343 1061 2401 1114 in
2475 1061 2588 1114 illis
2661 1059 2874 1113 scilicet
2930 1059 3068 1113 locis
3128 1061 3227 1114 ubi
3287 1060 3417 1129 ipsa
3476 1060 3702 1114 Ecclesia
3738 1078 3789 1115 ex

2135 1156 2378 1221 utraque
2406 1149 2662 1202 ﬂuminis
2689 1153 2848 1202 tenet
2891 1153 3074 1218 parte,
3133 1154 3189 1201 et
3226 1165 3361 1201 cum
3415 1149 3793 1210 venationibus,

2137 1256 2238 1294 seu
2285 1238 2553 1292 omnibus
2608 1237 2779 1290 rebus
2835 1253 2962 1306 qua
3011 1237 3083 1290 ad
3145 1237 3440 1306 publicam
3497 1243 3702 1307 partem
3741 1256 3789 1292 ex

2138 1331 2337 1384 eodem
2378 1328 2710 1382 comitatulo
2739 1327 2887 1396 exigi
2915 1332 3175 1397 possunt,
3201 1343 3333 1381 cum
3358 1327 3608 1397 capellis,
3637 1329 3791 1393 domo,

2138 1418 2348 1484 curtili,
2425 1415 2779 1481 massaritiis,
2872 1415 3034 1482 casis,
3111 1415 3516 1481 sediminibus,
3599 1418 3791 1485 campis,

2138 1506 2338 1577 pratis,
2434 1503 2633 1568 vineis,
2709 1503 2956 1573 pascuis,
3029 1501 3205 1567 silvis,
3287 1502 3554 1567 stalariis,
3624 1505 3794 1568 saletis,

331 1609 485 1647 anno
519 1590 740 1646 domini
771 1590 1021 1645 Heinrici
1053 1589 1404 1642 serenissimi
1450 1587 1814 1658 imperatoris
1866 1588 2030 1658 regni
2063 1636 2102 1688 Β
2140 1594 2464 1667 paludibus,
2497 1593 2680 1663 aquis,
2716 1608 2996 1662 aquarum
3058 1591 3415 1658 decursibus,
3476 1592 3791 1652 molendiuis,

335 1699 432 1748 xu,
465 1679 695 1750 imperii
727 1695 862 1733 vero
889 1695 925 1732 ῐ.

403 1773 604 1822 Actum
631 1767 689 1820 in
727 1766 863 1819 villa
887 1765 1114 1820 Dulceri
1158 1805 1171 1819 .
1218 1804 1229 1818 .
1276 1806 1288 1818 .
1336 1807 1347 1817 .
1394 1806 1406 1816 .

407 1859 575 1910 Locus
598 1855 787 1921 sigilli.

1081 1923 1297 1976 LXXVI.

342 1999 396 2053 S.
431 1997 732 2050 Heinricus
761 1998 916 2049 Petro
954 1997 1196 2063 episcopo
1250 1992 1572 2048 Novariensi
1610 1991 1746 2060 jura
1789 1993 2038 2046 Ecclesiae

502 2082 611 2120 sua:
639 2067 897 2132 restituit,
927 2066 994 2118 ab
1028 2065 1279 2117 Arduino
1308 2064 1627 2116 marchione
1647 2063 1857 2116 ablata.

994 2139 1177 2195 (Anno
1204 2133 1383 2201 1014.)

687 2204 950 2277 [Ughel|i,
984 2205 1154 2259 Italia
1191 2219 1375 2268 sacra,
1410 2204 1497 2269 IV,
1535 2201 1692 2274 700.]

410 2296 472 2348 In
498 2292 731 2346 nomine
762 2299 971 2345 sancta
1011 2296 1067 2344 et
1097 2291 1406 2344 individua
1449 2289 1768 2356 Trinitatis,
1824 2290 2041 2344 HENRI-

339 2399 452 2446 cos,
484 2381 678 2435 divina
703 2380 1005 2433 ordinante
1051 2378 1378 2444 clementia,
1432 2378 1826 2432 Romanorum
1856 2378 2042 2447 impe-

344 2477 496 2525 rator
525 2473 832 2537 Augustus.

417 2560 560 2612 Dum
590 2556 848 2610 ﬁdelium
879 2554 1253 2625 petitionibus
1284 2558 1495 2608 nostra
1522 2552 1836 2623 imperialis
1879 2552 2041 2606 celsi-

346 2646 558 2700 tudinis
598 2660 890 2698 assensum
930 2643 1371 2714 prabuerimus,
1404 2659 1499 2696 eos
1554 2647 1752 2695 nostro
1813 2641 2044 2695 servitio

345 2733 729 2806 promptiores
758 2749 822 2786 ac
877 2732 1197 2785 devotiores
1236 2747 1358 2784 esse
1391 2730 1633 2784 minime
1693 2729 2040 2784 dubitamus.

348 2824 708 2890 Quapropter
737 2823 1072 2872 cunctorum
1113 2817 1377 2870 Ecclesia
1425 2817 1716 2870 catholica
1762 2817 2039 2880 ﬁdelium,

2141 1681 2574 1755 piscationibus,
2603 1679 2769 1734 cultis
2799 1686 2854 1733 et
2883 1679 3134 1739 incultis.
3201 1679 3404 1732 divisis
3455 1686 3510 1733 et
3559 1680 3791 1736 indivisis.

2136 1771 2398 1826 terminis
2461 1769 2872 1835 concessionis,
2950 1768 3232 1838 piscariis,
3292 1768 3645 1836 campariciis
3679 1769 3794 1821 aliis-

2142 1872 2253 1928 que
2289 1855 2566 1908 universis
2595 1852 3096 1916 redhibitionibus,
3121 1868 3248 1904 cum
3284 1852 3466 1904 servis
3495 1858 3550 1906 et
3595 1852 3794 1915 ancillis,

2142 1943 2468 2000 aldianibus
2489 1947 2546 1996 et
2599 1941 2840 1994 aldianis
2889 1940 3188 2011 utriusque
3231 1957 3424 2005 sexus,
3457 1956 3584 1993 cum
3645 1939 3796 1992 omni-

2142 2035 2267 2098 bus,
2301 2047 2428 2103 qua
2480 2029 2592 2084 dici
2657 2034 2757 2082 aut
2810 2029 3002 2082 vocari
3045 2034 3307 2098 possunt,
3338 2028 3414 2081 ad
3464 2031 3579 2098 jam
3629 2027 3797 2080 dictam

2069 2145 2076 2150 ε
2143 2122 2371 2192 plebem
2427 2119 2514 2171 vel
2571 2118 2830 2171 chortem
2925 2115 3352 2185 pertinentibus
3399 2116 3487 2168 vel
3547 2114 3799 2185 respicien-

2143 2211 2340 2273 tibus;
2375 2222 2480 2260 nec
2510 2222 2627 2259 non
2661 2210 2715 2257 et
2750 2208 2980 2274 portum
3030 2203 3100 2256 de
3141 2204 3409 2256 Bestamo
3464 2202 3640 2255 eidem
3679 2199 3798 2269 plebi

2145 2296 2552 2369 pertinentem,
2585 2309 2758 2363 quem
2809 2291 3254 2361 gloriosissimus
3295 2291 3607 2343 avunculus
3646 2294 3800 2342 noster

2148 2380 2293 2436 Otho
2323 2380 2499 2450 Major
2529 2379 2867 2449 supradicta
2906 2378 3026 2432 sedi
3070 2394 3175 2449 per
3223 2383 3576 2448 praeceptum
3613 2391 3798 2430 conces-

2147 2469 2220 2522 sit
2253 2470 2370 2522 :ita
2402 2473 2466 2521 ut
2495 2469 2686 2522 nullus
2742 2467 3026 2534 marchio,
3067 2483 3280 2531 comes,
3338 2467 3662 2532 vicecomes,
3686 2465 3801 2517 scul-

2150 2556 2336 2610 datius
2367 2557 2508 2627 ejus,
2534 2572 2635 2609 seu
2661 2555 2934 2625 qualibet
2977 2571 3188 2625 magna
3234 2571 3529 2625 parvaque
3577 2569 3799 2624 persona,

2149 2645 2409 2698 homines
2435 2645 2556 2714 jam
2615 2643 2752 2697 dicti
2800 2643 3106 2696 comitatus
3139 2659 3238 2696 seu
3297 2642 3481 2713 plebis
3537 2644 3617 2695 vel
3670 2643 3804 2693 chor-

2149 2733 2222 2785 tis
2279 2732 2486 2785 audeat
2519 2731 2882 2801 distringere,
2923 2735 3022 2783 aut
3072 2731 3221 2783 infra
3271 2730 3465 2802 ipsum
3518 2728 3800 2783 comitatum

2152 2820 2369 2890 aliquid
2401 2825 2712 2890 prasumat
2743 2819 2995 2889 exigere,
3037 2820 3126 2872 vel
3180 2825 3409 2889 paratas
3466 2819 3657 2882 facere,
3718 2830 3798 2867 nec

351 2913 793 2977 nostrorumque
822 2912 938 2959 tam
971 2905 1344 2974 praesentium
1387 2921 1560 2975 quam
1595 2906 1922 2958 futurorum
1955 2922 2046 2958 so-
2080 2907 2121 2960 C
2158 2908 2302 2960 ullas
2331 2908 2743 2962 redhibitiones
2799 2907 3096 2977 acquirere
3128 2923 3142 2972 ;
3178 2907 3273 2960 sed
3323 2908 3489 2960 liceat
3535 2908 3800 2958 memorato

353 2997 518 3050 tertia
570 2999 937 3064 recognoscat
971 2995 1222 3057 Petrum,
1269 2992 1536 3045 venerab.
1585 2991 1792 3059 virum,
1843 2997 2049 3046 sancta

353 3083 714 3138 Novariensis
803 3081 1056 3135 Ecclesia
1149 3080 1502 3150 episcopum,
1603 3086 2050 3151 nostrorumque

354 3172 604 3235 ﬁdelem,
629 3169 729 3240 qui
759 3173 970 3222 nostra
1000 3167 1289 3221 ﬁdelitatis
1323 3185 1492 3222 causa
1541 3169 1720 3221 multa
1758 3168 2049 3236 sustinuit,

354 3260 563 3314 famem
601 3256 885 3322 videlicet,
954 3255 1131 3320 sitim,
1174 3261 1345 3308 astus
1384 3259 1437 3308 et
1472 3254 1669 3325 frigus,
1717 3260 1774 3309 et
1815 3255 2052 3326 insuper

357 3346 633 3417 glaciosas
660 3360 833 3414 rupes
862 3343 1149 3413 collesque
1181 3343 1316 3396 satis
1356 3359 1605 3412 asperos,
1662 3343 1831 3396 nudis
1886 3343 2050 3413 pedi-

358 3437 484 3502 bus,
542 3432 1015 3505 persequentibus
1087 3430 1356 3497 inimicis,
1411 3430 1682 3500 fugiendo
1740 3433 2049 3500 superavit,

363 3523 465 3594 qui
485 3523 656 3575 etiam
687 3536 839 3574 nunc
867 3519 1309 3590 prasentialiter
1331 3519 1512 3570 multa
1537 3517 1764 3586 damna,
1798 3519 2053 3573 Arduino

365 3612 710 3672 devastante,
767 3608 980 3678 recepit
1034 3606 1188 3676 (nam
1245 3607 1497 3660 ecclesia
1563 3606 1717 3659 illius
1764 3613 1897 3660 sunt
1964 3608 2054 3662 de-

361 3700 649 3770 pradata,
725 3702 908 3751 castra
971 3695 1248 3763 disrupta,
1324 3695 1528 3748 domus
1585 3710 1814 3762 eversa,
1873 3695 2053 3749 vinea

362 3789 574 3852 incisa,
621 3786 849 3840 arbores
905 3783 1288 3848 decorticata,
1347 3783 1583 3854 insuper
1625 3783 1821 3852 plebes
1873 3783 2054 3854 ipsius

361 3880 416 3929 et
444 3880 630 3929 curtes
670 3873 739 3926 ab
777 3872 1032 3927 Arduino
1063 3887 1165 3941 pro
1212 3870 1493 3925 beneﬁcio
1524 3871 1757 3941 suisque
1805 3870 2054 3925 inimicis

360 3965 505 4019 data
529 3963 701 4030 sunt),
725 3967 977 4015 nostram
1009 3959 1369 4029 imperialem
1423 3959 1608 4013 adisse
1636 3960 2050 4028 excellentiam,

361 4059 646 4123 quatenus
671 4065 775 4120 pro
810 4049 897 4101 sui
945 4049 1155 4101 laboris
1209 4047 1698 4117 compensatione,
1728 4051 1785 4100 et
1815 4064 2051 4101 suorum

360 4141 702 4193 damnorum
751 4135 1184 4201 restauratione,
1235 4135 1544 4204 quemdam
1628 4135 2047 4202 comitatulum,
2087 4179 2132 4233 Β

363 4226 462 4296 qui
494 4226 552 4278 in
573 4225 715 4276 valle
766 4224 981 4276 Ausula
1033 4223 1182 4275 infra
1233 4222 1412 4292 ipsius
1473 4221 1833 4292 episcopatus
1886 4238 2054 4293 paro-

372 4313 558 4366 chiam
581 4312 836 4381 adjacere
888 4311 1262 4380 dignoscitur,
1316 4311 1599 4381 pradicta
1652 4311 1901 4366 ecclesia
1941 4312 2058 4366 No-

374 4401 639 4463 variensi,
696 4415 825 4460 cum
881 4399 1145 4452 omnibus
1191 4400 1584 4454 functionibus
1641 4416 1770 4470 qua
1818 4401 1888 4455 de
1931 4401 2057 4472 ipso

365 4487 699 4542 comitatulo
732 4486 976 4558 publica
1035 4487 1184 4557 parti
1233 4487 1545 4558 pertinent,
1595 4489 2053 4544 concederemus.

367 4577 478 4632 Nec
506 4592 619 4629 non
645 4576 820 4628 etiam
848 4575 1184 4645 deprecatus
1217 4581 1301 4629 est
1333 4591 1436 4629 nos
1483 4580 1544 4629 ut
1595 4577 1905 4647 quamdam
1935 4579 2057 4648 ple-

362 4666 491 4720 bem
519 4664 605 4717 sui
645 4664 1021 4733 episcopatus,
1045 4680 1219 4734 quam
1245 4663 1380 4717 olim
1413 4665 1562 4718 malo
1598 4665 1800 4718 ordine
1823 4671 1880 4719 et
1914 4666 2060 4736 inju-

363 4759 448 4806 sta
496 4751 718 4805 ratione
771 4768 871 4804 sua
935 4751 1188 4821 perdidit
1243 4751 1500 4819 ecclesia,
1528 4768 1658 4823 qua
1714 4752 1823 4805 sita
1877 4757 1965 4807 est
1999 4754 2058 4806 in

361 4842 496 4895 villa
547 4855 676 4910 qua
725 4838 1061 4892 nominatur
1118 4840 1369 4903 Trecate,
1413 4856 1532 4893 non
1597 4840 1735 4895 adeo
1780 4842 1976 4911 procul
2025 4858 2059 4894 a

361 4929 608 4991 civitate,
668 4933 891 4981 curtem
949 4942 1182 4997 quoque
1255 4944 1384 4997 qua
1457 4929 1773 4983 Gravalona
1828 4929 2054 4988 dicitur,

362 5018 653 5087 quondam
685 5015 863 5086 ipsius
886 5014 1136 5084 episcopi
1163 5016 1574 5081 continentem,
1625 5016 1720 5070 sed
1747 5033 1875 5086 qua
1905 5033 2058 5070 nunc

361 5105 573 5173 injuste
602 5120 843 5175 pervasa
873 5119 995 5156 esse
1026 5103 1398 5171 dignoscitur,
1432 5119 1548 5156 sua
1598 5104 1858 5158 Ecclesia.
1896 5105 2058 5158 resti-

365 5196 675 5246 tueremus.
709 5193 906 5262 Itaque
937 5191 1176 5260 dignum
1214 5194 1299 5243 est
1338 5195 1400 5243 ut
1448 5191 1536 5244 sui
1569 5191 1776 5245 laboris
1824 5208 2053 5261 prauo-

365 5278 614 5332 minatus
641 5280 852 5348 prasul
909 5277 1350 5332 retributionem
1386 5295 1419 5331 a
1460 5278 1626 5331 nobis
1672 5279 1962 5349 suscipiat.
1992 5281 2056 5334 Et

361 5367 634 5436 quoniam
669 5368 890 5436 justum
921 5373 1006 5422 est
1035 5373 1099 5421 ut
1122 5383 1294 5438 supra
1342 5366 1635 5420 nominata
1682 5367 1843 5437 plebs
1880 5373 2053 5438 atque

363 5454 532 5508 chors
548 5453 668 5524 jam
727 5454 875 5508 dicta
920 5472 1022 5509 suo
1079 5456 1413 5509 restituatur
1445 5455 1826 5525 episcopatui,
1877 5461 1936 5510 et
1993 5460 2054 5510 ut

2159 2998 2384 3067 prasuli
2414 2997 2644 3065 suisque
2686 2996 3126 3060 successoribus,
3179 2996 3302 3065 jam
3365 2995 3800 3064 sapedictumco—

2160 3084 2425 3138 mitatum
2476 3100 2606 3136 cum
2645 3083 2972 3152 supradicta
3003 3083 3167 3152 plebe
3193 3083 3280 3136 vel
3313 3083 3506 3136 chorte
3546 3088 3731 3142 tenere,
3758 3083 3798 3128 et

2161 3188 2359 3225 omnes
2389 3171 2652 3225 homines
2701 3170 2881 3241 ipsius
2930 3171 3233 3224 comitatus
3285 3171 3405 3224 sive
3443 3169 3614 3240 ipsius
3656 3165 3797 3237 plebis

2161 3261 2247 3313 vel
2302 3259 2516 3313 chortis
2569 3275 2670 3328 per
2707 3275 2766 3312 se
2828 3259 2916 3312 vel
2961 3275 3128 3312 suum
3179 3259 3434 3327 legatum
3487 3256 3794 3321 distringere.

2162 3348 2306 3401 sicut
2360 3363 2465 3416 per
2511 3363 2638 3411 nos,
2707 3348 2794 3400 vel
2843 3351 3101 3399 nostrum
3178 3347 3420 3399 missum
3474 3339 3797 3411 distringendi

2165 3440 2368 3499 essent,
2394 3440 2450 3488 et
2488 3435 2682 3488 omnia
2711 3451 2840 3505 qua
2866 3434 2936 3487 de
2966 3434 3089 3502 ipso
3130 3434 3408 3488 comitatu
3455 3434 3524 3486 ad
3565 3431 3797 3502 publicam

2161 3530 2381 3595 partem
2408 3523 2698 3594 pertinent
2738 3523 2825 3576 vel
2881 3522 3013 3576 inde
3067 3523 3217 3592 exigi
3263 3526 3521 3592 possunt,
3586 3524 3636 3573 et
3676 3532 3795 3587 pra-

2161 3617 2410 3666 taxatam
2439 3612 2666 3679 plebem
2705 3611 2774 3664 de
2793 3612 3043 3674 Trecate,
3095 3616 3267 3680 atque
3307 3613 3562 3664 chortem
3606 3607 3666 3660 de
3695 3606 3798 3658 Gra-

2161 3700 2365 3753 valona
2392 3715 2520 3753 cum
2551 3699 2819 3753 omnibus
2857 3699 2974 3751 suis
3027 3698 3385 3768 appendiciis
3429 3698 3512 3750 vel
3564 3693 3797 3766 pertinen-

2162 3789 2258 3842 tiis
2284 3788 2512 3851 habeat,
2571 3791 2766 3841 teneat
2812 3787 3169 3857 ﬁrmiterque
3227 3787 3518 3856 possideat
3567 3789 3670 3836 tam
3709 3779 3796 3847 ipse

2165 3892 2338 3947 quam
2395 3891 2741 3929 successores
2779 3874 2953 3940 illius,
2986 3874 3106 3945 qui,
3138 3876 3253 3929 Deo
3320 3875 3561 3937 favente,
3599 3864 3793 3937 disposi-

2164 3965 2384 4018 tionem
2432 3963 2613 4033 ipsius
2667 3962 2817 4016 sedis
2864 3967 2920 4016 et
2965 3963 3291 4016 cathedram
3334 3957 3636 4030 suscepturi
3679 3954 3794 4013 sunt,

2165 4053 2324 4106 omni
2372 4057 2564 4106 nostra
2608 4057 3050 4122 nostrorumque
3104 4066 3492 4104 successorum
3536 4059 3710 4115 regum
3755 4043 3794 4090 et

2169 4141 2600 4209 imperatorum,
2675 4139 2834 4192 omni
2875 4139 3178 4193 hominum
3247 4135 3675 4193 contradictione
3734 4126 3797 4177 vel

2171 4228 2551 4283 diminutione
2607 4233 2848 4282 remota.
2912 4227 2970 4282 Si
3021 4227 3149 4298 quis
3201 4226 3381 4296 igitur
3445 4229 3635 4278 nostra
3691 4230 3798 4269 con-

2169 4315 2438 4402 cessionis
2468 4320 2524 4370 et
2552 4315 3006 4370 conﬁrmationis
3037 4321 3394 4384 praceptum
3451 4309 3650 4367 nefarie
3689 4314 3795 4394 ausu

2169 4399 2472 4458 temerario
2500 4405 2712 4458 violare
2745 4404 3178 4474 praesumpserit
3228 4408 3459 4456 centum
3512 4399 3666 4452 libras
3702 4403 3793 4443 auri

2169 4491 2372 4562 optimi
2397 4509 2742 4562 componere
2789 4497 3045 4562 cogatur,
3085 4491 3452 4545 medietatem
3505 4482 3691 4556 palatio
3725 4492 3795 4530 no-

2168 4585 2305 4646 stro,
2356 4585 2412 4633 et
2467 4580 2832 4634 medietatem
2903 4578 3235 4633 Novariensi
3303 4575 3546 4631 ecclesia
3609 4571 3795 4638 ejusque

2167 4668 2372 4722 rectori
2410 4669 2510 4738 qui
2545 4684 2651 4739 pro
2712 4673 2970 4738 tempore
3023 4667 3169 4721 inibi
3213 4665 3473 4720 habetur.
3527 4663 3587 4715 Et
3633 4661 3686 4710 ut
3715 4653 3794 4706 hoc

2168 4756 2356 4810 verius
2411 4756 2678 4810 credatur
2725 4755 3172 4826 diligentiusque
3219 4754 3290 4808 ab
3349 4752 3600 4807 omnibus
3651 4743 3796 4826 obserj

2167 4849 2350 4908 vetur,
2411 4859 2584 4896 manu
2656 4843 2887 4913 propria
2960 4843 3155 4896 subter
3207 4841 3612 4902 conﬁrmantes,
3663 4824 3794 4898 sigilli

2168 4930 2347 4984 nostri
2376 4929 2756 5000 impressione
2780 4930 3055 4999 jussimus
3081 4930 3373 4999 insigniri.

2237 5021 2470 5087 Signum
2495 5022 2558 5073 D.
2591 5019 2833 5072 Henrici
2855 5021 3186 5073 serenissimi
3229 5024 3280 5072 et
3304 5011 3632 5072 invictissimi
3653 5007 3785 5071 impe-

2164 5109 2364 5160 ratoris
2385 5106 2644 5173 Augusti.

2239 5195 2359 5247 Dat.
2420 5208 2570 5247 anno
2627 5192 3038 5246 incarnationis
3097 5193 3404 5247 Dominica
3434 5187 3578 5246 1014.
3627 5176 3783 5236 indict-

2163 5299 2258 5347 ιιι,
2291 5299 2442 5335 anno
2462 5299 2594 5336 vero
2628 5281 2795 5352 regni
2831 5284 2892 5336 D.
2919 5281 3149 5337 Henrici
3193 5278 3542 5353 imperatoris
3559 5277 3684 5339 Aug.
3710 5276 3784 5316 3'“

2164 5369 2389 5440 imperii
2420 5371 2629 5440 primo.

2231 5461 2434 5512 Actum
2455 5458 2791 5513 Trucuiana
2823 5457 3082 5512 feliciter.
3107 5461 3307 5511 Amen.
