3914 6190
124 274 201 325 313

778 382 1020 436 LXXVII.

122 480 161 532 S.
209 475 447 527 Henricus
498 468 743 525 Ecclesia
798 473 1125 525 Savonensis
1206 476 1565 541 possessiones
1628 489 1748 529 con-

650 562 835 626 ﬁrmat
872 563 923 612 et
961 564 1139 626 auget.

675 648 863 717 (Anno
900 648 1084 717 1014.)

410 735 671 807 [Ughelli,
706 737 869 789 Italia
904 751 1082 799 sacra,
1108 738 1195 801 VI,
1237 736 1400 808 732.]

171 830 221 881 lu
269 825 479 879 nomine
517 830 727 877 sanctae
800 829 855 877 et
902 824 1214 878 individuee
1251 826 1563 893 Trinitatis,
1596 826 1743 880 Hex-

119 934 256 981 BICCS,
281 914 453 968 divina
478 914 700 967 favente
740 912 1063 978 clementia,
1124 914 1515 968 Romanorum
1564 914 1746 985 impe-

120 1012 237 1059 rator
261 1019 464 1072 semper
502 1005 808 1071 Augustus.

169 1094 233 1146 Ad
261 1093 352 1144 hoc
384 1107 482 1143 nos
514 1090 722 1143 divina:
785 1089 1012 1158 pietatis
1065 1090 1315 1160 provisio
1347 1091 1418 1145 ad
1448 1091 1749 1161 imperiale

118 1182 247 1233 decus
265 1179 519 1248 provexit,
562 1184 618 1230 et
650 1184 820 1231 tantae
868 1180 1164 1248 potestatis
1216 1179 1467 1232 culmine
1516 1184 1746 1234 decora-

117 1271 398 1337 vit,uterga
444 1267 699 1321 divinum
734 1268 951 1320 cultum
989 1268 1252 1333 sollicite,
1301 1274 1356 1321 et
1384 1269 1534 1322 circa
1568 1271 1748 1323 Eccle-

117 1359 189 1410 siae
210 1356 386 1409 Christi
411 1356 700 1408 munimen
760 1361 815 1409 et
855 1356 1170 1409 custodiam
1219 1362 1390 1426 atque
1438 1358 1748 1411 auctorita-

118 1453 199 1499 tem
219 1446 370 1497 simus
396 1460 620 1513 semper
649 1444 944 1515 pervigiles
976 1444 1199 1500 intenti.
1245 1445 1454 1499 Idcirco
1486 1447 1746 1499 omnium

117 1535 320 1587 ﬁdelium
350 1541 552 1586 sanctae
594 1534 692 1586 Dei
727 1533 984 1586 Ecclesia:
1016 1540 1460 1604 nostrorumque
1492 1550 1747 1604 praesen-

116 1623 222 1674 tium
261 1621 453 1674 scilicet
508 1627 565 1674 et
607 1622 932 1675 futurorum
980 1622 1202 1674 noverit
1256 1621 1537 1675 industria
1570 1624 1749 1693 quali-

115 1716 179 1763 ter
215 1710 563 1769 Ardemanus.
614 1710 952 1763 Savonensis
989 1710 1309 1779 episcopus,
1349 1711 1744 1780 imperialibus

117 1798 275 1851 nostris
308 1798 590 1852 obtutibus
622 1803 971 1868 przrceptum
1030 1798 1239 1853 scilicet
1290 1814 1354 1852 ac
1404 1800 1745 1853 mundibur-

116 1888 234 1939 dium
274 1893 682 1940 antecessorum
732 1893 1062 1940 nostrorum
1111 1888 1397 1942 Othouum
1456 1888 1747 1942 nobilissi-

117 1991 289 2028 morum
322 1977 729 2044 imperatorum
760 1976 988 2041 obtulit,
1022 1976 1309 2046 quomodo
1352 1976 1459 2047 ipsi
1494 1977 1746 2047 praefata:

118 2064 323 2116 Ecclesia!
370 2066 603 2117 Savona:
650 2080 762 2129 res,
795 2081 859 2117 ac
919 2064 1135 2133 praedia
1173 2064 1571 2119 immunitates
1619 2082 1749 2119 con-

116 2152 331 2205 tulerunt.
389 2153 546 2207 Unde
606 2170 707 2206 nos
772 2169 971 2206 eorum
1026 2151 1494 2207 conﬁrmationes
1544 2168 1750 2223 praece-

113 2246 233 2308 ptum
267 2241 460 2293 scilicet
491 2257 557 2293 ac
609 2241 1081 2295 mundiburdium
1127 2242 1575 2306 considerantes,
1643 2258 1747 2311 pro

118 2328 188 2379 Dei
218 2344 389 2380 amore
410 2334 736 2398 nostraeque
766 2328 974 2382 animai
1010 2329 1289 2393 remedio,
1320 2330 1749 2396 conﬁrmamus,

113 2422 151 2467 et
195 2416 405 2469 ﬁrmiter
450 2418 515 2470 in
586 2423 929 2487 perpetuum
989 2418 1425 2471 corroboramus
1483 2434 1587 2487 per
1642 2418 1751 2471 hoc

113 2510 317 2557 nostrum
360 2504 658 2575 imperiale
712 2508 1085 2576 praeceptum,
1120 2506 1357 2559 domum
1417 2522 1546 2559 cum
1604 2507 1751 2559 turri

112 2598 151 2643 et
171 2598 301 2645 curte
352 2599 406 2647 et
452 2594 873 2658 mansionibus,
916 2600 1081 2663 porta
1132 2594 1257 2663 ripa
1307 2594 1485 2664 ipsius
1532 2594 1749 2647 castelli

110 2679 406 2742 Savonensis,
434 2682 674 2751 insuper
703 2683 886 2735 lacum
917 2683 1235 2736 rotundum
1279 2682 1544 2748 Cardeto,
1597 2684 1746 2736 Man-

113 2767 272 2821 duculo
317 2770 380 2822 de
426 2771 609 2836 Callo,
677 2771 859 2837 Cairo,
920 2771 1115 2825 Casale
1182 2787 1400 2840 grasso,
1446 2772 1744 2835 Eremana,

114 2859 233 2924 Aqua
267 2858 474 2923 Marcia,
513 2862 568 2911 et
601 2864 753 2910 terra
782 2859 850 2911 de
899 2859 1077 2911 Ponte
1105 2863 1317 2928 quanta
1372 2859 1439 2912 ad
1493 2864 1747 2912 sanctum

116 2944 374 3013 Eugenium
429 2946 741 3017 pertinent,
809 2947 993 3000 Monte
1047 2948 1225 3002 Curro
1280 2948 1429 3001 valla
1478 2948 1539 3000 in
1596 2952 1750 3012 Aste,
1783 2950 1823 3004 C

113 3033 332 3086 tunicella
362 3050 495 3102 una,
558 3035 786 3104 plebem
832 3036 1013 3088 sancti
1048 3036 1269 3102 Donati,
1303 3037 1528 3105 plebem
1584 3038 1747 3090 Melo-

115 3120 235 3183 sine,
260 3124 469 3190 plebem
519 3130 732 3175 sanctae
770 3124 956 3177 Mariae
995 3125 1053 3177 in
1105 3125 1359 3191 Gugada,
1417 3131 1474 3178 et
1522 3125 1749 3194 plebem

112 3207 358 3277 Manarate,
401 3212 549 3276 Sale,
585 3212 770 3265 Monte
817 3213 944 3277 Bar,
996 3213 1180 3277 Cario,
1211 3213 1510 3282 Corgenio,
1545 3214 1750 3278 Leone,

112 3295 337 3363 Scrunito,
382 3300 684 3353 Lavaniola
729 3317 859 3370 quer.
918 3301 1128 3354 dicitur
1176 3302 1361 3355 Gausa
1407 3302 1572 3364 sicca,
1616 3304 1755 3358 Sali-

110 3390 218 3449 ceto,
277 3386 625 3455 Camariana,
708 3394 915 3442 sanctae
970 3390 1131 3456 Julee,
1218 3390 1453 3455 Viniale,
1532 3392 1751 3462 Cinglo,

112 3468 243 3524 Cruce
270 3473 416 3539 ferie,
460 3475 638 3540 Boile,
707 3477 890 3541 Cairo,
950 3478 1115 3537 Deco,
1175 3477 1411 3544 Salsole,
1456 3480 1649 3543 Plana,
1699 3484 1755 3532 et

112 3555 287 3624 Bruvio,
326 3568 494 3633 atque
546 3564 777 3617 easdem
844 3570 1050 3626 curtes,
1104 3566 1321 3635 plebes,
1374 3568 1755 3636 proprietates

111 3658 206 3699 cum
248 3648 739 3711 decimationibus.
812 3658 869 3706 et
947 3655 1200 3723 capellis,
1261 3655 1462 3721 vineis,
1522 3656 1755 3709 famulis

111 3734 353 3806 utriusque
380 3755 566 3805 sexus,
613 3739 801 3807 terris,
832 3741 1029 3810 pratis.
1081 3742 1319 3812 campis,
1360 3744 1604 3813 pascuis,
1656 3744 1753 3797 sil—

113 3820 186 3885 vis,
209 3829 255 3876 et
278 3842 397 3879 cum
431 3828 703 3881 omnibus
732 3829 905 3880 curtis
950 3830 1197 3899 propriis
1234 3832 1319 3883 vel
1355 3832 1754 3885 decimationi-

111 3906 205 3971 bus,
270 3913 600 3973 redditibus.
662 3915 1018 3981 Aldemanio,
1104 3916 1413 3971 Savonensi
1466 3920 1751 3990 episcopo,

112 4000 151 4045 et
192 3998 295 4066 ejus
338 4002 762 4055 successoribus
797 4004 1033 4057 omnino
1090 4006 1514 4061 conﬁrmamus.
1549 4009 1754 4062 Praeci-

116 4082 290 4148 pientes
318 4089 505 4160 itaque
536 4090 811 4160 jubemus
838 4096 902 4143 ut
944 4092 1138 4145 nullus
1183 4094 1316 4157 dux,
1350 4097 1625 4161 marcliio,
1660 4113 1751 4150 co-

1310 266 1703 324 DlPLOMATA
1744 269 2295 326 ECCLESIASTICA.

1781 393 1828 445 Α

3451 279 3551 330 314

1856 460 2159 526 Henricus,
2217 462 2421 515 intuitu
2480 392 3102 533 Iepiscopi,
3165 466 3552 521 Savonensium

2354 537 2713 600 possessiones
2736 550 2828 587 con
2834 534 3042 601 ﬁrmat.

2512 609 2701 671 (Anno
2733 606 2913 675 1014.)

2217 689 2483 763 [Ughelli,
2505 693 2667 746 Italia
2696 709 2874 755 sacra,
2914 695 3002 759 IV,
3031 695 3179 765 734.]

1928 779 1989 831 In
2051 779 2285 834 nomine
2365 787 2576 834 sanctas
2638 786 2694 835 et
2716 782 3031 837 individua:
3062 783 3352 837 Trinitatis
3407 786 3549 838 Herc-

1857 883 2031 933 mcus,
2064 868 2256 920 divina
2294 868 2515 921 favente
2559 870 2881 937 clementia,
2928 871 3319 924 Romanorum
3362 870 3552 940 impe-

1858 962 2016 1008 rator
2045 959 2352 1026 Augustus.

1930 1044 2207 1099 Omnibus
2240 1044 2446 1097 nostris
2491 1044 2756 1098 ﬁdelibus
2795 1049 2911 1098 tam
2958 1046 3338 1114 praesentibus
3376 1063 3549 1116 quam

1857 1133 2065 1187 futuris
2087 1139 2287 1187 notum
2315 1150 2434 1187 esse
2464 1134 2727 1186 volumus
2780 1134 3046 1204 qualiter,
3100 1134 3419 1188 interventu
3447 1138 3551 1188 Ar-

1859 1223 2108 1289 demani,
2138 1222 2392 1292 episcopi
2443 1222 2785 1275 Savonensis
2819 1263 2833 1288 ,
2893 1222 3071 1275 nostri
3128 1222 3317 1276 dilecti
3350 1223 3552 1287 ﬁdelis,

1857 1311 2220 1364 concedimus
2250 1316 2306 1363 et
2336 1312 2745 1363 conﬁrmamus
2768 1327 2833 1363 ex
2866 1315 3060 1363 nostra
3097 1312 3425 1380 praeceptali
3451 1328 3552 1364 au-

1858 1400 2136 1457 ctoritate,
2162 1400 2597 1451 corroboramus
2627 1399 2892 1451 omnibus
2931 1399 3261 1451 hominibus
3312 1400 3551 1469 majori-

1858 1490 1964 1543 bus
1996 1486 2459 1541 habitantibusin
2488 1487 2805 1539 marchium
2853 1486 3161 1539 Savonensi
3218 1487 3278 1539 in
3325 1488 3555 1540 castello

1857 1593 2055 1631 omnes
2086 1592 2174 1628 res
2207 1580 2262 1629 et
2299 1575 2679 1645 proprietates
2711 1592 2742 1627 a
2770 1576 2915 1644 Jugo
2950 1575 3117 1629 Maris
3143 1591 3317 1644 quam
3376 1580 3553 1639 extra,

1782 1677 1820 1729 Β
1861 1669 1916 1719 et
1945 1665 2105 1717 villas
2135 1663 2462 1726 libellarias,
2490 1662 2849 1733 piscationes,
2901 1663 3235 1716 venationes
3284 1679 3414 1733 qua).
3461 1664 3559 1717 ha-

1858 1754 1991 1807 bere
2016 1753 2164 1806 soliti
2214 1758 2365 1805 sunt.
2404 1752 2645 1821 Insuper
2696 1752 2869 1804 etiam
2919 1751 3192 1821 jubemus
3251 1757 3316 1804 ut
3363 1751 3421 1803 in
3470 1751 3559 1803 his

1856 1841 2206 1912 praescriptis
2227 1840 2551 1894 conﬁnibus
2588 1840 2818 1893 castella
2849 1856 2962 1893 non
3026 1839 3402 1904 mdiﬁcentur,
3455 1856 3555 1892 ne-

1859 1946 1971 2000 que
1996 1931 2184 2000 aliqua
2216 1929 2660 1999 superimposita
2716 1946 2747 1981 a
2783 1928 3234 1993 marchionibus,
3260 1928 3346 1981 vel
3379 1945 3411 1981 a
3443 1928 3559 1980 suis

1858 2020 2183 2085 comitibus,
2241 2020 2329 2072 vel
2386 2019 2815 2073 vicecomitibus
2879 2018 3165 2087 prmdictis
3230 2017 3559 2071 hominibus

1860 2109 1975 2169 ﬁat.
2008 2108 2221 2161 scilicet
2267 2108 2336 2160 de
2384 2107 2567 2171 fndro,
2608 2108 2678 2160 de
2740 2108 3198 2175 apprehensione
3254 2106 3558 2160 hominum

1858 2200 1943 2251 vel
1974 2197 2122 2250 saltu
2180 2196 2515 2258 domorum;
2567 2211 2678 2265 qua
2727 2201 2961 2264 propter
3009 2195 3478 2247 commendamus
3505 2199 3563 2246 et

1860 2286 2101 2341 ﬁrmiter
2150 2285 2210 2338 in
2266 2289 2609 2353 perpetuum
2675 2282 2998 2335 stabilimus
3064 2287 3128 2335 ut
3184 2283 3378 2335 nullus
3422 2284 3557 2346 dux,

1860 2374 2138 2435 marchio,
2187 2372 2506 2442 episcopus,
2589 2386 2800 2433 comes,
2860 2370 3195 2435 vicecomes,
3256 2369 3559 2439 gastaldio,

1859 2468 2117 2526 venator,
2141 2477 2240 2513 seu
2264 2460 2536 2529 qualibet
2555 2460 2736 2512 nostri
2768 2459 2998 2527 imperii
3028 2473 3235 2528 magna
3273 2473 3560 2528 parvaque

1862 2566 2103 2622 persona
2150 2548 2459 2618 prmdictos
2536 2547 2799 2599 homines
2842 2547 3166 2601 habitantes
3234 2546 3293 2598 in
3333 2546 3560 2598 castello

1861 2640 2096 2694 Savonas
2146 2637 2215 2689 de
2255 2635 2601 2706 praescriptis
2651 2635 2819 2687 rebus
2848 2634 3169 2704 inquietare
3225 2635 3313 2687 vel
3372 2634 3560 2686 mole-

1862 2732 2010 2780 stare
2050 2729 2381 2796 prmsumat.
2415 2723 2472 2777 Si
2519 2723 2646 2786 quis
2678 2722 2855 2791 igitur
2906 2723 3012 2775 hoc
3059 2728 3321 2775 nostrum
3377 2722 3560 2790 impe-

1862 2815 2001 2869 riale
2059 2818 2411 2882 prteceptum
2492 2812 2708 2863 violare
2760 2827 2855 2863 seu
2916 2811 3178 2879 frangere
3238 2809 3557 2871 tentaverit,

1864 2905 2004 2957 sciat
2022 2919 2080 2956 se
2111 2900 2563 2969 compositurum
2595 2899 2752 2953 mille
2794 2900 2965 2952 libras
3021 2899 3145 2952 auri
3177 2898 3399 2969 optimi,
3449 2914 3565 2951 me-

1864 2994 2133 3046 dietatem
2162 3006 2404 3043 cameras.
2464 2994 2695 3053 nostras,
2756 2988 3122 3041 medietatem
3179 2985 3561 3039 nobilioribus

1861 3079 2189 3133 hominibus
2220 3076 2565 3147 praescriptis
2609 3076 2998 3129 habitantibus
3030 3075 3089 3127 in
3128 3076 3357 3127 castello
3398 3075 3561 3128 Savo-

1863 3167 2043 3221 nensi.
2103 3166 2261 3230 Quod
2308 3170 2371 3218 ut
2428 3165 2616 3217 verius
2645 3165 2909 3218 credatur
2964 3169 3021 3217 et
3086 3163 3421 3233 diligentius
3492 3163 3561 3215 ab

1863 3255 2132 3308 omnibus
2165 3255 2515 3319 observetur,
2553 3269 2729 3306 manu
2783 3252 3015 3323 propria
3043 3252 3558 3317 corroboravimus,

1861 3350 2057 3397 nostro
2081 3343 2269 3412 sigillo
2300 3342 2590 3411 imperiali
2617 3342 2891 3411 jussimus
2921 3341 3205 3410 insigniri.

1931 3433 2159 3498 Signum
2201 3432 2409 3485 domini
2446 3431 2685 3484 Henrici
2727 3432 3059 3483 screnissimi
3114 3435 3164 3484 et
3212 3431 3563 3484 invictissimi

1862 3524 1993 3589 imp.
2028 3521 2271 3587 Augusti

1940 3608 2210 3661 Henricus
2236 3607 2471 3661 cancell.
2502 3606 2622 3660 vice
2660 3605 2928 3660 Everardi
2978 3605 3231 3676 episcopi
3273 3610 3329 3660 et
3380 3606 3563 3660 nostri

1864 3696 2144 3767 capellani
2171 3696 2518 3766 recognovit.

1934 3787 2137 3839 Datum
2172 3800 2325 3837 anno
2393 3783 2703 3837 Dominicaa
2754 3782 3168 3835 incarnationis
3231 3785 3384 3843 1014.
3437 3782 3558 3836 ind.

1864 3891 1955 3937 xu,
1989 3889 2140 3925 anno
2172 3889 2204 3921 v
2229 3872 2450 3925 domini
2477 3872 2724 3926 lleinrici
2746 3871 2884 3941 imp.
2944 3874 3090 3940 Aug.
3141 3871 3433 3940 regnantis
3461 3888 3561 3936 xu,

1865 3961 2092 4031 imperii
2124 3961 2245 4030 ejus
2267 3959 2477 4030 primo.

1936 4054 2138 4103 Actum
2166 4049 2225 4102 in
2257 4048 2466 4119 palatio
2512 4047 2700 4116 Papiae
2732 4046 2991 4100 feliciter.

2596 4136 2810 4190 LXXIX.

114 4185 220 4282 ini"
269 4192 356 4229 se“
394 4180 592 4282 “uti”?
640 4195 869 4282 lmpe‘m
944 4186 1127 4282 1105‘“
1190 4198 1427 4282 m38"a_
1464 4201 1751 4282 Ρείννδξίῖξθ
1785 4229 1827 4282 D
1867 4209 1923 4263 S.
1978 4208 2238 4261 Heinrici
2295 4208 2647 4273 privilegium
2698 4222 2797 4274 pro
2851 4208 3173 4282 monastsrio
3222 4205 3336 4282 88.-
3385 4205 3556 4266 Petri,

114 4273 310 4325 persona
336 4268 668 4334 praedictam
714 4268 902 4321 sedem
964 4269 1346 4324 Savonensem
1396 4272 1465 4326 de
1503 4274 1755 4342 praefatis

114 4348 242 4401 rebus
282 4354 570 4409 disvestire
616 4362 716 4409 aut
758 4357 1061 4410 molestare
1130 4365 1463 4429 praesumat.
1520 4361 1577 4416 Si
1629 4363 1757 4432 quis

114 4433 193 4487 hoc
213 4438 407 4509 fecerit,
455 4449 685 4497 centum
733 4445 906 4499 libras
941 4446 1067 4499 auri
1115 4454 1442 4518 componat,
1476 4450 1754 4504 medieta-

111 4527 197 4577 tem
221 4543 443 4583 camerae
506 4537 740 4597 nostrae,
780 4538 837 4586 et
867 4534 1234 4588 medietatem
1282 4537 1554 4606 praedicto
1586 4540 1752 4592 Alde-

113 4625 244 4667 mauo
298 4619 560 4690 episcopo
635 4626 691 4673 et.
764 4623 1200 4677 successoribus.
1252 4625 1413 4689 Quod
1451 4632 1516 4679 ut
1568 4627 1756 4681 verius

110 4702 339 4770 credatur,
361 4706 506 4760 hanc
537 4710 810 4779 paginam
844 4726 1013 4763 manu
1043 4712 1279 4782 propria
1323 4715 1755 4768 corroborantes

111 4786 299 4857 sigillari
324 4797 721 4865 precepimus.

160 4878 355 4946 Signum
385 4884 601 4939 domini
653 4887 877 4939 Henrici
915 4889 1250 4941 serenissimi
1288 4893 1337 4942 et
1405 4891 1756 4944 invictissimi

112 4962 309 5031 imperat.
341 4974 606 5039 Augusti,

161 5052 401 5111 Henricus
446 5076 605 5114 canc.
663 5060 783 5114 vice
848 5062 1119 5116 Everardi
1158 5063 1412 5134 episcopi
1464 5069 1522 5118 et
1576 5065 1755 5119 archi-

114 5142 340 5206 Capellani
371 5149 725 5218 recognovit.

161 5227 333 5285 Datum
377 5251 531 5289 anno
590 5236 998 5291 incarnationis
1079 5240 1385 5293 Dominicm
1452 5240 1754 5296 millesimo

112 5310 282 5371 decimo
307 5328 530 5391 quarto,
567 5324 763 5379 indict.
822 5343 918 5392 xu,
967 5344 1117 5381 anno
1168 5346 1299 5383 vero
1343 5330 1566 5384 domini
1614 5332 1757 5385 Hen-

112 5400 187 5456 rici
209 5406 557 5478 imperatoris
588 5416 833 5483 Augusti
862 5417 1159 5485 regnantis
1181 5434 1236 5473 ν.

160 5495 333 5551 Actum
367 5501 563 5572 Papiae
586 5502 840 5557 feliciter.
872 5506 1077 5558 Amen.

1936 4280 2221 4332 Laurentii
2238 4282 2287 4330 et
2309 4278 2654 4341 Columbani,
2688 4276 2884 4345 «quod
2906 4284 3131 4329 vocatur
3152 4277 3490 4330 Bromiades.
3537 4298 3559 4322 ι

2518 4366 2702 4435 (Anno
2738 4365 2914 4430 1014.)

2291 4453 2557 4523 [Ugbelli,
2581 4455 2748 4507 Italia
2779 4469 2956 4516 sacra,
2990 4450 3143 4524 983.]

1937 4544 1997 4596 In
2041 4541 2274 4595 nomine
2305 4547 2513 4595 sanctae
2556 4549 2612 4595 et
2651 4541 2960 4613 individua;
2990 4538 3307 4607 Trinitatis,
3350 4544 3559 4596 limm-

1866 4646 1986 4697 ωε,
2009 4630 2200 4684 divina
2227 4630 2448 4684 favente
2469 4630 2792 4694 clementia,
2836 4631 3229 4685 Romanorum
3282 4630 3420 4700 imp.
3456 4634 3565 4683 Au-

1866 4724 2085 4789 gustus.

1937 4808 1992 4861 Si
2027 4808 2092 4861 ad
2120 4807 2453 4877 petitionem
2511 4822 2802 4860 servorum
2838 4806 2938 4861 Dei
2997 4807 3404 4860 ecclesiasticas
3461 4822 3560 4857 ne-

1866 4895 2151 4950 cessitates
2201 4899 2396 4947 nostro
2455 4894 2776 4947 relevemus
2820 4894 3117 4964 juvamine
3169 4898 3339 4961 atque
3383 4891 3566 4959 impe-

1865 4982 1993 5036 riali
2029 4993 2260 5036 tuemur
2320 4981 2662 5042 munimine,
2695 4980 2752 5035 id
2808 4982 2971 5035 nobis
3029 4986 3085 5034 et
3140 4980 3207 5032 ad
3257 4979 3562 5031 mortalem

1865 5071 2040 5124 vitam
2096 5070 2491 5140 temporaliter
2568 5070 2999 5140 transigendem
3056 5073 3113 5121 et
3156 5066 3227 5119 ad
3280 5069 3557 5119 aeternam

1864 5159 2108 5212 feliciter
2128 5158 2502 5212 obtinendam
2550 5175 2657 5223 pro
2723 5159 2916 5212 futuro
2950 5156 3198 5210 ﬁdeliter
3253 5154 3557 5219 credimus,

1867 5248 2047 5315 Igitur
2084 5252 2281 5299 notum
2320 5247 2391 5299 sit
2420 5248 2687 5300 omnibus
2724 5245 2982 5299 fidelibus
3009 5243 3233 5309 nostris,
3268 5244 3563 5313 prmsenti-

1867 5334 1972 5387 bus
2044 5333 2255 5387 scilicet
2333 5339 2391 5388 et
2468 5335 2696 5401 futuris,
2768 5332 3016 5402 qualiter
3079 5331 3167 5384 vir
3221 5331 3562 5385 venerabilis

1867 5420 2234 5474 Constantius
2272 5422 2448 5475 abbas
2472 5420 2809 5476 monasterii
2839 5425 3164 5473 sanctorum
3193 5420 3363 5483 Petri,
3417 5420 3560 5473 Lau-

1866 5508 2037 5562 rentii
2069 5512 2125 5561 et
2156 5509 2517 5573 Columbaui,
2553 5509 2706 5579 quod
2736 5511 2970 5561 vocatur
3014 5508 3370 5575 Bromiades,
3418 5508 3561 5560 adiit
