3914 6190
363 300 464 354 315

1665 301 1721 356 s.
1765 298 2049 356 HENRICI
2091 267 2571 356 memnonis
3713 317 3792 368 διδ

355 420 724 481 serenitatem
757 419 1028 475 culminis
1070 419 1272 486 nostri,
1323 421 1636 492 deprecans
1667 425 1732 476 ut
1760 437 1849 474 res
1895 422 2047 492 ejus-
2079 424 2126 477 Α
2164 423 2345 477 nostri
2388 440 2503 477 una
2545 439 2677 478 cum
2735 423 2885 478 clero
2929 428 2986 478 et
3041 425 3336 480 monachis
3378 427 3479 482 sibi
3528 434 3796 490 commissis

352 509 483 564 dem
539 509 871 562 monasterii
919 524 1051 563 cum
1096 509 1428 564 hominibus
1460 509 1568 563 sibi
1616 509 1888 581 subjectis
1941 511 2046 563 sub

354 596 718 651 immunitate
779 601 990 651 nostrae
1059 597 1408 652 defensionis
1471 597 1799 662 consistere,
1862 605 1919 653 et
1981 599 2052 652 ab

355 687 763 755 omnipublica
793 686 1101 752 functione,
1156 693 1212 740 et
1252 687 1559 756 judiciaria
1623 687 1912 741 exactione
1943 687 2052 740 im-

357 791 534 829 mune
564 775 926 845 liberumque
949 775 1417 841 reddidissemus,
1460 777 1623 845 cujus
1652 775 1948 844 petitione,
1980 775 2051 828 ob

359 880 616 918 amorem
698 865 854 928 dicti,
927 871 983 918 et
1038 865 1417 918 reverentiam
1469 867 1527 919 Β.
1592 865 1745 919 Petri
1789 863 2052 934 apostoli,

360 951 650 1008 Laurentii
707 958 763 1005 et
793 952 1151 1018 Columbani,
1187 952 1430 1006 libenter
1481 969 1776 1006 assensum
1808 953 2053 1022 praebui-

357 1057 504 1107 mus,
537 1056 602 1093 ac
648 1056 750 1109 per
797 1041 942 1093 hanc
985 1047 1193 1094 nostra:
1249 1041 1603 1094 auctoritatis
1655 1044 1926 1111 paginam
1966 1057 2057 1094 se-

357 1131 608 1182 cundum
636 1129 921 1197 praecepta
953 1129 1434 1197 praedecessorum
1471 1136 1800 1182 nostrorum
1849 1145 2054 1199 regum

356 1216 618 1270 videlicet
673 1222 731 1269 et
783 1217 1220 1286 imperatorum,
1279 1217 1334 1270 id
1383 1227 1468 1270 est
1513 1218 1720 1281 Caroli,
1758 1218 2046 1284 Ludovici,

356 1303 628 1368 Lotharii,
690 1305 904 1375 Ugonis
945 1310 1001 1358 et
1033 1305 1207 1359 trium
1256 1305 1637 1372 Othonorum,
1686 1306 2054 1360 decernimus

360 1393 421 1442 ut
447 1403 645 1442 omnes
693 1406 781 1443 res
813 1391 1032 1460 praefati
1063 1391 1415 1456 monasterii,
1445 1407 1573 1445 cum
1613 1392 1850 1458 cellulis,
1877 1397 1934 1446 et
1956 1393 2055 1444 lio-

359 1477 608 1531 minibus
631 1477 738 1531 sibi
777 1479 1063 1548 subjectis,
1104 1480 1208 1533 sub
1251 1486 1460 1534 nostrae
1493 1479 1837 1534 defensionis
1869 1480 2054 1534 muni-

359 1567 515 1620 mine
539 1566 721 1619 modis
780 1568 1049 1621 omnibus
1096 1569 1427 1622 consistant.
1459 1568 1715 1639 Denique
1756 1570 2055 1622 conﬁrma-

361 1669 490 1707 mus
545 1659 602 1707 et
638 1655 1071 1709 corroboramus
1093 1657 1212 1724 jam
1260 1657 1408 1710 dicto
1458 1657 1806 1711 monasterio
1855 1673 2052 1711 omnes

361 1759 470 1807 res,
504 1743 744 1811 chortes,
782 1744 965 1810 villas,
1017 1745 1300 1814 ecclesias,
1362 1746 1554 1810 cellas,
1595 1745 1965 1810 massaritias,
2000 1750 2056 1799 et

359 1831 602 1886 familias
625 1833 921 1904 utriusque
960 1850 1148 1904 sexus,
1196 1851 1300 1888 nec
1349 1851 1464 1888 non
1512 1835 1796 1904 primitias
1856 1841 1912 1888 et
1958 1835 2058 1890 de-

359 1921 692 1976 cimationes
719 1929 1056 1977 cunctorum
1106 1923 1408 1978 hominum
1463 1929 1674 1978 terram
1736 1924 1915 1994 ipsius
1952 1923 2058 1978 ab-

358 2009 529 2064 batiee
563 2009 966 2076 laborantium,
997 2011 1143 2066 sicut
1181 2028 1288 2082 per
1325 2012 1622 2082 privilegia
1672 2014 2057 2067 Romanorum

358 2098 716 2168 pontiﬁcum,
753 2115 854 2152 seu
872 2116 973 2170 per
998 2105 1281 2170 prmeepta
1304 2116 1503 2170 regum
1553 2104 1608 2153 et
1644 2100 2059 2170 imperatorum

360 2185 572 2240 ibidem
607 2203 870 2240 concessa
908 2195 965 2242 et
1001 2189 1336 2242 conﬁrmata
1385 2194 1538 2258 sunt,
1601 2205 1716 2243 una
1745 2205 1876 2242 cum
1908 2193 2061 2242 terra

359 2290 531 2345 quam
565 2275 735 2329 habet
764 2276 822 2328 in
850 2276 1122 2330 comitatu
1167 2267 1477 2331 Mutinensi
1509 2277 1565 2330 in
1628 2279 1747 2331 loco
1796 2282 1854 2331 et
1879 2277 2060 2331 fundo

360 2363 714 2435 quivocatur
744 2365 1107 2436 Plagassano,
1158 2382 1288 2419 cum
1342 2366 1557 2437 capella
1610 2367 1663 2420 S.
1721 2365 2060 2421 Columbani

358 2452 502 2507 inibi
529 2459 872 2522 constructa,
908 2471 1005 2508 seu
1053 2461 1108 2508 et
1132 2456 1521 2509 emolumenta
1565 2455 1754 2518 habet,
1787 2460 1958 2526 atque
1987 2453 2060 2525 lin

362 2540 591 2594 salsina.
621 2543 684 2596 Et
704 2543 763 2595 in
816 2543 1092 2598 comitatu
1145 2543 1440 2597 Parmensi
1497 2544 1621 2597 loco
1673 2543 1773 2614 qui
1827 2550 2062 2597 vocatur

364 2629 592 2695 Caselle,
623 2635 681 2683 et
708 2630 765 2683 in
793 2631 1085 2697 Beneseto,
1116 2637 1172 2686 et
1200 2632 1260 2685 in
1295 2631 1566 2702 Farigari,
1618 2636 1676 2685 et
1725 2632 2057 2698 Galemano,

361 2722 532 2787 atque
562 2717 620 2771 in
644 2719 972 2790 Solignano.
1007 2722 1071 2774 In
1121 2720 1392 2774 comitatu
1424 2736 1656 2791 quoque
1686 2720 2056 2787 Voloterensi,

363 2807 754 2862 chorticellam
794 2824 969 2862 unam
1019 2825 1149 2878 quae
1191 2814 1425 2863 vocatur
1471 2808 1871 2879 Frigesimum,
1928 2824 2059 2864 cum

365 2894 635 2948 omnibus
665 2895 779 2948 suis
800 2897 1162 2966 pertinentiis
1193 2897 1311 2951 sive
1346 2897 1403 2950 in
1421 2896 1546 2950 aliis
1601 2897 2058 2967 quibuscumque

2167 513 2394 566 Domini
2425 512 2768 566 immensam
2800 512 3161 567 clementiam
3182 513 3392 584 jugiter
3425 532 3653 574 exorare.
3683 523 3734 576 Et
3752 532 3797 577 ut

2163 601 2288 656 haec
2317 601 2624 656 auctoritas
2653 607 2850 655 nostra
2888 602 3097 656 futuris
3143 605 3488 672 temporibus
3540 607 3795 665 inviolabi-

2161 690 2274 743 lem
2302 695 2476 760 atque
2528 689 2926 745 inconvulsam
2969 690 3224 745 obtineat
3276 691 3602 762 ﬁrmitatem,
3658 713 3796 755 manu

2161 778 2400 848 prOpria
2429 777 2624 832 subter
2654 777 3027 845 ﬁrmavimus,
3071 784 3128 832 et
3156 780 3352 833 annuli
3381 781 3551 836 nostri
3587 783 3785 854 impres-

2162 867 2321 921 sione
2348 866 2613 937 insigniri
2635 867 2929 937 jussimus.
2965 868 3148 932 Quam
3187 868 3236 921 si
3263 869 3388 940 quis
3433 869 3625 926 violare
3673 890 3793 942 pre-

2161 953 2488 1024 sumpserit,
2521 953 2660 1008 sciat
2688 971 2745 1008 se
2791 955 3242 1024 compositurum
3289 956 3410 1010 auri
3431 959 3618 1026 optimi
3661 961 3798 1016 libras

2157 1049 2407 1107 centum,
2455 1041 2824 1098 medietatem
2865 1043 3135 1112 praedicto
3189 1046 3540 1114 monasterio,
3583 1049 3664 1102 cui
3703 1050 3792 1103 vio-

2159 1131 2392 1186 lentiam
2427 1131 2638 1194 intulit,
2674 1137 2731 1184 et
2775 1132 3140 1186 medietatem
3187 1149 3428 1188 cameras
3477 1143 3684 1202 nostrae,
3713 1139 3792 1193 hac

2162 1226 2356 1276 nostra
2384 1220 2756 1289 inscriptione
2788 1220 3124 1274 inconvulsa
3157 1228 3438 1276 manente.

2233 1309 2510 1377 Signum’r
2538 1309 2744 1390 domini
2773 1311 3021 1364 Heinrici
3048 1312 3377 1365 serenissimi
3413 1317 3461 1365 et
3508 1310 3796 1367 invictissimi

2163 1398 2294 1464 imp.
2325 1398 2588 1462 Augusti.

2232 1483 2504 1537 Henricus
2545 1482 2916 1537 cancellarius
2979 1483 3099 1539 vice
3161 1484 3418 1540 Luitardi
3479 1486 3703 1558 episcopi
3755 1495 3797 1542 et

2163 1572 2643 1626 archicancellarii
2665 1573 3014 1643 recognovit.

2236 1661 2439 1715 Datum
2469 1661 2658 1715 Nonas
2699 1662 2846 1724 Maii,
2882 1678 3033 1716 anno
3083 1661 3396 1716 Dominicas
3452 1661 3801 1718 incarnationis

2171 1752 2328 1816 1014,
2361 1749 2556 1805 indict.
2617 1767 2718 1817 xu,
2774 1766 2926 1804 anno
2984 1766 3118 1804 vero
3165 1751 3390 1805 domini
3447 1751 3652 1806 Heurici
3692 1753 3796 1822 imp.

2165 1838 2407 1908 Augusti
2438 1839 2732 1910 regnantis
2763 1855 2858 1900 xu.
2882 1838 3112 1908 imperii
3156 1846 3346 1894 autem
3387 1839 3507 1910 ejus
3537 1856 3570 1894 ι.

2235 1929 2438 1981 Actum
2473 1927 2660 1998 Papiae
2691 1927 2752 1982 in
2780 1927 2996 1998 palatio
3022 1927 3324 1983 Ticinense
3355 1927 3600 1997 feliciter,
3647 1927 3695 1982 in
3731 1927 3803 1981 Dei

2165 2015 2419 2070 nomine.
2445 2019 2644 2070 Amen.

2919 2105 3108 2159 LXXX.

2164 2194 2221 2249 S.
2278 2194 2520 2248 Heinrici
2546 2197 2876 2262 praceptum
2927 2209 3023 2262 per
3070 2193 3216 2262 quod
3283 2195 3693 2248 Wormatiensem
3732 2195 3805 2247 Ec-

2236 2265 2454 2318 clesiam
2512 2265 2772 2318 adversus
2831 2265 3055 2332 iniquas
3130 2267 3386 2318 comitum
3443 2265 3805 2334 provincialium

2235 2337 2598 2404 impetitiones
2631 2340 2826 2388 tuetur.

2816 2423 3008 2490 (Anno
3047 2422 3218 2492 1014.)

2384 2526 2716 2600 [Schannat,
2740 2530 3094 2598 Episcopatus
3119 2530 3408 2593 Wormat.,
3445 2529 3512 2595 ll,
3543 2527 3643 2596 40.]

2239 2634 2305 2687 In
2337 2635 2574 2688 nomine
2614 2639 2824 2688 sanctae
2879 2639 2936 2689 et
2980 2633 3298 2689 individuus
3355 2634 3651 2700 Trinitatis,
3691 2632 3816 2686 Hens-

2168 2736 2341 2787 mcc-s,
2393 2721 2588 2776 divina
2641 2722 3070 2793 prmordinante
3158 2723 3486 2790 clementia,
3552 2721 3815 2791 imperator

2166 2814 2474 2880 Augustus.

2238 2898 2296 2954 Si
2329 2897 2700 2970 petitionibus
2745 2899 3104 2954 sacerdotum
3142 2900 3263 2967 Dei,
3287 2900 3443 2972 quod
3499 2900 3566 2954 ad
3605 2901 3814 2952 nostram

361 2982 727 3038 comitatibus
755 2985 841 3038 vel
861 2985 1015 3046 locis,
1063 2985 1235 3040 simul
1291 3001 1421 3038 cum
1465 2985 1627 3050 casis,
1658 2985 2056 3051 sediminibus,
2090 2983 2131 3038 C
2168 2989 2433 3043 notitiam
2507 2989 2578 3043 de
2647 2989 3078 3043 necessitatibus
3151 2987 3643 3043 Ecclesiarumsibi
3700 3001 3818 3040 com-

361 3070 597 3141 campis,
643 3072 846 3140 vineis,
894 3072 1093 3143 pratis,
1144 3073 1392 3143 pascuis,
1440 3073 1594 3127 silvis
1651 3090 1714 3126 ac
1763 3073 2054 3140 stallariis,

362 3159 547 3229 aquis,
588 3176 984 3232 aquarumque
1032 3161 1384 3227 decursibus,
1451 3162 1816 3228 molendinis,
1876 3162 2059 3230 pisca-

362 3247 630 3311 tionibus,
662 3250 1086 3316 venationibus,
1139 3250 1456 3318 montibus,
1499 3249 1762 3314 vallibus,
1811 3250 2056 3320 alpibus,

365 3336 730 3406 planitiebus,
753 3338 933 3408 rupis,
974 3338 1213 3410 rupinis,
1273 3339 1447 3393 servis
1486 3344 1542 3393 et
1590 3339 1830 3404 ancillis,
1887 3339 2062 3393 aldio-

363 3425 554 3488 nibus,
589 3426 853 3490 aldianis,
887 3428 1169 3492 mercatis,
1203 3427 1466 3495 teloneis,
1516 3427 1848 3498 cunctisque
1892 3427 2062 3482 rebus

365 3513 436 3566 ad
481 3515 778 3584 praefatam
837 3516 1126 3570 abbatiam
1187 3516 1612 3585 pertinentibus
1653 3522 1773 3570 tam
1817 3531 1882 3569 ea
1931 3532 2062 3587 quas

368 3618 521 3656 nunc
548 3603 759 3658 habere
795 3604 1023 3658 videtur
1051 3621 1340 3675 quamque
1375 3621 1439 3658 ea
1487 3621 1617 3675 qua:
1670 3605 1939 3675 deinceps
1981 3604 2063 3659 di-

366 3691 498 3744 vina
553 3692 739 3762 pietas
794 3693 1043 3748 voluerit
1094 3692 1304 3746 addere
1365 3693 1451 3746 vel
1499 3692 1868 3762 amplilicare,
1919 3694 2064 3747 sicut

366 3781 816 3850 praedecessores
844 3781 1026 3836 nostri
1055 3783 1161 3836 hoc
1191 3783 1342 3836 idem
1396 3781 1805 3836 monasterium
1837 3797 2064 3851 semper

367 3876 719 3934 tuteverunt,
747 3871 825 3925 ita
843 3875 901 3924 et
931 3876 1128 3926 nostra
1171 3888 1277 3924 nos
1329 3871 1617 3941 imperiali
1673 3870 1916 3924 tuitione
1966 3871 2062 3924 de-

366 3960 592 4014 fensum
629 3964 798 4029 atque
846 3959 1137 4014 munitum
1187 3960 1254 4013 ab
1297 3960 1562 4013 omnibus
1591 3959 1837 4012 inimicis
1891 3964 1949 4013 et
1981 3959 2066 4012 iri-

367 4046 662 4101 vasoribus
703 4048 1017 4101 alienatum
1091 4063 1213 4100 esse
1293 4048 1674 4116 prmcipimus.
1745 4047 2066 4102 Statuenles

370 4153 506 4206 ergo
528 4135 799 4206 jubemus
829 4141 1001 4205 atque
1044 4135 1411 4206 praecipimus
1440 4140 1503 4188 ut
1532 4135 1721 4190 nullus
1747 4136 1927 4189 Judex
1958 4153 2064 4204 pu-

369 4223 573 4285 blicus,
624 4228 724 4277 aut
776 4223 1023 4294 quilibet
1100 4223 1411 4292 superioris
1459 4223 1674 4276 ordinis
1731 4224 2066 4293 reipublicm

2168 3077 2473 3132 missarum
2506 3077 2865 3148 pertulerint,
2893 3078 2964 3132 ad
2996 3077 3263 3132 effectum
3326 3077 3696 3148 perducimus,
3733 3075 3815 3127 hoc

2169 3165 2335 3220 nobis
2387 3166 2806 3233 incunctanter,
2835 3171 2892 3220 et
2932 3166 3006 3221 ad
3058 3167 3398 3237 temporalis
3436 3166 3594 3237 regni
3621 3171 3810 3224 statum,

2169 3258 2228 3308 et
2276 3254 2345 3308 ad
2400 3260 2634 3308 aeternae
2670 3254 3046 3309 beatitudinis
3098 3254 3526 3310 incrementum
3588 3252 3814 3324 proﬁcere

2170 3342 2531 3396 conﬁdimus.
2565 3341 2814 3412 Ideoque
2840 3341 3101 3396 omnium
3127 3342 3228 3396 Dei
3259 3343 3557 3413 nostrique
3586 3341 3816 3401 ﬁdelium,

2170 3432 2544 3501 praesentium
2565 3431 2778 3485 scilicet
2822 3435 2880 3485 et
2915 3431 3267 3494 futurorum,
3332 3431 3549 3486 noverit
3591 3425 3821 3483 industria

2172 3520 2460 3592 quomodo
2504 3519 2846 3574 venerabilis
2887 3519 2974 3573 vir
3029 3520 3417 3588 Burchardus,
3458 3523 3655 3574 sanctas
3694 3516 3821 3568 Wor-

2171 3607 2466 3662 matiensis
2491 3606 2751 3661 Ecclesia:
2782 3606 3104 3678 episcopus,
3130 3608 3428 3662 communi
3464 3604 3818 3661 lamentatione

2171 3696 2510 3768 pontiﬁcum
2539 3701 2598 3751 et
2631 3696 2906 3751 abbatum
2963 3698 3220 3767 ejusdem
3262 3696 3593 3769 provinciae,
3643 3691 3823 3749 celsitu-

2174 3785 2368 3840 dinem
2403 3789 2657 3839 nostram
2701 3784 2845 3840 adiit
2887 3802 3009 3839 sese
3061 3786 3432 3841 reclamando
3480 3786 3550 3839 ob
3603 3785 3822 3853 frequen-

2171 3880 2288 3929 tem
2318 3873 2593 3943 injuriam
2649 3889 2714 3928 ac
2757 3874 2941 3944 legem
2987 3874 3283 3944 injustam,
3329 3893 3362 3929 a
3425 3873 3708 3929 comitibus
3746 3884 3822 3922 no-

2175 3963 2326 4028 stris,
2355 3962 2589 4016 familias
2621 3978 2739 4016 sua:
2783 3963 3046 4017 Ecclesiae
3085 3963 3213 4032 toti,
3264 3962 3702 4034 praesumptione
3741 3958 3822 4012 im-

2174 4051 2524 4122 positam,ut
2553 4049 2811 4120 quisquis
2849 4067 2915 4104 ex
2957 4051 3157 4105 eadem
3208 4051 3432 4106 familia
3484 4051 3541 4105 in
3574 4051 3726 4112 furto,
3759 4043 3824 4098 vel

2173 4154 2387 4210 pugna,
2420 4144 2519 4192 aut
2548 4138 2742 4209 aliqua
2771 4138 3053 4193 criminali
3107 4156 3276 4193 causa
3318 4140 3618 4210 culpabilis
3672 4137 3828 4190 invene

2175 4233 2268 4282 tus
2295 4226 2516 4292 fuisset,
2538 4242 2638 4280 seu
2670 4242 2876 4297 magna
2903 4227 2991 4282 vel
3031 4244 3210 4298 parva
3243 4244 3334 4282 res
3367 4233 3533 4292 esset,
3575 4228 3636 4281 60
3661 4222 3828 4278 solidos

370 4317 710 4382 procurator
741 4312 809 4365 ad
831 4327 1028 4365 causas
1073 4309 1378 4382 judiciario
1429 4327 1588 4365 more
1654 4313 1967 4367 audiendas
2005 4315 2064 4368 in
2101 4329 2142 4382 ι)
2181 4314 2374 4369 comiti
2438 4330 2665 4386 semper
2728 4332 3074 4385 componere
3150 4316 3496 4383 debuisset;
3558 4316 3696 4369 inter
3734 4311 3827 4364 hazc

373 4399 658 4460 ecclesias,
680 4404 780 4453 aut
806 4399 986 4466 villas,
1040 4415 1141 4453 seu
1177 4399 1429 4470 reliquas
1485 4401 1894 4470 possessiones,
1927 4420 2070 4473 quas

371 4486 648 4541 moderno
671 4493 929 4558 tempore
969 4488 1027 4541 in
1073 4487 1425 4559 quibuslibet
1471 4489 1775 4558 provinciis
1807 4495 1906 4544 aut
1962 4497 2072 4545 ter-

373 4575 587 4630 ritoriis
644 4576 872 4646 imperii
923 4576 1100 4631 nostri
1154 4577 1308 4648 juste
1359 4583 1416 4631 et
1448 4577 1709 4648 legaliter
1766 4583 1942 4645 tenet,
1987 4579 2073 4633 in-

372 4665 534 4736 gredi
581 4670 914 4736 praesumat,
973 4681 1078 4720 nec
1125 4665 1294 4720 feuda
1332 4682 1435 4720 nec
1495 4666 1728 4735 tributa,
1765 4673 1864 4722 aut
1908 4684 2068 4722 man-

368 4755 575 4824 siones,
650 4760 750 4809 aut
821 4754 1136 4822 teloneum,
1227 4761 1328 4809 aut
1412 4755 1778 4825 tidejussores
1857 4758 2070 4818 tollere,

372 4849 472 4900 aut
511 4842 779 4898 homines
835 4848 953 4897 tam
1027 4843 1313 4915 ingenuos
1397 4859 1572 4914 quam
1646 4861 1834 4898 servos
1902 4862 2073 4916 super

373 4937 586 4987 terram
620 4932 801 5003 ipsius
826 4932 1161 4986 monasterii
1215 4938 1643 4988 commanentes
1705 4933 2071 5004 distringere,

373 5037 477 5076 nec
497 5023 642 5076 ullas
680 5020 940 5091 publicas
999 5020 1322 5076 functiones
1368 5027 1470 5075 aut
1512 5021 1928 5076 redhibitiones
1985 5024 2073 5078 vel

374 5109 600 5164 illicitas
645 5109 970 5164 occasiones
1017 5109 1312 5180 inquirere
1392 5110 1634 5177 audeat;
1678 5111 1800 5176 sed,
1852 5119 2075 5167 remota

378 5198 637 5251 omnium
668 5197 970 5252 hominum
1029 5197 1476 5252 contradictione
1541 5203 1598 5252 et
1651 5199 2071 5272 inquietudine,

377 5283 542 5337 liceat
600 5291 916 5339 memorato
984 5284 1173 5340 abbati
1230 5285 1462 5356 suisque
1508 5287 1929 5342 successoribus
1985 5303 2076 5342 res

375 5371 638 5443 praedicti
670 5373 1023 5439 monasterii,
1050 5379 1106 5428 et
1145 5373 1474 5428 hominibus
1505 5375 1573 5428 ad
1632 5391 1690 5429 se
1743 5374 2077 5446 pertinenti-

377 5461 486 5516 bus
532 5459 639 5514 sub
685 5460 948 5515 tuitionis
1005 5467 1216 5518 nostra:
1265 5461 1598 5517 defensione
1629 5463 1825 5534 quieto
1871 5463 2072 5519 ordine

379 5547 797 5624 possidere,aut
812 5565 918 5622 pro
931 5550 1324 5608 incolumitate
1338 5557 1555 5618 nostra,
1572 5567 1673 5606 seu
1687 5556 1838 5607 statu
1848 5552 2080 5625 imperii

2179 4403 2351 4458 etiam
2382 4408 2667 4474 prmcepta
2720 4403 3123 4472 immanitatis,
3183 4421 3315 4475 qua:
3363 4400 3832 4460 Christianissimus

2182 4493 2528 4547 Francorum
2555 4507 2654 4545 rex
2685 4493 3041 4563 Dagobertus
3064 4495 3180 4548 Deo
3218 4494 3546 4564 sanctisque
3576 4492 3684 4545 suis
3703 4502 3831 4559 apos-

2178 4581 2312 4635 tolis
2342 4581 2510 4635 Petro
2541 4584 2597 4633 et
2620 4581 2795 4634 Paulo
2823 4579 3089 4651 primitus
3123 4581 3494 4647 condonavit,
3537 4579 3732 4634 visibus
3757 4588 3831 4626 no-

2179 4670 2309 4724 stris
2340 4668 2649 4739 relegenda
2694 4669 3080 4738 praesentavit,
3113 4669 3174 4724 in
3215 4670 3428 4740 quibus
3479 4669 3736 4739 scriptum
3773 4664 3837 4716 est

2180 4757 2472 4828 quomodo
2519 4755 2640 4826 ipse
2695 4757 3049 4828 Dagobertus
3117 4758 3420 4812 constituit
3468 4764 3532 4812 ut
3570 4755 3742 4810 nullus
3767 4765 3832 4802 co.

2180 4862 2302 4900 mes
2330 4845 2583 4916 aliquam
2616 4845 2675 4899 in
2707 4846 2890 4900 causis
2916 4846 3218 4901 audiendis
3233 4863 3411 4918 super
3431 4845 3686 4901 eamdem
3712 4836 3838 4894 fami-

2181 4932 2321 4986 liam
2375 4937 2725 5002 potestatem
2775 4934 3059 5001 haberet;
3127 4935 3364 5006 insuper
3423 4929 3838 4988 conﬁrmationes

2182 5039 2569 5078 successorum
2601 5023 2754 5077 illius
2787 5039 2799 5074 :
2849 5023 3113 5078 videlicet
3143 5024 3396 5094 Pippini,
3442 5021 3647 5085 Caroli,
3700 5016 3842 5073 Ludo.

2180 5112 2310 5178 vici,
2360 5111 2599 5178 Arnolﬁ,
2656 5112 2908 5178 Henrici,
2961 5115 3140 5166 trium
3189 5113 3494 5178 Ottonum,
3542 5106 3841 5165 clarissimo-

2185 5216 2313 5254 rum
2371 5216 2575 5271 regum
2628 5200 2716 5254 vel
2783 5200 3222 5270 imperatorum,
3288 5206 3710 5254 antecessorum
3757 5207 3846 5246 n0-

2184 5293 2455 5354 strorum,
2497 5288 2661 5342 nobis
2692 5288 3020 5359 nostrisque
3044 5287 3314 5342 ﬁdelibus
3349 5282 3769 5343 demonstravit.
3800 5279 3845 5330 in

2185 5377 2396 5448 quibus
2428 5377 2748 5448 reperimus
2778 5377 2936 5448 quod
2974 5377 3085 5447 ipsi
3116 5375 3590 5430 constitutionem
3628 5362 3848 5443 praedicti

2186 5465 2337 5536 regis
2389 5466 2695 5537 Dagoberti
2727 5466 2844 5520 suis
2908 5464 3392 5537 praeceptionibus
3431 5480 3466 5518 a
3513 5477 3652 5518 novo
3679 5453 3849 5513 conﬁr-

2185 5559 2508 5621 maverunt,
2541 5559 2598 5608 et
2620 5570 2690 5610 ne
2721 5555 2844 5610 haec
2873 5554 2962 5609 lex
3002 5553 3214 5626 injuste
3247 5551 3488 5606 ulterius
3534 5543 3846 5621 procederet,
