3914 6190
82 333 162 384 317

83 458 297 524 precatus
344 454 425 503 est
468 445 838 502 clementiam
913 454 1166 502 nostram
1226 452 1288 502 ut
1342 448 1717 504 insultantem
1746 454 1790 505 Α

84 542 310 595 comitum
362 536 868 608 prmsumptionem
944 541 1133 590 nostra
1192 537 1584 591 dominatione
1626 555 1720 592 co-

85 643 373 692 erceremus,
432 641 670 695 remque
732 642 850 678 sua:
919 626 1172 680 ecclesia:
1230 634 1422 680 nostra
1475 627 1722 681 auctori-

87 726 174 772 tate
192 718 358 771 denuo
380 715 868 768 contirmaremus.

141 806 286 873 Cujus
302 802 667 873 petitionibus
689 804 761 855 ob
783 802 963 855 divini
984 803 1171 855 cultus
1194 819 1467 868 amorem,
1489 804 1727 873 ejusque

90 892 415 947 voluntariam
473 891 824 957 servitutem,
896 892 1344 963 acquiesceutes,
1399 892 1507 945 hoc
1553 892 1729 945 nostri

90 982 308 1035 culminis
339 986 683 1050 praeceptum
714 980 898 1033 eidem
930 981 1181 1033 ecclesias
1210 981 1333 1034 ﬁeri
1355 981 1728 1046 decrevimus,

92 1088 171 1141 per
194 1069 610 1141 quodjubemus
636 1074 698 1123 ut
744 1070 1016 1139 praefatus
1060 1070 1294 1123 antistes
1354 1070 1730 1132 Burchardus,

91 1162 284 1229 ejusque
340 1173 701 1224 successores,
757 1158 903 1211 sicut
942 1175 975 1211 a
1021 1159 1455 1229 prmuominatis
1507 1159 1735 1227 regibus

93 1248 156 1300 vel
183 1246 594 1316 imperatoribus
638 1246 1011 1299 constitutum
1056 1252 1141 1300 est
1198 1252 1254 1299 et
1308 1248 1733 1310 conﬁrmatum,

92 1351 281 1387 omnem
330 1350 444 1386 rem
514 1350 632 1387 suae
693 1335 942 1388 ecclesiae
1017 1334 1210 1405 quiete
1265 1335 1615 1405 possideant,
1682 1339 1738 1387 et

92 1424 285 1475 comites
323 1422 497 1475 nostri
553 1424 770 1476 nullam
820 1423 1054 1477 familias
1110 1440 1230 1475 sua:
1292 1423 1545 1476 ecclesias
1588 1423 1737 1493 inju-

94 1514 205 1564 riam
256 1512 332 1564 vel
405 1510 750 1579 injustitiam
808 1512 1042 1580 posthac
1100 1512 1310 1564 inferre
1368 1518 1735 1581 prmsumant.

95 1602 349 1665 Praeterea,
374 1600 446 1653 ob
491 1608 719 1654 aeterna:
767 1601 1159 1654 beatitudunis
1195 1601 1740 1667 remunerationem,

93 1696 136 1740 et
168 1688 436 1741 beatorum
472 1689 622 1742 Petri
651 1695 705 1741 et
740 1689 899 1742 Pauli
957 1690 1406 1749 venerationem.
1442 1690 1590 1742 istud
1625 1689 1739 1741 im—

94 1777 267 1846 periale
296 1783 643 1845 praeceptum
688 1778 1107 1843 constituimus,
1150 1779 1373 1848 hocque
1417 1779 1475 1831 in
1525 1778 1741 1848 sempi-

95 1873 279 1918 ternum
327 1866 527 1918 stabile
560 1866 906 1936 ﬁrmumque
964 1865 1331 1937 pra-cipimus
1365 1884 1375 1919 :
1412 1873 1493 1929 ut,
1523 1866 1569 1919 si
1615 1866 1743 1937 quis

96 1952 318 2022 deinceps
339 1970 399 2007 ex
453 1954 673 2008 familia
732 1955 1159 2008 Wormntieusis
1220 1956 1468 2009 ecclesia).
1528 1956 1744 2008 furtum

96 2041 161 2094 vel
185 2058 417 2111 pugnam
455 2048 557 2096 aut
610 2044 786 2096 ullam
818 2044 986 2097 aliam
1028 2044 1385 2098 criminalem
1434 2059 1658 2097 causam
1685 2042 1744 2095 in

96 2130 256 2182 eadem
283 2131 498 2184 familia
528 2132 962 2201 perpetraverit,
995 2132 1067 2186 ad
1099 2149 1303 2185 manus
1334 2132 1584 2202 episcopi
1643 2147 1745 2183 suo

96 2218 321 2272 advocato
350 2227 708 2289 componat;
750 2221 797 2273 si
835 2227 1027 2274 autem
1077 2228 1238 2274 extra
1292 2221 1569 2274 familiam
1618 2236 1749 2273 cum

96 2312 324 2360 extraneo
386 2308 585 2378 aliquo
640 2310 819 2362 rixam
883 2309 1168 2374 habuerit,
1239 2309 1543 2362 advocatus
1614 2325 1750 2361 suus

97 2396 255 2448 comiti
284 2412 379 2465 pro
413 2397 781 2467 eojustitiam
810 2397 997 2463 faciat,
1032 2404 1089 2451 et
1119 2398 1166 2451 si
1197 2397 1369 2450 alicui
1426 2398 1605 2451 libero
1645 2395 1747 2449 ho-

99 2483 208 2535 mini
237 2484 397 2537 ullam
449 2485 739 2555 justitiam
782 2484 999 2551 fecerit,
1033 2486 1121 2539 vel
1167 2501 1295 2538 cum
1343 2501 1409 2539 eo
1456 2501 1750 2555 pugnave-

98 2569 167 2636 rit,
194 2573 267 2624 vel
295 2572 338 2625 si
361 2579 523 2625 extra
546 2573 825 2626 familiam
860 2576 1089 2643 raptum
1131 2574 1383 2643 aliquem
1442 2572 1749 2643 peregerit,

98 2658 354 2713 advocatus
384 2677 525 2714 suus
561 2661 826 2714 similiter
871 2678 975 2731 pro
1022 2678 1087 2714 eo
1140 2660 1428 2731 justitiam
1459 2661 1627 2714 faciat
1660 2678 1671 2714 :
1707 2660 1755 2713 si

100 2751 251 2799 autem
300 2748 444 2802 infra
488 2756 648 2818 septa
692 2749 989 2819 cujuslicet
1036 2750 1254 2803 furtum
1321 2748 1553 2821 aliquod
1602 2765 1755 2801 com-

102 2834 297 2900 miserit,
331 2838 535 2891 reddat
558 2838 708 2907 qnod
758 2838 1010 2899 abstulit,
1061 2837 1349 2902 restituat,
1377 2842 1434 2889 et
1463 2836 1697 2905 insuper
1726 2851 1757 2885 ν

101 2923 272 2977 solidos
312 2928 645 2995 persolvat;
697 2926 745 2979 si
799 2932 978 2992 extra,
1066 2926 1276 2979 iterum
1329 2926 1481 2995 quod
1525 2924 1758 2978 abstulit

1776 1734 1812 1784 Β

1297 323 1695 380 DIPLOMATA
1737 323 2282 381 ECCLESIASTICA.

3417 328 3521 379 3l8

1901 452 2041 506 Cum
2074 467 2139 505 ex
2155 448 2480 504 rationabili
2495 450 2695 504 ordine
2710 450 3121 521 omnipotentis
3145 451 3243 506 Dei
3268 454 3526 524 corporis

1834 540 2073 594 humani
2092 540 2273 593 forma
2304 555 2369 592 eo
2403 539 2571 592 modo
2586 538 2657 591 sit
2686 538 2912 592 condita
2936 544 2996 592 ut
3015 540 3285 610 quaslibet
3308 542 3530 593 minora

1836 630 2093 682 membra
2117 628 2287 699 capiti
2320 628 2431 681 sint
2464 628 2737 698 subjecta,
2770 629 2915 682 etab
2943 644 3010 682 eo
3044 628 3218 681 veluti
3248 629 3353 682 sub
3394 645 3531 699 quo-

1839 718 1966 772 dam
1982 719 2121 771 duce
2136 730 2548 787 regantur,non
2562 717 2946 788 incongruum
2962 717 3286 785 putavimus
3300 718 3369 771 ad
3386 718 3531 771 hanc

1839 805 2240 868 imitationem,
2277 804 2554 880 quasdam
2640 805 2893 858 minores
2943 804 3207 857 ecclesias
3246 804 3305 857 in
3357 821 3531 875 regno

1840 899 2032 947 nostro
2092 894 2333 947 subdere
2393 893 2727 962 majoribus,
2804 898 2861 947 et
2935 892 2989 945 id
3038 892 3321 945 voluntati
3382 892 3533 962 regis

1842 998 2041 1047 regum
2086 982 2225 1035 nihil
2300 981 2523 1035 obstare
2576 982 2833 1035 arbitrati
2873 996 3089 1045 sumus,
3148 982 3246 1050 qui
3282 981 3534 1034 cmlestes

1843 1077 2011 1141 atque
2065 1076 2327 1123 terrenos
2370 1071 2721 1140 principatus
2786 1070 2929 1123 miro
2986 1069 3186 1122 ordine
3239 1070 3395 1121 novit
3447 1069 3532 1122 di«

1845 1160 2156 1228 stinguere.
2207 1158 2449 1213 Proinde
2504 1175 2607 1212 nos
2665 1159 2857 1223 etiam,
2895 1158 2990 1228 qui
3047 1158 3119 1211 ad
3175 1164 3402 1226 tempus
3433 1156 3537 1209 sub

1846 1252 2060 1301 aeterno
2106 1248 2254 1317 Rege
2315 1247 2478 1300 electi
2518 1264 2714 1300 sumus
2774 1257 3059 1316 regnare,’
3095 1246 3151 1299 in
3184 1246 3385 1315 primis
3434 1261 3537 1315 pro

1848 1352 2041 1388 amore
2068 1336 2185 1400 Dei,
2214 1335 2450 1405 ejusque
2486 1336 2797 1404 genitricis,
2832 1352 2933 1387 nec
2975 1351 3091 1387 non
3147 1350 3250 1404 pro
3300 1333 3541 1386 assiduis

1851 1424 2226 1493 petitionibus
2292 1425 2514 1478 dilectae
2574 1424 2832 1493 conjugis
2890 1428 3097 1476 nostra:
3147 1422 3538 1491 Cunegundw,

1851 1520 2022 1583 atque
2092 1513 2221 1566 ﬁdis
2284 1512 2756 1584 persuasionibus
2822 1510 3116 1566 Hereberti
3188 1510 3543 1563 Coloniensis

1853 1601 2282 1671 archiepiscOpi,
2316 1608 2372 1655 et
2402 1601 2591 1655 fratris
2622 1601 2708 1653 sui
2756 1599 3039 1654 Becelonis
3098 1598 3351 1667 episcopi
3381 1598 3539 1649 \Vur-

1852 1690 2232 1760 cebnrgensis,
2304 1695 2359 1743 et
2397 1690 2564 1743 simul
2620 1689 2811 1742 fratris
2868 1686 3049 1742 nostri
3103 1684 3385 1740 Brunonis
3422 1688 3544 1737 Au-

1855 1780 2137 1849 gustensis
2196 1779 2467 1842 consiliis,
2524 1784 2981 1848 czeterorumqne
3012 1776 3272 1830 ﬁdelium
3318 1779 3547 1827 nostro-

1856 1884 1981 1921 rum
2015 1874 2219 1939 rogatu
2250 1873 2305 1921 et
2356 1868 2705 1933 assensione,
2765 1866 2906 1938 quin
2964 1882 3094 1918 vero
3152 1867 3386 1934 propter
3408 1862 3547 1930 juge

1855 1957 2147 2011 servitium
2185 1956 2536 2010 Werenharii
2582 1954 3016 2027 Argentinensis
3046 1952 3319 2023 episcopi,
3345 1965 3547 2020 quam-

1856 2046 1988 2100 dam
2024 2046 2310 2099 abhatiam
2359 2046 2797 2110 monachorum,
2832 2060 2961 2114 quas
3016 2042 3224 2097 dicitur
3271 2038 3547 2101 Suazahu,

1858 2140 2063 2189 sanctus
2117 2134 2554 2203 Argentinensis
2603 2133 2852 2186 ecclesias
2891 2134 2949 2185 in
2984 2134 3203 2185 honore
3248 2127 3350 2183 Dei
3389 2125 3552 2181 Geni-

1859 2225 2013 2278 tricis
2046 2224 2317 2288 fundatae,
2346 2224 2404 2277 in
2454 2228 2706 2276 nostram
2764 2228 3207 2289 nostrorumque
3264 2232 3550 2271 successo-

1862 2329 1988 2366 rum
2039 2312 2377 2366 memoriam
2427 2311 2769 2365 tradidimus
2813 2310 3225 2381 perpetualiter
3256 2305 3551 2376 possiden-

1862 2402 2015 2467 dam,
2043 2417 2171 2454 cum
2203 2401 2468 2454 omnibus
2515 2400 2588 2454 ad
2645 2401 2905 2453 eamdem
2960 2397 3245 2451 abbatiam
3298 2392 3556 2464 legaliter

1861 2490 2299 2561 pertinentibus,
2343 2490 2402 2542 in
2445 2489 2903 2559 quibuscumque
2946 2484 3273 2557 provinciis,
3332 2479 3557 2535 mobili-

1865 2581 1969 2633 bus
2000 2586 2055 2631 et
2084 2577 2497 2642 immobilibus,
2552 2576 2721 2641 areis,
2754 2576 3032 2640 aediﬁciis,
3074 2572 3270 2637 servis,
3312 2568 3553 2633 ancillis,

1865 2668 2030 2721 terris
2052 2668 2217 2719 cultis
2270 2673 2326 2719 et
2365 2665 2611 2732 incultis,
2648 2666 2822 2735 agris,
2880 2663 3117 2733 campis,
3172 2659 3394 2733 pascuis
3443 2658 3559 2710 sive

1866 2756 2240 2826 compascuis,
2312 2755 2491 2807 vineis
2558 2755 2646 2807 vel
2737 2753 2961 2818 vinetis,
3056 2751 3235 2817 silvis,
3314 2745 3558 2807 forestis,

1866 2844 2287 2906 venationibus,
2341 2844 2505 2913 aquis
2561 2859 2959 2914 aquarumque
3016 2838 3368 2903 decursibus,
3437 2849 3559 2888 mo-

1867 2934 2133 3000 lendinis,
2158 2933 2585 3002 piscationibus,
2622 2933 2729 2985 viis
2766 2939 2824 2985 et
2854 2931 3041 2995 inviis,
3091 2928 3336 2982 exitibus
3381 2931 3437 2978 et
3468 2939 3559 2976 re-

102 3014 344 3080 restituat,
397 3022 456 3069 et
512 3016 749 3086 insuper
816 3032 989 3069 unam
1058 3016 1287 3069 nnciam
1357 3014 1759 3069 tantummodo

1969 3022 2103 3084 bus,
2156 3022 2493 3089 caeterisque
2533 3020 2873 3074 utensilibus
2920 3036 2987 3072 eo
3035 3026 3231 3071 tenore
3280 3020 3564 3084 quatenus

103 3110 382 3170 componat,
418 3109 477 3157 et
509 3120 809 3174 nunquam
844 3104 1026 3173 majus
1080 3102 1474 3156 vadimonium
1530 3118 1757 3172 prome-

104 3199 259 3244 reatur
284 3208 455 3261 quam
482 3209 515 3243 ν
549 3192 776 3245 solidos.
810 3192 1055 3247 Comites
1104 3198 1295 3245 autem
1353 3192 1571 3244 nullam
1604 3190 1761 3260 peni-

106 3280 173 3328 tus
224 3279 463 3333 habeant
508 3285 853 3350 potestatem
914 3296 1086 3349 super
1142 3279 1421 3333 familiam
1471 3278 1763 3349 praedictas

106 3364 341 3433 Ecclesiae,
374 3369 483 3422 nisi
510 3372 571 3422 in
602 3370 769 3439 legali
802 3371 1030 3438 placito,
1080 3386 1209 3422 cum
1234 3368 1449 3438 judicio
1496 3368 1765 3421 scabino-

106 3462 283 3509 mmet
316 3457 648 3526 juramento
706 3458 1014 3511 liberorum
1086 3458 1412 3523 hominum,
1472 3456 1677 3527 aliquis
1707 3455 1766 3508 in

105 3556 154 3593 ea
185 3544 265 3597 fur
291 3561 409 3598 eSse
440 3546 818 3599 convincatur
860 3566 875 3612 ;
906 3552 961 3599 et
989 3546 1036 3599 si
1061 3547 1249 3615 palam
1272 3546 1329 3598 in
1374 3546 1525 3598 furto
1559 3545 1768 3613 depre—

107 3629 368 3697 hendatur,
423 3635 484 3688 in
549 3635 825 3703 compede
881 3634 1107 3687 comitis
1152 3634 1371 3687 interea
1424 3639 1765 3697 reservetur,

106 3717 249 3774 donec
269 3724 665 3777 scabinionnm
707 3722 946 3792 judicio,
991 3722 1047 3775 in
1081 3737 1183 3775 suo
1240 3722 1449 3791 placito
1497 3722 1649 3790 juste
1681 3720 1768 3774 di-

103 3806 391 3873 judicetur:
431 3812 569 3865 illos
626 3827 759 3864 vero
803 3813 869 3864 60
920 3811 1155 3875 solidos,
1206 3826 1348 3880 quos
1406 3826 1587 3880 usque
1620 3824 1773 3862 nunc

109 3895 279 3964 injusta
309 3904 361 3953 et
390 3899 777 3953 irrationabili
811 3900 936 3968 lege
996 3903 1352 3968 receperant,
1387 3898 1626 3951 omnino
1679 3897 1775 3949 in-

109 3986 420 4054 terdicimus,
477 3989 595 4042 nisi
656 3988 715 4041 in
768 3987 1014 4057 publicis
1064 3986 1405 4041 civitatibus.
1466 3988 1528 4039 Et
1565 3986 1611 4038 si
1643 3984 1773 4055 quis

113 4071 250 4141 hujus
278 4076 729 4131 conﬁrmationis
767 4081 1057 4147 praecepta
1080 4075 1397 4138 violaverit,
1431 4076 1517 4127 vel
1569 4081 1778 4127 nostrae

114 4165 499 4219 constitutionis
530 4172 915 4235 transgressor
958 4164 1256 4229 exstiterit,
1298 4164 1344 4215 si
1392 4163 1536 4215 liber
1581 4168 1683 4227 est,
1722 4178 1781 4215 ιιι

116 4249 191 4303 lib.
220 4254 331 4306 auri
366 4255 436 4308 ad
470 4260 724 4308 nostram
760 4269 1047 4307 cameram
1090 4252 1397 4322 persolvat,
1452 4252 1539 4304 sin
1590 4257 1778 4304 autem

115 4354 295 4407 servus,
327 4343 555 4396 corium
604 4348 659 4396 et
716 4342 952 4412 capillos
983 4341 1226 4394 amittat.
1269 4340 1377 4394 Sed
1429 4345 1494 4393 ut
1524 4340 1644 4393 haec
1677 4356 1781 4391 au—

116 4429 311 4484 ctoritas
364 4432 537 4486 ﬁrma
604 4431 941 4501 stabilisque
1006 4429 1067 4483 in
1134 4437 1478 4500 perpetuum
1533 4433 1781 4492 maneat,

118 4531 260 4573 manu
288 4522 526 4590 propria
548 4520 748 4574 subtus
792 4520 1213 4585 annotavimus,
1275 4517 1566 4587 nostrique
1613 4515 1785 4587 sigilli

117 4602 459 4675 impressione
481 4610 823 4680 consignare
855 4608 1252 4680 praecepimus.

173 4696 295 4750 Data
324 4716 373 4750 v.
424 4699 549 4754 Kal.
606 4698 868 4767 Augusti,
912 4697 1105 4751 indict.
1157 4713 1254 4761 xu,
1313 4712 1465 4748 anno
1498 4696 1655 4748 Dom.
1692 4692 1783 4746 in-

116 4787 430 4840 carnationis
469 4788 625 4849 1014,
667 4802 819 4839 anno
854 4802 987 4839 vero
1036 4785 1232 4839 domui
1286 4783 1533 4837 Heinrici
1585 4798 1788 4836 secun-

117 4870 163 4923 di
180 4875 326 4943 regni
356 4892 477 4940 xui,
519 4874 752 4945 imperii
782 4880 975 4929 autem
999 4891 1034 4927 ι.

171 4964 359 5018 Actum
390 4963 644 5019 Mersfelt
664 4963 723 5016 in
739 4964 839 5017 Dei
871 4962 1107 5016 nomine
1131 4959 1390 5015 feliciter.

826 5051 1041 5106 LXXXI.

123 5117 304 5176 Litterae
328 5125 383 5179 S.
427 5124 696 5177 Heinrici
742 5124 939 5191 quibus
979 5122 1258 5175 abbatiam
1311 5120 1377 5173 de
1430 5118 1793 5175 Schwarzach

183 5194 341 5246 tradit
370 5194 761 5263 possidendam
830 5195 1181 5246 Werenhario
1238 5194 1481 5260 episcopo
1532 5192 1789 5258 Argenti-

177 5267 315 5317 nensi
332 5271 382 5318 et
408 5265 806 5319 successoribus
836 5266 973 5332 ejus.

754 5338 939 5398 (Anno
966 5336 1147 5399 1014.)

438 5406 607 5477 [θαιι.
643 5407 867 5471 Christ.,
900 5407 959 5469 V,
994 5407 1278 5471 lustrum,
1312 5401 1465 5473 469.]

183 5491 485 5549 lnnomine
530 5499 733 5549 sancta:
786 5500 843 5549 et
865 5493 1175 5548 individuus
1213 5491 1522 5554 Trinitatis,
1582 5489 1793 5546 Heum-

126 5592 222 5647 crs,
254 5581 441 5638 divina
470 5584 695 5641 favente
717 5583 1041 5651 clementia,
1074 5598 1192 5637 rex.

1870 3109 2138 3179 praefatus
2200 3110 2497 3179 episcopus
2543 3108 2923 3162 Verenharius
2971 3106 3174 3176 suique
3215 3114 3567 3156 successores

1872 3199 2111 3251 liberam
2162 3199 2231 3251 de
2280 3198 2480 3251 eadem
2516 3198 2743 3251 abbatia
2804 3195 3070 3265 deinceps
3111 3193 3362 3246 habeant
3408 3192 3567 3259 pote-

1873 3293 2077 3341 statem
2124 3288 2336 3358 absque
2385 3287 2542 3339 omni
2592 3300 2967 3356 personarum
3010 3280 3455 3336 contradictione
3516 3279 3571 3329 et

1876 3376 2267 3429 molestatione
2312 3375 2660 3446 possidendi,
2724 3381 2781 3427 et
2818 3374 2877 3427 in
2928 3389 3060 3425 usus
3106 3370 3359 3424 ecclesia:
3402 3365 3569 3436 quid-

1877 3464 2016 3533 quid
2048 3464 2182 3517 inde
2203 3464 2309 3516 sibi
2340 3464 2515 3517 libeat
2536 3464 2804 3516 omnibus
2835 3460 3015 3515 modis
3071 3458 3336 3514 faciendi.
3401 3456 3463 3509 Et
3510 3456 3574 3506 ut

1878 3553 1999 3605 11830
2030 3558 2239 3607 nostrae
2301 3552 2623 3605 traditionis
2662 3552 2966 3605 auctoritas
3017 3548 3237 3602 stabilis
3274 3552 3329 3599 et
3372 3545 3571 3596 incon-

1879 3642 2038 3693 vulsa
2071 3646 2421 3710 permaneat,
2482 3641 2629 3694 hanc
2682 3637 2954 3709 praecepti
3040 3636 3219 3689 nostri
3303 3632 3575 3705 paginam

1882 3730 2039 3798 regio
2075 3746 2229 3783 more
2263 3770 2275 3782 .
2324 3770 2335 3780 .
2378 3768 2393 3783 .
2442 3772 2451 3782 .
2500 3769 2511 3781 .
2549 3734 2604 3781 et
2633 3734 2763 3798 post
2784 3726 3159 3795 conscriptam
3213 3738 3387 3776 manu
3436 3735 3573 3788 pro—

1885 3818 2007 3887 pria
2037 3818 2396 3884 roborantes,
2438 3816 2610 3887 sigilli
2645 3815 2826 3869 nostri
2873 3812 3255 3883 impressione
3305 3805 3574 3877 insigniri

1881 3907 2179 3978 jussimus.

1958 3996 2184 4062 Signum
2212 3995 2419 4048 domini
2443 3994 2681 4048 Henrici
2709 3994 2850 4059 regis
2880 3990 3258 4045 invictissimi.

1961 4085 2302 4141 Suncelinus
2383 4083 2753 4136 cancellarins
2817 4081 2935 4135 vice
2979 4074 3422 4148 archicapellani
3491 4076 3583 4129 Er-

1892 4173 2196 4229 chanboldi
2226 4171 2551 4241 recognovi.

1963 4263 2105 4315 Data
2134 4277 2221 4314 XVI
2268 4262 2389 4315 Kal.
2459 4257 2767 4322 Februarii,
2822 4256 2963 4311 feria
3019 4272 3101 4321 ιιι,
3134 4254 3272 4308 luna
3329 4269 3399 4319 1v,
3432 4266 3584 4305 anno

1895 4352 1963 4405 ab
1992 4350 2383 4404 incarnatione
2412 4348 2710 4402 Dominica
2746 4348 2900 4412 1014,
2925 4344 3123 4399 indict.
3142 4360 3240 4411 xu,
3271 4358 3423 4395 anno
3451 4355 3586 4393 vero

1895 4438 2117 4494 domini
2139 4437 2365 4492 Henrici
2387 4437 2536 4507 regis
2565 4454 2661 4490 xu.

1964 4532 2167 4582 Actum
2210 4526 2417 4597 Papias.

2635 4613 2876 4668 LXXXII.

1896 4709 1954 4763 S.
2010 4707 2239 4760 Henrici
2304 4705 2570 4759 sententia
2628 4707 2815 4756 contra
2870 4702 3085 4755 comites
3150 4705 3200 4752 et
3256 4697 3592 4751 marchiones

1970 4781 2235 4843 Estenses,
2264 4778 2439 4845 ipsius
2470 4777 2694 4843 imperio
2729 4773 3099 4841 obtemperare
3119 4774 3443 4824 recusantes.

2539 4865 2721 4932 (Anno
2777 4860 2954 4929 1014.)

2260 4951 2482 5025 [Lunig.
2516 4950 2645 5007 Cod.
2687 4950 2935 5019 diplom.,
2970 4948 3009 5011 Ι,
3050 4944 3230 5016 1523.]

1973 5046 2036 5099 In
2075 5042 2309 5097 nomine
2342 5045 2549 5094 sanctas
2580 5045 2637 5093 et
2676 5038 2985 5092 individuus
3039 5032 3350 5095 Trinitatis,
3382 5032 3596 5086 Heum-

1903 5150 2027 5198 cus,
2057 5133 2278 5185 favente
2307 5129 2497 5184 divina
2531 5129 2856 5192 clementia,
2907 5126 3300 5179 Romanorum
3347 5120 3593 5191 impera-

1903 5229 1994 5277 tor
2024 5225 2333 5288 Augustus.

1982 5312 2184 5365 Notum
2216 5324 2335 5361 esse
2368 5307 2630 5360 volumus
2672 5301 2953 5358 universis
2990 5304 3199 5353 sancta:
3266 5298 3367 5353 Dei
3409 5297 3596 5351 Eccle-

1906 5399 2003 5452 siae
2034 5397 2298 5451 ﬁdelibus
2359 5396 2628 5451 Ubertum
2677 5390 2966 5453 comitem,
3008 5388 3193 5443 ﬁlium
3229 5384 3599 5456 Hildeprandi

1908 5487 2204 5542 Othertum
2264 5485 2651 5539 marchionem
2682 5487 2739 5534 et
2794 5478 2978 5533 ﬁlium
3027 5481 3169 5549 ejus,
3204 5482 3261 5531 et
3304 5477 3599 5531 Albertum

1908 5578 2180 5649 nepotem
2210 5574 2381 5641 illius,
2415 5577 2719 5647 postquam
2752 5585 2855 5626 nos
2882 5568 2940 5625 in
2968 5584 3163 5643 regem
3202 5572 3258 5621 et
3288 5567 3603 5640 imperato-
