  <div class='ocr_page' id='page_1' title='image "/cluster/home/n/w/nwhite01/storage/ocr_20150623/140/hvd.32044054760004/165.png"; bbox 0 0 3914 6190; ppageno 0'>
   <div class='ocr_carea' id='block_1_1' title="bbox 346 266 450 318">
    <p class='ocr_par' dir='ltr' id='par_1_1' title="bbox 346 266 450 318">
     <span class='ocr_line' id='line_1_1' title="bbox 346 266 450 318; baseline -0.029 0"><span class='ocrx_word' id='word_1_1' title='bbox 346 266 450 318; x_wconf 85' lang='grc'><strong>319</strong></span> 
     </span>
    </p>
   </div>
   <div class='ocr_carea' id='block_1_2' title="bbox 1647 260 3771 320">
    <p class='ocr_par' dir='ltr' id='par_1_2' title="bbox 1647 260 3771 320">
     <span class='ocr_line' id='line_1_2' title="bbox 1647 260 3771 320; baseline -0.001 -4"><span class='ocrx_word' id='word_1_2' title='bbox 1647 265 1700 316; x_wconf 90' lang='lat' dir='ltr'><strong>S.</strong></span> <span class='ocrx_word' id='word_1_3' title='bbox 1748 262 2031 317; x_wconf 79' lang='lat' dir='ltr'><strong>[IENRICI</strong></span> <span class='ocrx_word' id='word_1_4' title='bbox 2074 260 2546 317; x_wconf 72' lang='lat' dir='ltr'><strong>IMPERATORIS</strong></span> <span class='ocrx_word' id='word_1_5' title='bbox 3692 271 3771 320; x_wconf 73' lang='lat'><strong>320</strong></span> 
     </span>
    </p>
   </div>
   <div class='ocr_carea' id='block_1_3' title="bbox 344 380 3772 458">
    <p class='ocr_par' dir='ltr' id='par_1_3' title="bbox 344 380 3772 458">
     <span class='ocr_line' id='line_1_3' title="bbox 344 380 3772 458; baseline 0 -17"><span class='ocrx_word' id='word_1_6' title='bbox 344 404 466 441; x_wconf 88' lang='lat' dir='ltr'><strong>rem</strong></span> <span class='ocrx_word' id='word_1_7' title='bbox 489 389 804 456; x_wconf 86' lang='lat' dir='ltr'><strong>elegerunt,</strong></span> <span class='ocrx_word' id='word_1_8' title='bbox 840 392 896 441; x_wconf 89' lang='lat' dir='ltr'><strong>et</strong></span> <span class='ocrx_word' id='word_1_9' title='bbox 920 393 1051 458; x_wconf 90' lang='lat' dir='ltr'><strong>post</strong></span> <span class='ocrx_word' id='word_1_10' title='bbox 1093 404 1299 442; x_wconf 91' lang='lat' dir='ltr'><strong>manus</strong></span> <span class='ocrx_word' id='word_1_11' title='bbox 1326 387 1493 441; x_wconf 92' lang='lat' dir='ltr'><strong>nobis</strong></span> <span class='ocrx_word' id='word_1_12' title='bbox 1550 386 1708 440; x_wconf 88' lang='lat' dir='ltr'><strong>datas</strong></span> <span class='ocrx_word' id='word_1_13' title='bbox 1747 391 1804 438; x_wconf 91' lang='lat' dir='ltr'><strong>et</strong></span> <span class='ocrx_word' id='word_1_14' title='bbox 1851 401 2036 439; x_wconf 89' lang='lat' dir='ltr'><strong>sacra-</strong></span> <span class='ocrx_word' id='word_1_15' title='bbox 2069 388 2110 439; x_wconf 82' lang='lat' dir='ltr'><strong>A</strong></span> <span class='ocrx_word' id='word_1_16' title='bbox 2151 385 2509 439; x_wconf 85' lang='lat' dir='ltr'><strong>firmavimus</strong></span> <span class='ocrx_word' id='word_1_17' title='bbox 2567 388 2623 436; x_wconf 89' lang='lat' dir='ltr'><strong>et</strong></span> <span class='ocrx_word' id='word_1_18' title='bbox 2651 385 2849 436; x_wconf 89' lang='lat' dir='ltr'><strong>nostro</strong></span> <span class='ocrx_word' id='word_1_19' title='bbox 2891 381 3082 447; x_wconf 82' lang='lat' dir='ltr'><strong>sigillo</strong></span> <span class='ocrx_word' id='word_1_20' title='bbox 3131 380 3392 450; x_wconf 77' lang='lat' dir='ltr'><strong>insigniri</strong></span> <span class='ocrx_word' id='word_1_21' title='bbox 3435 386 3772 455; x_wconf 68' lang='lat' dir='ltr'><strong>praecepimus.</strong></span> 
     </span>
    </p>
   </div>
   <div class='ocr_carea' id='block_1_4' title="bbox 343 473 2035 545">
    <p class='ocr_par' dir='ltr' id='par_1_4' title="bbox 343 473 2035 545">
     <span class='ocr_line' id='line_1_4' title="bbox 343 473 2035 545; baseline -0.004 -14"><span class='ocrx_word' id='word_1_22' title='bbox 343 481 537 531; x_wconf 89' lang='lat' dir='ltr'><strong>menta</strong></span> <span class='ocrx_word' id='word_1_23' title='bbox 561 475 726 530; x_wconf 90' lang='lat' dir='ltr'><strong>nobis</strong></span> <span class='ocrx_word' id='word_1_24' title='bbox 759 476 924 542; x_wconf 87' lang='lat' dir='ltr'><strong>facta,</strong></span> <span class='ocrx_word' id='word_1_25' title='bbox 981 493 1109 531; x_wconf 90' lang='lat' dir='ltr'><strong>cum</strong></span> <span class='ocrx_word' id='word_1_26' title='bbox 1139 477 1234 530; x_wconf 86' lang='lat' dir='ltr'><strong>Dei</strong></span> <span class='ocrx_word' id='word_1_27' title='bbox 1271 483 1582 545; x_wconf 88' lang='lat' dir='ltr'><strong>nostroque</strong></span> <span class='ocrx_word' id='word_1_28' title='bbox 1638 473 1872 527; x_wconf 91' lang='lat' dir='ltr'><strong>inimico</strong></span> <span class='ocrx_word' id='word_1_29' title='bbox 1931 477 2035 527; x_wconf 84' lang='lat' dir='ltr'><strong>Ar-</strong></span> 
     </span>
    </p>
   </div>
   <div class='ocr_carea' id='block_1_5' title="bbox 337 562 2034 633">
    <p class='ocr_par' dir='ltr' id='par_1_5' title="bbox 337 562 2034 633">
     <span class='ocr_line' id='line_1_5' title="bbox 337 562 2034 633; baseline -0.004 -14"><span class='ocrx_word' id='word_1_30' title='bbox 337 565 518 619; x_wconf 88' lang='lat' dir='ltr'><strong>duino</strong></span> <span class='ocrx_word' id='word_1_31' title='bbox 551 579 793 633; x_wconf 85' lang='lat' dir='ltr'><strong>regnum</strong></span> <span class='ocrx_word' id='word_1_32' title='bbox 827 571 1087 619; x_wconf 90' lang='lat' dir='ltr'><strong>nostrum</strong></span> <span class='ocrx_word' id='word_1_33' title='bbox 1135 565 1441 619; x_wconf 81' lang='lat' dir='ltr'><strong>invasisse:</strong></span> <span class='ocrx_word' id='word_1_34' title='bbox 1491 563 1740 633; x_wconf 83' lang='lat' dir='ltr'><strong>rapinas,</strong></span> <span class='ocrx_word' id='word_1_35' title='bbox 1792 562 2034 632; x_wconf 59' lang='lat' dir='ltr'><strong>praedas,</strong></span> 
     </span>
    </p>
   </div>
   <div class='ocr_carea' id='block_1_6' title="bbox 339 651 2038 724">
    <p class='ocr_par' dir='ltr' id='par_1_6' title="bbox 339 651 2038 724">
     <span class='ocr_line' id='line_1_6' title="bbox 339 651 2038 724; baseline -0.002 -17"><span class='ocrx_word' id='word_1_36' title='bbox 339 652 754 707; x_wconf 87' lang='lat' dir='ltr'><strong>devastationes</strong></span> <span class='ocrx_word' id='word_1_37' title='bbox 783 653 1000 724; x_wconf 89' lang='lat' dir='ltr'><strong>ubique</strong></span> <span class='ocrx_word' id='word_1_38' title='bbox 1021 654 1219 708; x_wconf 76' lang='lat' dir='ltr'><strong>fecisse</strong></span> <span class='ocrx_word' id='word_1_39' title='bbox 1245 670 1258 718; x_wconf 91' lang='lat'><strong>;</strong></span> <span class='ocrx_word' id='word_1_40' title='bbox 1293 659 1370 718; x_wconf 91' lang='lat' dir='ltr'><strong>et,</strong></span> <span class='ocrx_word' id='word_1_41' title='bbox 1403 652 1555 722; x_wconf 89' lang='lat' dir='ltr'><strong>quod</strong></span> <span class='ocrx_word' id='word_1_42' title='bbox 1580 653 1702 704; x_wconf 88' lang='lat' dir='ltr'><strong>sine</strong></span> <span class='ocrx_word' id='word_1_43' title='bbox 1733 651 1889 705; x_wconf 92' lang='lat' dir='ltr'><strong>luctu</strong></span> <span class='ocrx_word' id='word_1_44' title='bbox 1921 667 2038 704; x_wconf 90' lang='lat' dir='ltr'><strong>non</strong></span> 
     </span>
    </p>
   </div>
   <div class='ocr_carea' id='block_1_7' title="bbox 341 740 2038 810">
    <p class='ocr_par' dir='ltr' id='par_1_7' title="bbox 341 740 2038 810">
     <span class='ocr_line' id='line_1_7' title="bbox 341 740 2038 810; baseline -0.001 -15"><span class='ocrx_word' id='word_1_45' title='bbox 341 747 424 795; x_wconf 88' lang='lat' dir='ltr'><strong>est</strong></span> <span class='ocrx_word' id='word_1_46' title='bbox 473 741 799 806; x_wconf 89' lang='lat' dir='ltr'><strong>dicendum,</strong></span> <span class='ocrx_word' id='word_1_47' title='bbox 879 742 1168 796; x_wconf 90' lang='lat' dir='ltr'><strong>territoria</strong></span> <span class='ocrx_word' id='word_1_48' title='bbox 1238 748 1294 794; x_wconf 92' lang='lat' dir='ltr'><strong>et</strong></span> <span class='ocrx_word' id='word_1_49' title='bbox 1352 740 1720 810; x_wconf 87' lang='lat' dir='ltr'><strong>pertinentias</strong></span> <span class='ocrx_word' id='word_1_50' title='bbox 1779 740 2038 794; x_wconf 89' lang='lat' dir='ltr'><strong>omnium</strong></span> 
     </span>
    </p>
   </div>
   <div class='ocr_carea' id='block_1_8' title="bbox 342 828 2036 898">
    <p class='ocr_par' dir='ltr' id='par_1_8' title="bbox 342 828 2036 898">
     <span class='ocr_line' id='line_1_8' title="bbox 342 828 2036 898; baseline -0.001 -16"><span class='ocrx_word' id='word_1_51' title='bbox 342 830 708 883; x_wconf 82' lang='lat' dir='ltr'><strong>ecclesiarum</strong></span> <span class='ocrx_word' id='word_1_52' title='bbox 741 829 1142 883; x_wconf 77' lang='lat' dir='ltr'><strong>miserabiliter</strong></span> <span class='ocrx_word' id='word_1_53' title='bbox 1174 829 1335 883; x_wconf 86' lang='lat' dir='ltr'><strong>bonis</strong></span> <span class='ocrx_word' id='word_1_54' title='bbox 1357 828 1625 882; x_wconf 85' lang='lat' dir='ltr'><strong>omnibus</strong></span> <span class='ocrx_word' id='word_1_55' title='bbox 1667 829 2036 898; x_wconf 81' lang='lat' dir='ltr'><strong>exspoliasse.</strong></span> 
     </span>
    </p>
   </div>
   <div class='ocr_carea' id='block_1_9' title="bbox 347 916 2040 988">
    <p class='ocr_par' dir='ltr' id='par_1_9' title="bbox 347 916 2040 988">
     <span class='ocr_line' id='line_1_9' title="bbox 347 916 2040 988; baseline -0.003 -16"><span class='ocrx_word' id='word_1_56' title='bbox 347 919 580 988; x_wconf 77' lang='lat' dir='ltr'><strong>Magnus</strong></span> <span class='ocrx_word' id='word_1_57' title='bbox 611 918 788 985; x_wconf 90' lang='lat' dir='ltr'><strong>dolor,</strong></span> <span class='ocrx_word' id='word_1_58' title='bbox 826 918 1038 972; x_wconf 90' lang='lat' dir='ltr'><strong>nimius</strong></span> <span class='ocrx_word' id='word_1_59' title='bbox 1076 919 1282 981; x_wconf 88' lang='lat' dir='ltr'><strong>luctus,</strong></span> <span class='ocrx_word' id='word_1_60' title='bbox 1324 917 1580 970; x_wconf 87' lang='lat' dir='ltr'><strong>inaudita</strong></span> <span class='ocrx_word' id='word_1_61' title='bbox 1633 917 1790 969; x_wconf 88' lang='lat' dir='ltr'><strong>intus</strong></span> <span class='ocrx_word' id='word_1_62' title='bbox 1821 922 1878 970; x_wconf 87' lang='lat' dir='ltr'><strong>et</strong></span> <span class='ocrx_word' id='word_1_63' title='bbox 1903 916 2040 970; x_wconf 88' lang='lat' dir='ltr'><strong>foris</strong></span> 
     </span>
    </p>
   </div>
   <div class='ocr_carea' id='block_1_10' title="bbox 341 1005 2038 1073">
    <p class='ocr_par' dir='ltr' id='par_1_10' title="bbox 341 1005 2038 1073">
     <span class='ocr_line' id='line_1_10' title="bbox 341 1005 2038 1073; baseline 0 -15"><span class='ocrx_word' id='word_1_64' title='bbox 341 1005 736 1059; x_wconf 73' lang='lat' dir='ltr'><strong>desolatiOESi</strong></span> <span class='ocrx_word' id='word_1_65' title='bbox 793 1022 929 1073; x_wconf 86' lang='lat' dir='ltr'><strong>ergo</strong></span> <span class='ocrx_word' id='word_1_66' title='bbox 976 1006 1054 1060; x_wconf 90' lang='lat' dir='ltr'><strong>ita</strong></span> <span class='ocrx_word' id='word_1_67' title='bbox 1103 1006 1408 1060; x_wconf 80' lang='lat' dir='ltr'><strong>destructis</strong></span> <span class='ocrx_word' id='word_1_68' title='bbox 1453 1005 1706 1058; x_wconf 88' lang='lat' dir='ltr'><strong>ecclesiis</strong></span> <span class='ocrx_word' id='word_1_69' title='bbox 1738 1005 2038 1058; x_wconf 89' lang='lat' dir='ltr'><strong>subeveni-</strong></span> 
     </span>
    </p>
   </div>
   <div class='ocr_carea' id='block_1_11' title="bbox 342 1093 2041 1163">
    <p class='ocr_par' dir='ltr' id='par_1_11' title="bbox 342 1093 2041 1163">
     <span class='ocr_line' id='line_1_11' title="bbox 342 1093 2041 1163; baseline 0.001 -19"><span class='ocrx_word' id='word_1_70' title='bbox 342 1098 454 1156; x_wconf 88' lang='lat' dir='ltr'><strong>tur,</strong></span> <span class='ocrx_word' id='word_1_71' title='bbox 488 1093 639 1162; x_wconf 86' lang='lat' dir='ltr'><strong>quod</strong></span> <span class='ocrx_word' id='word_1_72' title='bbox 679 1095 789 1147; x_wconf 85' lang='lat' dir='ltr'><strong>Deo</strong></span> <span class='ocrx_word' id='word_1_73' title='bbox 821 1094 1088 1162; x_wconf 77' lang='lat' dir='ltr'><strong>placebit,</strong></span> <span class='ocrx_word' id='word_1_74' title='bbox 1126 1095 1266 1147; x_wconf 85' lang='lat' dir='ltr'><strong>nulli</strong></span> <span class='ocrx_word' id='word_1_75' title='bbox 1309 1094 1594 1147; x_wconf 90' lang='lat' dir='ltr'><strong>bonorum</strong></span> <span class='ocrx_word' id='word_1_76' title='bbox 1617 1094 2041 1163; x_wconf 83' lang='lat' dir='ltr'><strong>displicendum</strong></span> 
     </span>
    </p>
   </div>
   <div class='ocr_carea' id='block_1_12' title="bbox 343 1182 2042 1257">
    <p class='ocr_par' dir='ltr' id='par_1_12' title="bbox 343 1182 2042 1257">
     <span class='ocr_line' id='line_1_12' title="bbox 343 1182 2042 1257; baseline -0.001 -23"><span class='ocrx_word' id='word_1_77' title='bbox 343 1183 468 1235; x_wconf 90' lang='lat' dir='ltr'><strong>erit.</strong></span> <span class='ocrx_word' id='word_1_78' title='bbox 504 1182 756 1238; x_wconf 85' lang='lat' dir='ltr'><strong>Consilio</strong></span> <span class='ocrx_word' id='word_1_79' title='bbox 784 1198 921 1257; x_wconf 86' lang='lat' dir='ltr'><strong>ergo</strong></span> <span class='ocrx_word' id='word_1_80' title='bbox 954 1199 1083 1236; x_wconf 91' lang='lat' dir='ltr'><strong>cum</strong></span> <span class='ocrx_word' id='word_1_81' title='bbox 1116 1183 1314 1236; x_wconf 88' lang='lat' dir='ltr'><strong>amicis</strong></span> <span class='ocrx_word' id='word_1_82' title='bbox 1381 1182 1480 1235; x_wconf 88' lang='lat' dir='ltr'><strong>Dei</strong></span> <span class='ocrx_word' id='word_1_83' title='bbox 1528 1183 1748 1245; x_wconf 87' lang='lat' dir='ltr'><strong>habito,</strong></span> <span class='ocrx_word' id='word_1_84' title='bbox 1795 1185 2042 1235; x_wconf 81' lang='lat' dir='ltr'><strong>scrutata</strong></span> 
     </span>
    </p>
   </div>
   <div class='ocr_carea' id='block_1_13' title="bbox 341 1269 2036 1340">
    <p class='ocr_par' dir='ltr' id='par_1_13' title="bbox 341 1269 2036 1340">
     <span class='ocr_line' id='line_1_13' title="bbox 341 1269 2036 1340; baseline 0 -18"><span class='ocrx_word' id='word_1_85' title='bbox 341 1275 398 1323; x_wconf 91' lang='lat' dir='ltr'><strong>et</strong></span> <span class='ocrx_word' id='word_1_86' title='bbox 427 1270 657 1323; x_wconf 89' lang='lat' dir='ltr'><strong>inventa</strong></span> <span class='ocrx_word' id='word_1_87' title='bbox 685 1275 770 1323; x_wconf 90' lang='lat' dir='ltr'><strong>est</strong></span> <span class='ocrx_word' id='word_1_88' title='bbox 822 1272 908 1323; x_wconf 88' lang='lat' dir='ltr'><strong>lex</strong></span> <span class='ocrx_word' id='word_1_89' title='bbox 971 1270 1503 1340; x_wconf 89' lang='lat' dir='ltr'><strong>Longobardorum,</strong></span> <span class='ocrx_word' id='word_1_90' title='bbox 1541 1287 1670 1340; x_wconf 79' lang='lat' dir='ltr'><strong>qua:</strong></span> <span class='ocrx_word' id='word_1_91' title='bbox 1721 1270 1800 1323; x_wconf 89' lang='lat' dir='ltr'><strong>ita</strong></span> <span class='ocrx_word' id='word_1_92' title='bbox 1825 1269 1992 1339; x_wconf 85' lang='lat' dir='ltr'><strong>jubet</strong></span> <span class='ocrx_word' id='word_1_93' title='bbox 2025 1287 2036 1322; x_wconf 94' lang='lat'>:</span> 
     </span>
    </p>
   </div>
   <div class='ocr_carea' id='block_1_14' title="bbox 344 1357 2043 1428">
    <p class='ocr_par' dir='ltr' id='par_1_14' title="bbox 344 1357 2043 1428">
     <span class='ocr_line' id='line_1_14' title="bbox 344 1357 2043 1428; baseline 0.002 -21"><span class='ocrx_word' id='word_1_94' title='bbox 344 1377 371 1407; x_wconf 73' lang='grc' dir='ltr'>α</span> <span class='ocrx_word' id='word_1_95' title='bbox 404 1357 460 1410; x_wconf 88' lang='lat' dir='ltr'><strong>Si</strong></span> <span class='ocrx_word' id='word_1_96' title='bbox 493 1358 621 1428; x_wconf 88' lang='lat' dir='ltr'><strong>quis</strong></span> <span class='ocrx_word' id='word_1_97' title='bbox 664 1363 862 1412; x_wconf 90' lang='lat' dir='ltr'><strong>contra</strong></span> <span class='ocrx_word' id='word_1_98' title='bbox 903 1359 1156 1411; x_wconf 91' lang='lat' dir='ltr'><strong>animam</strong></span> <span class='ocrx_word' id='word_1_99' title='bbox 1209 1358 1358 1427; x_wconf 92' lang='lat' dir='ltr'><strong>regis</strong></span> <span class='ocrx_word' id='word_1_100' title='bbox 1388 1357 1742 1427; x_wconf 80' lang='lat' dir='ltr'><strong>cogitaverit,</strong></span> <span class='ocrx_word' id='word_1_101' title='bbox 1784 1363 1882 1410; x_wconf 90' lang='lat' dir='ltr'><strong>aut</strong></span> <span class='ocrx_word' id='word_1_102' title='bbox 1909 1373 2043 1410; x_wconf 90' lang='lat' dir='ltr'><strong>con-</strong></span> 
     </span>
    </p>
   </div>
   <div class='ocr_carea' id='block_1_15' title="bbox 341 1444 2042 1514">
    <p class='ocr_par' dir='ltr' id='par_1_15' title="bbox 341 1444 2042 1514">
     <span class='ocr_line' id='line_1_15' title="bbox 341 1444 2042 1514; baseline 0 -18"><span class='ocrx_word' id='word_1_103' title='bbox 341 1444 560 1498; x_wconf 89' lang='lat' dir='ltr'><strong>siliatus</strong></span> <span class='ocrx_word' id='word_1_104' title='bbox 584 1446 756 1498; x_wconf 85' lang='lat' dir='ltr'><strong>fuerit</strong></span> <span class='ocrx_word' id='word_1_105' title='bbox 776 1447 985 1499; x_wconf 79' lang='lat' dir='ltr'><strong>animae</strong></span> <span class='ocrx_word' id='word_1_106' title='bbox 1038 1462 1178 1507; x_wconf 77' lang='lat' dir='ltr'><strong>suae,</strong></span> <span class='ocrx_word' id='word_1_107' title='bbox 1212 1445 1466 1498; x_wconf 89' lang='lat' dir='ltr'><strong>incurrat</strong></span> <span class='ocrx_word' id='word_1_108' title='bbox 1519 1445 1835 1514; x_wconf 89' lang='lat' dir='ltr'><strong>periculum</strong></span> <span class='ocrx_word' id='word_1_109' title='bbox 1870 1449 1924 1498; x_wconf 90' lang='lat' dir='ltr'><strong>et</strong></span> <span class='ocrx_word' id='word_1_110' title='bbox 1955 1460 2042 1497; x_wconf 92' lang='lat' dir='ltr'><strong>res</strong></span> 
     </span>
    </p>
   </div>
   <div class='ocr_carea' id='block_1_16' title="bbox 341 1533 2039 1602">
    <p class='ocr_par' dir='ltr' id='par_1_16' title="bbox 341 1533 2039 1602">
     <span class='ocr_line' id='line_1_16' title="bbox 341 1533 2039 1602; baseline 0.001 -18"><span class='ocrx_word' id='word_1_111' title='bbox 341 1533 497 1586; x_wconf 89' lang='lat' dir='ltr'><strong>illius</strong></span> <span class='ocrx_word' id='word_1_112' title='bbox 519 1533 870 1588; x_wconf 83' lang='lat' dir='ltr'><strong>inﬁscentur.</strong></span> <span class='ocrx_word' id='word_1_113' title='bbox 904 1554 932 1584; x_wconf 69' lang='lat' dir='ltr'><strong>ia</strong></span> <span class='ocrx_word' id='word_1_114' title='bbox 986 1533 1307 1588; x_wconf 91' lang='lat' dir='ltr'><strong>Secundum</strong></span> <span class='ocrx_word' id='word_1_115' title='bbox 1367 1533 1546 1602; x_wconf 81' lang='lat' dir='ltr'><strong>igitur</strong></span> <span class='ocrx_word' id='word_1_116' title='bbox 1592 1534 1777 1601; x_wconf 80' lang='lat' dir='ltr'><strong>legem</strong></span> <span class='ocrx_word' id='word_1_117' title='bbox 1819 1549 2039 1599; x_wconf 89' lang='lat' dir='ltr'><strong>eorum,</strong></span> 
     </span>
    </p>
   </div>
   <div class='ocr_carea' id='block_1_17' title="bbox 343 1621 2039 1692">
    <p class='ocr_par' dir='ltr' id='par_1_17' title="bbox 343 1621 2039 1692">
     <span class='ocr_line' id='line_1_17' title="bbox 343 1621 2039 1692; baseline 0.001 -20"><span class='ocrx_word' id='word_1_118' title='bbox 343 1624 540 1673; x_wconf 90' lang='lat' dir='ltr'><strong>nostra</strong></span> <span class='ocrx_word' id='word_1_119' title='bbox 564 1621 796 1690; x_wconf 89' lang='lat' dir='ltr'><strong>propria</strong></span> <span class='ocrx_word' id='word_1_120' title='bbox 825 1627 960 1675; x_wconf 90' lang='lat' dir='ltr'><strong>sunt</strong></span> <span class='ocrx_word' id='word_1_121' title='bbox 989 1621 1183 1674; x_wconf 87' lang='lat' dir='ltr'><strong>omnia</strong></span> <span class='ocrx_word' id='word_1_122' title='bbox 1214 1621 1364 1674; x_wconf 90' lang='lat' dir='ltr'><strong>bona</strong></span> <span class='ocrx_word' id='word_1_123' title='bbox 1405 1621 1684 1690; x_wconf 87' lang='lat' dir='ltr'><strong>ipsorum,</strong></span> <span class='ocrx_word' id='word_1_124' title='bbox 1740 1621 1876 1692; x_wconf 89' lang='lat' dir='ltr'><strong>quia</strong></span> <span class='ocrx_word' id='word_1_125' title='bbox 1921 1638 2039 1674; x_wconf 87' lang='lat' dir='ltr'><strong>ma-</strong></span> 
     </span>
    </p>
   </div>
   <div class='ocr_carea' id='block_1_18' title="bbox 345 1708 2041 1780">
    <p class='ocr_par' dir='ltr' id='par_1_18' title="bbox 345 1708 2041 1780">
     <span class='ocr_line' id='line_1_18' title="bbox 345 1708 2041 1780; baseline 0.002 -20"><span class='ocrx_word' id='word_1_126' title='bbox 345 1708 613 1761; x_wconf 89' lang='lat' dir='ltr'><strong>nifestum</strong></span> <span class='ocrx_word' id='word_1_127' title='bbox 656 1716 742 1763; x_wconf 81' lang='lat' dir='ltr'><strong>est</strong></span> <span class='ocrx_word' id='word_1_128' title='bbox 770 1711 919 1780; x_wconf 76' lang='lat' dir='ltr'><strong>ipsos</strong></span> <span class='ocrx_word' id='word_1_129' title='bbox 964 1716 1159 1764; x_wconf 88' lang='lat' dir='ltr'><strong>contra</strong></span> <span class='ocrx_word' id='word_1_130' title='bbox 1217 1726 1319 1762; x_wconf 89' lang='lat' dir='ltr'><strong>nos</strong></span> <span class='ocrx_word' id='word_1_131' title='bbox 1371 1726 1485 1762; x_wconf 93' lang='lat' dir='ltr'><strong>non</strong></span> <span class='ocrx_word' id='word_1_132' title='bbox 1533 1711 1716 1762; x_wconf 85' lang='lat' dir='ltr'><strong>solum</strong></span> <span class='ocrx_word' id='word_1_133' title='bbox 1769 1710 2041 1778; x_wconf 80' lang='lat' dir='ltr'><strong>cogitasse</strong></span> 
     </span>
    </p>
   </div>
   <div class='ocr_carea' id='block_1_19' title="bbox 343 1797 2044 1864">
    <p class='ocr_par' dir='ltr' id='par_1_19' title="bbox 343 1797 2044 1864">
     <span class='ocr_line' id='line_1_19' title="bbox 343 1797 2044 1864; baseline 0.002 -16"><span class='ocrx_word' id='word_1_134' title='bbox 343 1802 440 1850; x_wconf 89' lang='lat' dir='ltr'><strong>aut</strong></span> <span class='ocrx_word' id='word_1_135' title='bbox 479 1797 810 1852; x_wconf 71' lang='lat' dir='ltr'><strong>&#39;consiliatos</strong></span> <span class='ocrx_word' id='word_1_136' title='bbox 853 1799 1070 1864; x_wconf 82' lang='lat' dir='ltr'><strong>fuisset,</strong></span> <span class='ocrx_word' id='word_1_137' title='bbox 1114 1799 1210 1853; x_wconf 91' lang='lat' dir='ltr'><strong>sed</strong></span> <span class='ocrx_word' id='word_1_138' title='bbox 1261 1799 1430 1852; x_wconf 90' lang='lat' dir='ltr'><strong>etiam</strong></span> <span class='ocrx_word' id='word_1_139' title='bbox 1485 1815 1659 1851; x_wconf 89' lang='lat' dir='ltr'><strong>ausus</strong></span> <span class='ocrx_word' id='word_1_140' title='bbox 1714 1799 1958 1851; x_wconf 87' lang='lat' dir='ltr'><strong>nefarios</strong></span> <span class='ocrx_word' id='word_1_141' title='bbox 1988 1805 2044 1851; x_wconf 90' lang='lat' dir='ltr'><strong>et</strong></span> 
     </span>
    </p>
   </div>
   <div class='ocr_carea' id='block_1_20' title="bbox 345 1885 2043 1957">
    <p class='ocr_par' dir='ltr' id='par_1_20' title="bbox 345 1885 2043 1957">
     <span class='ocr_line' id='line_1_20' title="bbox 345 1885 2043 1957; baseline 0.001 -20"><span class='ocrx_word' id='word_1_142' title='bbox 345 1888 579 1937; x_wconf 89' lang='lat' dir='ltr'><strong>conatus</strong></span> <span class='ocrx_word' id='word_1_143' title='bbox 609 1885 868 1955; x_wconf 88' lang='lat' dir='ltr'><strong>impuros</strong></span> <span class='ocrx_word' id='word_1_144' title='bbox 895 1903 1067 1956; x_wconf 89' lang='lat' dir='ltr'><strong>opere</strong></span> <span class='ocrx_word' id='word_1_145' title='bbox 1122 1887 1457 1952; x_wconf 70' lang='lat' dir='ltr'><strong>exercuiSse,</strong></span> <span class='ocrx_word' id='word_1_146' title='bbox 1504 1891 1558 1940; x_wconf 89' lang='lat' dir='ltr'><strong>et</strong></span> <span class='ocrx_word' id='word_1_147' title='bbox 1611 1886 1840 1957; x_wconf 89' lang='lat' dir='ltr'><strong>publice</strong></span> <span class='ocrx_word' id='word_1_148' title='bbox 1893 1887 2043 1940; x_wconf 90' lang='lat' dir='ltr'><strong>bella</strong></span> 
     </span>
    </p>
   </div>
   <div class='ocr_carea' id='block_1_21' title="bbox 344 1977 1062 2043">
    <p class='ocr_par' dir='ltr' id='par_1_21' title="bbox 344 1977 1062 2043">
     <span class='ocr_line' id='line_1_21' title="bbox 344 1977 1062 2043; baseline 0.004 -18"><span class='ocrx_word' id='word_1_149' title='bbox 344 1977 543 2026; x_wconf 91' lang='lat' dir='ltr'><strong>contra</strong></span> <span class='ocrx_word' id='word_1_150' title='bbox 565 1989 664 2026; x_wconf 91' lang='lat' dir='ltr'><strong>nos</strong></span> <span class='ocrx_word' id='word_1_151' title='bbox 688 1990 1062 2043; x_wconf 68' lang='lat' dir='ltr'><strong>praeparasse.</strong></span> 
     </span>
    </p>
   </div>
   <div class='ocr_carea' id='block_1_22' title="bbox 412 2061 2042 2134">
    <p class='ocr_par' dir='ltr' id='par_1_22' title="bbox 412 2061 2042 2134">
     <span class='ocr_line' id='line_1_22' title="bbox 412 2061 2042 2134; baseline 0.003 -22"><span class='ocrx_word' id='word_1_152' title='bbox 412 2061 556 2124; x_wconf 88' lang='lat' dir='ltr'><strong>Quia</strong></span> <span class='ocrx_word' id='word_1_153' title='bbox 586 2078 721 2132; x_wconf 87' lang='lat' dir='ltr'><strong>ergo</strong></span> <span class='ocrx_word' id='word_1_154' title='bbox 752 2063 974 2132; x_wconf 81' lang='lat' dir='ltr'><strong>legibus</strong></span> <span class='ocrx_word' id='word_1_155' title='bbox 1011 2080 1213 2117; x_wconf 90' lang='lat' dir='ltr'><strong>eorum</strong></span> <span class='ocrx_word' id='word_1_156' title='bbox 1263 2069 1461 2118; x_wconf 88' lang='lat' dir='ltr'><strong>nostra</strong></span> <span class='ocrx_word' id='word_1_157' title='bbox 1488 2069 1622 2119; x_wconf 89' lang='lat' dir='ltr'><strong>sunt</strong></span> <span class='ocrx_word' id='word_1_158' title='bbox 1671 2065 1822 2118; x_wconf 90' lang='lat' dir='ltr'><strong>bona</strong></span> <span class='ocrx_word' id='word_1_159' title='bbox 1879 2064 2042 2134; x_wconf 88' lang='lat' dir='ltr'><strong>ipso-</strong></span> 
     </span>
    </p>
   </div>
   <div class='ocr_carea' id='block_1_23' title="bbox 345 2151 2041 2223">
    <p class='ocr_par' dir='ltr' id='par_1_23' title="bbox 345 2151 2041 2223">
     <span class='ocr_line' id='line_1_23' title="bbox 345 2151 2041 2223; baseline 0.002 -21"><span class='ocrx_word' id='word_1_160' title='bbox 345 2165 498 2215; x_wconf 88' lang='lat' dir='ltr'><strong>rum,</strong></span> <span class='ocrx_word' id='word_1_161' title='bbox 526 2151 775 2205; x_wconf 84' lang='lat' dir='ltr'><strong>ecclesiae</strong></span> <span class='ocrx_word' id='word_1_162' title='bbox 824 2152 1012 2206; x_wconf 86' lang='lat' dir='ltr'><strong>Sancti</strong></span> <span class='ocrx_word' id='word_1_163' title='bbox 1040 2152 1169 2222; x_wconf 84' lang='lat' dir='ltr'><strong>Cyri</strong></span> <span class='ocrx_word' id='word_1_164' title='bbox 1215 2152 1468 2223; x_wconf 85' lang='lat' dir='ltr'><strong>episcopi</strong></span> <span class='ocrx_word' id='word_1_165' title='bbox 1500 2153 1834 2217; x_wconf 89' lang='lat' dir='ltr'><strong>Ticinensis,</strong></span> <span class='ocrx_word' id='word_1_166' title='bbox 1867 2169 2041 2223; x_wconf 90' lang='lat' dir='ltr'><strong>quam</strong></span> 
     </span>
    </p>
   </div>
   <div class='ocr_carea' id='block_1_24' title="bbox 346 2237 2044 2311">
    <p class='ocr_par' dir='ltr' id='par_1_24' title="bbox 346 2237 2044 2311">
     <span class='ocr_line' id='line_1_24' title="bbox 346 2237 2044 2311; baseline 0.002 -21"><span class='ocrx_word' id='word_1_167' title='bbox 346 2237 456 2305; x_wconf 88' lang='lat' dir='ltr'><strong>ipsi</strong></span> <span class='ocrx_word' id='word_1_168' title='bbox 495 2237 553 2290; x_wconf 92' lang='lat' dir='ltr'><strong>in</strong></span> <span class='ocrx_word' id='word_1_169' title='bbox 584 2239 700 2292; x_wconf 90' lang='lat' dir='ltr'><strong>suis</strong></span> <span class='ocrx_word' id='word_1_170' title='bbox 728 2240 1090 2309; x_wconf 89' lang='lat' dir='ltr'><strong>pertinentiis</strong></span> <span class='ocrx_word' id='word_1_171' title='bbox 1137 2241 1268 2310; x_wconf 85' lang='lat' dir='ltr'><strong>igne</strong></span> <span class='ocrx_word' id='word_1_172' title='bbox 1299 2245 1356 2294; x_wconf 92' lang='lat' dir='ltr'><strong>et</strong></span> <span class='ocrx_word' id='word_1_173' title='bbox 1406 2241 1624 2311; x_wconf 84' lang='lat' dir='ltr'><strong>rapinis</strong></span> <span class='ocrx_word' id='word_1_174' title='bbox 1671 2242 2044 2295; x_wconf 83' lang='lat' dir='ltr'><strong>vehementer</strong></span> 
     </span>
    </p>
   </div>
   <div class='ocr_carea' id='block_1_25' title="bbox 344 2325 2044 2398">
    <p class='ocr_par' dir='ltr' id='par_1_25' title="bbox 344 2325 2044 2398">
     <span class='ocr_line' id='line_1_25' title="bbox 344 2325 2044 2398; baseline 0.002 -19"><span class='ocrx_word' id='word_1_175' title='bbox 344 2325 800 2394; x_wconf 89' lang='lat' dir='ltr'><strong>devastaverunt,</strong></span> <span class='ocrx_word' id='word_1_176' title='bbox 859 2327 928 2382; x_wconf 91' lang='lat' dir='ltr'><strong>de</strong></span> <span class='ocrx_word' id='word_1_177' title='bbox 979 2329 1208 2398; x_wconf 70' lang='lat' dir='ltr'><strong>praediis</strong></span> <span class='ocrx_word' id='word_1_178' title='bbox 1256 2345 1456 2382; x_wconf 90' lang='lat' dir='ltr'><strong>eorum</strong></span> <span class='ocrx_word' id='word_1_179' title='bbox 1505 2334 1726 2398; x_wconf 90' lang='lat' dir='ltr'><strong>partem</strong></span> <span class='ocrx_word' id='word_1_180' title='bbox 1771 2330 1906 2384; x_wconf 88' lang='lat' dir='ltr'><strong>dare</strong></span> <span class='ocrx_word' id='word_1_181' title='bbox 1954 2345 2044 2382; x_wconf 87' lang='lat' dir='ltr'><strong>v0-</strong></span> 
     </span>
    </p>
   </div>
   <div class='ocr_carea' id='block_1_26' title="bbox 344 2413 2045 2488">
    <p class='ocr_par' dir='ltr' id='par_1_26' title="bbox 344 2413 2045 2488">
     <span class='ocr_line' id='line_1_26' title="bbox 344 2413 2045 2488; baseline 0.003 -23"><span class='ocrx_word' id='word_1_182' title='bbox 344 2413 557 2478; x_wconf 89' lang='lat' dir='ltr'><strong>lumus,</strong></span> <span class='ocrx_word' id='word_1_183' title='bbox 594 2419 658 2468; x_wconf 88' lang='lat' dir='ltr'><strong>ut</strong></span> <span class='ocrx_word' id='word_1_184' title='bbox 708 2415 787 2468; x_wconf 91' lang='lat' dir='ltr'><strong>sic</strong></span> <span class='ocrx_word' id='word_1_185' title='bbox 843 2417 932 2470; x_wconf 92' lang='lat' dir='ltr'><strong>vel</strong></span> <span class='ocrx_word' id='word_1_186' title='bbox 966 2417 1026 2470; x_wconf 91' lang='lat' dir='ltr'><strong>in</strong></span> <span class='ocrx_word' id='word_1_187' title='bbox 1076 2419 1268 2488; x_wconf 89' lang='lat' dir='ltr'><strong>aliquo</strong></span> <span class='ocrx_word' id='word_1_188' title='bbox 1312 2417 1848 2486; x_wconf 86' lang='lat' dir='ltr'><strong>recompensatione</strong></span> <span class='ocrx_word' id='word_1_189' title='bbox 1896 2418 2045 2472; x_wconf 88' lang='lat' dir='ltr'><strong>facta</strong></span> 
     </span>
    </p>
   </div>
   <div class='ocr_carea' id='block_1_27' title="bbox 343 2501 2045 2576">
    <p class='ocr_par' dir='ltr' id='par_1_27' title="bbox 343 2501 2045 2576">
     <span class='ocr_line' id='line_1_27' title="bbox 343 2501 2045 2576; baseline 0.003 -23"><span class='ocrx_word' id='word_1_190' title='bbox 343 2501 701 2555; x_wconf 84' lang='lat' dir='ltr'><strong>tolerabilius</strong></span> <span class='ocrx_word' id='word_1_191' title='bbox 749 2503 908 2558; x_wconf 89' lang='lat' dir='ltr'><strong>illata</strong></span> <span class='ocrx_word' id='word_1_192' title='bbox 939 2506 1126 2558; x_wconf 82' lang='lat' dir='ltr'><strong>valeat</strong></span> <span class='ocrx_word' id='word_1_193' title='bbox 1154 2505 1433 2559; x_wconf 90' lang='lat' dir='ltr'><strong>sustinere</strong></span> <span class='ocrx_word' id='word_1_194' title='bbox 1492 2506 1816 2576; x_wconf 85' lang='lat' dir='ltr'><strong>dispendia,</strong></span> <span class='ocrx_word' id='word_1_195' title='bbox 1863 2506 2045 2560; x_wconf 92' lang='lat' dir='ltr'><strong>donec</strong></span> 
     </span>
    </p>
   </div>
   <div class='ocr_carea' id='block_1_28' title="bbox 345 2589 2040 2663">
    <p class='ocr_par' dir='ltr' id='par_1_28' title="bbox 345 2589 2040 2663">
     <span class='ocr_line' id='line_1_28' title="bbox 345 2589 2040 2663; baseline 0.003 -21"><span class='ocrx_word' id='word_1_196' title='bbox 345 2589 460 2642; x_wconf 89' lang='lat' dir='ltr'><strong>Deo</strong></span> <span class='ocrx_word' id='word_1_197' title='bbox 519 2589 771 2644; x_wconf 88' lang='lat' dir='ltr'><strong>donante</strong></span> <span class='ocrx_word' id='word_1_198' title='bbox 839 2593 1146 2646; x_wconf 85' lang='lat' dir='ltr'><strong>commoda</strong></span> <span class='ocrx_word' id='word_1_199' title='bbox 1221 2593 1330 2648; x_wconf 87' lang='lat' dir='ltr'><strong>sibi</strong></span> <span class='ocrx_word' id='word_1_200' title='bbox 1397 2599 1757 2648; x_wconf 85' lang='lat' dir='ltr'><strong>succrescant</strong></span> <span class='ocrx_word' id='word_1_201' title='bbox 1801 2594 2040 2663; x_wconf 88' lang='lat' dir='ltr'><strong>majora.</strong></span> 
     </span>
    </p>
   </div>
   <div class='ocr_carea' id='block_1_29' title="bbox 342 2676 2045 2750">
    <p class='ocr_par' dir='ltr' id='par_1_29' title="bbox 342 2676 2045 2750">
     <span class='ocr_line' id='line_1_29' title="bbox 342 2676 2045 2750; baseline 0.003 -21"><span class='ocrx_word' id='word_1_202' title='bbox 342 2677 497 2730; x_wconf 81' lang='lat' dir='ltr'><strong>Juste</strong></span> <span class='ocrx_word' id='word_1_203' title='bbox 529 2676 705 2747; x_wconf 88' lang='lat' dir='ltr'><strong>igitur</strong></span> <span class='ocrx_word' id='word_1_204' title='bbox 732 2684 788 2732; x_wconf 90' lang='lat' dir='ltr'><strong>et</strong></span> <span class='ocrx_word' id='word_1_205' title='bbox 815 2681 1080 2750; x_wconf 80' lang='lat' dir='ltr'><strong>legaliter</strong></span> <span class='ocrx_word' id='word_1_206' title='bbox 1127 2681 1331 2734; x_wconf 88' lang='lat' dir='ltr'><strong>damus</strong></span> <span class='ocrx_word' id='word_1_207' title='bbox 1377 2682 1482 2736; x_wconf 89' lang='lat' dir='ltr'><strong>sibi</strong></span> <span class='ocrx_word' id='word_1_208' title='bbox 1513 2681 1583 2735; x_wconf 90' lang='lat' dir='ltr'><strong>de</strong></span> <span class='ocrx_word' id='word_1_209' title='bbox 1622 2682 1792 2735; x_wconf 90' lang='lat' dir='ltr'><strong>rebus</strong></span> <span class='ocrx_word' id='word_1_210' title='bbox 1850 2681 2045 2736; x_wconf 90' lang='lat' dir='ltr'><strong>Uberti</strong></span> 
     </span>
    </p>
   </div>
   <div class='ocr_carea' id='block_1_30' title="bbox 344 2764 2042 2840">
    <p class='ocr_par' dir='ltr' id='par_1_30' title="bbox 344 2764 2042 2840">
     <span class='ocr_line' id='line_1_30' title="bbox 344 2764 2042 2840; baseline 0.002 -22"><span class='ocrx_word' id='word_1_211' title='bbox 344 2764 447 2818; x_wconf 79' lang='lat' dir='ltr'><strong>filii</strong></span> <span class='ocrx_word' id='word_1_212' title='bbox 496 2766 865 2838; x_wconf 72' lang='lat' dir='ltr'><strong>Hildeprandi</strong></span> <span class='ocrx_word' id='word_1_213' title='bbox 923 2771 1216 2823; x_wconf 84' lang='lat' dir='ltr'><strong>castellum</strong></span> <span class='ocrx_word' id='word_1_214' title='bbox 1266 2771 1335 2823; x_wconf 90' lang='lat' dir='ltr'><strong>de</strong></span> <span class='ocrx_word' id='word_1_215' title='bbox 1384 2772 1612 2824; x_wconf 90' lang='lat' dir='ltr'><strong>Cerreto</strong></span> <span class='ocrx_word' id='word_1_216' title='bbox 1657 2776 1714 2824; x_wconf 88' lang='lat' dir='ltr'><strong>et</strong></span> <span class='ocrx_word' id='word_1_217' title='bbox 1752 2769 2042 2840; x_wconf 88' lang='lat' dir='ltr'><strong>Vulparia,</strong></span> 
     </span>
    </p>
   </div>
   <div class='ocr_carea' id='block_1_31' title="bbox 343 2857 2044 2928">
    <p class='ocr_par' dir='ltr' id='par_1_31' title="bbox 343 2857 2044 2928">
     <span class='ocr_line' id='line_1_31' title="bbox 343 2857 2044 2928; baseline 0.002 -22"><span class='ocrx_word' id='word_1_218' title='bbox 343 2869 471 2907; x_wconf 90' lang='lat' dir='ltr'><strong>cum</strong></span> <span class='ocrx_word' id='word_1_219' title='bbox 495 2857 761 2908; x_wconf 85' lang='lat' dir='ltr'><strong>omnibus</strong></span> <span class='ocrx_word' id='word_1_220' title='bbox 782 2873 982 2910; x_wconf 89' lang='lat' dir='ltr'><strong>eorum</strong></span> <span class='ocrx_word' id='word_1_221' title='bbox 1005 2857 1340 2927; x_wconf 89' lang='lat' dir='ltr'><strong>adjacentiis</strong></span> <span class='ocrx_word' id='word_1_222' title='bbox 1371 2859 1437 2911; x_wconf 94' lang='lat' dir='ltr'><strong>ad</strong></span> <span class='ocrx_word' id='word_1_223' title='bbox 1467 2859 1671 2928; x_wconf 83' lang='lat' dir='ltr'><strong>jugera</strong></span> <span class='ocrx_word' id='word_1_224' title='bbox 1701 2858 1885 2910; x_wconf 88' lang='lat' dir='ltr'><strong>millia</strong></span> <span class='ocrx_word' id='word_1_225' title='bbox 1913 2873 2044 2910; x_wconf 90' lang='lat' dir='ltr'><strong>cum</strong></span> 
     </span>
    </p>
   </div>
   <div class='ocr_carea' id='block_1_32' title="bbox 2217 471 3776 542">
    <p class='ocr_par' dir='ltr' id='par_1_32' title="bbox 2217 471 3776 542">
     <span class='ocr_line' id='line_1_32' title="bbox 2217 471 3776 542; baseline 0.001 -14"><span class='ocrx_word' id='word_1_226' title='bbox 2217 475 2444 541; x_wconf 82' lang='lat' dir='ltr'><strong>Signum</strong></span> <span class='ocrx_word' id='word_1_227' title='bbox 2496 472 2704 526; x_wconf 81' lang='lat' dir='ltr'><strong>domini</strong></span> <span class='ocrx_word' id='word_1_228' title='bbox 2781 471 3001 526; x_wconf 84' lang='lat' dir='ltr'><strong>Henrici</strong></span> <span class='ocrx_word' id='word_1_229' title='bbox 3077 472 3416 524; x_wconf 71' lang='lat' dir='ltr'><strong>invictissimi</strong></span> <span class='ocrx_word' id='word_1_230' title='bbox 3488 475 3776 542; x_wconf 82' lang='lat' dir='ltr'><strong>imperatoris</strong></span> 
     </span>
    </p>
   </div>
   <div class='ocr_carea' id='block_1_33' title="bbox 2148 551 3354 628">
    <p class='ocr_par' dir='ltr' id='par_1_33' title="bbox 2148 551 3354 628">
     <span class='ocr_line' id='line_1_33' title="bbox 2148 551 3354 628; baseline -0.012 -10"><span class='ocrx_word' id='word_1_231' title='bbox 2148 563 2408 628; x_wconf 76' lang='lat' dir='ltr'><strong>Augusti.</strong></span> <span class='ocrx_word' id='word_1_232' title='bbox 3348 551 3354 556; x_wconf 83' lang='grc'><em>’</em></span> 
     </span>
    </p>
   </div>
   <div class='ocr_carea' id='block_1_34' title="bbox 2220 647 3783 719">
    <p class='ocr_par' dir='ltr' id='par_1_34' title="bbox 2220 647 3783 719">
     <span class='ocr_line' id='line_1_34' title="bbox 2220 647 3783 719; baseline 0 -16"><span class='ocrx_word' id='word_1_233' title='bbox 2220 651 2494 704; x_wconf 77' lang='lat' dir='ltr'><strong>Henricus</strong></span> <span class='ocrx_word' id='word_1_234' title='bbox 2523 648 2895 702; x_wconf 88' lang='lat' dir='ltr'><strong>cancellarius</strong></span> <span class='ocrx_word' id='word_1_235' title='bbox 2944 647 3063 701; x_wconf 89' lang='lat' dir='ltr'><strong>vice</strong></span> <span class='ocrx_word' id='word_1_236' title='bbox 3092 647 3321 702; x_wconf 84' lang='lat' dir='ltr'><strong>Evrardi</strong></span> <span class='ocrx_word' id='word_1_237' title='bbox 3377 647 3606 719; x_wconf 82' lang='lat' dir='ltr'><strong>episcopi</strong></span> <span class='ocrx_word' id='word_1_238' title='bbox 3643 655 3692 703; x_wconf 87' lang='lat' dir='ltr'><strong>et</strong></span> <span class='ocrx_word' id='word_1_239' title='bbox 3717 667 3783 703; x_wconf 83' lang='lat' dir='ltr'><strong>ar-</strong></span> 
     </span>
    </p>
   </div>
   <div class='ocr_carea' id='block_1_35' title="bbox 2149 737 2903 808">
    <p class='ocr_par' dir='ltr' id='par_1_35' title="bbox 2149 737 2903 808">
     <span class='ocr_line' id='line_1_35' title="bbox 2149 737 2903 808; baseline -0.001 -16"><span class='ocrx_word' id='word_1_240' title='bbox 2149 738 2522 808; x_wconf 88' lang='lat' dir='ltr'><strong>chicapellani</strong></span> <span class='ocrx_word' id='word_1_241' title='bbox 2555 737 2903 805; x_wconf 86' lang='lat' dir='ltr'><strong>recognovit.</strong></span> 
     </span>
    </p>
   </div>
   <div class='ocr_carea' id='block_1_36' title="bbox 2225 824 3780 890">
    <p class='ocr_par' dir='ltr' id='par_1_36' title="bbox 2225 824 3780 890">
     <span class='ocr_line' id='line_1_36' title="bbox 2225 824 3780 890; baseline -0.002 -9"><span class='ocrx_word' id='word_1_242' title='bbox 2225 829 2452 881; x_wconf 86' lang='lat' dir='ltr'><strong>Factum</strong></span> <span class='ocrx_word' id='word_1_243' title='bbox 2486 843 2635 879; x_wconf 90' lang='lat' dir='ltr'><strong>anno</strong></span> <span class='ocrx_word' id='word_1_244' title='bbox 2678 825 3089 878; x_wconf 87' lang='lat' dir='ltr'><strong>incarnationis</strong></span> <span class='ocrx_word' id='word_1_245' title='bbox 3144 824 3448 878; x_wconf 70' lang='lat' dir='ltr'><strong>Dominicaa</strong></span> <span class='ocrx_word' id='word_1_246' title='bbox 3497 827 3634 890; x_wconf 83' lang='grc'>1013,</span> <span class='ocrx_word' id='word_1_247' title='bbox 3663 825 3780 878; x_wconf 88' lang='lat' dir='ltr'><strong>indi-</strong></span> 
     </span>
    </p>
   </div>
   <div class='ocr_carea' id='block_1_37' title="bbox 2150 912 3786 984">
    <p class='ocr_par' dir='ltr' id='par_1_37' title="bbox 2150 912 3786 984">
     <span class='ocr_line' id='line_1_37' title="bbox 2150 912 3786 984; baseline -0.002 -15"><span class='ocrx_word' id='word_1_248' title='bbox 2150 917 2338 970; x_wconf 89' lang='lat' dir='ltr'><strong>ctione</strong></span> <span class='ocrx_word' id='word_1_249' title='bbox 2367 933 2463 980; x_wconf 85' lang='lat' dir='ltr'><strong>xu,</strong></span> <span class='ocrx_word' id='word_1_250' title='bbox 2498 932 2646 969; x_wconf 91' lang='lat' dir='ltr'><strong>anno</strong></span> <span class='ocrx_word' id='word_1_251' title='bbox 2677 931 2810 968; x_wconf 87' lang='lat' dir='ltr'><strong>vero</strong></span> <span class='ocrx_word' id='word_1_252' title='bbox 2840 914 3060 967; x_wconf 89' lang='lat' dir='ltr'><strong>domini</strong></span> <span class='ocrx_word' id='word_1_253' title='bbox 3093 913 3316 968; x_wconf 77' lang='lat' dir='ltr'><strong>Henrici</strong></span> <span class='ocrx_word' id='word_1_254' title='bbox 3348 912 3676 984; x_wconf 84' lang='lat' dir='ltr'><strong>imperatoris</strong></span> <span class='ocrx_word' id='word_1_255' title='bbox 3695 920 3786 967; x_wconf 84' lang='lat' dir='ltr'><strong>Au-</strong></span> 
     </span>
    </p>
   </div>
   <div class='ocr_carea' id='block_1_38' title="bbox 2152 1002 3310 1074">
    <p class='ocr_par' dir='ltr' id='par_1_38' title="bbox 2152 1002 3310 1074">
     <span class='ocr_line' id='line_1_38' title="bbox 2152 1002 3310 1074; baseline -0.002 -18"><span class='ocrx_word' id='word_1_256' title='bbox 2152 1005 2323 1074; x_wconf 88' lang='lat' dir='ltr'><strong>gusti,</strong></span> <span class='ocrx_word' id='word_1_257' title='bbox 2346 1004 2507 1072; x_wconf 86' lang='lat' dir='ltr'><strong>regni</strong></span> <span class='ocrx_word' id='word_1_258' title='bbox 2539 1021 2658 1070; x_wconf 83' lang='lat' dir='ltr'><strong>xui,</strong></span> <span class='ocrx_word' id='word_1_259' title='bbox 2685 1003 2914 1073; x_wconf 87' lang='lat' dir='ltr'><strong>imperii</strong></span> <span class='ocrx_word' id='word_1_260' title='bbox 2943 1019 3076 1056; x_wconf 88' lang='lat' dir='ltr'><strong>vero</strong></span> <span class='ocrx_word' id='word_1_261' title='bbox 3108 1002 3310 1073; x_wconf 91' lang='lat' dir='ltr'><strong>primo.</strong></span> 
     </span>
    </p>
   </div>
   <div class='ocr_carea' id='block_1_39' title="bbox 2222 1093 2674 1163">
    <p class='ocr_par' dir='ltr' id='par_1_39' title="bbox 2222 1093 2674 1163">
     <span class='ocr_line' id='line_1_39' title="bbox 2222 1093 2674 1163; baseline -0.004 -15"><span class='ocrx_word' id='word_1_262' title='bbox 2222 1096 2424 1148; x_wconf 82' lang='lat' dir='ltr'><strong>Actum</strong></span> <span class='ocrx_word' id='word_1_263' title='bbox 2452 1093 2674 1163; x_wconf 87' lang='lat' dir='ltr'><strong>Soleya.</strong></span> 
     </span>
    </p>
   </div>
   <div class='ocr_carea' id='block_1_40' title="bbox 2873 1180 3137 1234">
    <p class='ocr_par' dir='ltr' id='par_1_40' title="bbox 2873 1180 3137 1234">
     <span class='ocr_line' id='line_1_40' title="bbox 2873 1180 3137 1234; baseline -0.004 0"><span class='ocrx_word' id='word_1_264' title='bbox 2873 1180 3137 1234; x_wconf 77' lang='lat' dir='ltr'><strong>LXXXIII.</strong></span> 
     </span>
    </p>
   </div>
   <div class='ocr_carea' id='block_1_41' title="bbox 2153 1267 3786 1339">
    <p class='ocr_par' dir='ltr' id='par_1_41' title="bbox 2153 1267 3786 1339">
     <span class='ocr_line' id='line_1_41' title="bbox 2153 1267 3786 1339; baseline -0.005 -12"><span class='ocrx_word' id='word_1_265' title='bbox 2153 1272 2208 1327; x_wconf 90' lang='lat' dir='ltr'><strong>S.</strong></span> <span class='ocrx_word' id='word_1_266' title='bbox 2273 1271 2551 1323; x_wconf 81' lang='lat' dir='ltr'><strong>Henricus</strong></span> <span class='ocrx_word' id='word_1_267' title='bbox 2613 1271 2919 1339; x_wconf 81' lang='lat' dir='ltr'><strong>imperator</strong></span> <span class='ocrx_word' id='word_1_268' title='bbox 2971 1268 3140 1320; x_wconf 84' lang='lat' dir='ltr'><strong>donat</strong></span> <span class='ocrx_word' id='word_1_269' title='bbox 3165 1267 3422 1339; x_wconf 59' lang='grc' dir='ltr'><strong>⁸αὸὸςιεήςια)</strong></span> <span class='ocrx_word' id='word_1_270' title='bbox 3459 1267 3510 1322; x_wconf 92' lang='lat' dir='ltr'><strong>S.</strong></span> <span class='ocrx_word' id='word_1_271' title='bbox 3558 1267 3786 1320; x_wconf 76' lang='lat' dir='ltr'><strong>Michaelis</strong></span> 
     </span>
    </p>
   </div>
   <div class='ocr_carea' id='block_1_42' title="bbox 2220 1337 3732 1410">
    <p class='ocr_par' dir='ltr' id='par_1_42' title="bbox 2220 1337 3732 1410">
     <span class='ocr_line' id='line_1_42' title="bbox 2220 1337 3732 1410; baseline -0.003 -16"><span class='ocrx_word' id='word_1_272' title='bbox 2220 1340 2433 1410; x_wconf 74' lang='lat' dir='ltr'><strong>praedia</strong></span> <span class='ocrx_word' id='word_1_273' title='bbox 2463 1337 2711 1409; x_wconf 59' lang='lat' dir='ltr'><strong>quedam</strong></span> <span class='ocrx_word' id='word_1_274' title='bbox 2740 1345 2900 1392; x_wconf 68' lang='lat' dir='ltr'><strong>extra</strong></span> <span class='ocrx_word' id='word_1_275' title='bbox 2930 1339 3114 1391; x_wconf 89' lang='lat' dir='ltr'><strong>urbem</strong></span> <span class='ocrx_word' id='word_1_276' title='bbox 3155 1337 3589 1404; x_wconf 79' lang='lat' dir='ltr'><strong>Bumbergensem</strong></span> <span class='ocrx_word' id='word_1_277' title='bbox 3628 1340 3732 1390; x_wconf 84' lang='lat' dir='ltr'><strong>sita.</strong></span> 
     </span>
    </p>
   </div>
   <div class='ocr_carea' id='block_1_43' title="bbox 2809 1425 3214 1495">
    <p class='ocr_par' dir='ltr' id='par_1_43' title="bbox 2809 1425 3214 1495">
     <span class='ocr_line' id='line_1_43' title="bbox 2809 1425 3214 1495; baseline -0.002 -15"><span class='ocrx_word' id='word_1_278' title='bbox 2809 1430 2990 1494; x_wconf 78' lang='lat' dir='ltr'><strong>(Anno</strong></span> <span class='ocrx_word' id='word_1_279' title='bbox 3027 1425 3214 1495; x_wconf 80' lang='grc'><strong>1015.)</strong></span> 
     </span>
    </p>
   </div>
   <div class='ocr_carea' id='block_1_44' title="bbox 2443 1513 3550 1589">
    <p class='ocr_par' dir='ltr' id='par_1_44' title="bbox 2443 1513 3550 1589">
     <span class='ocr_line' id='line_1_44' title="bbox 2443 1513 3550 1589; baseline -0.005 -17"><span class='ocrx_word' id='word_1_280' title='bbox 2443 1516 2754 1589; x_wconf 82' lang='lat' dir='ltr'><strong>[Ludewig,</strong></span> <span class='ocrx_word' id='word_1_281' title='bbox 2779 1519 2982 1585; x_wconf 82' lang='lat' dir='ltr'><strong>Script.</strong></span> <span class='ocrx_word' id='word_1_282' title='bbox 3013 1532 3120 1570; x_wconf 85' lang='lat' dir='ltr'><strong>rer.</strong></span> <span class='ocrx_word' id='word_1_283' title='bbox 3157 1517 3357 1582; x_wconf 71' lang='lat' dir='ltr'><strong>Germ,</strong></span> <span class='ocrx_word' id='word_1_284' title='bbox 3381 1513 3550 1586; x_wconf 85' lang='lat'><strong>1118.]</strong></span> 
     </span>
    </p>
   </div>
   <div class='ocr_carea' id='block_1_45' title="bbox 2223 1620 3786 1684">
    <p class='ocr_par' dir='ltr' id='par_1_45' title="bbox 2223 1620 3786 1684">
     <span class='ocr_line' id='line_1_45' title="bbox 2223 1620 3786 1684; baseline -0.004 -6"><span class='ocrx_word' id='word_1_285' title='bbox 2223 1625 2287 1678; x_wconf 85' lang='lat' dir='ltr'><strong>In</strong></span> <span class='ocrx_word' id='word_1_286' title='bbox 2316 1624 2552 1678; x_wconf 89' lang='lat' dir='ltr'><strong>nomine</strong></span> <span class='ocrx_word' id='word_1_287' title='bbox 2585 1629 2795 1676; x_wconf 76' lang='lat' dir='ltr'><strong>sanctze</strong></span> <span class='ocrx_word' id='word_1_288' title='bbox 2829 1627 2886 1676; x_wconf 87' lang='lat' dir='ltr'><strong>et</strong></span> <span class='ocrx_word' id='word_1_289' title='bbox 2934 1621 3246 1675; x_wconf 69' lang='lat' dir='ltr'><strong>individuas</strong></span> <span class='ocrx_word' id='word_1_290' title='bbox 3276 1620 3585 1684; x_wconf 84' lang='lat' dir='ltr'><strong>Trinitatis,</strong></span> <span class='ocrx_word' id='word_1_291' title='bbox 3629 1621 3786 1674; x_wconf 67' lang='lat' dir='ltr'><strong>Harun-</strong></span> 
     </span>
    </p>
   </div>
   <div class='ocr_carea' id='block_1_46' title="bbox 2152 1709 3790 1786">
    <p class='ocr_par' dir='ltr' id='par_1_46' title="bbox 2152 1709 3790 1786">
     <span class='ocr_line' id='line_1_46' title="bbox 2152 1709 3790 1786; baseline -0.005 -18"><span class='ocrx_word' id='word_1_292' title='bbox 2152 1730 2270 1778; x_wconf 83' lang='lat' dir='ltr'><strong>cus,</strong></span> <span class='ocrx_word' id='word_1_293' title='bbox 2296 1713 2487 1767; x_wconf 90' lang='lat' dir='ltr'><strong>divina</strong></span> <span class='ocrx_word' id='word_1_294' title='bbox 2513 1713 2738 1767; x_wconf 84' lang='lat' dir='ltr'><strong>favente</strong></span> <span class='ocrx_word' id='word_1_295' title='bbox 2772 1711 3096 1786; x_wconf 73' lang='lat' dir='ltr'><strong>clementia,</strong></span> <span class='ocrx_word' id='word_1_296' title='bbox 3128 1709 3433 1774; x_wconf 89' lang='lat' dir='ltr'><strong>secundus,</strong></span> <span class='ocrx_word' id='word_1_297' title='bbox 3459 1709 3790 1762; x_wconf 80' lang='lat' dir='ltr'><strong>Romanorum</strong></span> 
     </span>
    </p>
   </div>
   <div class='ocr_carea' id='block_1_47' title="bbox 2150 1803 3642 1873">
    <p class='ocr_par' dir='ltr' id='par_1_47' title="bbox 2150 1803 3642 1873">
     <span class='ocr_line' id='line_1_47' title="bbox 2150 1803 3642 1873; baseline -0.005 -16"><span class='ocrx_word' id='word_1_298' title='bbox 2150 1803 2464 1873; x_wconf 88' lang='lat' dir='ltr'><strong>imperator</strong></span> <span class='ocrx_word' id='word_1_299' title='bbox 2485 1805 2799 1870; x_wconf 79' lang='lat' dir='ltr'><strong>Augustus.</strong></span> <span class='ocrx_word' id='word_1_300' title='bbox 3635 1843 3642 1850; x_wconf 84' lang='lat'><strong>.</strong></span> 
     </span>
    </p>
   </div>
   <div class='ocr_carea' id='block_1_48' title="bbox 2225 1885 3795 1947">
    <p class='ocr_par' dir='ltr' id='par_1_48' title="bbox 2225 1885 3795 1947">
     <span class='ocr_line' id='line_1_48' title="bbox 2225 1885 3795 1947; baseline -0.006 -2"><span class='ocrx_word' id='word_1_301' title='bbox 2225 1892 2398 1945; x_wconf 86' lang='lat' dir='ltr'><strong>Nosse</strong></span> <span class='ocrx_word' id='word_1_302' title='bbox 2421 1890 2683 1942; x_wconf 89' lang='lat' dir='ltr'><strong>volumus</strong></span> <span class='ocrx_word' id='word_1_303' title='bbox 2715 1887 3056 1941; x_wconf 85' lang='lat' dir='ltr'><strong>industriam</strong></span> <span class='ocrx_word' id='word_1_304' title='bbox 3092 1886 3578 1947; x_wconf 84' lang='lat' dir='ltr'><strong>Christiﬁdelium,</strong></span> <span class='ocrx_word' id='word_1_305' title='bbox 3608 1889 3706 1936; x_wconf 83' lang='lat' dir='ltr'><strong>tam</strong></span> <span class='ocrx_word' id='word_1_306' title='bbox 3730 1885 3795 1936; x_wconf 87' lang='lat' dir='ltr'><strong>fu-</strong></span> 
     </span>
    </p>
   </div>
   <div class='ocr_carea' id='block_1_49' title="bbox 2149 1972 3795 2049">
    <p class='ocr_par' dir='ltr' id='par_1_49' title="bbox 2149 1972 3795 2049">
     <span class='ocr_line' id='line_1_49' title="bbox 2149 1972 3795 2049; baseline -0.007 -15"><span class='ocrx_word' id='word_1_307' title='bbox 2149 1983 2414 2034; x_wconf 88' lang='lat' dir='ltr'><strong>turorum</strong></span> <span class='ocrx_word' id='word_1_308' title='bbox 2444 1993 2618 2049; x_wconf 90' lang='lat' dir='ltr'><strong>quam</strong></span> <span class='ocrx_word' id='word_1_309' title='bbox 2649 1977 3047 2046; x_wconf 78' lang='lat' dir='ltr'><strong>praesentium,</strong></span> <span class='ocrx_word' id='word_1_310' title='bbox 3083 1975 3233 2046; x_wconf 90' lang='lat' dir='ltr'><strong>quod</strong></span> <span class='ocrx_word' id='word_1_311' title='bbox 3258 1973 3541 2044; x_wconf 87' lang='lat' dir='ltr'><strong>imperiali</strong></span> <span class='ocrx_word' id='word_1_312' title='bbox 3563 1972 3795 2025; x_wconf 79' lang='lat' dir='ltr'><strong>sancimus</strong></span> 
     </span>
    </p>
   </div>
   <div class='ocr_carea' id='block_1_50' title="bbox 2150 2061 3794 2136">
    <p class='ocr_par' dir='ltr' id='par_1_50' title="bbox 2150 2061 3794 2136">
     <span class='ocr_line' id='line_1_50' title="bbox 2150 2061 3794 2136; baseline -0.006 -14"><span class='ocrx_word' id='word_1_313' title='bbox 2150 2068 2333 2122; x_wconf 89' lang='lat' dir='ltr'><strong>edicto</strong></span> <span class='ocrx_word' id='word_1_314' title='bbox 2364 2073 2428 2121; x_wconf 87' lang='lat' dir='ltr'><strong>ut</strong></span> <span class='ocrx_word' id='word_1_315' title='bbox 2448 2067 2505 2120; x_wconf 91' lang='lat' dir='ltr'><strong>in</strong></span> <span class='ocrx_word' id='word_1_316' title='bbox 2529 2065 2762 2136; x_wconf 63' lang='lat' dir='ltr'><strong>praediis</strong></span> <span class='ocrx_word' id='word_1_317' title='bbox 2792 2082 2934 2136; x_wconf 71' lang='lat' dir='ltr'><strong>quae.</strong></span> <span class='ocrx_word' id='word_1_318' title='bbox 2965 2064 3172 2119; x_wconf 64' lang='lat' dir='ltr'><strong>divinas</strong></span> <span class='ocrx_word' id='word_1_319' title='bbox 3233 2063 3448 2117; x_wconf 90' lang='lat' dir='ltr'><strong>intuitu</strong></span> <span class='ocrx_word' id='word_1_320' title='bbox 3485 2061 3708 2132; x_wconf 81' lang='lat' dir='ltr'><strong>pietatis,</strong></span> <span class='ocrx_word' id='word_1_321' title='bbox 3729 2076 3794 2112; x_wconf 80' lang='lat' dir='ltr'><strong>ec-</strong></span> 
     </span>
    </p>
   </div>
   <div class='ocr_carea' id='block_1_51' title="bbox 2151 2149 3797 2224">
    <p class='ocr_par' dir='ltr' id='par_1_51' title="bbox 2151 2149 3797 2224">
     <span class='ocr_line' id='line_1_51' title="bbox 2151 2149 3797 2224; baseline -0.007 -14"><span class='ocrx_word' id='word_1_322' title='bbox 2151 2156 2334 2210; x_wconf 67' lang='lat' dir='ltr'><strong>clesia:</strong></span> <span class='ocrx_word' id='word_1_323' title='bbox 2384 2156 2437 2210; x_wconf 92' lang='lat' dir='ltr'><strong>S.</strong></span> <span class='ocrx_word' id='word_1_324' title='bbox 2493 2154 2777 2208; x_wconf 85' lang='lat' dir='ltr'><strong>Michaelis</strong></span> <span class='ocrx_word' id='word_1_325' title='bbox 2826 2151 3261 2224; x_wconf 88' lang='lat' dir='ltr'><strong>Bambergensis</strong></span> <span class='ocrx_word' id='word_1_326' title='bbox 3315 2167 3428 2204; x_wconf 84' lang='lat' dir='ltr'><strong>una</strong></span> <span class='ocrx_word' id='word_1_327' title='bbox 3467 2167 3587 2203; x_wconf 91' lang='lat' dir='ltr'><strong>cum</strong></span> <span class='ocrx_word' id='word_1_328' title='bbox 3633 2149 3797 2202; x_wconf 82' lang='lat' dir='ltr'><strong>dilecta</strong></span> 
     </span>
    </p>
   </div>
   <div class='ocr_carea' id='block_1_52' title="bbox 2150 2242 3796 2313">
    <p class='ocr_par' dir='ltr' id='par_1_52' title="bbox 2150 2242 3796 2313">
     <span class='ocr_line' id='line_1_52' title="bbox 2150 2242 3796 2313; baseline -0.005 -16"><span class='ocrx_word' id='word_1_329' title='bbox 2150 2243 2390 2313; x_wconf 86' lang='lat' dir='ltr'><strong>conjuge</strong></span> <span class='ocrx_word' id='word_1_330' title='bbox 2422 2247 2616 2295; x_wconf 90' lang='lat' dir='ltr'><strong>nostra</strong></span> <span class='ocrx_word' id='word_1_331' title='bbox 2649 2242 3018 2313; x_wconf 72' lang='lat' dir='ltr'><strong>Cunegunda,</strong></span> <span class='ocrx_word' id='word_1_332' title='bbox 3071 2257 3174 2311; x_wconf 91' lang='lat' dir='ltr'><strong>pro</strong></span> <span class='ocrx_word' id='word_1_333' title='bbox 3221 2244 3572 2303; x_wconf 88' lang='lat' dir='ltr'><strong>nostrarum,</strong></span> <span class='ocrx_word' id='word_1_334' title='bbox 3609 2253 3796 2290; x_wconf 86' lang='lat' dir='ltr'><strong>eorum-</strong></span> 
     </span>
    </p>
   </div>
   <div class='ocr_carea' id='block_1_53' title="bbox 2152 2327 3796 2402">
    <p class='ocr_par' dir='ltr' id='par_1_53' title="bbox 2152 2327 3796 2402">
     <span class='ocr_line' id='line_1_53' title="bbox 2152 2327 3796 2402; baseline -0.005 -18"><span class='ocrx_word' id='word_1_335' title='bbox 2152 2347 2264 2402; x_wconf 88' lang='lat' dir='ltr'><strong>que</strong></span> <span class='ocrx_word' id='word_1_336' title='bbox 2296 2347 2545 2402; x_wconf 89' lang='lat' dir='ltr'><strong>quorum</strong></span> <span class='ocrx_word' id='word_1_337' title='bbox 2591 2330 2878 2384; x_wconf 90' lang='lat' dir='ltr'><strong>debitores</strong></span> <span class='ocrx_word' id='word_1_338' title='bbox 2917 2346 3142 2388; x_wconf 85' lang='lat' dir='ltr'><strong>sumus,</strong></span> <span class='ocrx_word' id='word_1_339' title='bbox 3197 2327 3456 2382; x_wconf 76' lang='lat' dir='ltr'><strong>remedio</strong></span> <span class='ocrx_word' id='word_1_340' title='bbox 3501 2327 3796 2384; x_wconf 84' lang='lat' dir='ltr'><strong>animarum,</strong></span> 
     </span>
    </p>
   </div>
   <div class='ocr_carea' id='block_1_54' title="bbox 2150 2411 3801 2490">
    <p class='ocr_par' dir='ltr' id='par_1_54' title="bbox 2150 2411 3801 2490">
     <span class='ocr_line' id='line_1_54' title="bbox 2150 2411 3801 2490; baseline -0.008 -17"><span class='ocrx_word' id='word_1_341' title='bbox 2150 2419 2440 2490; x_wconf 88' lang='lat' dir='ltr'><strong>imperiali</strong></span> <span class='ocrx_word' id='word_1_342' title='bbox 2463 2417 2808 2472; x_wconf 89' lang='lat' dir='ltr'><strong>contulimus</strong></span> <span class='ocrx_word' id='word_1_343' title='bbox 2839 2413 3256 2480; x_wconf 82' lang='lat' dir='ltr'><strong>munificentia,</strong></span> <span class='ocrx_word' id='word_1_344' title='bbox 3280 2413 3549 2468; x_wconf 86' lang='lat' dir='ltr'><strong>tredecim</strong></span> <span class='ocrx_word' id='word_1_345' title='bbox 3589 2411 3801 2465; x_wconf 80' lang='lat' dir='ltr'><strong>videlicet</strong></span> 
     </span>
    </p>
   </div>
   <div class='ocr_carea' id='block_1_55' title="bbox 2150 2497 3799 2579">
    <p class='ocr_par' dir='ltr' id='par_1_55' title="bbox 2150 2497 3799 2579">
     <span class='ocr_line' id='line_1_55' title="bbox 2150 2497 3799 2579; baseline -0.008 -17"><span class='ocrx_word' id='word_1_346' title='bbox 2150 2505 2488 2579; x_wconf 90' lang='lat' dir='ltr'><strong>principalis</strong></span> <span class='ocrx_word' id='word_1_347' title='bbox 2544 2509 2751 2572; x_wconf 85' lang='lat' dir='ltr'><strong>curtes,</strong></span> <span class='ocrx_word' id='word_1_348' title='bbox 2814 2503 3152 2568; x_wconf 80' lang='lat' dir='ltr'><strong>Ratelsdorf,</strong></span> <span class='ocrx_word' id='word_1_349' title='bbox 3216 2502 3615 2562; x_wconf 84' lang='lat' dir='ltr'><strong>Ezelkircbem,</strong></span> <span class='ocrx_word' id='word_1_350' title='bbox 3656 2497 3799 2552; x_wconf 79' lang='lat' dir='ltr'><strong>Rude-</strong></span> 
     </span>
    </p>
   </div>
   <div class='ocr_carea' id='block_1_56' title="bbox 2152 2587 3799 2660">
    <p class='ocr_par' dir='ltr' id='par_1_56' title="bbox 2152 2587 3799 2660">
     <span class='ocr_line' id='line_1_56' title="bbox 2152 2587 3799 2660; baseline -0.009 -9"><span class='ocrx_word' id='word_1_351' title='bbox 2152 2595 2328 2660; x_wconf 91' lang='lat' dir='ltr'><strong>heim,</strong></span> <span class='ocrx_word' id='word_1_352' title='bbox 2409 2593 2826 2656; x_wconf 88' lang='lat' dir='ltr'><strong>Belbenbusen,</strong></span> <span class='ocrx_word' id='word_1_353' title='bbox 2899 2591 3117 2653; x_wconf 80' lang='lat' dir='ltr'><strong>Werde,</strong></span> <span class='ocrx_word' id='word_1_354' title='bbox 3207 2591 3468 2645; x_wconf 80' lang='lat' dir='ltr'><strong>Wofurte</strong></span> <span class='ocrx_word' id='word_1_355' title='bbox 3549 2587 3799 2654; x_wconf 82' lang='lat' dir='ltr'><strong>Dorflling,</strong></span> 
     </span>
    </p>
   </div>
   <div class='ocr_carea' id='block_1_57' title="bbox 2155 2675 3802 2746">
    <p class='ocr_par' dir='ltr' id='par_1_57' title="bbox 2155 2675 3802 2746">
     <span class='ocr_line' id='line_1_57' title="bbox 2155 2675 3802 2746; baseline -0.011 -6"><span class='ocrx_word' id='word_1_356' title='bbox 2155 2683 2454 2746; x_wconf 83' lang='lat' dir='ltr'><strong>Ebelsfeld,</strong></span> <span class='ocrx_word' id='word_1_357' title='bbox 2491 2681 2866 2746; x_wconf 86' lang='lat' dir='ltr'><strong>Leitterbacb,</strong></span> <span class='ocrx_word' id='word_1_358' title='bbox 2925 2679 3262 2743; x_wconf 81' lang='lat' dir='ltr'><strong>Elsendorﬂ&#39;,</strong></span> <span class='ocrx_word' id='word_1_359' title='bbox 3320 2683 3378 2732; x_wconf 87' lang='lat' dir='ltr'><strong>et</strong></span> <span class='ocrx_word' id='word_1_360' title='bbox 3410 2678 3555 2732; x_wconf 90' lang='lat' dir='ltr'><strong>circa</strong></span> <span class='ocrx_word' id='word_1_361' title='bbox 3583 2675 3802 2727; x_wconf 79' lang='lat' dir='ltr'><strong>Wedere-</strong></span> 
     </span>
    </p>
   </div>
   <div class='ocr_carea' id='block_1_58' title="bbox 2152 2761 3804 2837">
    <p class='ocr_par' dir='ltr' id='par_1_58' title="bbox 2152 2761 3804 2837">
     <span class='ocr_line' id='line_1_58' title="bbox 2152 2761 3804 2837; baseline -0.009 -11"><span class='ocrx_word' id='word_1_362' title='bbox 2152 2773 2305 2837; x_wconf 90' lang='lat' dir='ltr'><strong>dam,</strong></span> <span class='ocrx_word' id='word_1_363' title='bbox 2331 2769 2667 2833; x_wconf 87' lang='lat' dir='ltr'><strong>Scheistein,</strong></span> <span class='ocrx_word' id='word_1_364' title='bbox 2710 2770 2899 2822; x_wconf 83' lang='lat' dir='ltr'><strong>Husen</strong></span> <span class='ocrx_word' id='word_1_365' title='bbox 2931 2773 2986 2820; x_wconf 89' lang='lat' dir='ltr'><strong>et</strong></span> <span class='ocrx_word' id='word_1_366' title='bbox 3039 2766 3447 2830; x_wconf 88' lang='lat' dir='ltr'><strong>Budensheim,</strong></span> <span class='ocrx_word' id='word_1_367' title='bbox 3496 2781 3618 2819; x_wconf 89' lang='lat' dir='ltr'><strong>cum</strong></span> <span class='ocrx_word' id='word_1_368' title='bbox 3653 2761 3804 2816; x_wconf 90' lang='lat' dir='ltr'><strong>omni-</strong></span> 
     </span>
    </p>
   </div>
   <div class='ocr_carea' id='block_1_59' title="bbox 2153 2855 3805 2925">
    <p class='ocr_par' dir='ltr' id='par_1_59' title="bbox 2153 2855 3805 2925">
     <span class='ocr_line' id='line_1_59' title="bbox 2153 2855 3805 2925; baseline -0.01 -10"><span class='ocrx_word' id='word_1_369' title='bbox 2153 2862 2259 2915; x_wconf 89' lang='lat' dir='ltr'><strong>bus</strong></span> <span class='ocrx_word' id='word_1_370' title='bbox 2290 2860 2438 2912; x_wconf 87' lang='lat' dir='ltr'><strong>villis</strong></span> <span class='ocrx_word' id='word_1_371' title='bbox 2487 2857 2862 2911; x_wconf 85' lang='lat' dir='ltr'><strong>attinentibus</strong></span> <span class='ocrx_word' id='word_1_372' title='bbox 2909 2857 2968 2909; x_wconf 90' lang='lat' dir='ltr'><strong>in</strong></span> <span class='ocrx_word' id='word_1_373' title='bbox 3017 2855 3249 2925; x_wconf 60' lang='lat' dir='ltr'><strong>praediis</strong></span> <span class='ocrx_word' id='word_1_374' title='bbox 3305 2856 3478 2909; x_wconf 90' lang='lat' dir='ltr'><strong>etiam</strong></span> <span class='ocrx_word' id='word_1_375' title='bbox 3525 2855 3805 2919; x_wconf 82' lang='lat' dir='ltr'><strong>ubicunque</strong></span> 
     </span>
    </p>
   </div>
   <div class='ocr_carea' id='block_1_60' title="bbox 345 2943 3806 3018">
    <p class='ocr_par' dir='ltr' id='par_1_60' title="bbox 345 2943 3806 3018">
     <span class='ocr_line' id='line_1_60' title="bbox 345 2943 3806 3018; baseline -0.001 -26"><span class='ocrx_word' id='word_1_376' title='bbox 345 2958 447 2995; x_wconf 89' lang='lat' dir='ltr'><strong>suo</strong></span> <span class='ocrx_word' id='word_1_377' title='bbox 465 2947 587 2996; x_wconf 92' lang='lat' dir='ltr'><strong>toto</strong></span> <span class='ocrx_word' id='word_1_378' title='bbox 635 2944 891 2998; x_wconf 87' lang='lat' dir='ltr'><strong>districtu</strong></span> <span class='ocrx_word' id='word_1_379' title='bbox 929 2945 1039 3010; x_wconf 89' lang='lat' dir='ltr'><strong>;de</strong></span> <span class='ocrx_word' id='word_1_380' title='bbox 1091 2947 1262 2998; x_wconf 87' lang='lat' dir='ltr'><strong>rebus</strong></span> <span class='ocrx_word' id='word_1_381' title='bbox 1309 2946 1503 3000; x_wconf 89' lang='lat' dir='ltr'><strong>Uberti</strong></span> <span class='ocrx_word' id='word_1_382' title='bbox 1547 2947 1681 3016; x_wconf 75' lang='lat' dir='ltr'><strong>[lege</strong></span> <span class='ocrx_word' id='word_1_383' title='bbox 1726 2944 1936 3017; x_wconf 88' lang='lat' dir='ltr'><strong>Oberti]</strong></span> <span class='ocrx_word' id='word_1_384' title='bbox 1991 2950 2045 2997; x_wconf 78' lang='lat' dir='ltr'><strong>et</strong></span> <span class='ocrx_word' id='word_1_385' title='bbox 2076 2953 2115 3006; x_wconf 93' lang='lat' dir='ltr'><strong>C</strong></span> <span class='ocrx_word' id='word_1_386' title='bbox 2153 2947 2487 3018; x_wconf 84' lang='lat' dir='ltr'><strong>conquisitis</strong></span> <span class='ocrx_word' id='word_1_387' title='bbox 2521 2947 2605 2999; x_wconf 93' lang='lat' dir='ltr'><strong>vel</strong></span> <span class='ocrx_word' id='word_1_388' title='bbox 2647 2945 3078 3015; x_wconf 88' lang='lat' dir='ltr'><strong>conquirendis,</strong></span> <span class='ocrx_word' id='word_1_389' title='bbox 3102 2943 3267 2997; x_wconf 62' lang='lat' dir='ltr'><strong>dictas</strong></span> <span class='ocrx_word' id='word_1_390' title='bbox 3327 2949 3706 3014; x_wconf 71' lang='lat' dir='ltr'><strong>procuratores</strong></span> <span class='ocrx_word' id='word_1_391' title='bbox 3737 2953 3806 2990; x_wconf 86' lang='lat' dir='ltr'><strong>ec-</strong></span> 
     </span>
    </p>
   </div>
   <div class='ocr_carea' id='block_1_61' title="bbox 348 3031 2045 3104">
    <p class='ocr_par' dir='ltr' id='par_1_61' title="bbox 348 3031 2045 3104">
     <span class='ocr_line' id='line_1_61' title="bbox 348 3031 2045 3104; baseline 0.001 -20"><span class='ocrx_word' id='word_1_392' title='bbox 348 3031 597 3084; x_wconf 84' lang='lat' dir='ltr'><strong>tiliorum</strong></span> <span class='ocrx_word' id='word_1_393' title='bbox 631 3033 773 3101; x_wconf 87' lang='lat' dir='ltr'><strong>ejus,</strong></span> <span class='ocrx_word' id='word_1_394' title='bbox 816 3039 874 3086; x_wconf 89' lang='lat' dir='ltr'><strong>et</strong></span> <span class='ocrx_word' id='word_1_395' title='bbox 895 3033 1112 3087; x_wconf 81' lang='lat' dir='ltr'><strong>Alberti</strong></span> <span class='ocrx_word' id='word_1_396' title='bbox 1135 3033 1359 3104; x_wconf 84' lang='lat' dir='ltr'><strong>nepotis</strong></span> <span class='ocrx_word' id='word_1_397' title='bbox 1386 3034 1644 3104; x_wconf 91' lang='lat' dir='ltr'><strong>ipsorum</strong></span> <span class='ocrx_word' id='word_1_398' title='bbox 1694 3034 2045 3088; x_wconf 88' lang='lat' dir='ltr'><strong>marchionis</strong></span> 
     </span>
    </p>
   </div>
   <div class='ocr_carea' id='block_1_62' title="bbox 346 3119 2044 3193">
    <p class='ocr_par' dir='ltr' id='par_1_62' title="bbox 346 3119 2044 3193">
     <span class='ocr_line' id='line_1_62' title="bbox 346 3119 2044 3193; baseline 0.004 -23"><span class='ocrx_word' id='word_1_399' title='bbox 346 3119 633 3188; x_wconf 84' lang='lat' dir='ltr'><strong>quidquid</strong></span> <span class='ocrx_word' id='word_1_400' title='bbox 683 3121 948 3174; x_wconf 87' lang='lat' dir='ltr'><strong>habuisse</strong></span> <span class='ocrx_word' id='word_1_401' title='bbox 1016 3121 1120 3174; x_wconf 88' lang='lat' dir='ltr'><strong>visi</strong></span> <span class='ocrx_word' id='word_1_402' title='bbox 1161 3127 1294 3174; x_wconf 91' lang='lat' dir='ltr'><strong>sunt</strong></span> <span class='ocrx_word' id='word_1_403' title='bbox 1357 3121 1418 3175; x_wconf 91' lang='lat' dir='ltr'><strong>in</strong></span> <span class='ocrx_word' id='word_1_404' title='bbox 1464 3123 1812 3193; x_wconf 89' lang='lat' dir='ltr'><strong>Scadrampo</strong></span> <span class='ocrx_word' id='word_1_405' title='bbox 1868 3139 2044 3193; x_wconf 82' lang='lat' dir='ltr'><strong>prope</strong></span> 
     </span>
    </p>
   </div>
   <div class='ocr_carea' id='block_1_63' title="bbox 347 3209 2044 3264">
    <p class='ocr_par' dir='ltr' id='par_1_63' title="bbox 347 3209 2044 3264">
     <span class='ocr_line' id='line_1_63' title="bbox 347 3209 2044 3264; baseline 0.004 -6"><span class='ocrx_word' id='word_1_406' title='bbox 347 3211 592 3260; x_wconf 88' lang='lat' dir='ltr'><strong>castrum</strong></span> <span class='ocrx_word' id='word_1_407' title='bbox 631 3209 699 3260; x_wconf 87' lang='lat' dir='ltr'><strong>de</strong></span> <span class='ocrx_word' id='word_1_408' title='bbox 756 3209 1026 3263; x_wconf 89' lang='lat' dir='ltr'><strong>Balbiano</strong></span> <span class='ocrx_word' id='word_1_409' title='bbox 1073 3210 1216 3263; x_wconf 91' lang='lat' dir='ltr'><strong>etin</strong></span> <span class='ocrx_word' id='word_1_410' title='bbox 1258 3209 1546 3263; x_wconf 88' lang='lat' dir='ltr'><strong>territorio</strong></span> <span class='ocrx_word' id='word_1_411' title='bbox 1594 3211 1772 3264; x_wconf 87' lang='lat' dir='ltr'><strong>sancti</strong></span> <span class='ocrx_word' id='word_1_412' title='bbox 1819 3211 2044 3264; x_wconf 80' lang='lat' dir='ltr'><strong>Martini</strong></span> 
     </span>
    </p>
   </div>
   <div class='ocr_carea' id='block_1_64' title="bbox 348 3294 2044 3369">
    <p class='ocr_par' dir='ltr' id='par_1_64' title="bbox 348 3294 2044 3369">
     <span class='ocr_line' id='line_1_64' title="bbox 348 3294 2044 3369; baseline 0.001 -20"><span class='ocrx_word' id='word_1_413' title='bbox 348 3295 407 3349; x_wconf 89' lang='lat' dir='ltr'><strong>in</strong></span> <span class='ocrx_word' id='word_1_414' title='bbox 437 3294 624 3348; x_wconf 89' lang='lat' dir='ltr'><strong>Strata</strong></span> <span class='ocrx_word' id='word_1_415' title='bbox 645 3301 703 3349; x_wconf 89' lang='lat' dir='ltr'><strong>et</strong></span> <span class='ocrx_word' id='word_1_416' title='bbox 729 3296 787 3349; x_wconf 91' lang='lat' dir='ltr'><strong>in</strong></span> <span class='ocrx_word' id='word_1_417' title='bbox 821 3298 1014 3351; x_wconf 90' lang='lat' dir='ltr'><strong>Casale</strong></span> <span class='ocrx_word' id='word_1_418' title='bbox 1047 3297 1118 3351; x_wconf 90' lang='lat' dir='ltr'><strong>ad</strong></span> <span class='ocrx_word' id='word_1_419' title='bbox 1140 3298 1337 3368; x_wconf 83' lang='lat' dir='ltr'><strong>jugera</strong></span> <span class='ocrx_word' id='word_1_420' title='bbox 1359 3298 1672 3368; x_wconf 85' lang='lat' dir='ltr'><strong>quingenta</strong></span> <span class='ocrx_word' id='word_1_421' title='bbox 1705 3315 1718 3352; x_wconf 86' lang='lat'><strong>:</strong></span> <span class='ocrx_word' id='word_1_422' title='bbox 1757 3303 2044 3369; x_wconf 87' lang='lat' dir='ltr'><strong>quatenus</strong></span> 
     </span>
    </p>
   </div>
   <div class='ocr_carea' id='block_1_65' title="bbox 347 3383 2045 3456">
    <p class='ocr_par' dir='ltr' id='par_1_65' title="bbox 347 3383 2045 3456">
     <span class='ocr_line' id='line_1_65' title="bbox 347 3383 2045 3456; baseline 0.003 -20"><span class='ocrx_word' id='word_1_423' title='bbox 347 3383 584 3436; x_wconf 84' lang='lat' dir='ltr'><strong>ecclesia</strong></span> <span class='ocrx_word' id='word_1_424' title='bbox 601 3383 911 3438; x_wconf 86' lang='lat' dir='ltr'><strong>beatissimi</strong></span> <span class='ocrx_word' id='word_1_425' title='bbox 939 3386 1278 3439; x_wconf 90' lang='lat' dir='ltr'><strong>confessoris</strong></span> <span class='ocrx_word' id='word_1_426' title='bbox 1321 3386 1550 3439; x_wconf 88' lang='lat' dir='ltr'><strong>Domini</strong></span> <span class='ocrx_word' id='word_1_427' title='bbox 1579 3385 1730 3455; x_wconf 86' lang='lat' dir='ltr'><strong>Cyri.</strong></span> <span class='ocrx_word' id='word_1_428' title='bbox 1765 3392 1820 3439; x_wconf 91' lang='lat' dir='ltr'><strong>et</strong></span> <span class='ocrx_word' id='word_1_429' title='bbox 1849 3390 2045 3456; x_wconf 89' lang='lat' dir='ltr'><strong>pastor</strong></span> 
     </span>
    </p>
   </div>
   <div class='ocr_carea' id='block_1_66' title="bbox 348 3471 2046 3545">
    <p class='ocr_par' dir='ltr' id='par_1_66' title="bbox 348 3471 2046 3545">
     <span class='ocr_line' id='line_1_66' title="bbox 348 3471 2046 3545; baseline 0.004 -23"><span class='ocrx_word' id='word_1_430' title='bbox 348 3471 448 3542; x_wconf 91' lang='lat' dir='ltr'><strong>qui</strong></span> <span class='ocrx_word' id='word_1_431' title='bbox 479 3487 580 3542; x_wconf 90' lang='lat' dir='ltr'><strong>per</strong></span> <span class='ocrx_word' id='word_1_432' title='bbox 607 3477 866 3542; x_wconf 89' lang='lat' dir='ltr'><strong>tempora</strong></span> <span class='ocrx_word' id='word_1_433' title='bbox 904 3473 982 3527; x_wconf 88' lang='lat' dir='ltr'><strong>ibi</strong></span> <span class='ocrx_word' id='word_1_434' title='bbox 1022 3474 1215 3534; x_wconf 83' lang='lat' dir='ltr'><strong>fuerit,</strong></span> <span class='ocrx_word' id='word_1_435' title='bbox 1257 3473 1452 3526; x_wconf 90' lang='lat' dir='ltr'><strong>omnia</strong></span> <span class='ocrx_word' id='word_1_436' title='bbox 1486 3490 1614 3544; x_wconf 66' lang='lat' dir='ltr'><strong>quae</strong></span> <span class='ocrx_word' id='word_1_437' title='bbox 1656 3490 1828 3545; x_wconf 90' lang='lat' dir='ltr'><strong>supra</strong></span> <span class='ocrx_word' id='word_1_438' title='bbox 1861 3476 2046 3528; x_wconf 90' lang='lat' dir='ltr'><strong>nomi-</strong></span> 
     </span>
    </p>
   </div>
   <div class='ocr_carea' id='block_1_67' title="bbox 348 3561 2043 3633">
    <p class='ocr_par' dir='ltr' id='par_1_67' title="bbox 348 3561 2043 3633">
     <span class='ocr_line' id='line_1_67' title="bbox 348 3561 2043 3633; baseline 0.004 -22"><span class='ocrx_word' id='word_1_439' title='bbox 348 3563 482 3612; x_wconf 88' lang='lat' dir='ltr'><strong>nata</strong></span> <span class='ocrx_word' id='word_1_440' title='bbox 555 3565 709 3627; x_wconf 89' lang='lat' dir='ltr'><strong>sunt,</strong></span> <span class='ocrx_word' id='word_1_441' title='bbox 763 3577 894 3614; x_wconf 92' lang='lat' dir='ltr'><strong>cum</strong></span> <span class='ocrx_word' id='word_1_442' title='bbox 970 3562 1090 3614; x_wconf 86' lang='lat' dir='ltr'><strong>suis</strong></span> <span class='ocrx_word' id='word_1_443' title='bbox 1157 3561 1544 3631; x_wconf 90' lang='lat' dir='ltr'><strong>pertinentiis,</strong></span> <span class='ocrx_word' id='word_1_444' title='bbox 1606 3563 1769 3633; x_wconf 87' lang='lat' dir='ltr'><strong>aquis</strong></span> <span class='ocrx_word' id='word_1_445' title='bbox 1828 3563 2043 3618; x_wconf 89' lang='lat' dir='ltr'><strong>scilicet</strong></span> 
     </span>
    </p>
   </div>
   <div class='ocr_carea' id='block_1_68' title="bbox 347 3649 2046 3722">
    <p class='ocr_par' dir='ltr' id='par_1_68' title="bbox 347 3649 2046 3722">
     <span class='ocr_line' id='line_1_68' title="bbox 347 3649 2046 3722; baseline 0.004 -22"><span class='ocrx_word' id='word_1_446' title='bbox 347 3663 696 3717; x_wconf 88' lang='lat' dir='ltr'><strong>aquarumve</strong></span> <span class='ocrx_word' id='word_1_447' title='bbox 725 3649 1082 3713; x_wconf 85' lang='lat' dir='ltr'><strong>decursibus,</strong></span> <span class='ocrx_word' id='word_1_448' title='bbox 1110 3651 1273 3720; x_wconf 88' lang='lat' dir='ltr'><strong>ripis,</strong></span> <span class='ocrx_word' id='word_1_449' title='bbox 1307 3651 1672 3712; x_wconf 88' lang='lat' dir='ltr'><strong>molendinis,</strong></span> <span class='ocrx_word' id='word_1_450' title='bbox 1708 3652 2046 3722; x_wconf 83' lang='lat' dir='ltr'><strong>piscationi-</strong></span> 
     </span>
    </p>
   </div>
   <div class='ocr_carea' id='block_1_69' title="bbox 349 3735 2046 3810">
    <p class='ocr_par' dir='ltr' id='par_1_69' title="bbox 349 3735 2046 3810">
     <span class='ocr_line' id='line_1_69' title="bbox 349 3735 2046 3810; baseline 0.004 -20"><span class='ocrx_word' id='word_1_451' title='bbox 349 3735 477 3800; x_wconf 89' lang='lat' dir='ltr'><strong>bus,</strong></span> <span class='ocrx_word' id='word_1_452' title='bbox 505 3737 673 3790; x_wconf 91' lang='lat' dir='ltr'><strong>terris</strong></span> <span class='ocrx_word' id='word_1_453' title='bbox 703 3737 871 3792; x_wconf 86' lang='lat' dir='ltr'><strong>cultis</strong></span> <span class='ocrx_word' id='word_1_454' title='bbox 907 3743 963 3793; x_wconf 91' lang='lat' dir='ltr'><strong>et</strong></span> <span class='ocrx_word' id='word_1_455' title='bbox 1022 3738 1272 3804; x_wconf 87' lang='lat' dir='ltr'><strong>incultis,</strong></span> <span class='ocrx_word' id='word_1_456' title='bbox 1327 3739 1500 3807; x_wconf 85' lang='lat' dir='ltr'><strong>silvis,</strong></span> <span class='ocrx_word' id='word_1_457' title='bbox 1554 3741 1832 3807; x_wconf 83' lang='lat' dir='ltr'><strong>cursibus,</strong></span> <span class='ocrx_word' id='word_1_458' title='bbox 1864 3742 2046 3810; x_wconf 89' lang='lat' dir='ltr'><strong>vadis,</strong></span> 
     </span>
    </p>
   </div>
   <div class='ocr_carea' id='block_1_70' title="bbox 347 3825 2042 3902">
    <p class='ocr_par' dir='ltr' id='par_1_70' title="bbox 347 3825 2042 3902">
     <span class='ocr_line' id='line_1_70' title="bbox 347 3825 2042 3902; baseline 0.005 -26"><span class='ocrx_word' id='word_1_459' title='bbox 347 3825 767 3892; x_wconf 88' lang='lat' dir='ltr'><strong>venationibus,</strong></span> <span class='ocrx_word' id='word_1_460' title='bbox 830 3829 1127 3895; x_wconf 86' lang='lat' dir='ltr'><strong>stallareis,</strong></span> <span class='ocrx_word' id='word_1_461' title='bbox 1187 3827 1361 3881; x_wconf 89' lang='lat' dir='ltr'><strong>servis</strong></span> <span class='ocrx_word' id='word_1_462' title='bbox 1419 3834 1476 3882; x_wconf 90' lang='lat' dir='ltr'><strong>et</strong></span> <span class='ocrx_word' id='word_1_463' title='bbox 1517 3829 1757 3895; x_wconf 90' lang='lat' dir='ltr'><strong>ancillis,</strong></span> <span class='ocrx_word' id='word_1_464' title='bbox 1790 3831 2042 3902; x_wconf 88' lang='lat' dir='ltr'><strong>capellis,</strong></span> 
     </span>
    </p>
   </div>
   <div class='ocr_carea' id='block_1_71' title="bbox 351 3913 2048 3986">
    <p class='ocr_par' dir='ltr' id='par_1_71' title="bbox 351 3913 2048 3986">
     <span class='ocr_line' id='line_1_71' title="bbox 351 3913 2048 3986; baseline 0.005 -21"><span class='ocrx_word' id='word_1_465' title='bbox 351 3913 643 3966; x_wconf 88' lang='lat' dir='ltr'><strong>montibus</strong></span> <span class='ocrx_word' id='word_1_466' title='bbox 675 3919 733 3967; x_wconf 89' lang='lat' dir='ltr'><strong>et</strong></span> <span class='ocrx_word' id='word_1_467' title='bbox 766 3915 1030 3982; x_wconf 91' lang='lat' dir='ltr'><strong>vallibus,</strong></span> <span class='ocrx_word' id='word_1_468' title='bbox 1063 3916 1304 3986; x_wconf 86' lang='lat' dir='ltr'><strong>rupibus</strong></span> <span class='ocrx_word' id='word_1_469' title='bbox 1335 3921 1392 3970; x_wconf 90' lang='lat' dir='ltr'><strong>et</strong></span> <span class='ocrx_word' id='word_1_470' title='bbox 1433 3917 1632 3986; x_wconf 88' lang='lat' dir='ltr'><strong>pratis,</strong></span> <span class='ocrx_word' id='word_1_471' title='bbox 1679 3919 1944 3972; x_wconf 89' lang='lat' dir='ltr'><strong>mercatis</strong></span> <span class='ocrx_word' id='word_1_472' title='bbox 1991 3925 2048 3974; x_wconf 92' lang='lat' dir='ltr'><strong>et</strong></span> 
     </span>
    </p>
   </div>
   <div class='ocr_carea' id='block_1_72' title="bbox 347 4001 2044 4076">
    <p class='ocr_par' dir='ltr' id='par_1_72' title="bbox 347 4001 2044 4076">
     <span class='ocr_line' id='line_1_72' title="bbox 347 4001 2044 4076; baseline 0.004 -22"><span class='ocrx_word' id='word_1_473' title='bbox 347 4001 716 4064; x_wconf 85' lang='lat' dir='ltr'><strong>districtibus,</strong></span> <span class='ocrx_word' id='word_1_474' title='bbox 742 4007 797 4055; x_wconf 88' lang='lat' dir='ltr'><strong>et</strong></span> <span class='ocrx_word' id='word_1_475' title='bbox 825 4019 956 4057; x_wconf 89' lang='lat' dir='ltr'><strong>cum</strong></span> <span class='ocrx_word' id='word_1_476' title='bbox 986 4006 1254 4058; x_wconf 84' lang='lat' dir='ltr'><strong>omnibus</strong></span> <span class='ocrx_word' id='word_1_477' title='bbox 1285 4020 1412 4074; x_wconf 67' lang='lat' dir='ltr'><strong>quae</strong></span> <span class='ocrx_word' id='word_1_478' title='bbox 1451 4005 1740 4058; x_wconf 91' lang='lat' dir='ltr'><strong>nominari</strong></span> <span class='ocrx_word' id='word_1_479' title='bbox 1786 4013 2044 4076; x_wconf 90' lang='lat' dir='ltr'><strong>possunt,</strong></span> 
     </span>
    </p>
   </div>
   <div class='ocr_carea' id='block_1_73' title="bbox 350 4090 2042 4164">
    <p class='ocr_par' dir='ltr' id='par_1_73' title="bbox 350 4090 2042 4164">
     <span class='ocr_line' id='line_1_73' title="bbox 350 4090 2042 4164; baseline 0.004 -22"><span class='ocrx_word' id='word_1_480' title='bbox 350 4090 409 4142; x_wconf 91' lang='lat' dir='ltr'><strong>in</strong></span> <span class='ocrx_word' id='word_1_481' title='bbox 439 4097 722 4143; x_wconf 76' lang='lat' dir='ltr'><strong>aeternum</strong></span> <span class='ocrx_word' id='word_1_482' title='bbox 742 4091 872 4159; x_wconf 89' lang='lat' dir='ltr'><strong>jure</strong></span> <span class='ocrx_word' id='word_1_483' title='bbox 904 4091 1285 4161; x_wconf 86' lang='lat' dir='ltr'><strong>proprietario</strong></span> <span class='ocrx_word' id='word_1_484' title='bbox 1317 4091 1526 4145; x_wconf 85' lang='lat' dir='ltr'><strong>habeat</strong></span> <span class='ocrx_word' id='word_1_485' title='bbox 1552 4097 1724 4162; x_wconf 87' lang='lat' dir='ltr'><strong>atque</strong></span> <span class='ocrx_word' id='word_1_486' title='bbox 1757 4093 2042 4164; x_wconf 86' lang='lat' dir='ltr'><strong>disponat,</strong></span> 
     </span>
    </p>
   </div>
   <div class='ocr_carea' id='block_1_74' title="bbox 350 4180 2046 4248">
    <p class='ocr_par' dir='ltr' id='par_1_74' title="bbox 350 4180 2046 4248">
     <span class='ocr_line' id='line_1_74' title="bbox 350 4180 2046 4248; baseline 0.004 -18"><span class='ocrx_word' id='word_1_487' title='bbox 350 4183 564 4240; x_wconf 90' lang='lat' dir='ltr'><strong>nostra,</strong></span> <span class='ocrx_word' id='word_1_488' title='bbox 619 4183 1068 4248; x_wconf 91' lang='lat' dir='ltr'><strong>nostrorumque</strong></span> <span class='ocrx_word' id='word_1_489' title='bbox 1117 4194 1506 4232; x_wconf 88' lang='lat' dir='ltr'><strong>successorum</strong></span> <span class='ocrx_word' id='word_1_490' title='bbox 1535 4187 1594 4233; x_wconf 91' lang='lat' dir='ltr'><strong>et</strong></span> <span class='ocrx_word' id='word_1_491' title='bbox 1622 4180 1882 4234; x_wconf 89' lang='lat' dir='ltr'><strong>omnium</strong></span> <span class='ocrx_word' id='word_1_492' title='bbox 1943 4183 2046 4236; x_wconf 88' lang='lat' dir='ltr'><strong>ho-</strong></span> 
     </span>
    </p>
   </div>
   <div class='ocr_carea' id='block_1_75' title="bbox 353 4265 2049 4324">
    <p class='ocr_par' dir='ltr' id='par_1_75' title="bbox 353 4265 2049 4324">
     <span class='ocr_line' id='line_1_75' title="bbox 353 4265 2049 4324; baseline 0.004 -6"><span class='ocrx_word' id='word_1_493' title='bbox 353 4265 578 4318; x_wconf 90' lang='lat' dir='ltr'><strong>minum</strong></span> <span class='ocrx_word' id='word_1_494' title='bbox 609 4267 1059 4320; x_wconf 87' lang='lat' dir='ltr'><strong>contradictione</strong></span> <span class='ocrx_word' id='word_1_495' title='bbox 1091 4273 1148 4321; x_wconf 89' lang='lat' dir='ltr'><strong>et</strong></span> <span class='ocrx_word' id='word_1_496' title='bbox 1191 4267 1592 4321; x_wconf 87' lang='lat' dir='ltr'><strong>molestatione</strong></span> <span class='ocrx_word' id='word_1_497' title='bbox 1623 4273 1680 4321; x_wconf 90' lang='lat' dir='ltr'><strong>et</strong></span> <span class='ocrx_word' id='word_1_498' title='bbox 1735 4269 2049 4324; x_wconf 90' lang='lat' dir='ltr'><strong>diminora-</strong></span> 
     </span>
    </p>
   </div>
   <div class='ocr_carea' id='block_1_76' title="bbox 351 4353 2050 4431">
    <p class='ocr_par' dir='ltr' id='par_1_76' title="bbox 351 4353 2050 4431">
     <span class='ocr_line' id='line_1_76' title="bbox 351 4353 2050 4431; baseline 0.005 -25"><span class='ocrx_word' id='word_1_499' title='bbox 351 4353 507 4406; x_wconf 87' lang='lat' dir='ltr'><strong>tione</strong></span> <span class='ocrx_word' id='word_1_500' title='bbox 538 4361 780 4407; x_wconf 87' lang='lat' dir='ltr'><strong>remota.</strong></span> <span class='ocrx_word' id='word_1_501' title='bbox 816 4355 1193 4409; x_wconf 88' lang='lat' dir='ltr'><strong>Concedimus</strong></span> <span class='ocrx_word' id='word_1_502' title='bbox 1240 4355 1476 4426; x_wconf 88' lang='lat' dir='ltr'><strong>insuper</strong></span> <span class='ocrx_word' id='word_1_503' title='bbox 1517 4357 1723 4410; x_wconf 87' lang='lat' dir='ltr'><strong>Sancto</strong></span> <span class='ocrx_word' id='word_1_504' title='bbox 1775 4359 1918 4429; x_wconf 91' lang='lat' dir='ltr'><strong>Cyro</strong></span> <span class='ocrx_word' id='word_1_505' title='bbox 1952 4377 2050 4431; x_wconf 89' lang='lat' dir='ltr'><strong>pa—</strong></span> 
     </span>
    </p>
   </div>
   <div class='ocr_carea' id='block_1_77' title="bbox 352 4443 2052 4503">
    <p class='ocr_par' dir='ltr' id='par_1_77' title="bbox 352 4443 2052 4503">
     <span class='ocr_line' id='line_1_77' title="bbox 352 4443 2052 4503; baseline 0.005 -9"><span class='ocrx_word' id='word_1_506' title='bbox 352 4448 519 4495; x_wconf 90' lang='lat' dir='ltr'><strong>trono</strong></span> <span class='ocrx_word' id='word_1_507' title='bbox 541 4448 736 4496; x_wconf 90' lang='lat' dir='ltr'><strong>nostro</strong></span> <span class='ocrx_word' id='word_1_508' title='bbox 769 4443 1092 4497; x_wconf 87' lang='lat' dir='ltr'><strong>districtum</strong></span> <span class='ocrx_word' id='word_1_509' title='bbox 1153 4445 1223 4498; x_wconf 91' lang='lat' dir='ltr'><strong>de</strong></span> <span class='ocrx_word' id='word_1_510' title='bbox 1273 4445 1508 4498; x_wconf 84' lang='lat' dir='ltr'><strong>Secema</strong></span> <span class='ocrx_word' id='word_1_511' title='bbox 1535 4445 1601 4498; x_wconf 91' lang='lat' dir='ltr'><strong>ad</strong></span> <span class='ocrx_word' id='word_1_512' title='bbox 1633 4446 1902 4501; x_wconf 90' lang='lat' dir='ltr'><strong>milliaria</strong></span> <span class='ocrx_word' id='word_1_513' title='bbox 1928 4455 2052 4503; x_wconf 91' lang='lat' dir='ltr'><strong>octo</strong></span> 
     </span>
    </p>
   </div>
   <div class='ocr_carea' id='block_1_78' title="bbox 353 4529 2052 4605">
    <p class='ocr_par' dir='ltr' id='par_1_78' title="bbox 353 4529 2052 4605">
     <span class='ocr_line' id='line_1_78' title="bbox 353 4529 2052 4605; baseline 0.005 -23"><span class='ocrx_word' id='word_1_514' title='bbox 353 4529 412 4582; x_wconf 94' lang='lat' dir='ltr'><strong>in</strong></span> <span class='ocrx_word' id='word_1_515' title='bbox 445 4531 599 4583; x_wconf 91' lang='lat' dir='ltr'><strong>omni</strong></span> <span class='ocrx_word' id='word_1_516' title='bbox 633 4536 796 4600; x_wconf 90' lang='lat' dir='ltr'><strong>parte</strong></span> <span class='ocrx_word' id='word_1_517' title='bbox 838 4531 897 4586; x_wconf 91' lang='lat' dir='ltr'><strong>in</strong></span> <span class='ocrx_word' id='word_1_518' title='bbox 954 4532 1216 4596; x_wconf 89' lang='lat' dir='ltr'><strong>circuitu,</strong></span> <span class='ocrx_word' id='word_1_519' title='bbox 1245 4532 1391 4586; x_wconf 90' lang='lat' dir='ltr'><strong>sicut</strong></span> <span class='ocrx_word' id='word_1_520' title='bbox 1428 4532 1500 4586; x_wconf 91' lang='lat' dir='ltr'><strong>ad</strong></span> <span class='ocrx_word' id='word_1_521' title='bbox 1543 4540 1797 4588; x_wconf 87' lang='lat' dir='ltr'><strong>nostram</strong></span> <span class='ocrx_word' id='word_1_522' title='bbox 1832 4543 2052 4605; x_wconf 86' lang='lat' dir='ltr'><strong>partem</strong></span> 
     </span>
    </p>
   </div>
   <div class='ocr_carea' id='block_1_79' title="bbox 354 4617 2051 4691">
    <p class='ocr_par' dir='ltr' id='par_1_79' title="bbox 354 4617 2051 4691">
     <span class='ocr_line' id='line_1_79' title="bbox 354 4617 2051 4691; baseline 0.004 -20"><span class='ocrx_word' id='word_1_523' title='bbox 354 4617 642 4688; x_wconf 89' lang='lat' dir='ltr'><strong>pertinere</strong></span> <span class='ocrx_word' id='word_1_524' title='bbox 665 4619 906 4684; x_wconf 87' lang='lat' dir='ltr'><strong>videtur,</strong></span> <span class='ocrx_word' id='word_1_525' title='bbox 939 4636 1041 4691; x_wconf 92' lang='lat' dir='ltr'><strong>pro</strong></span> <span class='ocrx_word' id='word_1_526' title='bbox 1071 4635 1207 4690; x_wconf 85' lang='lat' dir='ltr'><strong>pace</strong></span> <span class='ocrx_word' id='word_1_527' title='bbox 1237 4625 1293 4672; x_wconf 90' lang='lat' dir='ltr'><strong>et</strong></span> <span class='ocrx_word' id='word_1_528' title='bbox 1321 4622 1514 4690; x_wconf 88' lang='lat' dir='ltr'><strong>quiete</strong></span> <span class='ocrx_word' id='word_1_529' title='bbox 1544 4621 1724 4690; x_wconf 88' lang='lat' dir='ltr'><strong>ipsius</strong></span> <span class='ocrx_word' id='word_1_530' title='bbox 1771 4624 2051 4690; x_wconf 70' lang='lat' dir='ltr'><strong>Ecclesiae,</strong></span> 
     </span>
    </p>
   </div>
   <div class='ocr_carea' id='block_1_80' title="bbox 351 4707 2052 4782">
    <p class='ocr_par' dir='ltr' id='par_1_80' title="bbox 351 4707 2052 4782">
     <span class='ocr_line' id='line_1_80' title="bbox 351 4707 2052 4782; baseline 0.004 -22"><span class='ocrx_word' id='word_1_531' title='bbox 351 4707 610 4761; x_wconf 87' lang='lat' dir='ltr'><strong>remedio</strong></span> <span class='ocrx_word' id='word_1_532' title='bbox 640 4712 698 4760; x_wconf 89' lang='lat' dir='ltr'><strong>et</strong></span> <span class='ocrx_word' id='word_1_533' title='bbox 727 4707 908 4762; x_wconf 89' lang='lat' dir='ltr'><strong>salute</strong></span> <span class='ocrx_word' id='word_1_534' title='bbox 931 4708 1138 4762; x_wconf 63' lang='lat' dir='ltr'><strong>animae</strong></span> <span class='ocrx_word' id='word_1_535' title='bbox 1171 4713 1398 4773; x_wconf 51' lang='lat' dir='ltr'><strong>nostra),</strong></span> <span class='ocrx_word' id='word_1_536' title='bbox 1449 4715 1895 4782; x_wconf 88' lang='lat' dir='ltr'><strong>nostrorumque</strong></span> <span class='ocrx_word' id='word_1_537' title='bbox 1925 4729 2052 4766; x_wconf 89' lang='lat' dir='ltr'><strong>suc-</strong></span> 
     </span>
    </p>
   </div>
   <div class='ocr_carea' id='block_1_81' title="bbox 353 4797 2051 4869">
    <p class='ocr_par' dir='ltr' id='par_1_81' title="bbox 353 4797 2051 4869">
     <span class='ocr_line' id='line_1_81' title="bbox 353 4797 2051 4869; baseline 0.004 -21"><span class='ocrx_word' id='word_1_538' title='bbox 353 4811 639 4849; x_wconf 88' lang='lat' dir='ltr'><strong>cessorum</strong></span> <span class='ocrx_word' id='word_1_539' title='bbox 665 4811 863 4865; x_wconf 89' lang='lat' dir='ltr'><strong>regum</strong></span> <span class='ocrx_word' id='word_1_540' title='bbox 889 4803 946 4849; x_wconf 93' lang='lat' dir='ltr'><strong>et</strong></span> <span class='ocrx_word' id='word_1_541' title='bbox 977 4797 1412 4866; x_wconf 88' lang='lat' dir='ltr'><strong>imperatorum.</strong></span> <span class='ocrx_word' id='word_1_542' title='bbox 1443 4797 1499 4852; x_wconf 90' lang='lat' dir='ltr'><strong>Si</strong></span> <span class='ocrx_word' id='word_1_543' title='bbox 1552 4799 1682 4869; x_wconf 87' lang='lat' dir='ltr'><strong>quis</strong></span> <span class='ocrx_word' id='word_1_544' title='bbox 1712 4801 1889 4869; x_wconf 86' lang='lat' dir='ltr'><strong>igitur</strong></span> <span class='ocrx_word' id='word_1_545' title='bbox 1914 4818 2051 4855; x_wconf 91' lang='lat' dir='ltr'><strong>con-</strong></span> 
     </span>
    </p>
   </div>
   <div class='ocr_carea' id='block_1_82' title="bbox 353 4884 2049 4959">
    <p class='ocr_par' dir='ltr' id='par_1_82' title="bbox 353 4884 2049 4959">
     <span class='ocr_line' id='line_1_82' title="bbox 353 4884 2049 4959; baseline 0.004 -23"><span class='ocrx_word' id='word_1_546' title='bbox 353 4886 443 4937; x_wconf 89' lang='lat' dir='ltr'><strong>tra</strong></span> <span class='ocrx_word' id='word_1_547' title='bbox 473 4884 580 4938; x_wconf 88' lang='lat' dir='ltr'><strong>hoc</strong></span> <span class='ocrx_word' id='word_1_548' title='bbox 615 4891 873 4938; x_wconf 91' lang='lat' dir='ltr'><strong>nostrum</strong></span> <span class='ocrx_word' id='word_1_549' title='bbox 915 4890 1285 4955; x_wconf 64' lang='lat' dir='ltr'><strong>praeceptum,</strong></span> <span class='ocrx_word' id='word_1_550' title='bbox 1339 4887 1396 4939; x_wconf 92' lang='lat' dir='ltr'><strong>in</strong></span> <span class='ocrx_word' id='word_1_551' title='bbox 1440 4892 1716 4941; x_wconf 81' lang='lat' dir='ltr'><strong>aeternum</strong></span> <span class='ocrx_word' id='word_1_552' title='bbox 1769 4889 1880 4942; x_wconf 88' lang='lat' dir='ltr'><strong>Deo</strong></span> <span class='ocrx_word' id='word_1_553' title='bbox 1916 4905 2049 4959; x_wconf 92' lang='lat' dir='ltr'><strong>pro-</strong></span> 
     </span>
    </p>
   </div>
   <div class='ocr_carea' id='block_1_83' title="bbox 355 4973 2053 5042">
    <p class='ocr_par' dir='ltr' id='par_1_83' title="bbox 355 4973 2053 5042">
     <span class='ocr_line' id='line_1_83' title="bbox 355 4973 2053 5042; baseline 0.004 -18"><span class='ocrx_word' id='word_1_554' title='bbox 355 4973 498 5042; x_wconf 85' lang='lat' dir='ltr'><strong>pitio</strong></span> <span class='ocrx_word' id='word_1_555' title='bbox 555 4973 888 5030; x_wconf 88' lang='lat' dir='ltr'><strong>valiturum.</strong></span> <span class='ocrx_word' id='word_1_556' title='bbox 938 4973 1020 5028; x_wconf 90' lang='lat' dir='ltr'><strong>ire</strong></span> <span class='ocrx_word' id='word_1_557' title='bbox 1073 4975 1396 5041; x_wconf 84' lang='lat' dir='ltr'><strong>tentaverit,</strong></span> <span class='ocrx_word' id='word_1_558' title='bbox 1448 4981 1505 5029; x_wconf 90' lang='lat' dir='ltr'><strong>et</strong></span> <span class='ocrx_word' id='word_1_559' title='bbox 1556 4976 1852 5030; x_wconf 88' lang='lat' dir='ltr'><strong>ecclesiam</strong></span> <span class='ocrx_word' id='word_1_560' title='bbox 1900 4976 2053 5030; x_wconf 84' lang='lat' dir='ltr'><strong>beati</strong></span> 
     </span>
    </p>
   </div>
   <div class='ocr_carea' id='block_1_84' title="bbox 352 5060 2050 5134">
    <p class='ocr_par' dir='ltr' id='par_1_84' title="bbox 352 5060 2050 5134">
     <span class='ocr_line' id='line_1_84' title="bbox 352 5060 2050 5134; baseline 0.001 -18"><span class='ocrx_word' id='word_1_561' title='bbox 352 5060 484 5131; x_wconf 85' lang='lat' dir='ltr'><strong>Cyri</strong></span> <span class='ocrx_word' id='word_1_562' title='bbox 533 5063 620 5116; x_wconf 90' lang='lat' dir='ltr'><strong>vel</strong></span> <span class='ocrx_word' id='word_1_563' title='bbox 677 5068 962 5133; x_wconf 89' lang='lat' dir='ltr'><strong>pastorem</strong></span> <span class='ocrx_word' id='word_1_564' title='bbox 1002 5078 1170 5114; x_wconf 90' lang='lat' dir='ltr'><strong>suum</strong></span> <span class='ocrx_word' id='word_1_565' title='bbox 1241 5063 1536 5116; x_wconf 88' lang='lat' dir='ltr'><strong>disvestire</strong></span> <span class='ocrx_word' id='word_1_566' title='bbox 1587 5065 1674 5118; x_wconf 90' lang='lat' dir='ltr'><strong>vel</strong></span> <span class='ocrx_word' id='word_1_567' title='bbox 1751 5064 1809 5118; x_wconf 91' lang='lat' dir='ltr'><strong>in</strong></span> <span class='ocrx_word' id='word_1_568' title='bbox 1857 5065 2050 5134; x_wconf 90' lang='lat' dir='ltr'><strong>aliquo</strong></span> 
     </span>
    </p>
   </div>
   <div class='ocr_carea' id='block_1_85' title="bbox 353 5149 2048 5222">
    <p class='ocr_par' dir='ltr' id='par_1_85' title="bbox 353 5149 2048 5222">
     <span class='ocr_line' id='line_1_85' title="bbox 353 5149 2048 5222; baseline 0.003 -21"><span class='ocrx_word' id='word_1_569' title='bbox 353 5149 660 5202; x_wconf 85' lang='lat' dir='ltr'><strong>molestare</strong></span> <span class='ocrx_word' id='word_1_570' title='bbox 685 5151 753 5204; x_wconf 83' lang='lat' dir='ltr'><strong>de</strong></span> <span class='ocrx_word' id='word_1_571' title='bbox 787 5149 1077 5220; x_wconf 73' lang='lat' dir='ltr'><strong>praedictis</strong></span> <span class='ocrx_word' id='word_1_572' title='bbox 1126 5150 1295 5203; x_wconf 90' lang='lat' dir='ltr'><strong>rebus</strong></span> <span class='ocrx_word' id='word_1_573' title='bbox 1335 5153 1783 5222; x_wconf 70' lang='lat' dir='ltr'><strong>praesumpserit,</strong></span> <span class='ocrx_word' id='word_1_574' title='bbox 1817 5169 2048 5222; x_wconf 89' lang='lat' dir='ltr'><strong>compo-</strong></span> 
     </span>
    </p>
   </div>
   <div class='ocr_carea' id='block_1_86' title="bbox 354 5237 2052 5308">
    <p class='ocr_par' dir='ltr' id='par_1_86' title="bbox 354 5237 2052 5308">
     <span class='ocr_line' id='line_1_86' title="bbox 354 5237 2052 5308; baseline 0.004 -20"><span class='ocrx_word' id='word_1_575' title='bbox 354 5242 456 5288; x_wconf 88' lang='lat' dir='ltr'><strong>nat</strong></span> <span class='ocrx_word' id='word_1_576' title='bbox 487 5237 642 5290; x_wconf 91' lang='lat' dir='ltr'><strong>mille</strong></span> <span class='ocrx_word' id='word_1_577' title='bbox 683 5239 855 5292; x_wconf 89' lang='lat' dir='ltr'><strong>libras</strong></span> <span class='ocrx_word' id='word_1_578' title='bbox 887 5238 1011 5292; x_wconf 87' lang='lat' dir='ltr'><strong>auri</strong></span> <span class='ocrx_word' id='word_1_579' title='bbox 1057 5239 1371 5308; x_wconf 85' lang='lat' dir='ltr'><strong>purissimi,</strong></span> <span class='ocrx_word' id='word_1_580' title='bbox 1431 5239 1793 5293; x_wconf 89' lang='lat' dir='ltr'><strong>medietatem</strong></span> <span class='ocrx_word' id='word_1_581' title='bbox 1842 5246 2052 5294; x_wconf 65' lang='lat' dir='ltr'><strong>sancta;</strong></span> 
     </span>
    </p>
   </div>
   <div class='ocr_carea' id='block_1_87' title="bbox 354 5323 2051 5395">
    <p class='ocr_par' dir='ltr' id='par_1_87' title="bbox 354 5323 2051 5395">
     <span class='ocr_line' id='line_1_87' title="bbox 354 5323 2051 5395; baseline 0.004 -19"><span class='ocrx_word' id='word_1_582' title='bbox 354 5323 637 5378; x_wconf 85' lang='lat' dir='ltr'><strong>Ticinensi</strong></span> <span class='ocrx_word' id='word_1_583' title='bbox 669 5325 954 5395; x_wconf 69' lang='lat' dir='ltr'><strong>Ecclesim,</strong></span> <span class='ocrx_word' id='word_1_584' title='bbox 988 5331 1044 5380; x_wconf 88' lang='lat' dir='ltr'><strong>et</strong></span> <span class='ocrx_word' id='word_1_585' title='bbox 1060 5343 1302 5380; x_wconf 69' lang='lat' dir='ltr'><strong>camera:</strong></span> <span class='ocrx_word' id='word_1_586' title='bbox 1332 5334 1533 5380; x_wconf 64' lang='lat' dir='ltr'><strong>nostrae</strong></span> <span class='ocrx_word' id='word_1_587' title='bbox 1563 5329 1800 5381; x_wconf 90' lang='lat' dir='ltr'><strong>alteram</strong></span> <span class='ocrx_word' id='word_1_588' title='bbox 1835 5329 2051 5382; x_wconf 89' lang='lat' dir='ltr'><strong>medie-</strong></span> 
     </span>
    </p>
   </div>
   <div class='ocr_carea' id='block_1_88' title="bbox 355 5414 2053 5480">
    <p class='ocr_par' dir='ltr' id='par_1_88' title="bbox 355 5414 2053 5480">
     <span class='ocr_line' id='line_1_88' title="bbox 355 5414 2053 5480; baseline 0.003 -15"><span class='ocrx_word' id='word_1_589' title='bbox 355 5417 559 5466; x_wconf 88' lang='lat' dir='ltr'><strong>tatem.</strong></span> <span class='ocrx_word' id='word_1_590' title='bbox 592 5414 755 5477; x_wconf 87' lang='lat' dir='ltr'><strong>Quod</strong></span> <span class='ocrx_word' id='word_1_591' title='bbox 787 5421 851 5469; x_wconf 89' lang='lat' dir='ltr'><strong>ut</strong></span> <span class='ocrx_word' id='word_1_592' title='bbox 873 5417 1058 5470; x_wconf 88' lang='lat' dir='ltr'><strong>verius</strong></span> <span class='ocrx_word' id='word_1_593' title='bbox 1099 5416 1386 5480; x_wconf 86' lang='lat' dir='ltr'><strong>credatur,</strong></span> <span class='ocrx_word' id='word_1_594' title='bbox 1439 5421 1495 5470; x_wconf 92' lang='lat' dir='ltr'><strong>et</strong></span> <span class='ocrx_word' id='word_1_595' title='bbox 1551 5417 1621 5470; x_wconf 93' lang='lat' dir='ltr'><strong>ab</strong></span> <span class='ocrx_word' id='word_1_596' title='bbox 1669 5417 1937 5471; x_wconf 90' lang='lat' dir='ltr'><strong>omnibus</strong></span> <span class='ocrx_word' id='word_1_597' title='bbox 1965 5418 2053 5470; x_wconf 90' lang='lat' dir='ltr'><strong>in-</strong></span> 
     </span>
    </p>
   </div>
   <div class='ocr_carea' id='block_1_89' title="bbox 354 5502 2054 5576">
    <p class='ocr_par' dir='ltr' id='par_1_89' title="bbox 354 5502 2054 5576">
     <span class='ocr_line' id='line_1_89' title="bbox 354 5502 2054 5576; baseline 0.002 -22"><span class='ocrx_word' id='word_1_598' title='bbox 354 5502 705 5556; x_wconf 81' lang='lat' dir='ltr'><strong>violabiliter</strong></span> <span class='ocrx_word' id='word_1_599' title='bbox 724 5509 1108 5571; x_wconf 88' lang='lat' dir='ltr'><strong>conservetur,</strong></span> <span class='ocrx_word' id='word_1_600' title='bbox 1140 5505 1243 5558; x_wconf 84' lang='lat' dir='ltr'><strong>hoc</strong></span> <span class='ocrx_word' id='word_1_601' title='bbox 1274 5509 1623 5576; x_wconf 64' lang='lat' dir='ltr'><strong>praeceptum</strong></span> <span class='ocrx_word' id='word_1_602' title='bbox 1655 5520 1827 5558; x_wconf 90' lang='lat' dir='ltr'><strong>manu</strong></span> <span class='ocrx_word' id='word_1_603' title='bbox 1859 5511 2054 5559; x_wconf 87' lang='lat' dir='ltr'><strong>nostra</strong></span> 
     </span>
    </p>
   </div>
   <div class='ocr_carea' id='block_1_90' title="bbox 2153 3026 3806 3099">
    <p class='ocr_par' dir='ltr' id='par_1_90' title="bbox 2153 3026 3806 3099">
     <span class='ocr_line' id='line_1_90' title="bbox 2153 3026 3806 3099; baseline -0.01 -8"><span class='ocrx_word' id='word_1_604' title='bbox 2153 3037 2338 3091; x_wconf 74' lang='lat' dir='ltr'><strong>clesiae</strong></span> <span class='ocrx_word' id='word_1_605' title='bbox 2369 3034 2618 3098; x_wconf 90' lang='lat' dir='ltr'><strong>locandi,</strong></span> <span class='ocrx_word' id='word_1_606' title='bbox 2653 3032 3009 3099; x_wconf 90' lang='lat' dir='ltr'><strong>instituendi,</strong></span> <span class='ocrx_word' id='word_1_607' title='bbox 3044 3032 3421 3094; x_wconf 85' lang='lat' dir='ltr'><strong>destituendi,</strong></span> <span class='ocrx_word' id='word_1_608' title='bbox 3462 3047 3524 3083; x_wconf 89' lang='lat' dir='ltr'><strong>ac</strong></span> <span class='ocrx_word' id='word_1_609' title='bbox 3557 3031 3608 3082; x_wconf 93' lang='lat' dir='ltr'><strong>in</strong></span> <span class='ocrx_word' id='word_1_610' title='bbox 3639 3026 3806 3080; x_wconf 81' lang='lat' dir='ltr'><strong>melius.</strong></span> 
     </span>
    </p>
   </div>
   <div class='ocr_carea' id='block_1_91' title="bbox 2152 3115 3804 3189">
    <p class='ocr_par' dir='ltr' id='par_1_91' title="bbox 2152 3115 3804 3189">
     <span class='ocr_line' id='line_1_91' title="bbox 2152 3115 3804 3189; baseline -0.008 -13"><span class='ocrx_word' id='word_1_611' title='bbox 2152 3123 2566 3187; x_wconf 86' lang='lat' dir='ltr'><strong>commutandi,</strong></span> <span class='ocrx_word' id='word_1_612' title='bbox 2611 3138 2856 3183; x_wconf 90' lang='lat' dir='ltr'><strong>mansos,</strong></span> <span class='ocrx_word' id='word_1_613' title='bbox 2903 3121 3091 3184; x_wconf 85' lang='lat' dir='ltr'><strong>feuda,</strong></span> <span class='ocrx_word' id='word_1_614' title='bbox 3151 3117 3338 3181; x_wconf 84' lang='lat' dir='ltr'><strong>areas,</strong></span> <span class='ocrx_word' id='word_1_615' title='bbox 3398 3125 3579 3189; x_wconf 88' lang='lat' dir='ltr'><strong>prata,</strong></span> <span class='ocrx_word' id='word_1_616' title='bbox 3630 3115 3804 3173; x_wconf 76' lang='lat' dir='ltr'><strong>vineas,</strong></span> 
     </span>
    </p>
   </div>
   <div class='ocr_carea' id='block_1_92' title="bbox 2152 3204 3802 3281">
    <p class='ocr_par' dir='ltr' id='par_1_92' title="bbox 2152 3204 3802 3281">
     <span class='ocr_line' id='line_1_92' title="bbox 2152 3204 3802 3281; baseline -0.008 -15"><span class='ocrx_word' id='word_1_617' title='bbox 2152 3214 2341 3276; x_wconf 84' lang='lat' dir='ltr'><strong>silvas,</strong></span> <span class='ocrx_word' id='word_1_618' title='bbox 2365 3218 2683 3281; x_wconf 71' lang='lat' dir='ltr'><strong>cmteraque</strong></span> <span class='ocrx_word' id='word_1_619' title='bbox 2717 3209 2950 3263; x_wconf 89' lang='lat' dir='ltr'><strong>mobilia</strong></span> <span class='ocrx_word' id='word_1_620' title='bbox 2973 3214 3028 3261; x_wconf 90' lang='lat' dir='ltr'><strong>et</strong></span> <span class='ocrx_word' id='word_1_621' title='bbox 3082 3208 3432 3274; x_wconf 90' lang='lat' dir='ltr'><strong>immobilia,</strong></span> <span class='ocrx_word' id='word_1_622' title='bbox 3475 3207 3543 3259; x_wconf 91' lang='lat' dir='ltr'><strong>ad</strong></span> <span class='ocrx_word' id='word_1_623' title='bbox 3575 3204 3802 3275; x_wconf 89' lang='lat' dir='ltr'><strong>placitum</strong></span> 
     </span>
    </p>
   </div>
   <div class='ocr_carea' id='block_1_93' title="bbox 2153 3294 3805 3369">
    <p class='ocr_par' dir='ltr' id='par_1_93' title="bbox 2153 3294 3805 3369">
     <span class='ocr_line' id='line_1_93' title="bbox 2153 3294 3805 3369; baseline -0.007 -15"><span class='ocrx_word' id='word_1_624' title='bbox 2153 3302 2241 3354; x_wconf 91' lang='lat' dir='ltr'><strong>sui</strong></span> <span class='ocrx_word' id='word_1_625' title='bbox 2271 3300 2490 3354; x_wconf 86' lang='lat' dir='ltr'><strong>abbatis</strong></span> <span class='ocrx_word' id='word_1_626' title='bbox 2511 3316 2575 3353; x_wconf 90' lang='lat' dir='ltr'><strong>ac</strong></span> <span class='ocrx_word' id='word_1_627' title='bbox 2598 3299 2986 3369; x_wconf 71' lang='lat' dir='ltr'><strong>przeceptoris,</strong></span> <span class='ocrx_word' id='word_1_628' title='bbox 3035 3298 3272 3351; x_wconf 90' lang='lat' dir='ltr'><strong>liberam</strong></span> <span class='ocrx_word' id='word_1_629' title='bbox 3330 3297 3576 3351; x_wconf 85' lang='lat' dir='ltr'><strong>habeant</strong></span> <span class='ocrx_word' id='word_1_630' title='bbox 3602 3294 3805 3364; x_wconf 80' lang='lat' dir='ltr'><strong>potesta-</strong></span> 
     </span>
    </p>
   </div>
   <div class='ocr_carea' id='block_1_94' title="bbox 2150 3379 3807 3460">
    <p class='ocr_par' dir='ltr' id='par_1_94' title="bbox 2150 3379 3807 3460">
     <span class='ocr_line' id='line_1_94' title="bbox 2150 3379 3807 3460; baseline -0.007 -18"><span class='ocrx_word' id='word_1_631' title='bbox 2150 3393 2268 3444; x_wconf 89' lang='lat' dir='ltr'><strong>tem</strong></span> <span class='ocrx_word' id='word_1_632' title='bbox 2298 3405 2310 3443; x_wconf 95' lang='lat'><strong>:</strong></span> <span class='ocrx_word' id='word_1_633' title='bbox 2346 3390 2552 3460; x_wconf 88' lang='lat' dir='ltr'><strong>quibus</strong></span> <span class='ocrx_word' id='word_1_634' title='bbox 2584 3389 2757 3441; x_wconf 90' lang='lat' dir='ltr'><strong>etiam</strong></span> <span class='ocrx_word' id='word_1_635' title='bbox 2807 3387 3154 3457; x_wconf 88' lang='lat' dir='ltr'><strong>placationes</strong></span> <span class='ocrx_word' id='word_1_636' title='bbox 3215 3386 3585 3451; x_wconf 77' lang='lat' dir='ltr'><strong>offensarum,</strong></span> <span class='ocrx_word' id='word_1_637' title='bbox 3621 3379 3807 3434; x_wconf 84' lang='lat' dir='ltr'><strong>satisfa—</strong></span> 
     </span>
    </p>
   </div>
   <div class='ocr_carea' id='block_1_95' title="bbox 2153 3467 3803 3541">
    <p class='ocr_par' dir='ltr' id='par_1_95' title="bbox 2153 3467 3803 3541">
     <span class='ocr_line' id='line_1_95' title="bbox 2153 3467 3803 3541; baseline -0.01 -8"><span class='ocrx_word' id='word_1_638' title='bbox 2153 3479 2407 3533; x_wconf 91' lang='lat' dir='ltr'><strong>ctionum</strong></span> <span class='ocrx_word' id='word_1_639' title='bbox 2455 3478 2542 3531; x_wconf 90' lang='lat' dir='ltr'><strong>vel</strong></span> <span class='ocrx_word' id='word_1_640' title='bbox 2622 3477 2895 3530; x_wconf 88' lang='lat' dir='ltr'><strong>emendas</strong></span> <span class='ocrx_word' id='word_1_641' title='bbox 2948 3491 3304 3541; x_wconf 89' lang='lat' dir='ltr'><strong>excessuum,</strong></span> <span class='ocrx_word' id='word_1_642' title='bbox 3369 3477 3457 3528; x_wconf 90' lang='lat' dir='ltr'><strong>vel</strong></span> <span class='ocrx_word' id='word_1_643' title='bbox 3483 3472 3738 3526; x_wconf 86' lang='lat' dir='ltr'><strong>inviarmn</strong></span> <span class='ocrx_word' id='word_1_644' title='bbox 3759 3467 3803 3519; x_wconf 88' lang='lat' dir='ltr'><strong>in</strong></span> 
     </span>
    </p>
   </div>
   <div class='ocr_carea' id='block_1_96' title="bbox 2154 3555 3806 3632">
    <p class='ocr_par' dir='ltr' id='par_1_96' title="bbox 2154 3555 3806 3632">
     <span class='ocr_line' id='line_1_96' title="bbox 2154 3555 3806 3632; baseline -0.008 -12"><span class='ocrx_word' id='word_1_645' title='bbox 2154 3565 2421 3620; x_wconf 87' lang='lat' dir='ltr'><strong>omnibus</strong></span> <span class='ocrx_word' id='word_1_646' title='bbox 2440 3562 2625 3617; x_wconf 87' lang='lat' dir='ltr'><strong>causis</strong></span> <span class='ocrx_word' id='word_1_647' title='bbox 2645 3563 2926 3629; x_wconf 85' lang='lat' dir='ltr'><strong>civilibus,</strong></span> <span class='ocrx_word' id='word_1_648' title='bbox 2961 3567 3079 3616; x_wconf 90' lang='lat' dir='ltr'><strong>tam</strong></span> <span class='ocrx_word' id='word_1_649' title='bbox 3120 3562 3178 3616; x_wconf 92' lang='lat' dir='ltr'><strong>in</strong></span> <span class='ocrx_word' id='word_1_650' title='bbox 3231 3563 3420 3616; x_wconf 88' lang='lat' dir='ltr'><strong>tribus</strong></span> <span class='ocrx_word' id='word_1_651' title='bbox 3451 3559 3662 3632; x_wconf 89' lang='lat' dir='ltr'><strong>placitis</strong></span> <span class='ocrx_word' id='word_1_652' title='bbox 3686 3555 3806 3616; x_wconf 76' lang='lat' dir='ltr'><strong>Maii,</strong></span> 
     </span>
    </p>
   </div>
   <div class='ocr_carea' id='block_1_97' title="bbox 2153 3650 3809 3721">
    <p class='ocr_par' dir='ltr' id='par_1_97' title="bbox 2153 3650 3809 3721">
     <span class='ocr_line' id='line_1_97' title="bbox 2153 3650 3809 3721; baseline -0.008 -13"><span class='ocrx_word' id='word_1_653' title='bbox 2153 3652 2433 3708; x_wconf 82' lang='lat' dir='ltr'><strong>Autumni</strong></span> <span class='ocrx_word' id='word_1_654' title='bbox 2459 3657 2516 3706; x_wconf 91' lang='lat' dir='ltr'><strong>et</strong></span> <span class='ocrx_word' id='word_1_655' title='bbox 2561 3651 2876 3718; x_wconf 85' lang='lat' dir='ltr'><strong>Februarii,</strong></span> <span class='ocrx_word' id='word_1_656' title='bbox 2935 3666 3109 3721; x_wconf 89' lang='lat' dir='ltr'><strong>quam</strong></span> <span class='ocrx_word' id='word_1_657' title='bbox 3141 3650 3200 3703; x_wconf 90' lang='lat' dir='ltr'><strong>in</strong></span> <span class='ocrx_word' id='word_1_658' title='bbox 3244 3651 3514 3704; x_wconf 81' lang='lat' dir='ltr'><strong>omnibus</strong></span> <span class='ocrx_word' id='word_1_659' title='bbox 3557 3650 3707 3719; x_wconf 88' lang='lat' dir='ltr'><strong>plane</strong></span> <span class='ocrx_word' id='word_1_660' title='bbox 3739 3660 3809 3696; x_wconf 87' lang='lat' dir='ltr'><strong>ne-</strong></span> 
     </span>
    </p>
   </div>
   <div class='ocr_carea' id='block_1_98' title="bbox 2155 3731 3810 3814">
    <p class='ocr_par' dir='ltr' id='par_1_98' title="bbox 2155 3731 3810 3814">
     <span class='ocr_line' id='line_1_98' title="bbox 2155 3731 3810 3814; baseline -0.008 -17"><span class='ocrx_word' id='word_1_661' title='bbox 2155 3743 2346 3814; x_wconf 88' lang='lat' dir='ltr'><strong>gotiis,</strong></span> <span class='ocrx_word' id='word_1_662' title='bbox 2393 3742 2462 3795; x_wconf 92' lang='lat' dir='ltr'><strong>ab</strong></span> <span class='ocrx_word' id='word_1_663' title='bbox 2501 3741 2785 3795; x_wconf 85' lang='lat' dir='ltr'><strong>universis</strong></span> <span class='ocrx_word' id='word_1_664' title='bbox 2817 3740 3064 3794; x_wconf 64' lang='lat' dir='ltr'><strong>ecclesiae</strong></span> <span class='ocrx_word' id='word_1_665' title='bbox 3125 3739 3350 3793; x_wconf 87' lang='lat' dir='ltr'><strong>colonis</strong></span> <span class='ocrx_word' id='word_1_666' title='bbox 3385 3739 3645 3792; x_wconf 85' lang='lat' dir='ltr'><strong>volumus</strong></span> <span class='ocrx_word' id='word_1_667' title='bbox 3678 3731 3810 3786; x_wconf 78' lang='lat' dir='ltr'><strong>exhi—</strong></span> 
     </span>
    </p>
   </div>
   <div class='ocr_carea' id='block_1_99' title="bbox 2156 3822 3805 3887">
    <p class='ocr_par' dir='ltr' id='par_1_99' title="bbox 2156 3822 3805 3887">
     <span class='ocr_line' id='line_1_99' title="bbox 2156 3822 3805 3887; baseline -0.004 0"><span class='ocrx_word' id='word_1_668' title='bbox 2156 3833 2297 3887; x_wconf 87' lang='lat' dir='ltr'><strong>beri.</strong></span> <span class='ocrx_word' id='word_1_669' title='bbox 2325 3832 2602 3884; x_wconf 77' lang='lat' dir='ltr'><strong>Caeterum</strong></span> <span class='ocrx_word' id='word_1_670' title='bbox 2633 3830 2679 3882; x_wconf 90' lang='lat' dir='ltr'><strong>si</strong></span> <span class='ocrx_word' id='word_1_671' title='bbox 2709 3829 2894 3883; x_wconf 92' lang='lat' dir='ltr'><strong>coloni</strong></span> <span class='ocrx_word' id='word_1_672' title='bbox 2916 3829 2975 3882; x_wconf 90' lang='lat' dir='ltr'><strong>in</strong></span> <span class='ocrx_word' id='word_1_673' title='bbox 3007 3828 3201 3882; x_wconf 86' lang='lat' dir='ltr'><strong>litibus</strong></span> <span class='ocrx_word' id='word_1_674' title='bbox 3240 3843 3544 3881; x_wconf 89' lang='lat' dir='ltr'><strong>causarum</strong></span> <span class='ocrx_word' id='word_1_675' title='bbox 3588 3822 3805 3880; x_wconf 57' lang='lat' dir='ltr'><strong>deciden-</strong></span> 
     </span>
    </p>
   </div>
   <div class='ocr_carea' id='block_1_100' title="bbox 2155 3911 3810 3986">
    <p class='ocr_par' dir='ltr' id='par_1_100' title="bbox 2155 3911 3810 3986">
     <span class='ocr_line' id='line_1_100' title="bbox 2155 3911 3810 3986; baseline -0.01 -10"><span class='ocrx_word' id='word_1_676' title='bbox 2155 3921 2241 3976; x_wconf 90' lang='lat' dir='ltr'><strong>dis</strong></span> <span class='ocrx_word' id='word_1_677' title='bbox 2272 3921 2422 3974; x_wconf 88' lang='lat' dir='ltr'><strong>inter</strong></span> <span class='ocrx_word' id='word_1_678' title='bbox 2449 3935 2507 3972; x_wconf 90' lang='lat' dir='ltr'><strong>se</strong></span> <span class='ocrx_word' id='word_1_679' title='bbox 2535 3918 2897 3984; x_wconf 83' lang='lat' dir='ltr'><strong>dissentiunt,</strong></span> <span class='ocrx_word' id='word_1_680' title='bbox 2933 3918 3001 3971; x_wconf 92' lang='lat' dir='ltr'><strong>ad</strong></span> <span class='ocrx_word' id='word_1_681' title='bbox 3034 3916 3354 3986; x_wconf 83' lang='lat' dir='ltr'><strong>proximam</strong></span> <span class='ocrx_word' id='word_1_682' title='bbox 3382 3911 3810 3969; x_wconf 89' lang='lat' dir='ltr'><strong>curtimarcbiam</strong></span> 
     </span>
    </p>
   </div>
   <div class='ocr_carea' id='block_1_101' title="bbox 2157 4004 3810 4080">
    <p class='ocr_par' dir='ltr' id='par_1_101' title="bbox 2157 4004 3810 4080">
     <span class='ocr_line' id='line_1_101' title="bbox 2157 4004 3810 4080; baseline -0.01 -17"><span class='ocrx_word' id='word_1_683' title='bbox 2157 4026 2254 4064; x_wconf 89' lang='lat' dir='ltr'><strong>eos</strong></span> <span class='ocrx_word' id='word_1_684' title='bbox 2279 4025 2383 4080; x_wconf 88' lang='lat' dir='ltr'><strong>pro</strong></span> <span class='ocrx_word' id='word_1_685' title='bbox 2408 4006 2705 4061; x_wconf 90' lang='lat' dir='ltr'><strong>sententiis</strong></span> <span class='ocrx_word' id='word_1_686' title='bbox 2755 4005 3005 4059; x_wconf 88' lang='lat' dir='ltr'><strong>ferendis</strong></span> <span class='ocrx_word' id='word_1_687' title='bbox 3048 4005 3354 4058; x_wconf 88' lang='lat' dir='ltr'><strong>statuimus</strong></span> <span class='ocrx_word' id='word_1_688' title='bbox 3412 4004 3618 4057; x_wconf 86' lang='lat' dir='ltr'><strong>habere</strong></span> <span class='ocrx_word' id='word_1_689' title='bbox 3657 4011 3810 4052; x_wconf 89' lang='lat' dir='ltr'><strong>recur-</strong></span> 
     </span>
    </p>
   </div>
   <div class='ocr_carea' id='block_1_102' title="bbox 2156 4083 3811 4164">
    <p class='ocr_par' dir='ltr' id='par_1_102' title="bbox 2156 4083 3811 4164">
     <span class='ocr_line' id='line_1_102' title="bbox 2156 4083 3811 4164; baseline -0.01 -12"><span class='ocrx_word' id='word_1_690' title='bbox 2156 4115 2305 4159; x_wconf 90' lang='lat' dir='ltr'><strong>sum,</strong></span> <span class='ocrx_word' id='word_1_691' title='bbox 2337 4097 2384 4150; x_wconf 91' lang='lat' dir='ltr'><strong>si</strong></span> <span class='ocrx_word' id='word_1_692' title='bbox 2411 4113 2541 4149; x_wconf 81' lang='lat' dir='ltr'><strong>vero</strong></span> <span class='ocrx_word' id='word_1_693' title='bbox 2570 4111 2732 4149; x_wconf 88' lang='lat' dir='ltr'><strong>casus</strong></span> <span class='ocrx_word' id='word_1_694' title='bbox 2783 4095 3091 4164; x_wconf 81' lang='lat' dir='ltr'><strong>perplexus</strong></span> <span class='ocrx_word' id='word_1_695' title='bbox 3142 4093 3320 4146; x_wconf 88' lang='lat' dir='ltr'><strong>fuerit</strong></span> <span class='ocrx_word' id='word_1_696' title='bbox 3373 4109 3438 4146; x_wconf 88' lang='lat' dir='ltr'><strong>ac</strong></span> <span class='ocrx_word' id='word_1_697' title='bbox 3487 4088 3732 4149; x_wconf 78' lang='lat' dir='ltr'><strong>difficilis,</strong></span> <span class='ocrx_word' id='word_1_698' title='bbox 3761 4083 3811 4136; x_wconf 86' lang='lat' dir='ltr'><strong>ad</strong></span> 
     </span>
    </p>
   </div>
   <div class='ocr_carea' id='block_1_103' title="bbox 2160 4177 3810 4256">
    <p class='ocr_par' dir='ltr' id='par_1_103' title="bbox 2160 4177 3810 4256">
     <span class='ocr_line' id='line_1_103' title="bbox 2160 4177 3810 4256; baseline -0.011 -16"><span class='ocrx_word' id='word_1_699' title='bbox 2160 4191 2330 4256; x_wconf 90' lang='lat' dir='ltr'><strong>caput</strong></span> <span class='ocrx_word' id='word_1_700' title='bbox 2359 4184 2608 4248; x_wconf 87' lang='lat' dir='ltr'><strong>claustri,</strong></span> <span class='ocrx_word' id='word_1_701' title='bbox 2655 4184 2708 4237; x_wconf 93' lang='lat' dir='ltr'><strong>id</strong></span> <span class='ocrx_word' id='word_1_702' title='bbox 2740 4187 2824 4236; x_wconf 92' lang='lat' dir='ltr'><strong>est</strong></span> <span class='ocrx_word' id='word_1_703' title='bbox 2863 4182 3085 4237; x_wconf 87' lang='lat' dir='ltr'><strong>abbatis</strong></span> <span class='ocrx_word' id='word_1_704' title='bbox 3115 4182 3482 4252; x_wconf 66' lang='lat' dir='ltr'><strong>praesentiam</strong></span> <span class='ocrx_word' id='word_1_705' title='bbox 3541 4177 3810 4234; x_wconf 88' lang='lat' dir='ltr'><strong>recurrant.</strong></span> 
     </span>
    </p>
   </div>
   <div class='ocr_carea' id='block_1_104' title="bbox 2160 4261 3813 4345">
    <p class='ocr_par' dir='ltr' id='par_1_104' title="bbox 2160 4261 3813 4345">
     <span class='ocr_line' id='line_1_104' title="bbox 2160 4261 3813 4345; baseline -0.009 -16"><span class='ocrx_word' id='word_1_706' title='bbox 2160 4275 2362 4345; x_wconf 89' lang='lat' dir='ltr'><strong>Sicque</strong></span> <span class='ocrx_word' id='word_1_707' title='bbox 2390 4273 2583 4336; x_wconf 80' lang='lat' dir='ltr'><strong>abbas,</strong></span> <span class='ocrx_word' id='word_1_708' title='bbox 2617 4271 2934 4341; x_wconf 87' lang='lat' dir='ltr'><strong>majoribus</strong></span> <span class='ocrx_word' id='word_1_709' title='bbox 2977 4275 3033 4324; x_wconf 89' lang='lat' dir='ltr'><strong>et</strong></span> <span class='ocrx_word' id='word_1_710' title='bbox 3091 4270 3427 4342; x_wconf 83' lang='lat' dir='ltr'><strong>melioribus</strong></span> <span class='ocrx_word' id='word_1_711' title='bbox 3484 4285 3594 4322; x_wconf 67' lang='lat' dir='ltr'><strong>sua:</strong></span> <span class='ocrx_word' id='word_1_712' title='bbox 3622 4261 3813 4322; x_wconf 69' lang='lat' dir='ltr'><strong>familiar.</strong></span> 
     </span>
    </p>
   </div>
   <div class='ocr_carea' id='block_1_105' title="bbox 2160 4351 3815 4428">
    <p class='ocr_par' dir='ltr' id='par_1_105' title="bbox 2160 4351 3815 4428">
     <span class='ocr_line' id='line_1_105' title="bbox 2160 4351 3815 4428; baseline -0.008 -14"><span class='ocrx_word' id='word_1_713' title='bbox 2160 4359 2502 4423; x_wconf 88' lang='lat' dir='ltr'><strong>convocatis,</strong></span> <span class='ocrx_word' id='word_1_714' title='bbox 2526 4358 2781 4428; x_wconf 89' lang='lat' dir='ltr'><strong>ipsorum</strong></span> <span class='ocrx_word' id='word_1_715' title='bbox 2805 4357 3044 4412; x_wconf 89' lang='lat' dir='ltr'><strong>consilio</strong></span> <span class='ocrx_word' id='word_1_716' title='bbox 3067 4359 3219 4428; x_wconf 92' lang='lat' dir='ltr'><strong>quod</strong></span> <span class='ocrx_word' id='word_1_717' title='bbox 3264 4358 3489 4428; x_wconf 85' lang='lat' dir='ltr'><strong>justum</strong></span> <span class='ocrx_word' id='word_1_718' title='bbox 3525 4361 3607 4410; x_wconf 87' lang='lat' dir='ltr'><strong>est</strong></span> <span class='ocrx_word' id='word_1_719' title='bbox 3629 4351 3815 4408; x_wconf 85' lang='lat' dir='ltr'><strong>ordinet</strong></span> 
     </span>
    </p>
   </div>
   <div class='ocr_carea' id='block_1_106' title="bbox 2159 4439 3816 4516">
    <p class='ocr_par' dir='ltr' id='par_1_106' title="bbox 2159 4439 3816 4516">
     <span class='ocr_line' id='line_1_106' title="bbox 2159 4439 3816 4516; baseline -0.009 -15"><span class='ocrx_word' id='word_1_720' title='bbox 2159 4463 2224 4500; x_wconf 86' lang='lat' dir='ltr'><strong>ac</strong></span> <span class='ocrx_word' id='word_1_721' title='bbox 2242 4448 2527 4516; x_wconf 89' lang='lat' dir='ltr'><strong>disponat.</strong></span> <span class='ocrx_word' id='word_1_722' title='bbox 2565 4446 2766 4500; x_wconf 90' lang='lat' dir='ltr'><strong>Debita</strong></span> <span class='ocrx_word' id='word_1_723' title='bbox 2795 4445 2986 4499; x_wconf 78' lang='lat' dir='ltr'><strong>officia</strong></span> <span class='ocrx_word' id='word_1_724' title='bbox 3032 4451 3355 4499; x_wconf 87' lang='lat' dir='ltr'><strong>aratrorum</strong></span> <span class='ocrx_word' id='word_1_725' title='bbox 3408 4445 3593 4499; x_wconf 86' lang='lat' dir='ltr'><strong>tribus</strong></span> <span class='ocrx_word' id='word_1_726' title='bbox 3635 4439 3816 4494; x_wconf 83' lang='lat' dir='ltr'><strong>vicibus</strong></span> 
     </span>
    </p>
   </div>
   <div class='ocr_carea' id='block_1_107' title="bbox 2159 4533 3816 4599">
    <p class='ocr_par' dir='ltr' id='par_1_107' title="bbox 2159 4533 3816 4599">
     <span class='ocr_line' id='line_1_107' title="bbox 2159 4533 3816 4599; baseline -0.006 -9"><span class='ocrx_word' id='word_1_727' title='bbox 2159 4537 2217 4590; x_wconf 92' lang='lat' dir='ltr'><strong>in</strong></span> <span class='ocrx_word' id='word_1_728' title='bbox 2249 4553 2421 4599; x_wconf 90' lang='lat' dir='ltr'><strong>anno,</strong></span> <span class='ocrx_word' id='word_1_729' title='bbox 2471 4551 2706 4588; x_wconf 90' lang='lat' dir='ltr'><strong>ovorum</strong></span> <span class='ocrx_word' id='word_1_730' title='bbox 2759 4534 2817 4587; x_wconf 91' lang='lat' dir='ltr'><strong>in</strong></span> <span class='ocrx_word' id='word_1_731' title='bbox 2858 4534 3088 4599; x_wconf 86' lang='lat' dir='ltr'><strong>Pascha,</strong></span> <span class='ocrx_word' id='word_1_732' title='bbox 3145 4550 3444 4587; x_wconf 87' lang='lat' dir='ltr'><strong>caseorum</strong></span> <span class='ocrx_word' id='word_1_733' title='bbox 3501 4533 3557 4587; x_wconf 90' lang='lat' dir='ltr'><strong>in</strong></span> <span class='ocrx_word' id='word_1_734' title='bbox 3586 4534 3816 4586; x_wconf 83' lang='lat' dir='ltr'><strong>Penteco-</strong></span> 
     </span>
    </p>
   </div>
   <div class='ocr_carea' id='block_1_108' title="bbox 2161 4611 3819 4694">
    <p class='ocr_par' dir='ltr' id='par_1_108' title="bbox 2161 4611 3819 4694">
     <span class='ocr_line' id='line_1_108' title="bbox 2161 4611 3819 4694; baseline -0.009 -16"><span class='ocrx_word' id='word_1_735' title='bbox 2161 4632 2303 4688; x_wconf 89' lang='lat' dir='ltr'><strong>sten,</strong></span> <span class='ocrx_word' id='word_1_736' title='bbox 2350 4624 2642 4694; x_wconf 90' lang='lat' dir='ltr'><strong>pullorum</strong></span> <span class='ocrx_word' id='word_1_737' title='bbox 2695 4623 2754 4675; x_wconf 94' lang='lat' dir='ltr'><strong>in</strong></span> <span class='ocrx_word' id='word_1_738' title='bbox 2823 4623 3010 4676; x_wconf 91' lang='lat' dir='ltr'><strong>carnis</strong></span> <span class='ocrx_word' id='word_1_739' title='bbox 3053 4621 3254 4693; x_wconf 91' lang='lat' dir='ltr'><strong>privio,</strong></span> <span class='ocrx_word' id='word_1_740' title='bbox 3314 4628 3374 4675; x_wconf 88' lang='lat' dir='ltr'><strong>et</strong></span> <span class='ocrx_word' id='word_1_741' title='bbox 3423 4611 3819 4675; x_wconf 84' lang='lat' dir='ltr'><strong>hebdomadalia</strong></span> 
     </span>
    </p>
   </div>
   <div class='ocr_carea' id='block_1_109' title="bbox 2161 4709 3820 4777">
    <p class='ocr_par' dir='ltr' id='par_1_109' title="bbox 2161 4709 3820 4777">
     <span class='ocr_line' id='line_1_109' title="bbox 2161 4709 3820 4777; baseline -0.008 -11"><span class='ocrx_word' id='word_1_742' title='bbox 2161 4713 2385 4766; x_wconf 89' lang='lat' dir='ltr'><strong>servitia</strong></span> <span class='ocrx_word' id='word_1_743' title='bbox 2423 4711 2588 4765; x_wconf 59' lang='lat' dir='ltr'><strong>dictas</strong></span> <span class='ocrx_word' id='word_1_744' title='bbox 2619 4715 2821 4764; x_wconf 68' lang='lat' dir='ltr'><strong>nostrae</strong></span> <span class='ocrx_word' id='word_1_745' title='bbox 2844 4711 3119 4777; x_wconf 57' lang='lat' dir='ltr'><strong>ecclesia,</strong></span> <span class='ocrx_word' id='word_1_746' title='bbox 3165 4709 3236 4763; x_wconf 87' lang='lat' dir='ltr'><strong>ab</strong></span> <span class='ocrx_word' id='word_1_747' title='bbox 3277 4709 3568 4772; x_wconf 87' lang='lat' dir='ltr'><strong>omnibus,</strong></span> <span class='ocrx_word' id='word_1_748' title='bbox 3624 4710 3682 4759; x_wconf 88' lang='lat' dir='ltr'><strong>ut</strong></span> <span class='ocrx_word' id='word_1_749' title='bbox 3713 4715 3820 4754; x_wconf 88' lang='lat' dir='ltr'><strong>cou-</strong></span> 
     </span>
    </p>
   </div>
   <div class='ocr_carea' id='block_1_110' title="bbox 2161 4797 3821 4868">
    <p class='ocr_par' dir='ltr' id='par_1_110' title="bbox 2161 4797 3821 4868">
     <span class='ocr_line' id='line_1_110' title="bbox 2161 4797 3821 4868; baseline -0.006 -12"><span class='ocrx_word' id='word_1_750' title='bbox 2161 4802 2340 4866; x_wconf 91' lang='lat' dir='ltr'><strong>decet,</strong></span> <span class='ocrx_word' id='word_1_751' title='bbox 2416 4799 2800 4868; x_wconf 85' lang='lat' dir='ltr'><strong>impendatur.</strong></span> <span class='ocrx_word' id='word_1_752' title='bbox 2853 4800 3101 4854; x_wconf 90' lang='lat' dir='ltr'><strong>Censnm</strong></span> <span class='ocrx_word' id='word_1_753' title='bbox 3165 4803 3354 4852; x_wconf 88' lang='lat' dir='ltr'><strong>autem</strong></span> <span class='ocrx_word' id='word_1_754' title='bbox 3419 4797 3700 4857; x_wconf 87' lang='lat' dir='ltr'><strong>ultimum,</strong></span> <span class='ocrx_word' id='word_1_755' title='bbox 3739 4801 3821 4858; x_wconf 73' lang='lat' dir='ltr'><strong>per</strong></span> 
     </span>
    </p>
   </div>
   <div class='ocr_carea' id='block_1_111' title="bbox 2159 4877 3818 4960">
    <p class='ocr_par' dir='ltr' id='par_1_111' title="bbox 2159 4877 3818 4960">
     <span class='ocr_line' id='line_1_111' title="bbox 2159 4877 3818 4960; baseline -0.005 -18"><span class='ocrx_word' id='word_1_756' title='bbox 2159 4905 2330 4960; x_wconf 90' lang='lat' dir='ltr'><strong>quem</strong></span> <span class='ocrx_word' id='word_1_757' title='bbox 2365 4889 2562 4959; x_wconf 85' lang='lat' dir='ltr'><strong>utique</strong></span> <span class='ocrx_word' id='word_1_758' title='bbox 2592 4887 2809 4941; x_wconf 88' lang='lat' dir='ltr'><strong>omissa</strong></span> <span class='ocrx_word' id='word_1_759' title='bbox 2828 4887 2912 4940; x_wconf 90' lang='lat' dir='ltr'><strong>vel</strong></span> <span class='ocrx_word' id='word_1_760' title='bbox 2949 4887 3205 4956; x_wconf 87' lang='lat' dir='ltr'><strong>neglecta</strong></span> <span class='ocrx_word' id='word_1_761' title='bbox 3226 4887 3572 4955; x_wconf 83' lang='lat' dir='ltr'><strong>supplentur</strong></span> <span class='ocrx_word' id='word_1_762' title='bbox 3605 4877 3818 4934; x_wconf 73' lang='lat' dir='ltr'><strong>servitia.</strong></span> 
     </span>
    </p>
   </div>
   <div class='ocr_carea' id='block_1_112' title="bbox 2154 4968 3820 5050">
    <p class='ocr_par' dir='ltr' id='par_1_112' title="bbox 2154 4968 3820 5050">
     <span class='ocr_line' id='line_1_112' title="bbox 2154 4968 3820 5050; baseline -0.007 -19"><span class='ocrx_word' id='word_1_763' title='bbox 2154 4979 2249 5050; x_wconf 91' lang='lat' dir='ltr'><strong>jus</strong></span> <span class='ocrx_word' id='word_1_764' title='bbox 2274 4977 2536 5030; x_wconf 90' lang='lat' dir='ltr'><strong>videlicet</strong></span> <span class='ocrx_word' id='word_1_765' title='bbox 2565 4975 2826 5046; x_wconf 89' lang='lat' dir='ltr'><strong>capitale,</strong></span> <span class='ocrx_word' id='word_1_766' title='bbox 2863 4991 2899 5028; x_wconf 86' lang='lat' dir='ltr'><strong>a</strong></span> <span class='ocrx_word' id='word_1_767' title='bbox 2920 4974 3056 5028; x_wconf 89' lang='lat' dir='ltr'><strong>viris</strong></span> <span class='ocrx_word' id='word_1_768' title='bbox 3071 4974 3545 5028; x_wconf 86' lang='lat' dir='ltr'><strong>descendentibus</strong></span> <span class='ocrx_word' id='word_1_769' title='bbox 3573 4968 3820 5040; x_wconf 84' lang='lat' dir='ltr'><strong>optimum</strong></span> 
     </span>
    </p>
   </div>
   <div class='ocr_carea' id='block_1_113' title="bbox 2160 5051 3819 5138">
    <p class='ocr_par' dir='ltr' id='par_1_113' title="bbox 2160 5051 3819 5138">
     <span class='ocr_line' id='line_1_113' title="bbox 2160 5051 3819 5138; baseline -0.004 -19"><span class='ocrx_word' id='word_1_770' title='bbox 2160 5082 2397 5138; x_wconf 91' lang='lat' dir='ltr'><strong>equum,</strong></span> <span class='ocrx_word' id='word_1_771' title='bbox 2421 5065 2531 5132; x_wconf 87' lang='lat' dir='ltr'><strong>vel,</strong></span> <span class='ocrx_word' id='word_1_772' title='bbox 2555 5064 2602 5117; x_wconf 91' lang='lat' dir='ltr'><strong>si</strong></span> <span class='ocrx_word' id='word_1_773' title='bbox 2632 5079 2780 5135; x_wconf 89' lang='lat' dir='ltr'><strong>equo</strong></span> <span class='ocrx_word' id='word_1_774' title='bbox 2801 5067 3016 5129; x_wconf 87' lang='lat' dir='ltr'><strong>carent,</strong></span> <span class='ocrx_word' id='word_1_775' title='bbox 3059 5062 3344 5133; x_wconf 90' lang='lat' dir='ltr'><strong>optimum</strong></span> <span class='ocrx_word' id='word_1_776' title='bbox 3386 5065 3559 5132; x_wconf 87' lang='lat' dir='ltr'><strong>caput</strong></span> <span class='ocrx_word' id='word_1_777' title='bbox 3615 5051 3819 5128; x_wconf 68' lang='lat' dir='ltr'><strong>pecuriS.</strong></span> 
     </span>
    </p>
   </div>
   <div class='ocr_carea' id='block_1_114' title="bbox 2161 5140 3824 5208">
    <p class='ocr_par' dir='ltr' id='par_1_114' title="bbox 2161 5140 3824 5208">
     <span class='ocr_line' id='line_1_114' title="bbox 2161 5140 3824 5208; baseline -0.008 0"><span class='ocrx_word' id='word_1_778' title='bbox 2161 5161 2214 5208; x_wconf 88' lang='lat' dir='ltr'><strong>et</strong></span> <span class='ocrx_word' id='word_1_779' title='bbox 2244 5171 2275 5207; x_wconf 91' lang='lat' dir='ltr'><strong>a</strong></span> <span class='ocrx_word' id='word_1_780' title='bbox 2305 5153 2532 5208; x_wconf 83' lang='lat' dir='ltr'><strong>feminis</strong></span> <span class='ocrx_word' id='word_1_781' title='bbox 2582 5152 2846 5206; x_wconf 85' lang='lat' dir='ltr'><strong>induvias</strong></span> <span class='ocrx_word' id='word_1_782' title='bbox 2870 5157 2926 5205; x_wconf 90' lang='lat' dir='ltr'><strong>et</strong></span> <span class='ocrx_word' id='word_1_783' title='bbox 2963 5152 3194 5206; x_wconf 90' lang='lat' dir='ltr'><strong>exuvias</strong></span> <span class='ocrx_word' id='word_1_784' title='bbox 3247 5148 3560 5204; x_wconf 85' lang='lat' dir='ltr'><strong>transmitti</strong></span> <span class='ocrx_word' id='word_1_785' title='bbox 3589 5145 3655 5199; x_wconf 89' lang='lat' dir='ltr'><strong>ad</strong></span> <span class='ocrx_word' id='word_1_786' title='bbox 3680 5140 3824 5196; x_wconf 57' lang='lat' dir='ltr'><strong>cecle&#39;</strong></span> 
     </span>
    </p>
   </div>
   <div class='ocr_carea' id='block_1_115' title="bbox 2161 5228 3824 5308">
    <p class='ocr_par' dir='ltr' id='par_1_115' title="bbox 2161 5228 3824 5308">
     <span class='ocr_line' id='line_1_115' title="bbox 2161 5228 3824 5308; baseline -0.005 -12"><span class='ocrx_word' id='word_1_787' title='bbox 2161 5243 2303 5296; x_wconf 88' lang='lat' dir='ltr'><strong>siam</strong></span> <span class='ocrx_word' id='word_1_788' title='bbox 2334 5241 2692 5308; x_wconf 89' lang='lat' dir='ltr'><strong>ordinamus,</strong></span> <span class='ocrx_word' id='word_1_789' title='bbox 2719 5245 2781 5294; x_wconf 91' lang='lat' dir='ltr'><strong>ut</strong></span> <span class='ocrx_word' id='word_1_790' title='bbox 2833 5257 2963 5294; x_wconf 90' lang='lat' dir='ltr'><strong>cum</strong></span> <span class='ocrx_word' id='word_1_791' title='bbox 3011 5240 3241 5294; x_wconf 87' lang='lat' dir='ltr'><strong>famulis</strong></span> <span class='ocrx_word' id='word_1_792' title='bbox 3273 5239 3525 5293; x_wconf 83' lang='lat' dir='ltr'><strong>ecclesiae</strong></span> <span class='ocrx_word' id='word_1_793' title='bbox 3553 5238 3607 5290; x_wconf 91' lang='lat' dir='ltr'><strong>in</strong></span> <span class='ocrx_word' id='word_1_794' title='bbox 3645 5228 3824 5288; x_wconf 67' lang='lat' dir='ltr'><strong>divinis</strong></span> 
     </span>
    </p>
   </div>
   <div class='ocr_carea' id='block_1_116' title="bbox 2161 5317 3822 5398">
    <p class='ocr_par' dir='ltr' id='par_1_116' title="bbox 2161 5317 3822 5398">
     <span class='ocr_line' id='line_1_116' title="bbox 2161 5317 3822 5398; baseline -0.008 -14"><span class='ocrx_word' id='word_1_795' title='bbox 2161 5329 2404 5384; x_wconf 87' lang='lat' dir='ltr'><strong>servitiis</strong></span> <span class='ocrx_word' id='word_1_796' title='bbox 2429 5329 2894 5382; x_wconf 85' lang='lat' dir='ltr'><strong>communionem</strong></span> <span class='ocrx_word' id='word_1_797' title='bbox 2935 5327 3250 5398; x_wconf 90' lang='lat' dir='ltr'><strong>plenariam</strong></span> <span class='ocrx_word' id='word_1_798' title='bbox 3267 5331 3702 5396; x_wconf 87' lang='lat' dir='ltr'><strong>consequantur.</strong></span> <span class='ocrx_word' id='word_1_799' title='bbox 3727 5317 3822 5372; x_wconf 78' lang='lat' dir='ltr'><strong>lin-</strong></span> 
     </span>
    </p>
   </div>
   <div class='ocr_carea' id='block_1_117' title="bbox 2156 5409 3821 5489">
    <p class='ocr_par' dir='ltr' id='par_1_117' title="bbox 2156 5409 3821 5489">
     <span class='ocr_line' id='line_1_117' title="bbox 2156 5409 3821 5489; baseline -0.008 -20"><span class='ocrx_word' id='word_1_800' title='bbox 2156 5419 2252 5489; x_wconf 90' lang='lat' dir='ltr'><strong>jus</strong></span> <span class='ocrx_word' id='word_1_801' title='bbox 2281 5417 2532 5471; x_wconf 89' lang='lat' dir='ltr'><strong>instituti</strong></span> <span class='ocrx_word' id='word_1_802' title='bbox 2567 5416 2872 5470; x_wconf 81' lang='lat' dir='ltr'><strong>auctoritas</strong></span> <span class='ocrx_word' id='word_1_803' title='bbox 2916 5421 2980 5470; x_wconf 85' lang='lat' dir='ltr'><strong>ut</strong></span> <span class='ocrx_word' id='word_1_804' title='bbox 3023 5415 3184 5470; x_wconf 93' lang='lat' dir='ltr'><strong>omni</strong></span> <span class='ocrx_word' id='word_1_805' title='bbox 3243 5431 3363 5468; x_wconf 65' lang='lat' dir='ltr'><strong>aevo</strong></span> <span class='ocrx_word' id='word_1_806' title='bbox 3405 5411 3622 5466; x_wconf 86' lang='lat' dir='ltr'><strong>stabilis</strong></span> <span class='ocrx_word' id='word_1_807' title='bbox 3648 5409 3821 5462; x_wconf 89' lang='lat' dir='ltr'><strong>incon-</strong></span> 
     </span>
    </p>
   </div>
   <div class='ocr_carea' id='block_1_118' title="bbox 2160 5494 3822 5575">
    <p class='ocr_par' dir='ltr' id='par_1_118' title="bbox 2160 5494 3822 5575">
     <span class='ocr_line' id='line_1_118' title="bbox 2160 5494 3822 5575; baseline -0.008 -18"><span class='ocrx_word' id='word_1_808' title='bbox 2160 5506 2320 5559; x_wconf 90' lang='lat' dir='ltr'><strong>vulsa</strong></span> <span class='ocrx_word' id='word_1_809' title='bbox 2341 5511 2693 5575; x_wconf 87' lang='lat' dir='ltr'><strong>permaneat,</strong></span> <span class='ocrx_word' id='word_1_810' title='bbox 2717 5510 2776 5558; x_wconf 88' lang='lat' dir='ltr'><strong>et</strong></span> <span class='ocrx_word' id='word_1_811' title='bbox 2804 5503 3210 5558; x_wconf 87' lang='lat' dir='ltr'><strong>inviolabiliter</strong></span> <span class='ocrx_word' id='word_1_812' title='bbox 3234 5502 3304 5556; x_wconf 90' lang='lat' dir='ltr'><strong>ab</strong></span> <span class='ocrx_word' id='word_1_813' title='bbox 3341 5499 3607 5554; x_wconf 88' lang='lat' dir='ltr'><strong>omnibus</strong></span> <span class='ocrx_word' id='word_1_814' title='bbox 3649 5494 3822 5548; x_wconf 82' lang='lat' dir='ltr'><strong>obser-</strong></span> 
     </span>
    </p>
   </div>
  </div>
