4016 6202
158 338 251 388 3‘2!
1450 324 1842 379 DIPLOMATA
1881 321 2430 403 ECCLESIASTICA.

155 462 342 521 vetur,
374 454 519 507 hanc
570 448 839 502 chartam
895 442 1034 496 inde
1090 444 1500 515 conscriptam,
1553 445 1697 499 sicut
1746 446 1963 499 infe-A

155 546 274 599 rius
308 545 563 612 apparet,
594 536 776 606 sigilli
812 533 992 587 nostri
1016 532 1407 601 impressione
1428 535 1708 603 jussimus
1739 534 1883 588 insi-

158 633 331 704 gniri.

232 724 372 774 Data
401 718 571 772 Nonis
603 710 954 774 Februariis,
990 707 1316 763 indictione
1364 727 1463 776 xu,
1496 727 1650 765 anno
1686 710 1885 765 Domi-

159 810 302 863 nica:
336 804 748 861 incarnationis
796 803 951 863 l0l5,
1011 813 1172 851 anno
1235 798 1459 852 domini
1512 801 1736 853 Henrici
1797 816 1884 853 se-

160 897 332 952 cundi
368 893 663 964 regnantis
685 892 907 945 decimo
936 893 1117 950 sexto,
1160 886 1398 957 imperii
1431 895 1626 942 autem
1658 893 1882 959 quarto.

227 991 437 1039 Actum
470 978 888 1036 Francofordiiae
921 975 1193 1029 feliciter.
1221 981 1429 1030 Amen.

887 1062 1137 1117 LXXXIV
1148 1104 1162 1116 .

164 1162 220 1215 S.
249 1161 518 1214 Henricus
568 1155 806 1210 abbatis?
832 1154 886 1208 S.
944 1152 1139 1205 Vitoni
1167 1154 1534 1218 possessiones
1589 1155 1885 1219 conﬁrmat.

812 1244 996 1307 (Anno
1051 1239 1246 1305 1015.)

174 1335 259 1408 [0.
294 1335 539 1399 Calmet,
574 1332 816 1385 Histoire
862 1329 924 1381 de
955 1329 1249 1393 Lorraine,
1310 1330 1559 1393 Preuvcs,
1610 1344 1668 1397 p.
1724 1327 1882 1399 398.]

236 1425 303 1477 ln
355 1423 595 1476 nomine
637 1426 846 1472 sanctae
877 1424 934 1470 et
991 1415 1313 1469 individua
1366 1415 1685 1479 Trinitatis,
1737 1416 1889 1467 Hex-

170 1529 354 1577 aiccs,
386 1511 583 1565 divina
628 1509 972 1577 disponente
1011 1504 1340 1571 clementia,
1398 1503 1717 1573 imperator
1766 1508 1891 1556 Au-

168 1608 391 1671 gustus.

246 1676 486 1742 tlelebre
508 1692 613 1751 est,
644 1690 758 1739 etc.
796 1683 982 1746 Quare
1016 1681 1289 1735 noverint
1354 1696 1555 1733 omnes
1601 1694 1895 1732 consecre-

170 1778 310 1829 tales
367 1774 575 1843 palatii
622 1771 928 1839 czeterique
987 1768 1188 1821 ﬁdeles
1222 1767 1403 1820 nostri
1454 1766 1724 1836 qualiter,
1787 1780 1896 1833 per

172 1865 560 1916 interventum
596 1859 907 1929 Heymonis
958 1857 1143 1910 ﬁdelis
1202 1857 1404 1920 nostri,
1432 1860 1647 1907 sancta:
1680 1852 1893 1904 Virdu-

172 1953 363 2005 nensis
392 1950 655 2003 Ecclesia:
703 1947 981 2016 episcopi,
1040 1944 1277 2013 expetiti
1326 1960 1526 1996 sumus
1582 1946 1643 1994 ut
1677 1957 1767 1993 res
1799 1956 1897 1992 ec-

173 2040 359 2094 clesim
396 2055 535 2103 suae,
572 2044 735 2090 antea
758 2034 1257 2106 perapostolicum
1284 2031 1673 2102 privilegium,
1705 2034 1760 2081 et
1791 2045 1900 2097 per

177 2131 321 2183 diva
360 2128 649 2181 memorize
738 2121 1120 2178 antecessoris
1173 2120 1355 2173 n0stri
1412 2118 1639 2174 Ottonis
1674 2133 1900 2186 prince-

176 2225 363 2288 ptum,
429 2215 679 2270 ecclesiae
719 2218 776 2265 et
826 2208 1183 2264 monasterio
1238 2208 1390 2261 beati
1439 2206 1595 2261 Petri
1634 2205 1897 2269 collatas,

177 2306 271 2359 ubi
298 2305 680 2373 Berengarius
710 2302 892 2354 beatae
925 2296 1337 2351 recordationis
1376 2296 1680 2364 episcopus
1720 2309 1898 2362 regn-

178 2396 288 2447 lam
322 2394 479 2447 beati
528 2389 811 2445 Benedicti
868 2385 1096 2441 abbatis
1143 2400 1300 2436 sacra
1363 2382 1668 2437 devotione
1721 2380 1902 2433 incoe-

178 2490 356 2552 ptam,
396 2498 497 2552 pro
524 2495 685 2550 posse
718 2474 1067 2539 monachali,
1096 2471 1295 2525 ordine
1326 2469 1632 2534 decoravit,
1659 2468 1899 2538 suisque

180 2570 603 2624 successoribus
632 2564 1075 2637 perdonandam
1100 2560 1353 2630 reliquit,
1383 2576 1487 2629 per
1534 2564 1898 2627 praeceptum

180 2655 655 2717 conﬁrmationis,
692 2654 772 2705 uti
805 2648 1261 2721 imperatoribus
1303 2653 1361 2699 et
1417 2644 1651 2714 regibus
1709 2645 1901 2696 deces-

182 2746 414 2799 soribns
444 2742 621 2797 ucstri
646 2740 822 2794 moris
863 2740 1096 2800 fuerat;
1133 2736 1371 2803 insuper
1400 2748 1551 2804 qua:
1610 2730 1722 2800 ipsi
1764 2747 1899 2784 mo-

185 2833 439 2887 nasterio
479 2831 926 2891 condonaverat,
990 2824 1354 2889 offerremus,
1394 2828 1708 2889 nostraque
1763 2819 1899 2872 asti-

188 2922 486 2992 pulatione
506 2921 1042 2973 corroboraremus.
1085 2912 1247 2974 Quod
1311 2910 1512 2963 devote
1569 2908 1898 2976 expostula-

3589 328 3691 379 322

2735 444 2969 496 LXXXV.

1998 522 2343 591 Conﬁrmatio
2374 522 2585 587 jurium
2634 538 2696 575 ac
2738 523 3149 589 privilegioer
3202 524 3453 575 asceterii
3500 538 3693 575 sacra-

2067 610 2187 646 rum
2243 596 2518 658 virginum
2566 594 2884 646 Lucensium
2942 593 2996 646 S.
3045 593 3347 646 Saluatoris
3393 596 3545 657 facta
3593 595 3693 646 Αι-

2060 678 2242 733 Ρθνρκ
2261 663 2549 716 abbatissae
2571 665 2657 749 ab,
2676 664 2736 749 .
2776 665 3001 749 [Icariae
3020 666 3178 749 \iuter
3202 667 3475 728 Augustos
3496 666 3695 731 primo.

2644 736 2827 797 (Anno
2856 731 3037 799 1015.)

2179 800 2487 873 [Muratori,
2544 806 2829 870 Antiquit.
2862 803 3049 855 Italic.
3082 807 3222 855 tom.
3258 804 3299 863 Ι,
3331 802 3507 873 1007.}

2068 891 2131 943 In
2159 891 2391 943 nomine
2427 897 2635 943 sancta:
2667 899 2724 943 et
2780 890 3090 942 individua:
3137 891 3451 956 Trinitatis,
3488 892 3693 944 HENRI-

1996 994 2112 1040 cus,
2145 977 2338 1030 divina
2360 977 2581 1031 favente
2594 976 2918 1042 clementia,
2950 978 3343 1031 Romanorum
3367 979 3683 1049 imperator

1997 1068 2311 1135 Augustus.

2069 1152 2359 1221 Quidquid
2407 1153 2545 1205 locis
2607 1153 2800 1206 divino
2860 1155 3034 1206 cultui
3096 1154 3430 1224 mancipatis
3487 1161 3697 1207 nostra:

1998 1239 2356 1293 liberalitatis
2398 1257 2631 1293 munere
2665 1240 3028 1306 conferimus,
3066 1240 3118 1294 id
3154 1242 3318 1294 nobis
3350 1243 3419 1295 ad
3465 1248 3699 1295 aeterna:

1998 1326 2392 1380 retributionis
2415 1327 2939 1380 remunerationem
2972 1328 3241 1397 prodesse
3274 1327 3511 1380 minime
3545 1327 3697 1380 difﬁ—

2002 1416 2212 1469 dimus.
2250 1415 2561 1484 Cognoscat
2590 1415 2768 1485 igitur
2789 1416 3049 1468 omnium
3080 1415 3334 1468 ﬁdelium
3358 1422 3566 1468 sanctae
3601 1416 3701 1469 Dei

2004 1503 2285 1567 Ecclesiaé,
2317 1520 2415 1555 seu
2474 1506 2828 1568 nostrorum,
2871 1503 3245 1571 prazsentium
3302 1504 3515 1555 scilicet
3545 1504 3699 1556 futu-

2002 1607 2337 1660 rorumque,
2367 1591 2595 1645 solertia
2617 1592 2863 1661 qualiter
2895 1608 3017 1656 nos,
3053 1592 3379 1644 interventu
3436 1608 3499 1645 ac
3544 1592 3700 1660 peti-

2009 1678 2163 1731 tione
2211 1679 2579 1749 Cunegunda:
2645 1678 3046 1747 imperatricis,
3096 1685 3419 1748 nostraeque
3475 1679 3702 1731 dilectze

2011 1767 2289 1837 conjugis,
2324 1785 2423 1836 per
2452 1769 2599 1820 hanc
2643 1767 2827 1819 nostri
2873 1767 3142 1837 praecepti
3194 1768 3485 1836 paginam,
3532 1774 3709 1836 prout

2004 1854 2156 1923 juste
2186 1862 2241 1907 et
2268 1857 2524 1926 legaliter
2562 1871 2884 1924 possumus,
2907 1857 3314 1907 conlirmamns
3348 1862 3403 1907 et
3431 1856 3706 1908 corrobo-

2013 1958 2205 1995 ramus
2237 1943 2645 1995 monasterium
2678 1942 2868 1996 Sancti
2900 1944 3226 2003 Salvatoris,
3272 1944 3420 2013 quod
3452 1950 3535 1996 est
3556 1944 3708 1996 infra

2013 2045 2207 2082 muros
2258 2030 2412 2082 urbis
2446 2031 2607 2082 Luca:
2638 2037 3045 2094 constructum,
3102 2047 3217 2083 una
3270 2047 3397 2083 cum
3426 2031 3710 2085 abbatissa

2010 2118 2243 2171 nomine
2270 2120 2533 2188 Alperga,
2568 2134 2695 2169 cum
2728 2118 2992 2171 omnibus
3028 2119 3585 2173 sanctaamonialibus
3623 2120 3705 2175 ibi

2015 2206 2130 2259 Deo
2170 2205 2599 2271 famulantibus,
2625 2206 2914 2273 quomodo
2945 2211 3095 2272 sunt,
3126 2214 3222 2259 aut
3285 2223 3387 2275 pro
3435 2211 3700 2276 tempore

2012 2295 2128 2347 Deo
2169 2294 2309 2347 inibi
2343 2294 2769 2353 famulantibus,
2798 2310 2925 2346 cum
2959 2294 3227 2346 omnibus
3282 2310 3480 2346 eorum
3532 2294 3707 2347 rebus

2013 2388 2070 2435 et
2095 2381 2559 2452 proprietatibus,
2588 2382 2801 2433 scilicet
2831 2388 2887 2434 et
2908 2382 3096 2441 terris.
3127 2380 3323 2442 vineis,
3349 2381 3546 2450 pratis,
3580 2398 3708 2451 pas-

2012 2469 2150 2534 cuis,
2186 2469 2359 2531 silvis,
2395 2474 2690 2537 pascentes
2720 2469 3201 2538 pascuationibus,
3225 2486 3287 2522 ac
3339 2470 3533 2521 omnia
3564 2470 3707 2523 sub-

2010 2556 2217 2609 stantia
2248 2573 2375 2627 quae
2405 2556 2555 2609 idem
2586 2557 2739 2610 locus
2762 2564 3014 2611 meretur
3045 2560 3272 2623 habere,
3299 2559 3712 2611 conﬁrmamus

2010 2661 2115 2715 per
2141 2651 2348 2697 nostrae
2370 2644 2682 2713 augustalis
2700 2648 2973 2713 potentia:
3003 2645 3385 2717 [prmceptum]
3402 2687 3415 2711 ,
3438 2663 3537 2715 per
3553 2649 3711 2716 quod

2010 2733 2426 2785 monasterium
2453 2732 2613 2799 illud,
2643 2749 2731 2785 res
2760 2734 2981 2786 habitas
3012 2733 3343 2787 etadbucin
3371 2733 3501 2802 jure
3532 2734 3715 2803 ipsius

2011 2820 2344 2873 monasterii
2372 2820 2528 2889 juste
2554 2830 2870 2886 manentes,
2906 2823 3122 2892 possint
3143 2821 3201 2874 in
3232 2822 3489 2874 futurum
3522 2822 3713 2875 conti-

2011 2908 2156 2961 neri.
2195 2907 2512 2961 Statuimus
2552 2924 2711 2979 ergo,
2762 2926 2826 2962 ac
2856 2926 2957 2979 per
2983 2911 3088 2963 hoc
3144 2914 3352 2963 nostra:
3401 2909 3711 2963 conﬁrma-

188 3020 305 3065 tum
338 3016 449 3075 est,
481 3015 539 3063 et
569 3005 748 3076 regali
799 3000 1144 3057 auctoritate
1176 3013 1525 3051 concessum.
1564 2997 1775 3048 Damus
1803 3011 1893 3048 er-
1930 3000 1969 3053 Ο
2007 2995 2182 3048 tionis
2212 3001 2583 3064 prmceptum,
2621 3002 2679 3048 ut
2706 2996 2777 3049 ab
2824 2996 2953 3051 hinc
3001 3003 3056 3051 et
3082 2998 3143 3050 in
3200 2998 3456 3050 futurum
3502 3000 3714 3067 praefa-

188 3117 256 3170 go
281 3108 341 3152 et
374 3099 433 3151 in
456 3099 552 3167 jus
576 3094 834 3150 Ecclesia:
860 3092 984 3161 jam
1006 3089 1173 3142 dictas
1216 3086 1567 3140 conferimus
1610 3083 1901 3137 abbatiam

190 3190 374 3259 ipsam
399 3202 527 3257 quae
579 3185 637 3239 S.
688 3180 883 3235 Vitoni
944 3176 1177 3241 dicitur,
1234 3191 1366 3229 cum
1417 3172 1688 3227 omnibus
1745 3172 1813 3225 ad
1842 3190 1902 3226 se

190 3275 639 3347 pertinentibus,
671 3276 776 3324 etc.
801 3270 965 3322 Dono
999 3263 1233 3319 Gerardi
1262 3262 1489 3316 comitis
1534 3260 1603 3313 ad
1636 3259 1691 3313 S.
1723 3260 1900 3312 Julia-

192 3382 329 3419 num
368 3378 629 3417 mansum
670 3376 800 3413 cum
835 3354 1100 3417 dimidio,
1142 3357 1199 3405 et
1246 3351 1493 3416 vineam,
1554 3354 1659 3401 etc.
1698 3349 1905 3401 Noster

195 3470 325 3507 vero
359 3451 547 3505 ﬁdelis
577 3464 766 3501 comes
800 3441 1141 3499 Godefridus
1170 3438 1447 3509 quasdam
1494 3452 1585 3490 res
1643 3434 1711 3488 ad
1752 3451 1901 3503 prae-

195 3542 587 3595 fatnmlocum
619 3536 944 3589 subdotatas
986 3529 1145 3584 dedit
1198 3528 1256 3579 in
1311 3527 1447 3579 villa
1502 3539 1633 3595 qua:
1693 3523 1906 3577 Borbat

198 3636 584 3699 nuncupatur,
618 3640 816 3679 mansa
848 3637 916 3674 xx
946 3634 1079 3672 cum
1109 3615 1365 3679 ecclesia,
1401 3619 1505 3667 etc.
1544 3614 1905 3665 llermannus

198 3698 435 3788 quoque
465 3711 807 3767 venerabilis
833 3723 1025 3762 comes
1047 3705 1106 3757 in
1128 3702 1397 3756 comitatu
1421 3698 1904 3754 Bracbautinense

196 3807 255 3859 in
284 3804 507 3875 praedio
537 3801 692 3872 quod
725 3796 937 3853 Haslud
988 3798 1242 3856 vocatur,
1277 3807 1383 3844 xxx
1440 3789 1627 3842 eidem
1656 3788 1905 3841 contulit

203 3911 422 3958 mansa,
451 3898 559 3945 etc.
592 3891 792 3944 Comes
823 3886 997 3939 etiam
1068 3881 1346 3936 Lutardus
1403 3879 1463 3931 in
1522 3875 1727 3929 eodem
1778 3892 1906 3929 mo-

204 3982 453 4037 nasterio
486 3979 800 4033 monachus
826 3976 1028 4036 factus,
1062 3969 1222 4025 dedit
1252 3970 1310 4020 in
1353 3982 1501 4036 pago
1530 3964 1807 4033 Vaprensi
1846 3966 1906 4019 in

206 4071 481 4125 comitatu
520 4065 805 4122 Decasteri
852 4060 1137 4133 prandium
1179 4055 1539 4119 Balliodium,
1607 4052 1904 4107 ecclesiam

205 4162 422 4213 scilicet
467 4174 596 4211 cum
640 4156 790 4220 dote,
825 4158 881 4204 et
908 4163 1175 4204 mansum
1238 4143 1718 4197 indominicatum
1774 4158 1903 4195 cum

200 4250 323 4303 aliis
354 4264 447 4311 xL,
482 4253 590 4300 etc.
626 4245 737 4298 Nos
769 4246 959 4295 autem
991 4234 1284 4307 praedictae
1344 4232 1608 4286 Ecclesiae
1660 4245 1765 4299 pro
1810 4246 1898 4283 re-

200 4338 389 4391 medio
406 4336 614 4390 anima:
642 4337 869 4395 nostrae,
904 4335 961 4381 et
992 4322 1375 4380 dilectissime:
1406 4318 1668 4391 conjugis
1692 4324 1901 4372 nostra

200 4425 590 4495 Cunegundae,
613 4426 669 4474 et
699 4435 801 4489 pro
832 4410 1379 4470 commemoratione
1402 4410 1663 4463 omnium
1694 4423 1901 4475 paren-

201 4519 347 4581 tum,
374 4494 625 4584 quorum
650 4505 940 4562 memoria!
956 4503 1237 4557 debitores
1258 4498 1577 4562 existimas,
1603 4494 1903 4550 dimidiam

201 4582 425 4672 partem
474 4597 706 4663 telonei,
762 4600 1033 4659 monetae,
1065 4595 1119 4644 et
1148 4590 1322 4643 totius
1355 4586 1533 4640 debiti
1562 4604 1565 4609 ·
1590 4582 1739 4654 quod
1770 4584 1903 4637 inde

204 4693 269 4745 ad
301 4689 672 4758 nostrnmjus
696 4682 927 4753 respicit
958 4682 1015 4733 in
1041 4680 1164 4732 loco
1193 4677 1293 4747 qui
1319 4675 1530 4729 dicitur
1560 4672 1900 4737 Mosomum,

202 4778 259 4830 in
291 4776 589 4846 proprium
655 4774 879 4825 damus.
941 4769 1067 4821 Haec
1125 4782 1229 4836 per
1285 4764 1677 4818 interVPntum
1738 4759 1901 4811 Heri-

204 4865 403 4919 manni
426 4861 665 4923 comitis,
717 4859 881 4928 cujus
929 4854 1273 4909 beneﬁcium
1325 4856 1493 4904 antea
1548 4846 1673 4913 fuit,
1722 4846 1901 4900 tradi-

206 4970 330 5007 mus
353 4969 414 5006 ac
444 4947 732 5021 imperiali
758 4943 1092 4999 auctoritate
1123 4938 1585 5001 corroboramus,
1615 4939 1721 4988 etc.

272 5043 505 5107 Signum
585 5036 791 5092 domini
861 5032 1079 5086 Henrici
1148 5027 1495 5082 invictissimi
1557 5026 1902 5091 imperatoris

208 5131 467 5197 Augusti.

274 5216 613 5272 Gontberius
675 5207 1048 5265 cancellarius
1102 5206 1222 5259 vice
1296 5198 1647 5257 Herimbaldi
1714 5199 1900 5253 archi-

207 5304 526 5359 cancellarii
559 5299 880 5369 recognovi.

281 5395 421 5447 Data
478 5407 625 5443 anno
679 5385 988 5442 Dominicw
1060 5375 1469 5434 incarnationis
1532 5376 1688 5437 l0l5,
1749 5391 1900 5429 anno

212 5499 345 5535 vero
376 5479 593 5534 domini
626 5474 850 5531 Henrici
875 5490 934 5539 ιι,
968 5470 1131 5540 regni
1176 5482 1287 5533 xiv,
1317 5464 1548 5535 imperii
1601 5471 1792 5517 autem
1841 5480 1899 5517 ιι.

282 5576 482 5627 Actum
512 5567 888 5634 Noviomago.

2012 3089 2135 3136 tum
2167 3083 2603 3145 monasterium,
2636 3100 2747 3137 una
2777 3101 2905 3137 cum
2938 3085 3107 3138 rebus
3164 3086 3251 3138 vel
3304 3084 3535 3138 familiis
3567 3085 3710 3139 inibi

2007 3173 2162 3242 juste
2192 3170 2632 3240 pertinentibus,
2666 3172 2753 3225 vel
2794 3189 3154 3243 quaecunque
3186 3173 3245 3225 in
3289 3180 3454 3226 antea
3485 3190 3588 3243 per
3613 3175 3712 3227 da-

2012 3259 2234 3312 tionem
2262 3258 2667 3328 religiosorum
2724 3260 2979 3313 virorum
3023 3276 3125 3313 seu
3173 3260 3505 3313 devotarum
3535 3260 3710 3313 femi-

2013 3364 2221 3401 narum
2251 3348 2523 3401 collatum
2556 3347 2852 3413 exstiterit,
2886 3348 2989 3401 sub
3022 3346 3202 3400 nostri
3256 3347 3533 3418 praecepti
3582 3365 3716 3401 con-

2013 3435 2400 3489 ﬁrmationem
2433 3442 2789 3504 permaneat,
2822 3443 2879 3489 et
2911 3437 3103 3489 nullus
3132 3436 3402 3505 quislibet
3431 3439 3500 3490 de
3556 3454 3715 3507 prae-

2013 3523 2178 3576 dictis
2210 3524 2401 3587 rebus,
2431 3539 2572 3593 quas
2602 3527 2739 3576 tunc
2776 3530 2969 3577 tenere
3024 3524 3216 3593 quiete.
3249 3540 3308 3576 ac
3340 3524 3602 3594 legaliter
3632 3527 3713 3578 vi-

2014 3610 2316 3675 debantur,
2348 3610 2601 3679 aliquam
2650 3610 3111 3680 inquietudinem
3173 3613 3290 3664 ullo
3346 3629 3602 3683 unquam
3654 3615 3714 3669 in

2013 3706 2274 3769 tempore
2301 3700 2484 3752 facere
2516 3706 2828 3769 praesumat
2862 3717 2874 3767 ;
2900 3701 2994 3754 sed
3028 3716 3132 3771 per
3162 3701 3308 3754 hanc
3330 3709 3585 3755 nostram
3620 3721 3719 3758 au-

2014 3787 2334 3842 ctoritatem
2366 3803 2565 3839 omnes
2588 3804 2674 3839 res
2696 3787 2875 3858 ipsius
2900 3787 3231 3841 monasterii
3263 3788 3376 3841 sint
3407 3790 3716 3847 defensatae

2015 3876 2120 3930 sub
2152 3875 2331 3928 nostri
2362 3874 2632 3944 prcecepti
2671 3877 3189 3929 conﬁrmationem.
3240 3877 3513 3931 Volumus
3542 3880 3717 3934 etiam

2016 3971 2078 4020 ut
2128 3963 2231 4017 sub
2262 3969 2456 4016 nostra
2493 3963 2857 4017 immunitate
2908 3964 3058 4018 idem
3112 3964 3451 4033 praedictum
3506 3983 3713 4022 mona-

2015 4052 2251 4108 sterium
2276 4051 2482 4104 nostris
2515 4056 2571 4105 et
2602 4051 2807 4104 futuris
2837 4051 3192 4122 temporibus
3218 4053 3418 4106 existat
3450 4071 3563 4107 una
3584 4072 3715 4111 cum

2016 4140 2285 4195 omnibus
2308 4142 2476 4193 rebus
2499 4156 2562 4193 ac
2592 4140 2825 4193 familiis
2848 4141 2916 4193 ad
2937 4157 3068 4194 eum
3087 4141 3241 4210 juste
3265 4142 3711 4213 pertinentibus,

2016 4229 2081 4281 Et
2114 4227 2160 4278 si
2190 4227 2419 4295 quando
2449 4226 2735 4280 abbatissa
2785 4227 3014 4293 obierit,
3064 4228 3132 4281 de
3164 4230 3278 4282 suis
3310 4231 3446 4300 ipsis
3476 4232 3716 4302 eligant,

2018 4331 2190 4386 quam
2223 4314 2387 4367 bona:
2419 4316 2866 4369 conversationis
2932 4317 3256 4371 invenerint
3286 4321 3583 4374 meliorem
3616 4323 3715 4377 ab-

2013 4404 2304 4458 batissam.
2334 4403 2736 4473 Prmcipientes
2775 4421 3005 4476 quoque
3038 4405 3307 4474 jubemus
3364 4415 3417 4462 et
3459 4408 3719 4478 jubendo

2012 4491 2381 4562 praecipimus
2414 4498 2476 4544 ut
2503 4493 2698 4546 nullus
2721 4493 2898 4562 judex
2955 4494 3236 4564 publicus,
3286 4503 3381 4551 aut
3412 4498 3621 4569 aliquis
3653 4517 3719 4553 ex

2006 4580 2311 4651 judiciaria
2360 4584 2636 4650 potestate
2686 4581 2834 4635 infra
2890 4583 3079 4652 ipsum
3118 4588 3549 4653 monasterium,
3620 4606 3719 4643 seu

2012 4668 2273 4722 ecclesias
2301 4674 2399 4721 aut
2437 4668 2619 4737 villas,
2667 4676 2765 4723 aut
2814 4687 3004 4740 agros,
3070 4678 3177 4726 etc.
3220 4674 3388 4736 Quod
3436 4680 3497 4728 ut
3523 4679 3716 4731 verius

2016 4758 2301 4821 credatur,
2330 4762 2434 4809 etc.

2083 4845 2315 4911 Signum
2343 4843 2531 4897 damni
2576 4846 2820 4900 Ileinrici
2864 4849 3195 4900 screnissimi
3236 4850 3583 4906 invictissimi
3613 4856 3715 4907 im-

2008 4937 2281 5004 peratoris
2310 4935 2570 5000 Augusti.

2086 5022 2382 5076 Heinricus
2428 5024 2799 5076 cancellarius
2847 5024 2968 5078 vice
3038 5023 3307 5078 Everardi
3363 5026 3613 5100 episcopi
3658 5038 3717 5085 et

2012 5111 2493 5164 archicancellarii
2524 5113 2874 5183 recognovit.

2086 5200 2290 5253 Datum
2322 5215 2472 5252 anno
2530 5200 2839 5253 Dominicaa
2879 5198 3289 5252 incarnationis
3348 5204 3505 5269 1015,
3562 5205 3710 5261 indi-

2011 5287 2197 5340 ctione
2228 5303 2323 5353 xn,
2356 5304 2505 5339 anno
2540 5288 2738 5341 domui
2772 5287 3018 5340 Heinrici
3050 5287 3413 5357 imperatoris
3463 5297 3709 5363 Augusti

2012 5374 2306 5444 regnantis
2334 5390 2429 5439 xu,
2464 5374 2686 5444 imperii
2723 5376 2845 5442 ejus
2872 5373 3077 5442 primo.

2082 5466 2282 5515 Actum
2308 5462 2363 5513 in
2399 5463 2668 5515 comitatu
2690 5462 2919 5531 Pisano,
2941 5462 3001 5515 in
3028 5462 3161 5517 villa
3185 5481 3313 5535 quae
3342 5476 3712 5540 nuncupatur

2014 5550 2275 5616 Fasiano,
2315 5550 2573 5604 feliciter.
2607 5554 2808 5603 Amen.
