3914 6190
140 266 220 319 325

766 378 1083 433 LXXXVI".
1814 383 1860 435 Α

134 476 179 529 S.
208 473 439 527 Henricus
500 468 728 522 ecclesiae
794 468 1223 591 Ptqderqornensi
1264 474 1472 523 curtem
1520 468 1786 523 Honstede

876 554 979 592 ona
1018 581 1030 593 .

748 630 912 680 Anno
946 628 1103 680 1015.

336 715 475 787 [ϐοά.
510 716 735 785 diplom.
770 718 916 769 Hist.
960 716 1233 782 Westph.,
1266 731 1399 785 pag.
1432 716 1555 785 64.]

191 809 239 862 C.
288 808 347 859 lu
399 805 629 858 nomine
708 810 917 857 sancta:
977 810 1033 857 et
1114 804 1422 857 individua:
1470 804 1784 868 Trinitatis,

136 900 397 953 stnxcus,
446 893 636 946 divina
709 892 933 946 favente
1013 892 1338 957 clementia,
1398 893 1786 947 Romanorum

135 988 404 1054 imperator
430 984 740 1051 Augustus.

190 1072 398 1124 Necesse
419 1073 501 1121 est
523 1075 585 1121 ut
613 1083 743 1120 cum
776 1084 863 1121 res
896 1067 1045 1121 bona
1075 1066 1283 1137 agitur,
1316 1067 1477 1136 prius
1500 1067 1690 1137 ejus...
1726 1066 1786 1120 in

135 1159 272 1212 corde
289 1159 557 1210 vincatur.
579 1158 677 1217 Ne,
710 1157 756 1209 si
785 1173 812 1209 a
840 1156 1027 1209 radice
1051 1157 1273 1209 miserae.
1299 1155 1631 1208 intentionis
1656 1171 1787 1226 pro-

136 1249 257 1312 deat,
282 1262 494 1299 amaros
523 1244 802 1315 nequicim
833 1244 1050 1298 fructus
1101 1243 1397 1314 producat.
1448 1244 1522 1295 Ea
1554 1249 1789 1314 propter

134 1352 227 1388 non
246 1334 387 1387 surdi
407 1333 695 1386 auditores
726 1333 1067 1402 evangelicae
1098 1332 1350 1396 Marthae,
1406 1332 1569 1401 cujus
1628 1348 1786 1385 more

132 1423 450 1477 Meinwercus
473 1421 947 1490 episcopusnobis
976 1420 1261 1491 frequenti
1284 1420 1603 1473 ministerio
1632 1424 1786 1473 sata-

130 1512 196 1579 git
216 1509 498 1575 deservire,
519 1510 590 1561 ob
612 1509 994 1561 interventum
1022 1508 1389 1573 Cunegundaa
1412 1507 1788 1577 imperatricis

129 1603 363 1668 anguste,
394 1597 726 1650 contectalis
753 1595 1014 1650 videlicet
1063 1601 1294 1661 nostras,
1320 1612 1425 1649 nec
1479 1612 1598 1649 non
1628 1598 1788 1649 Ever-

129 1687 479 1740 hardisanctm
515 1685 1003 1754 Babenbergensis
1034 1684 1185 1738 sedis
1203 1684 1475 1755 episcopi,
1501 1686 1599 1737 sed
1634 1685 1781 1754 Egil-

131 1775 248 1827 berti
296 1773 666 1843 Frisingensis
724 1773 975 1826 ecclesim
1026 1773 1334 1842 pontificis,
1410 1779 1782 1825 sacrosanctae

129 1860 609 1913 Patherbruunensi
651 1860 901 1913 ecclesiae
939 1860 997 1912 in
1034 1860 1249 1913 honore
1278 1862 1333 1914 S.
1362 1860 1551 1914 Mariae
1582 1860 1784 1913 mundi

129 1948 337 2000 dominze
386 1948 681 2016 sanctique
747 1947 975 2017 Kyliani
1020 1948 1283 2019 martyris
1332 1953 1502 2018 atque
1561 1948 1785 2017 Lyborii

127 2035 418 2088 confessoris
494 2034 723 2088 Domini
808 2042 1171 2103 consecratae,
1230 2043 1449 2090 curtem
1500 2036 1785 2090 Honstede

128 2123 299 2177 dictam
356 2140 486 2177 cum
536 2124 802 2177 omnibus
858 2125 1239 2194 pertinentiis,
1300 2126 1467 2179 terris
1527 2125 1789 2179 videlicet

126 2213 261 2264 cultis
290 2217 342 2265 et
368 2212 623 2275 incultis,
657 2212 956 2282 mancipiis
990 2213 1291 2283 utriusque
1332 2229 1521 2280 sexus,
1573 2214 1788 2265 molen-

126 2298 267 2364 dinis,
323 2300 755 2370 piscationibus,
810 2301 973 2371 aquis
1024 2318 1375 2371 aquarumve
1432 2301 1784 2368 decursibus,

124 2387 299 2455 quibus
328 2388 542 2440 scilicet
572 2387 1033 2457 archiepiscopus
1091 2388 1301 2441 Onwan
1352 2404 1476 2442 eam
1534 2389 1787 2458 possedit

124 2475 368 2545 nobisque
396 2476 666 2544 legaliter
695 2476 953 2541 tradidit,
989 2477 1048 2529 in
1073 2494 1221 2547 pago
1257 2478 1491 2546 Rittiga,
1517 2478 1574 2530 in
1607 2477 1785 2531 comi-

125 2566 222 2615 tatu
261 2563 565 2617 Iternhardi
595 2564 839 2629 comitis,
875 2572 1155 2634 perpetuo
1203 2566 1333 2635 jure
1380 2565 1785 2635 possidendam

122 2650 440 2705 tradidimus.
477 2652 547 2705 Et
576 2657 639 2705 ut
694 2654 815 2705 hinc
860 2659 1067 2706 nostra:
1110 2652 1425 2722 imperialis
1462 2654 1786 2708 traditionis

122 2740 389 2793 auctoritas
444 2742 619 2794 ﬁrma
691 2745 748 2794 et
812 2740 1147 2795 inconvulsa
1201 2747 1555 2811 permaneat,
1613 2743 1786 2813 sigilli

122 2828 268 2880 nostri
321 2829 705 2899 impressione
770 2829 918 2883 hanc
990 2830 1262 2899 paginam
1320 2846 1493 2884 manu
1549 2831 1785 2903 propria

122 2916 505 2971 corroborando
533 2923 731 2987 supter
761 2918 966 2971 bullari
986 2920 1284 2989 jussimus.

175 3004 376 3070 Signum
438 3006 653 3060 domini
710 3008 954 3061 Heinrici
1012 3007 1091 3076 (L.
1146 3008 1236 3077 Μ.)
1296 3008 1645 3076 imperatoris
1694 3009 1781 3061 in-

119 3092 386 3147 notissimi.

171 3182 455 3237 Gunterius
475 3183 852 3238 cancellarius
876 3183 994 3237 vice
1029 3183 1402 3239 Erchanbaldi
1442 3184 1783 3256 archicapel-

120 3268 208 3321 Iani
236 3273 434 3325 notavi.

175 3359 294 3413 Data
323 3377 454 3415 xvui
511 3360 640 3414 Kal.
708 3361 893 3428 Febr.,
956 3376 1106 3414 anno
1158 3361 1471 3415 Dominicaa
1519 3362 1781 3416 incarna-

115 3446 257 3500 tionis
283 3451 418 3503 mill.
455 3466 549 3517 xv,
592 3449 905 3503 indictione
959 3466 1081 3513 xui,
1150 3466 1301 3503 anno
1340 3456 1531 3505 autem
1582 3451 1782 3505 domui

118 3532 331 3591 Heinrici
360 3539 601 3592 secundi
633 3538 923 3609 regnantis
950 3554 1070 3604 xui,
1104 3538 1335 3608 imperii
1390 3556 1522 3594 vero
1568 3541 1776 3610 primo.

168 3626 348 3679 Actum
378 3627 746 3681 Mulinhusen
777 3627 1039 3681 feliciter.
1078 3630 1279 3681 Amen.

806 3734 1067 3787 LXXXIX.

168 3819 542 3875 Concambium
579 3823 822 3875 Heinrici
972 3823 1343 3945 timperatoris
1389 3836 1507 3875 cum
1538 3823 1783 3877 Robbone

826 3908 858 3945 a
934 3908 965 3944 a
993 3908 1039 3945 e.

826 3908 1039 3947 αῡοσιε.

602 3981 788 4049 (Anno
819 3983 971 4045 1015,
1015 3983 1069 4033 Η
1108 3980 1257 4050 Mai.)

330 4066 603 4140 [Dronke,
637 4068 765 4125 Cod.
809 4069 1038 4137 diplom.
1066 4068 1258 4134 .Fuld.,
1291 4084 1346 4139 p.
1383 4070 1526 4140 346.]

170 4170 221 4222 In
248 4176 476 4227 nomine
525 4179 736 4227 sanctas
767 4179 823 4227 et
876 4174 1188 4228 individua:
1236 4173 1547 4241 Trinitatis,
1608 4176 1775 4228 Ham-
1806 4212 1850 4265 Β

112 4271 253 4319 ιιεες.
284 4262 476 4317 divina
516 4263 743 4317 favente
804 4263 1133 4329 clementia,
1168 4264 1561 4318 Romanorum
1593 4262 1780 4333 impe-

111 4354 235 4401 rator
259 4354 575 4421 Augustus.
755 4338 765 4347 ’

164 4434 413 4493 Omnium
450 4437 711 4492 ﬁdelium
738 4444 1089 4503 nostrorum,
1144 4440 1519 4511 prmsentium
1566 4440 1781 4494 scilicet

108 4536 157 4572 ac
226 4525 574 4595 futurorum,
651 4528 1012 4582 universitati
1065 4535 1257 4599 pateat
1315 4529 1562 4599 qualiter
1615 4528 1778 4582 nobis

108 4612 362 4679 quoddam
396 4618 798 4670 concambium
832 4634 963 4671 cum
1024 4618 1292 4671 Bobbone
1361 4617 1614 4671 Vultensi
1669 4619 1775 4671 ab-

108 4696 231 4766 bate,
258 4720 538 4758 consensu
567 4722 630 4758 ac
676 4706 1097 4759 cullaudatione
1156 4706 1469 4760 Bernhardi
1517 4706 1777 4760 advocati

109 4788 195 4853 sui,
253 4808 352 4846 nec
406 4809 528 4846 non
582 4793 1015 4857 monachorum,
1076 4795 1323 4849 militum
1372 4811 1776 4864 servorumque

108 4890 308 4933 suorum
340 4881 529 4935 facere
550 4882 764 4951 placuit
792 4898 804 4935 :
835 4882 1173 4951 accipientes
1193 4882 1264 4935 ab
1295 4899 1361 4935 eo
1386 4882 1445 4935 iu
1476 4883 1773 4952 proprium

108 4960 223 5018 duas
264 4977 465 5036 cortes,
541 4970 920 5024 Ratolfesdorf
989 4976 1045 5024 et
1112 4969 1572 5040 Ezelenkyricha,
1646 4987 1774 5023 cum

106 5056 289 5109 cunctis
341 5074 546 5112 earum
595 5058 975 5130 pertinentiis,
1039 5058 1204 5125 villis,
1267 5059 1562 5129 utriusque
1611 5075 1776 5112 sexus

108 5145 392 5215 mancipiis.
426 5148 603 5219 agris,
636 5148 873 5217 campis,
905 5148 1104 5217 pratis,
1136 5146 1382 5216 pascuis,
1451 5146 1624 5212 silvis,
1680 5164 1774 5200 ve-

108 5232 426 5303 nationibus,
458 5236 626 5307 aquis
666 5252 1067 5307 aquarumque
1112 5236 1464 5301 decursibus,
1503 5235 1775 5289 molendi-

106 5315 175 5369 nis
202 5323 630 5390 piscationibus,
662 5326 767 5378 viis
796 5324 883 5378 vel
917 5324 1105 5389 inviis,
1155 5324 1399 5378 exitibus
1465 5329 1522 5378 et
1573 5323 1773 5378 rediti-

106 5402 207 5473 bus,
238 5412 401 5465 cultis
429 5418 488 5465 et
519 5412 765 5479 incultis,
796 5412 1053 5484 quaesitis
1104 5429 1199 5467 seu
1238 5412 1618 5483 inquirendis,
1657 5412 1772 5466 sive

106 5506 214 5548 cum
242 5500 510 5554 omnibus
537 5517 663 5572 qua:
690 5502 951 5573 quolibet
982 5502 1151 5556 modo
1190 5501 1300 5555 dici
1348 5506 1446 5556 aut
1483 5500 1773 5556 nominari

1817 1660 1855 1711 Β

1815 2933 1855 2987 C

1349 256 1738 313 DIPLOMATA
1780 255 2333 314 ECCLESIASTICA.

3482 268 3583 321 326

1896 388 2139 450 possunt
2178 383 2530 437 ulilitatibus.
2564 385 2805 439 Econtra
2836 387 3106 456 praedicto
3126 390 3319 444 abbati
3358 408 3597 463 suasque

1896 470 2137 524 abbatim
2170 472 2227 524 in
2252 472 2528 525 honorem
2570 474 2747 526 sancti
2780 475 3047 528 Bonifatii
3082 483 3426 533 constructae
3458 482 3601 534 duas

1894 564 2105 611 nostra:
2162 560 2532 628 proprietatis
2561 569 2768 626 cortes,
2801 578 3046 632 quarum
3083 581 3196 618 una
3244 566 3485 620 Waraha
3519 570 3599 621 al-

1892 651 2015 700 tera
2045 663 2179 700 vero
2208 648 2516 717 Bereskyez
2544 658 2934 720 nuncupatur,
2966 668 3096 706 cum
3150 656 3368 707 cunctis
3398 672 3599 710 earum

1892 736 2276 806 pertinentiis,
2336 738 2545 791 additis
2577 739 2746 792 simul
2802 757 2854 793 iv
2912 742 3387 797 ministerialibus
3429 746 3595 811 meis,

1896 824 2108 878 Alwino
2140 829 2195 876 et
2238 825 2475 878 Rodolfo
2525 826 2815 896 dapiferis.
2871 829 3130 883 Folcoldo
3163 836 3216 883 et
3271 833 3597 903 Erkengero

1897 912 2254 965 marescalcis
2286 913 2449 979 meis,
2485 914 2819 985 czeterisque
2852 918 3148 988 utriusque
3184 936 3348 973 sexus
3383 922 3601 975 manci-

1895 1000 2214 1071 piis,agris,
2244 1002 2480 1071 campis,
2517 1004 2713 1071 pratis,
2763 1005 3007 1073 pascuis,
3052 1008 3229 1076 silvis,
3261 1010 3586 1063 venationi-

1895 1090 2022 1149 bus,
2091 1090 2253 1159 aquis
2338 1107 2734 1162 aquarumque
2813 1093 3167 1160 decursibus,
3226 1086 3593 1163 molendinis,

1894 1177 2328 1247 piscationibus,
2389 1178 2494 1231 viis
2552 1184 2605 1232 et
2667 1180 2855 1248 inviis,
2913 1182 3156 1235 exitibus
3214 1190 3267 1236 et
3295 1186 3593 1254 reditibus,

1895 1266 2059 1319 cultis
2118 1266 2203 1319 vel
2270 1266 2521 1335 incultis,
2578 1268 2831 1336 quaesitis
2880 1286 2979 1322 seu
3040 1270 3422 1340 inquirendis,
3478 1274 3596 1327 sive

1896 1371 2023 1408 cum
2058 1355 2325 1408 omnibus
2357 1372 2483 1425 quae
2512 1356 2765 1426 quolibet
2810 1358 2977 1411 modo
3030 1358 3140 1412 dici
3179 1367 3279 1414 aut
3310 1362 3599 1415 nominari

1896 1450 2138 1513 possunt
2167 1444 2529 1509 utilitatibus,
2572 1461 2673 1514 per
2728 1446 2874 1498 hanc
2930 1451 3185 1500 nostram
3234 1449 3592 1519 imperialem

1896 1532 2164 1601 paginam
2198 1532 2254 1585 in
2287 1532 2585 1603 proprium
2611 1532 2977 1587 concedimus
2998 1538 3169 1604 atque
3195 1537 3491 1606 largimur,
3544 1544 3602 1592 et

1896 1618 1966 1672 de
1998 1624 2191 1672 nostro
2236 1620 2366 1688 jure
2396 1636 2460 1672 ac
2489 1620 2746 1674 dominio
2777 1621 2836 1673 in
2879 1622 3003 1690 ejus
3054 1622 3148 1691 jus
3179 1629 3236 1676 et
3274 1625 3596 1679 dominium

1896 1708 2133 1761 omnino
2156 1708 2610 1762 transfundimus
2644 1726 2656 1762 :
2686 1725 2753 1762 ea
2790 1710 3055 1764 videlicet
3104 1711 3319 1765 ratione
3350 1718 3414 1765 ut
3442 1729 3598 1782 prae-

1895 1794 2078 1849 dictus
2110 1796 2285 1849 abbas
2318 1797 2535 1850 Bobbas
2578 1797 2781 1867 suique
2838 1814 3187 1851 successores
3214 1801 3285 1853 ad
3341 1801 3596 1871 prmscri-

1894 1889 2007 1954 pta:
2038 1886 2290 1938 ecclesia:
2321 1887 2623 1938 utilitatem
2655 1886 2724 1939 de
2750 1886 2869 1954 jam
2901 1886 3330 1941 dictiscortibus
3365 1906 3592 1942 earum-

1895 1989 2007 2042 que
2041 1973 2400 2042 pertinentiis
2457 1974 2664 2027 dehinc
2705 1975 2941 2028 liberam
2977 1976 3225 2029 habeant
3255 1982 3595 2046 potestatem

1896 2060 2168 2131 quicquid
2219 2062 2298 2114 eis
2343 2062 2623 2131 placuerit
2675 2062 2939 2128 faciendi,
2996 2065 3258 2128 omnium
3290 2065 3596 2119 hominum

1895 2149 2340 2203 contradictione
2372 2156 2606 2205 remota.
2645 2152 2725 2215 Et,
2759 2157 2825 2204 ut
2854 2152 2975 2204 haec
3035 2153 3217 2205 nostri
3275 2154 3596 2208 concambii

1895 2236 2013 2291 sive
2084 2237 2411 2292 donationis
2498 2239 2802 2291 auctoritas
2860 2240 3077 2292 stabilis
3136 2246 3192 2293 et
3250 2241 3584 2295 inconvulsa

1896 2327 2053 2379 omni
2084 2336 2423 2396 permaneat
2469 2333 2751 2397 tempore,
2775 2329 2880 2381 hoc
2906 2327 3203 2397 imperiale
3236 2337 3587 2400 preceptum

1896 2414 2030 2467 inde
2062 2416 2450 2484 conscriptum
2509 2432 2682 2469 manu
2728 2416 2963 2485 pr0pria
3011 2418 3443 2471 corroborantes
3512 2419 3593 2472 si-

1896 2502 2018 2573 gilli
2050 2504 2229 2557 nostri
2262 2504 2639 2573 impressione
2670 2504 2931 2573 insigniri
2954 2504 3249 2574 jussimus.

1966 2591 2194 2658 Signum
2222 2592 2405 2645 damni
2434 2594 2677 2646 Heinrici
2730 2596 3061 2647 serenissimi
3112 2596 3201 2663 (Μ)
3245 2599 3295 2648 et
3343 2597 3594 2650 invictis-

1896 2682 2023 2733 simi
2059 2683 2406 2749 imperatoris
2446 2683 2687 2748 Augusti
2712 2681 2809 2749 (S).

1968 2768 2311 2823 Guntherius
2341 2769 2711 2823 cancellarius
2737 2770 2856 2822 vice
2905 2769 3281 2825 Erchanbaldi
3334 2771 3591 2825 archica—

1896 2857 2107 2927 pellani
2132 2857 2451 2926 recognovi.

1967 2945 2165 2998 Datav
2216 2944 2345 2997 Idus
2394 2944 2584 3009 Maias,
2616 2960 2765 2998 anno
2809 2945 3118 2998 Dominicaa
3178 2946 3590 3000 incarnationis

1892 3032 2200 3086 millesimo
2228 3049 2320 3100 xv,
2352 3032 2663 3087 indictione
2690 3050 2786 3096 xu,
2822 3050 2973 3087 anno
3002 3050 3136 3088 vero
3170 3034 3365 3089 domui
3417 3035 3586 3089 Hein-

1891 3121 1993 3174 rici
2032 3120 2266 3174 secundi
2294 3136 2407 3187 xm,
2441 3120 2670 3191 imperii
2701 3128 2889 3175 autem
2926 3138 2985 3175 ιι.

1960 3212 2164 3263 Actum
2186 3209 2484 3281 Chofunga
2512 3209 2780 3264 feliciter.
2818 3214 3019 3266 Amen.

2694 3317 2797 3371 XC.

1891 3404 2200 3472 Imperator
2261 3406 2520 3458 Henricus
2594 3404 2761 3458 donat
2836 3405 3085 3459 Ecclesiae
3140 3405 3425 3472 Bamberg,
3484 3405 3591 3458 duo

1960 3477 2075 3529 loca
2105 3475 2547 3541 Schwarzenfeld
2602 3482 2651 3528 et
2704 3476 3047 3541 Weilendor/
3099 3480 3156 3529 in
3220 3492 3361 3545 pago
3406 3477 3584 3532 Nord-

1959 3560 2077 3611 gov.

2353 3637 2534 3699 (Anno
2590 3634 2745 3700 1015,
2806 3638 2865 3688 Π
2916 3634 3124 3704 April.)

2144 3722 2321 3794 [Ried,
2354 3723 2482 3777 Cod.
2512 3725 2745 3791 episcop.
2779 3725 3083 3787 Ratisbon.,
3119 3724 3161 3789 Ι,
3193 3722 3333 3793 132.]

1961 3820 2019 3873 C.
2079 3820 2145 3873 In
2204 3820 2436 3873 nomine
2493 3826 2701 3872 sauctze
2760 3824 2815 3872 et
2884 3820 3196 3873 individuae
3272 3819 3586 3887 Trinitatis,

1891 3908 2214 3975 HEINRICUS,
2278 3908 2469 3962 divina
2528 3908 2753 3961 favente
2815 3907 3137 3975 clementia,
3194 3908 3587 3962 Romanorum

1887 3996 2200 4066 imperator
2223 4000 2530 4065 Augustus.

1958 4086 2016 4141 Si
2049 4084 2395 4138 venerabilia
2429 4084 2801 4139 Ecclesiarum
2854 4084 2953 4138 Dei
2998 4085 3122 4139 loca
3181 4084 3422 4154 alicujus
3453 4084 3586 4138 doni

1889 4173 2188 4227 commodo
2220 4173 2402 4227 ditare
2436 4173 2551 4226 sive
2585 4173 2884 4226 meliorare
2948 4172 3358 4240 studuerimus,
3422 4172 3590 4225 nobis

1890 4262 1947 4315 id
1983 4262 2260 4332 regnique
2293 4262 2474 4315 nostri
2507 4261 2675 4315 statui
2718 4260 2998 4331 proﬁcere
3056 4262 3295 4314 minime
3354 4261 3586 4315 dubita—

1889 4367 2037 4404 mus.
2098 4350 2455 4421 Quapropter
2503 4352 2766 4404 omnium
2816 4351 2919 4421 Xpi
2946 4355 3391 4420 nostrorumque
3442 4350 3586 4403 tide-

1888 4440 2029 4493 lium
2064 4441 2282 4492 noverit
2303 4439 2691 4493 universitatis
2719 4439 2967 4509 qualiter
3008 4454 3131 4500 nos.
3192 4454 3300 4507 pro
3332 4437 3589 4492 remedio

1889 4528 2095 4581 animae
2125 4533 2333 4581 nostra:
2380 4536 2798 4598 parentumque
2856 4532 3208 4592 nostrorum,
3268 4527 3590 4581 Babenber-

1886 4617 2048 4686 gensi
2108 4616 2391 4681 Ecclesim,
2470 4632 2640 4686 quam
2698 4616 2756 4668 in
2814 4615 3176 4685 episcopatus
3222 4616 3414 4667 sedem
3484 4613 3588 4665 sub

1884 4706 2103 4760 honore
2140 4706 2321 4759 beata:
2376 4705 2470 4759 Dei
2504 4705 2793 4772 genitricis
2842 4705 3030 4758 Marias
3089 4704 3383 4773 sanctique
3436 4702 3586 4754 Petri

1886 4796 2278 4864 apostolorum
2336 4794 2612 4862 principis
2671 4809 2735 4845 ex
2788 4800 2981 4845 nostra
3035 4792 3374 4845 haereditate
3408 4788 3583 4842 subli-

1886 4883 2096 4937 mando
2128 4881 2853 4953 proveximus,interventu
2876 4885 2932 4933 et
2961 4880 3242 4949 peticione
3274 4876 3577 4930 Eberhardi

1885 4972 2141 5040 ejusdem
2171 4970 2428 5024 Ecclesiae
2450 4969 2752 5023 venerandi
2774 4969 3052 5039 praesulis,
3075 4966 3336 5037 quaedam
3372 4972 3582 5017 nostra!

1883 5060 2250 5130 proprietatis
2278 5060 2424 5119 loca,
2458 5059 2692 5111 nomine
2710 5056 3072 5112 Swarziuvelt
3093 5061 3147 5108 et
3168 5054 3508 5107 Weilindorf
3526 5054 3583 5107 in

1882 5164 2033 5218 pago
2067 5147 2403 5217 Nordgowa,
2436 5151 2492 5200 et
2519 5146 2578 5200 in
2609 5146 2881 5199 comitatu
2920 5142 3167 5199 Heinrici
3196 5142 3421 5195 comitis
3452 5159 3580 5196 cum

1883 5235 2149 5289 omnibus
2178 5234 2541 5306 pertinentiis
2573 5251 2792 5299 eorum,
2836 5233 3002 5286 terris
3030 5230 3195 5284 cultis
3245 5236 3300 5284 et
3330 5231 3580 5293 incultis,

1882 5323 2186 5393 mancipiis
2242 5326 2543 5394 utriusque
2624 5338 2810 5387 sexus,
2872 5320 3147 5385 aediliciis,
3199 5320 3365 5387 areis,
3400 5320 3577 5386 silvis,

1882 5410 2297 5470 venationibus.
2343 5411 2507 5482 aquis
2537 5423 2889 5480 aquarumve
2955 5408 3307 5473 decursibus,
3358 5410 3577 5462 molen-

1882 5500 2054 5569 dinis,
2116 5500 2544 5570 piscationibus,
2615 5498 2861 5570 pascuis,
2934 5498 3131 5568 pratis,
3197 5497 3441 5552 exitibus
3525 5502 3582 5550 et
