  <div class='ocr_page' id='page_1' title='image "/cluster/home/n/w/nwhite01/storage/ocr_20150623/140/hvd.32044054760004/169.png"; bbox 0 0 4016 6202; ppageno 0'>
   <div class='ocr_carea' id='block_1_1' title="bbox 397 305 500 358">
    <p class='ocr_par' dir='ltr' id='par_1_1' title="bbox 397 305 500 358">
     <span class='ocr_line' id='line_1_1' title="bbox 397 305 500 358; baseline -0.019 0"><span class='ocrx_word' id='word_1_1' title='bbox 397 305 500 358; x_wconf 82' lang='lat'><strong>327</strong></span> 
     </span>
    </p>
   </div>
   <div class='ocr_carea' id='block_1_2' title="bbox 1698 295 3854 357">
    <p class='ocr_par' dir='ltr' id='par_1_2' title="bbox 1698 295 3854 357">
     <span class='ocr_line' id='line_1_2' title="bbox 1698 295 3854 357; baseline 0.003 -6"><span class='ocrx_word' id='word_1_2' title='bbox 1698 297 1754 351; x_wconf 90' lang='lat' dir='ltr'>S.</span> <span class='ocrx_word' id='word_1_3' title='bbox 1805 295 2088 352; x_wconf 78' lang='lat' dir='ltr'><strong>HENRICI</strong></span> <span class='ocrx_word' id='word_1_4' title='bbox 2127 295 2595 351; x_wconf 81' lang='lat' dir='ltr'>lMPEBATORlS</span> <span class='ocrx_word' id='word_1_5' title='bbox 3771 306 3854 357; x_wconf 82' lang='lat'>3&#39;28</span> 
     </span>
    </p>
   </div>
   <div class='ocr_carea' id='block_1_3' title="bbox 394 416 3859 495">
    <p class='ocr_par' dir='ltr' id='par_1_3' title="bbox 394 416 3859 495">
     <span class='ocr_line' id='line_1_3' title="bbox 394 416 3859 495; baseline -0.001 -13"><span class='ocrx_word' id='word_1_6' title='bbox 394 426 694 491; x_wconf 77' lang='lat' dir='ltr'>reditibus,</span> <span class='ocrx_word' id='word_1_7' title='bbox 726 423 979 495; x_wconf 58' lang='lat' dir='ltr'>quaesitis</span> <span class='ocrx_word' id='word_1_8' title='bbox 1009 428 1064 477; x_wconf 85' lang='lat' dir='ltr'>et</span> <span class='ocrx_word' id='word_1_9' title='bbox 1097 421 1476 494; x_wconf 84' lang='lat' dir='ltr'>inquirendis,</span> <span class='ocrx_word' id='word_1_10' title='bbox 1509 421 1844 492; x_wconf 85' lang='lat' dir='ltr'>caeterisque</span> <span class='ocrx_word' id='word_1_11' title='bbox 1893 420 2083 474; x_wconf 90' lang='lat' dir='ltr'>omni-</span> <span class='ocrx_word' id='word_1_12' title='bbox 2116 424 2163 476; x_wconf 75' lang='grc' dir='ltr'>Α</span> <span class='ocrx_word' id='word_1_13' title='bbox 2200 419 2436 494; x_wconf 74' lang='lat' dir='ltr'>cientes,</span> <span class='ocrx_word' id='word_1_14' title='bbox 2471 425 2526 472; x_wconf 92' lang='lat' dir='ltr'>et</span> <span class='ocrx_word' id='word_1_15' title='bbox 2557 419 2674 472; x_wconf 92' lang='lat' dir='ltr'>ullo</span> <span class='ocrx_word' id='word_1_16' title='bbox 2709 416 2825 491; x_wconf 83' lang='lat' dir='ltr'>[sic]</span> <span class='ocrx_word' id='word_1_17' title='bbox 2863 419 3028 473; x_wconf 91' lang='lat' dir='ltr'>modo</span> <span class='ocrx_word' id='word_1_18' title='bbox 3046 435 3255 489; x_wconf 87' lang='lat' dir='ltr'>negare</span> <span class='ocrx_word' id='word_1_19' title='bbox 3275 419 3531 473; x_wconf 86' lang='lat' dir='ltr'>volentes</span> <span class='ocrx_word' id='word_1_20' title='bbox 3561 420 3729 491; x_wconf 84' lang='lat' dir='ltr'>ipsius</span> <span class='ocrx_word' id='word_1_21' title='bbox 3746 440 3859 494; x_wconf 88' lang='lat' dir='ltr'>pre-</span> 
     </span>
    </p>
   </div>
   <div class='ocr_carea' id='block_1_4' title="bbox 399 509 2090 584">
    <p class='ocr_par' dir='ltr' id='par_1_4' title="bbox 399 509 2090 584">
     <span class='ocr_line' id='line_1_4' title="bbox 399 509 2090 584; baseline -0.005 -14"><span class='ocrx_word' id='word_1_22' title='bbox 399 517 527 580; x_wconf 90' lang='lat' dir='ltr'>bus,</span> <span class='ocrx_word' id='word_1_23' title='bbox 561 529 688 584; x_wconf 67' lang='lat' dir='ltr'>quae</span> <span class='ocrx_word' id='word_1_24' title='bbox 717 513 974 583; x_wconf 88' lang='lat' dir='ltr'>quolibet</span> <span class='ocrx_word' id='word_1_25' title='bbox 991 511 1160 566; x_wconf 92' lang='lat' dir='ltr'>modo</span> <span class='ocrx_word' id='word_1_26' title='bbox 1193 510 1478 564; x_wconf 86' lang='lat' dir='ltr'>nominari</span> <span class='ocrx_word' id='word_1_27' title='bbox 1528 514 1788 580; x_wconf 91' lang='lat' dir='ltr'>possunt,</span> <span class='ocrx_word' id='word_1_28' title='bbox 1823 509 2090 563; x_wconf 86' lang='lat' dir='ltr'>utilitati-</span> 
     </span>
    </p>
   </div>
   <div class='ocr_carea' id='block_1_5' title="bbox 397 597 2091 670">
    <p class='ocr_par' dir='ltr' id='par_1_5' title="bbox 397 597 2091 670">
     <span class='ocr_line' id='line_1_5' title="bbox 397 597 2091 670; baseline -0.005 -13"><span class='ocrx_word' id='word_1_29' title='bbox 397 603 506 657; x_wconf 86' lang='lat' dir='ltr'>bus</span> <span class='ocrx_word' id='word_1_30' title='bbox 550 601 910 656; x_wconf 85' lang='lat' dir='ltr'>Swarzinvelt</span> <span class='ocrx_word' id='word_1_31' title='bbox 981 599 1399 670; x_wconf 79' lang='lat' dir='ltr'>pertinentibus</span> <span class='ocrx_word' id='word_1_32' title='bbox 1446 613 1549 667; x_wconf 91' lang='lat' dir='ltr'>per</span> <span class='ocrx_word' id='word_1_33' title='bbox 1601 597 1747 650; x_wconf 90' lang='lat' dir='ltr'>hanc</span> <span class='ocrx_word' id='word_1_34' title='bbox 1838 605 2091 650; x_wconf 90' lang='lat' dir='ltr'>nostram</span> 
     </span>
    </p>
   </div>
   <div class='ocr_carea' id='block_1_6' title="bbox 399 686 2092 760">
    <p class='ocr_par' dir='ltr' id='par_1_6' title="bbox 399 686 2092 760">
     <span class='ocr_line' id='line_1_6' title="bbox 399 686 2092 760; baseline -0.004 -17"><span class='ocrx_word' id='word_1_35' title='bbox 399 689 761 760; x_wconf 88' lang='lat' dir='ltr'>imperialem</span> <span class='ocrx_word' id='word_1_36' title='bbox 803 687 1073 758; x_wconf 83' lang='lat' dir='ltr'>paginam</span> <span class='ocrx_word' id='word_1_37' title='bbox 1131 688 1494 740; x_wconf 83' lang='lat' dir='ltr'>concedimus</span> <span class='ocrx_word' id='word_1_38' title='bbox 1571 692 1743 756; x_wconf 89' lang='lat' dir='ltr'>atque</span> <span class='ocrx_word' id='word_1_39' title='bbox 1794 686 2092 756; x_wconf 78' lang='lat' dir='ltr'>largimur,</span> 
     </span>
    </p>
   </div>
   <div class='ocr_carea' id='block_1_7' title="bbox 401 774 2092 845">
    <p class='ocr_par' dir='ltr' id='par_1_7' title="bbox 401 774 2092 845">
     <span class='ocr_line' id='line_1_7' title="bbox 401 774 2092 845; baseline -0.003 -12"><span class='ocrx_word' id='word_1_40' title='bbox 401 784 458 833; x_wconf 86' lang='lat' dir='ltr'>et</span> <span class='ocrx_word' id='word_1_41' title='bbox 495 779 563 832; x_wconf 89' lang='lat' dir='ltr'>de</span> <span class='ocrx_word' id='word_1_42' title='bbox 594 777 930 845; x_wconf 85' lang='lat' dir='ltr'>nostrojure</span> <span class='ocrx_word' id='word_1_43' title='bbox 961 791 1024 828; x_wconf 91' lang='lat' dir='ltr'>ac</span> <span class='ocrx_word' id='word_1_44' title='bbox 1052 775 1307 828; x_wconf 91' lang='lat' dir='ltr'>dominio</span> <span class='ocrx_word' id='word_1_45' title='bbox 1345 775 1403 826; x_wconf 91' lang='lat' dir='ltr'>in</span> <span class='ocrx_word' id='word_1_46' title='bbox 1436 775 1664 844; x_wconf 87' lang='lat' dir='ltr'>ejusjus</span> <span class='ocrx_word' id='word_1_47' title='bbox 1707 779 1877 844; x_wconf 88' lang='lat' dir='ltr'>atque</span> <span class='ocrx_word' id='word_1_48' title='bbox 1906 774 2092 828; x_wconf 88' lang='lat' dir='ltr'>domi-</span> 
     </span>
    </p>
   </div>
   <div class='ocr_carea' id='block_1_8' title="bbox 398 863 2092 936">
    <p class='ocr_par' dir='ltr' id='par_1_8' title="bbox 398 863 2092 936">
     <span class='ocr_line' id='line_1_8' title="bbox 398 863 2092 936; baseline -0.003 -15"><span class='ocrx_word' id='word_1_49' title='bbox 398 868 562 922; x_wconf 90' lang='lat' dir='ltr'>nium</span> <span class='ocrx_word' id='word_1_50' title='bbox 608 864 1103 936; x_wconf 84' lang='lat' dir='ltr'>transfundimus:</span> <span class='ocrx_word' id='word_1_51' title='bbox 1149 880 1215 916; x_wconf 91' lang='lat' dir='ltr'>ea</span> <span class='ocrx_word' id='word_1_52' title='bbox 1279 864 1539 916; x_wconf 79' lang='lat' dir='ltr'>videlicet.</span> <span class='ocrx_word' id='word_1_53' title='bbox 1581 863 1812 916; x_wconf 88' lang='lat' dir='ltr'>racione</span> <span class='ocrx_word' id='word_1_54' title='bbox 1847 868 1908 916; x_wconf 92' lang='lat' dir='ltr'>ut</span> <span class='ocrx_word' id='word_1_55' title='bbox 1938 863 2092 916; x_wconf 83' lang='lat' dir='ltr'>idem</span> 
     </span>
    </p>
   </div>
   <div class='ocr_carea' id='block_1_9' title="bbox 390 952 2093 1022">
    <p class='ocr_par' dir='ltr' id='par_1_9' title="bbox 390 952 2093 1022">
     <span class='ocr_line' id='line_1_9' title="bbox 390 952 2093 1022; baseline -0.002 -15"><span class='ocrx_word' id='word_1_56' title='bbox 390 954 512 1022; x_wconf 89' lang='lat' dir='ltr'>jam</span> <span class='ocrx_word' id='word_1_57' title='bbox 540 953 719 1006; x_wconf 90' lang='lat' dir='ltr'>dictus</span> <span class='ocrx_word' id='word_1_58' title='bbox 750 953 1108 1006; x_wconf 82' lang='lat' dir='ltr'>Eberhardus</span> <span class='ocrx_word' id='word_1_59' title='bbox 1143 952 1444 1021; x_wconf 90' lang='lat' dir='ltr'>episcopus</span> <span class='ocrx_word' id='word_1_60' title='bbox 1489 952 1694 1021; x_wconf 84' lang='lat' dir='ltr'>suique</span> <span class='ocrx_word' id='word_1_61' title='bbox 1739 967 2093 1005; x_wconf 75' lang='lat' dir='ltr'>successores</span> 
     </span>
    </p>
   </div>
   <div class='ocr_carea' id='block_1_10' title="bbox 394 1039 2094 1109">
    <p class='ocr_par' dir='ltr' id='par_1_10' title="bbox 394 1039 2094 1109">
     <span class='ocr_line' id='line_1_10' title="bbox 394 1039 2094 1109; baseline -0.001 -15"><span class='ocrx_word' id='word_1_62' title='bbox 394 1041 635 1094; x_wconf 81' lang='lat' dir='ltr'>liberam</span> <span class='ocrx_word' id='word_1_63' title='bbox 693 1040 898 1092; x_wconf 86' lang='lat' dir='ltr'>dehinc</span> <span class='ocrx_word' id='word_1_64' title='bbox 957 1040 1206 1093; x_wconf 82' lang='lat' dir='ltr'>habeant</span> <span class='ocrx_word' id='word_1_65' title='bbox 1245 1045 1610 1109; x_wconf 88' lang='lat' dir='ltr'>potestatem,</span> <span class='ocrx_word' id='word_1_66' title='bbox 1664 1039 1733 1093; x_wconf 89' lang='lat' dir='ltr'>ad</span> <span class='ocrx_word' id='word_1_67' title='bbox 1779 1055 1948 1093; x_wconf 88' lang='lat' dir='ltr'>usum</span> <span class='ocrx_word' id='word_1_68' title='bbox 2007 1054 2094 1092; x_wconf 88' lang='lat' dir='ltr'>ec-</span> 
     </span>
    </p>
   </div>
   <div class='ocr_carea' id='block_1_11' title="bbox 397 1126 2090 1196">
    <p class='ocr_par' dir='ltr' id='par_1_11' title="bbox 397 1126 2090 1196">
     <span class='ocr_line' id='line_1_11' title="bbox 397 1126 2090 1196; baseline -0.001 -15"><span class='ocrx_word' id='word_1_69' title='bbox 397 1128 581 1182; x_wconf 72' lang='lat' dir='ltr'>clesiae</span> <span class='ocrx_word' id='word_1_70' title='bbox 659 1127 995 1194; x_wconf 90' lang='lat' dir='ltr'>Babinperc,</span> <span class='ocrx_word' id='word_1_71' title='bbox 1038 1126 1313 1196; x_wconf 87' lang='lat' dir='ltr'>quicquid</span> <span class='ocrx_word' id='word_1_72' title='bbox 1399 1127 1481 1180; x_wconf 92' lang='lat' dir='ltr'>eis</span> <span class='ocrx_word' id='word_1_73' title='bbox 1539 1127 1776 1180; x_wconf 84' lang='lat' dir='ltr'>libuerit</span> <span class='ocrx_word' id='word_1_74' title='bbox 1825 1126 2090 1192; x_wconf 85' lang='lat' dir='ltr'>faciendi,</span> 
     </span>
    </p>
   </div>
   <div class='ocr_carea' id='block_1_12' title="bbox 400 1214 2093 1285">
    <p class='ocr_par' dir='ltr' id='par_1_12' title="bbox 400 1214 2093 1285">
     <span class='ocr_line' id='line_1_12' title="bbox 400 1214 2093 1285; baseline -0.001 -17"><span class='ocrx_word' id='word_1_75' title='bbox 400 1215 661 1268; x_wconf 91' lang='lat' dir='ltr'>omnium</span> <span class='ocrx_word' id='word_1_76' title='bbox 710 1214 1011 1268; x_wconf 84' lang='lat' dir='ltr'>hominum</span> <span class='ocrx_word' id='word_1_77' title='bbox 1057 1215 1221 1285; x_wconf 82' lang='lat' dir='ltr'>regni</span> <span class='ocrx_word' id='word_1_78' title='bbox 1271 1215 1450 1268; x_wconf 80' lang='lat' dir='ltr'>nostri</span> <span class='ocrx_word' id='word_1_79' title='bbox 1503 1215 1950 1268; x_wconf 82' lang='lat' dir='ltr'>contradictione</span> <span class='ocrx_word' id='word_1_80' title='bbox 2004 1231 2093 1267; x_wconf 83' lang='lat' dir='ltr'>re.—</span> 
     </span>
    </p>
   </div>
   <div class='ocr_carea' id='block_1_13' title="bbox 397 1303 2096 1373">
    <p class='ocr_par' dir='ltr' id='par_1_13' title="bbox 397 1303 2096 1373">
     <span class='ocr_line' id='line_1_13' title="bbox 397 1303 2096 1373; baseline 0 -17"><span class='ocrx_word' id='word_1_81' title='bbox 397 1310 569 1356; x_wconf 89' lang='lat' dir='ltr'>mota.</span> <span class='ocrx_word' id='word_1_82' title='bbox 603 1304 687 1368; x_wconf 79' lang='lat' dir='ltr'>Et,</span> <span class='ocrx_word' id='word_1_83' title='bbox 722 1309 782 1356; x_wconf 87' lang='lat' dir='ltr'>ut</span> <span class='ocrx_word' id='word_1_84' title='bbox 836 1304 956 1356; x_wconf 68' lang='lat'>111130</span> <span class='ocrx_word' id='word_1_85' title='bbox 1006 1307 1214 1356; x_wconf 67' lang='lat' dir='ltr'>nostra:</span> <span class='ocrx_word' id='word_1_86' title='bbox 1267 1303 1590 1357; x_wconf 85' lang='lat' dir='ltr'>traditionis</span> <span class='ocrx_word' id='word_1_87' title='bbox 1621 1304 1926 1356; x_wconf 86' lang='lat' dir='ltr'>auctoritas</span> <span class='ocrx_word' id='word_1_88' title='bbox 1991 1319 2096 1373; x_wconf 84' lang='lat' dir='ltr'>per</span> 
     </span>
    </p>
   </div>
   <div class='ocr_carea' id='block_1_14' title="bbox 394 1389 2095 1458">
    <p class='ocr_par' dir='ltr' id='par_1_14' title="bbox 394 1389 2095 1458">
     <span class='ocr_line' id='line_1_14' title="bbox 394 1389 2095 1458; baseline -0.001 -13"><span class='ocrx_word' id='word_1_89' title='bbox 394 1393 618 1445; x_wconf 87' lang='lat' dir='ltr'>futuras</span> <span class='ocrx_word' id='word_1_90' title='bbox 637 1391 1018 1444; x_wconf 82' lang='lat' dir='ltr'>successiones</span> <span class='ocrx_word' id='word_1_91' title='bbox 1049 1397 1377 1458; x_wconf 79' lang='lat' dir='ltr'>temporum</span> <span class='ocrx_word' id='word_1_92' title='bbox 1424 1390 1643 1442; x_wconf 85' lang='lat' dir='ltr'>stabilis</span> <span class='ocrx_word' id='word_1_93' title='bbox 1683 1395 1739 1443; x_wconf 91' lang='lat' dir='ltr'>et</span> <span class='ocrx_word' id='word_1_94' title='bbox 1764 1389 2095 1443; x_wconf 85' lang='lat' dir='ltr'>inconvulsa</span> 
     </span>
    </p>
   </div>
   <div class='ocr_carea' id='block_1_15' title="bbox 395 1477 2096 1549">
    <p class='ocr_par' dir='ltr' id='par_1_15' title="bbox 395 1477 2096 1549">
     <span class='ocr_line' id='line_1_15' title="bbox 395 1477 2096 1549; baseline 0 -17"><span class='ocrx_word' id='word_1_95' title='bbox 395 1484 754 1549; x_wconf 85' lang='lat' dir='ltr'>permaneat,</span> <span class='ocrx_word' id='word_1_96' title='bbox 832 1478 980 1530; x_wconf 90' lang='lat' dir='ltr'>hanc</span> <span class='ocrx_word' id='word_1_97' title='bbox 1028 1477 1208 1529; x_wconf 85' lang='lat' dir='ltr'>nostri</span> <span class='ocrx_word' id='word_1_98' title='bbox 1260 1477 1533 1547; x_wconf 74' lang='lat' dir='ltr'>praecepti</span> <span class='ocrx_word' id='word_1_99' title='bbox 1586 1477 1859 1547; x_wconf 84' lang='lat' dir='ltr'>paginam</span> <span class='ocrx_word' id='word_1_100' title='bbox 1920 1495 2096 1532; x_wconf 88' lang='lat' dir='ltr'>manu</span> 
     </span>
    </p>
   </div>
   <div class='ocr_carea' id='block_1_16' title="bbox 398 1565 2093 1638">
    <p class='ocr_par' dir='ltr' id='par_1_16' title="bbox 398 1565 2093 1638">
     <span class='ocr_line' id='line_1_16' title="bbox 398 1565 2093 1638; baseline -0.001 -18"><span class='ocrx_word' id='word_1_101' title='bbox 398 1567 629 1638; x_wconf 86' lang='lat' dir='ltr'>propria</span> <span class='ocrx_word' id='word_1_102' title='bbox 687 1566 1141 1630; x_wconf 84' lang='lat' dir='ltr'>corroborantes,</span> <span class='ocrx_word' id='word_1_103' title='bbox 1224 1565 1398 1633; x_wconf 82' lang='lat' dir='ltr'>sigilli</span> <span class='ocrx_word' id='word_1_104' title='bbox 1478 1565 1658 1618; x_wconf 85' lang='lat' dir='ltr'>nostri</span> <span class='ocrx_word' id='word_1_105' title='bbox 1712 1565 2093 1636; x_wconf 86' lang='lat' dir='ltr'>impressione</span> 
     </span>
    </p>
   </div>
   <div class='ocr_carea' id='block_1_17' title="bbox 391 1653 980 1725">
    <p class='ocr_par' dir='ltr' id='par_1_17' title="bbox 391 1653 980 1725">
     <span class='ocr_line' id='line_1_17' title="bbox 391 1653 980 1725; baseline -0.005 -17"><span class='ocrx_word' id='word_1_106' title='bbox 391 1656 667 1725; x_wconf 88' lang='lat' dir='ltr'>jussimus</span> <span class='ocrx_word' id='word_1_107' title='bbox 697 1653 980 1723; x_wconf 88' lang='lat' dir='ltr'>insigniri.</span> 
     </span>
    </p>
   </div>
   <div class='ocr_carea' id='block_1_18' title="bbox 469 1742 2090 1810">
    <p class='ocr_par' dir='ltr' id='par_1_18' title="bbox 469 1742 2090 1810">
     <span class='ocr_line' id='line_1_18' title="bbox 469 1742 2090 1810; baseline 0 -13"><span class='ocrx_word' id='word_1_108' title='bbox 469 1745 698 1809; x_wconf 83' lang='lat' dir='ltr'>Signum</span> <span class='ocrx_word' id='word_1_109' title='bbox 721 1742 906 1795; x_wconf 79' lang='lat' dir='ltr'>domui</span> <span class='ocrx_word' id='word_1_110' title='bbox 946 1743 1194 1794; x_wconf 85' lang='lat' dir='ltr'>Heinrici</span> <span class='ocrx_word' id='word_1_111' title='bbox 1247 1743 1580 1794; x_wconf 77' lang='lat' dir='ltr'>serenissimi</span> <span class='ocrx_word' id='word_1_112' title='bbox 1629 1746 1793 1810; x_wconf 86' lang='lat' dir='ltr'>atque</span> <span class='ocrx_word' id='word_1_113' title='bbox 1839 1744 2090 1797; x_wconf 77' lang='lat' dir='ltr'>invictis-</span> 
     </span>
    </p>
   </div>
   <div class='ocr_carea' id='block_1_19' title="bbox 397 1832 2094 1898">
    <p class='ocr_par' dir='ltr' id='par_1_19' title="bbox 397 1832 2094 1898">
     <span class='ocr_line' id='line_1_19' title="bbox 397 1832 2094 1898; baseline -0.001 -13"><span class='ocrx_word' id='word_1_114' title='bbox 397 1834 524 1885; x_wconf 82' lang='lat' dir='ltr'>simi</span> <span class='ocrx_word' id='word_1_115' title='bbox 555 1835 914 1886; x_wconf 79' lang='lat' dir='ltr'>Romanorum</span> <span class='ocrx_word' id='word_1_116' title='bbox 942 1832 1291 1897; x_wconf 71' lang='lat' dir='ltr'>imperatoris</span> <span class='ocrx_word' id='word_1_117' title='bbox 1329 1833 1588 1895; x_wconf 81' lang='lat' dir='ltr'>Augusti.</span> <span class='ocrx_word' id='word_1_118' title='bbox 1627 1832 2094 1898; x_wconf 78' lang='lat' dir='ltr'>(Monogramma)</span> 
     </span>
    </p>
   </div>
   <div class='ocr_carea' id='block_1_20' title="bbox 469 1917 2097 1974">
    <p class='ocr_par' dir='ltr' id='par_1_20' title="bbox 469 1917 2097 1974">
     <span class='ocr_line' id='line_1_20' title="bbox 469 1917 2097 1974; baseline -0.001 0"><span class='ocrx_word' id='word_1_119' title='bbox 469 1919 816 1974; x_wconf 87' lang='lat' dir='ltr'>Guntherius</span> <span class='ocrx_word' id='word_1_120' title='bbox 846 1917 1079 1971; x_wconf 76' lang='lat' dir='ltr'>cancell.</span> <span class='ocrx_word' id='word_1_121' title='bbox 1137 1917 1206 1971; x_wconf 89' lang='lat' dir='ltr'>ad</span> <span class='ocrx_word' id='word_1_122' title='bbox 1247 1918 1426 1971; x_wconf 86' lang='lat' dir='ltr'>vicem</span> <span class='ocrx_word' id='word_1_123' title='bbox 1474 1919 1854 1972; x_wconf 88' lang='lat' dir='ltr'>Erchanbaldi</span> <span class='ocrx_word' id='word_1_124' title='bbox 1911 1919 2097 1973; x_wconf 87' lang='lat' dir='ltr'>archi-</span> 
     </span>
    </p>
   </div>
   <div class='ocr_carea' id='block_1_21' title="bbox 398 2006 1030 2078">
    <p class='ocr_par' dir='ltr' id='par_1_21' title="bbox 398 2006 1030 2078">
     <span class='ocr_line' id='line_1_21' title="bbox 398 2006 1030 2078; baseline -0.006 -17"><span class='ocrx_word' id='word_1_125' title='bbox 398 2007 675 2078; x_wconf 90' lang='lat' dir='ltr'>capellani</span> <span class='ocrx_word' id='word_1_126' title='bbox 705 2006 1030 2074; x_wconf 87' lang='lat' dir='ltr'>recognovi.</span> 
     </span>
    </p>
   </div>
   <div class='ocr_carea' id='block_1_22' title="bbox 469 2093 2096 2161">
    <p class='ocr_par' dir='ltr' id='par_1_22' title="bbox 469 2093 2096 2161">
     <span class='ocr_line' id='line_1_22' title="bbox 469 2093 2096 2161; baseline 0 -13"><span class='ocrx_word' id='word_1_127' title='bbox 469 2095 607 2148; x_wconf 89' lang='lat' dir='ltr'>Data</span> <span class='ocrx_word' id='word_1_128' title='bbox 646 2110 714 2146; x_wconf 84' lang='lat' dir='ltr'>xv</span> <span class='ocrx_word' id='word_1_129' title='bbox 741 2095 858 2148; x_wconf 70' lang='lat' dir='ltr'>Kal.</span> <span class='ocrx_word' id='word_1_130' title='bbox 922 2093 1072 2161; x_wconf 84' lang='lat' dir='ltr'>Maii,</span> <span class='ocrx_word' id='word_1_131' title='bbox 1121 2108 1272 2146; x_wconf 89' lang='lat' dir='ltr'>anno</span> <span class='ocrx_word' id='word_1_132' title='bbox 1315 2093 1625 2147; x_wconf 69' lang='lat' dir='ltr'>Dominicaa</span> <span class='ocrx_word' id='word_1_133' title='bbox 1683 2093 2096 2148; x_wconf 86' lang='lat' dir='ltr'>incarnationis</span> 
     </span>
    </p>
   </div>
   <div class='ocr_carea' id='block_1_23' title="bbox 403 2182 2096 2248">
    <p class='ocr_par' dir='ltr' id='par_1_23' title="bbox 403 2182 2096 2248">
     <span class='ocr_line' id='line_1_23' title="bbox 403 2182 2096 2248; baseline 0.001 -12"><span class='ocrx_word' id='word_1_134' title='bbox 403 2184 558 2248; x_wconf 83' lang='grc'>1015,</span> <span class='ocrx_word' id='word_1_135' title='bbox 590 2182 898 2235; x_wconf 88' lang='lat' dir='ltr'>indictione</span> <span class='ocrx_word' id='word_1_136' title='bbox 928 2197 1036 2246; x_wconf 81' lang='lat' dir='ltr'>XIV,</span> <span class='ocrx_word' id='word_1_137' title='bbox 1079 2197 1230 2234; x_wconf 90' lang='lat' dir='ltr'>anno</span> <span class='ocrx_word' id='word_1_138' title='bbox 1285 2197 1418 2234; x_wconf 89' lang='lat' dir='ltr'>vero</span> <span class='ocrx_word' id='word_1_139' title='bbox 1474 2182 1673 2235; x_wconf 90' lang='lat' dir='ltr'>domni</span> <span class='ocrx_word' id='word_1_140' title='bbox 1730 2183 1976 2238; x_wconf 89' lang='lat' dir='ltr'>Heinrici</span> <span class='ocrx_word' id='word_1_141' title='bbox 2009 2202 2096 2238; x_wconf 88' lang='lat' dir='ltr'>se-</span> 
     </span>
    </p>
   </div>
   <div class='ocr_carea' id='block_1_24' title="bbox 397 2268 1808 2341">
    <p class='ocr_par' dir='ltr' id='par_1_24' title="bbox 397 2268 1808 2341">
     <span class='ocr_line' id='line_1_24' title="bbox 397 2268 1808 2341; baseline -0.001 -17"><span class='ocrx_word' id='word_1_142' title='bbox 397 2270 567 2324; x_wconf 89' lang='lat' dir='ltr'>cundi</span> <span class='ocrx_word' id='word_1_143' title='bbox 587 2271 877 2340; x_wconf 87' lang='lat' dir='ltr'>regnantis</span> <span class='ocrx_word' id='word_1_144' title='bbox 907 2285 1017 2335; x_wconf 80' lang='lat' dir='ltr'>xw,</span> <span class='ocrx_word' id='word_1_145' title='bbox 1052 2268 1280 2338; x_wconf 90' lang='lat' dir='ltr'>imperii</span> <span class='ocrx_word' id='word_1_146' title='bbox 1312 2275 1502 2323; x_wconf 87' lang='lat' dir='ltr'>autem</span> <span class='ocrx_word' id='word_1_147' title='bbox 1541 2270 1720 2341; x_wconf 84' lang='lat' dir='ltr'>ipsius</span> <span class='ocrx_word' id='word_1_148' title='bbox 1753 2288 1808 2324; x_wconf 95' lang='grc' dir='ltr'>ιι.</span> 
     </span>
    </p>
   </div>
   <div class='ocr_carea' id='block_1_25' title="bbox 468 2357 1313 2427">
    <p class='ocr_par' dir='ltr' id='par_1_25' title="bbox 468 2357 1313 2427">
     <span class='ocr_line' id='line_1_25' title="bbox 468 2357 1313 2427; baseline -0.004 -14"><span class='ocrx_word' id='word_1_149' title='bbox 468 2363 672 2413; x_wconf 81' lang='lat' dir='ltr'>Actum</span> <span class='ocrx_word' id='word_1_150' title='bbox 697 2358 1023 2427; x_wconf 83' lang='lat' dir='ltr'>Merseburg</span> <span class='ocrx_word' id='word_1_151' title='bbox 1048 2357 1313 2411; x_wconf 84' lang='lat' dir='ltr'>feliciter.</span> 
     </span>
    </p>
   </div>
   <div class='ocr_carea' id='block_1_26' title="bbox 471 2447 1062 2514">
    <p class='ocr_par' dir='ltr' id='par_1_26' title="bbox 471 2447 1062 2514">
     <span class='ocr_line' id='line_1_26' title="bbox 471 2447 1062 2514; baseline 0 -14"><span class='ocrx_word' id='word_1_152' title='bbox 471 2449 611 2500; x_wconf 87' lang='lat' dir='ltr'>Cum</span> <span class='ocrx_word' id='word_1_153' title='bbox 639 2448 816 2514; x_wconf 79' lang='lat' dir='ltr'>sigillo</span> <span class='ocrx_word' id='word_1_154' title='bbox 846 2447 1062 2514; x_wconf 81' lang='lat' dir='ltr'>majest.</span> 
     </span>
    </p>
   </div>
   <div class='ocr_carea' id='block_1_27' title="bbox 1179 2552 1309 2605">
    <p class='ocr_par' dir='ltr' id='par_1_27' title="bbox 1179 2552 1309 2605">
     <span class='ocr_line' id='line_1_27' title="bbox 1179 2552 1309 2605; baseline -0.031 0"><span class='ocrx_word' id='word_1_155' title='bbox 1179 2552 1309 2605; x_wconf 82' lang='lat' dir='ltr'>XCI.</span> 
     </span>
    </p>
   </div>
   <div class='ocr_carea' id='block_1_28' title="bbox 396 2657 2099 2726">
    <p class='ocr_par' dir='ltr' id='par_1_28' title="bbox 396 2657 2099 2726">
     <span class='ocr_line' id='line_1_28' title="bbox 396 2657 2099 2726; baseline -0.001 -13"><span class='ocrx_word' id='word_1_156' title='bbox 396 2659 452 2713; x_wconf 91' lang='lat' dir='ltr'>S.</span> <span class='ocrx_word' id='word_1_157' title='bbox 517 2660 776 2712; x_wconf 84' lang='lat' dir='ltr'>Henricus</span> <span class='ocrx_word' id='word_1_158' title='bbox 824 2657 1079 2710; x_wconf 74' lang='lat' dir='ltr'>Alberico</span> <span class='ocrx_word' id='word_1_159' title='bbox 1162 2660 1407 2726; x_wconf 80' lang='lat' dir='ltr'>episcopo</span> <span class='ocrx_word' id='word_1_160' title='bbox 1456 2660 1699 2712; x_wconf 80' lang='lat' dir='ltr'>Comensi</span> <span class='ocrx_word' id='word_1_161' title='bbox 1744 2664 1948 2712; x_wconf 80' lang='lat' dir='ltr'>curtem</span> <span class='ocrx_word' id='word_1_162' title='bbox 2003 2675 2099 2712; x_wconf 86' lang='lat' dir='ltr'>seu</span> 
     </span>
    </p>
   </div>
   <div class='ocr_carea' id='block_1_29' title="bbox 467 2728 2092 2796">
    <p class='ocr_par' dir='ltr' id='par_1_29' title="bbox 467 2728 2092 2796">
     <span class='ocr_line' id='line_1_29' title="bbox 467 2728 2092 2796; baseline 0.002 -16"><span class='ocrx_word' id='word_1_163' title='bbox 467 2731 657 2782; x_wconf 80' lang='lat' dir='ltr'>villam</span> <span class='ocrx_word' id='word_1_164' title='bbox 735 2728 1132 2786; x_wconf 77' lang='lat' dir='ltr'>Barzanorum.</span> <span class='ocrx_word' id='word_1_165' title='bbox 1187 2730 1314 2780; x_wconf 86' lang='lat' dir='ltr'>olim</span> <span class='ocrx_word' id='word_1_166' title='bbox 1371 2730 1692 2794; x_wconf 82' lang='lat' dir='ltr'>Bere-ngarii</span> <span class='ocrx_word' id='word_1_167' title='bbox 1770 2735 1819 2782; x_wconf 89' lang='lat' dir='ltr'>et</span> <span class='ocrx_word' id='word_1_168' title='bbox 1873 2730 2092 2796; x_wconf 80' lang='lat' dir='ltr'>Ugonis,</span> 
     </span>
    </p>
   </div>
   <div class='ocr_carea' id='block_1_30' title="bbox 469 2798 2099 2867">
    <p class='ocr_par' dir='ltr' id='par_1_30' title="bbox 469 2798 2099 2867">
     <span class='ocr_line' id='line_1_30' title="bbox 469 2798 2099 2867; baseline 0.001 -15"><span class='ocrx_word' id='word_1_169' title='bbox 469 2798 738 2865; x_wconf 67' lang='lat' dir='ltr'>Sim/redi</span> <span class='ocrx_word' id='word_1_170' title='bbox 811 2801 1020 2851; x_wconf 77' lang='lat' dir='ltr'>comitis</span> <span class='ocrx_word' id='word_1_171' title='bbox 1070 2798 1330 2866; x_wconf 77' lang='lat' dir='ltr'>ﬁliorum,</span> <span class='ocrx_word' id='word_1_172' title='bbox 1386 2803 1437 2852; x_wconf 92' lang='lat' dir='ltr'>et</span> <span class='ocrx_word' id='word_1_173' title='bbox 1495 2801 1760 2853; x_wconf 63' lang='lat' dir='ltr'>Caesarem</span> <span class='ocrx_word' id='word_1_174' title='bbox 1815 2803 2099 2867; x_wconf 80' lang='lat' dir='ltr'>majestati</span> 
     </span>
    </p>
   </div>
   <div class='ocr_carea' id='block_1_31' title="bbox 464 2870 1028 2934">
    <p class='ocr_par' dir='ltr' id='par_1_31' title="bbox 464 2870 1028 2934">
     <span class='ocr_line' id='line_1_31' title="bbox 464 2870 1028 2934; baseline 0 -11"><span class='ocrx_word' id='word_1_175' title='bbox 464 2871 744 2923; x_wconf 77' lang='lat' dir='ltr'>rebellium</span> <span class='ocrx_word' id='word_1_176' title='bbox 773 2870 1028 2934; x_wconf 77' lang='lat' dir='ltr'>largitur.</span> 
     </span>
    </p>
   </div>
   <div class='ocr_carea' id='block_1_32' title="bbox 1049 2955 1453 3024">
    <p class='ocr_par' dir='ltr' id='par_1_32' title="bbox 1049 2955 1453 3024">
     <span class='ocr_line' id='line_1_32' title="bbox 1049 2955 1453 3024; baseline 0.002 -16"><span class='ocrx_word' id='word_1_177' title='bbox 1049 2955 1236 3024; x_wconf 76' lang='lat' dir='ltr'>(Anno</span> <span class='ocrx_word' id='word_1_178' title='bbox 1271 2957 1453 3021; x_wconf 82' lang='grc'>1015.)</span> 
     </span>
    </p>
   </div>
   <div class='ocr_carea' id='block_1_33' title="bbox 792 3041 1700 3113">
    <p class='ocr_par' dir='ltr' id='par_1_33' title="bbox 792 3041 1700 3113">
     <span class='ocr_line' id='line_1_33' title="bbox 792 3041 1700 3113; baseline 0 -17"><span class='ocrx_word' id='word_1_179' title='bbox 792 3043 1062 3113; x_wconf 77' lang='lat' dir='ltr'>[Ughelli,</span> <span class='ocrx_word' id='word_1_180' title='bbox 1089 3044 1264 3096; x_wconf 79' lang='lat' dir='ltr'>Italia</span> <span class='ocrx_word' id='word_1_181' title='bbox 1292 3057 1452 3097; x_wconf 74' lang='lat' dir='ltr'>sacra</span> <span class='ocrx_word' id='word_1_182' title='bbox 1474 3044 1534 3108; x_wconf 89' lang='lat' dir='ltr'>V,</span> <span class='ocrx_word' id='word_1_183' title='bbox 1554 3041 1700 3112; x_wconf 70' lang='lat'>282.]</span> 
     </span>
    </p>
   </div>
   <div class='ocr_carea' id='block_1_34' title="bbox 465 3148 2098 3214">
    <p class='ocr_par' dir='ltr' id='par_1_34' title="bbox 465 3148 2098 3214">
     <span class='ocr_line' id='line_1_34' title="bbox 465 3148 2098 3214; baseline -0.001 -10"><span class='ocrx_word' id='word_1_184' title='bbox 465 3152 529 3204; x_wconf 91' lang='lat' dir='ltr'>In</span> <span class='ocrx_word' id='word_1_185' title='bbox 559 3149 790 3204; x_wconf 92' lang='lat' dir='ltr'>nomine</span> <span class='ocrx_word' id='word_1_186' title='bbox 821 3148 1049 3202; x_wconf 88' lang='lat' dir='ltr'>Domini</span> <span class='ocrx_word' id='word_1_187' title='bbox 1103 3148 1223 3214; x_wconf 89' lang='lat' dir='ltr'>Dei,</span> <span class='ocrx_word' id='word_1_188' title='bbox 1256 3153 1313 3202; x_wconf 90' lang='lat' dir='ltr'>et</span> <span class='ocrx_word' id='word_1_189' title='bbox 1367 3149 1672 3202; x_wconf 84' lang='lat' dir='ltr'>Salvatoris</span> <span class='ocrx_word' id='word_1_190' title='bbox 1733 3149 1918 3202; x_wconf 89' lang='lat' dir='ltr'>nostri</span> <span class='ocrx_word' id='word_1_191' title='bbox 1963 3151 2098 3203; x_wconf 87' lang='lat' dir='ltr'>Jesu</span> 
     </span>
    </p>
   </div>
   <div class='ocr_carea' id='block_1_35' title="bbox 394 3235 2095 3304">
    <p class='ocr_par' dir='ltr' id='par_1_35' title="bbox 394 3235 2095 3304">
     <span class='ocr_line' id='line_1_35' title="bbox 394 3235 2095 3304; baseline -0.002 -11"><span class='ocrx_word' id='word_1_192' title='bbox 394 3238 624 3304; x_wconf 87' lang='lat' dir='ltr'>Christi,</span> <span class='ocrx_word' id='word_1_193' title='bbox 681 3236 956 3289; x_wconf 72' lang='lat' dir='ltr'>Hauulcns</span> <span class='ocrx_word' id='word_1_194' title='bbox 1008 3250 1260 3304; x_wconf 89' lang='lat' dir='ltr'>superna</span> <span class='ocrx_word' id='word_1_195' title='bbox 1330 3235 1634 3289; x_wconf 84' lang='lat' dir='ltr'>clementia</span> <span class='ocrx_word' id='word_1_196' title='bbox 1698 3236 2095 3290; x_wconf 83' lang='lat' dir='ltr'>Romanorum</span> 
     </span>
    </p>
   </div>
   <div class='ocr_carea' id='block_1_36' title="bbox 399 3327 1054 3396">
    <p class='ocr_par' dir='ltr' id='par_1_36' title="bbox 399 3327 1054 3396">
     <span class='ocr_line' id='line_1_36' title="bbox 399 3327 1054 3396; baseline -0.008 -16"><span class='ocrx_word' id='word_1_197' title='bbox 399 3327 716 3396; x_wconf 84' lang='lat' dir='ltr'>imperator</span> <span class='ocrx_word' id='word_1_198' title='bbox 743 3328 1054 3393; x_wconf 83' lang='lat' dir='ltr'>Augustus.</span> 
     </span>
    </p>
   </div>
   <div class='ocr_carea' id='block_1_37' title="bbox 467 3410 2097 3484">
    <p class='ocr_par' dir='ltr' id='par_1_37' title="bbox 467 3410 2097 3484">
     <span class='ocr_line' id='line_1_37' title="bbox 467 3410 2097 3484; baseline -0.001 -16"><span class='ocrx_word' id='word_1_199' title='bbox 467 3415 525 3468; x_wconf 90' lang='lat' dir='ltr'>Si</span> <span class='ocrx_word' id='word_1_200' title='bbox 547 3411 919 3484; x_wconf 83' lang='lat' dir='ltr'>petitionibus</span> <span class='ocrx_word' id='word_1_201' title='bbox 950 3417 1272 3464; x_wconf 90' lang='lat' dir='ltr'>nostrorum</span> <span class='ocrx_word' id='word_1_202' title='bbox 1304 3410 1563 3465; x_wconf 90' lang='lat' dir='ltr'>ﬁdelium</span> <span class='ocrx_word' id='word_1_203' title='bbox 1595 3411 1875 3482; x_wconf 85' lang='lat' dir='ltr'>nobisque</span> <span class='ocrx_word' id='word_1_204' title='bbox 1909 3411 2097 3466; x_wconf 89' lang='lat' dir='ltr'>debite</span> 
     </span>
    </p>
   </div>
   <div class='ocr_carea' id='block_1_38' title="bbox 396 3499 2093 3570">
    <p class='ocr_par' dir='ltr' id='par_1_38' title="bbox 396 3499 2093 3570">
     <span class='ocr_line' id='line_1_38' title="bbox 396 3499 2093 3570; baseline -0.001 -14"><span class='ocrx_word' id='word_1_205' title='bbox 396 3502 796 3556; x_wconf 84' lang='lat' dir='ltr'>famulantium</span> <span class='ocrx_word' id='word_1_206' title='bbox 843 3515 1006 3552; x_wconf 88' lang='lat' dir='ltr'>aures</span> <span class='ocrx_word' id='word_1_207' title='bbox 1060 3506 1273 3553; x_wconf 66' lang='lat' dir='ltr'>nostrae</span> <span class='ocrx_word' id='word_1_208' title='bbox 1312 3499 1546 3570; x_wconf 88' lang='lat' dir='ltr'>pietatis</span> <span class='ocrx_word' id='word_1_209' title='bbox 1605 3500 2093 3568; x_wconf 89' lang='lat' dir='ltr'>inclinaverimus,</span> 
     </span>
    </p>
   </div>
   <div class='ocr_carea' id='block_1_39' title="bbox 394 3585 2091 3659">
    <p class='ocr_par' dir='ltr' id='par_1_39' title="bbox 394 3585 2091 3659">
     <span class='ocr_line' id='line_1_39' title="bbox 394 3585 2091 3659; baseline 0 -17"><span class='ocrx_word' id='word_1_210' title='bbox 394 3589 780 3659; x_wconf 87' lang='lat' dir='ltr'>promptiores</span> <span class='ocrx_word' id='word_1_211' title='bbox 799 3602 896 3639; x_wconf 91' lang='lat' dir='ltr'>eos</span> <span class='ocrx_word' id='word_1_212' title='bbox 910 3586 1029 3639; x_wconf 86' lang='lat' dir='ltr'>fore</span> <span class='ocrx_word' id='word_1_213' title='bbox 1053 3585 1110 3638; x_wconf 92' lang='lat' dir='ltr'>in</span> <span class='ocrx_word' id='word_1_214' title='bbox 1135 3592 1324 3639; x_wconf 89' lang='lat' dir='ltr'>nostro</span> <span class='ocrx_word' id='word_1_215' title='bbox 1348 3586 1578 3640; x_wconf 88' lang='lat' dir='ltr'>servitio</span> <span class='ocrx_word' id='word_1_216' title='bbox 1601 3604 1718 3640; x_wconf 92' lang='lat' dir='ltr'>non</span> <span class='ocrx_word' id='word_1_217' title='bbox 1742 3587 2091 3642; x_wconf 85' lang='lat' dir='ltr'>dubitamus.</span> 
     </span>
    </p>
   </div>
   <div class='ocr_carea' id='block_1_40' title="bbox 399 3675 2091 3746">
    <p class='ocr_par' dir='ltr' id='par_1_40' title="bbox 399 3675 2091 3746">
     <span class='ocr_line' id='line_1_40' title="bbox 399 3675 2091 3746; baseline -0.001 -15"><span class='ocrx_word' id='word_1_218' title='bbox 399 3676 833 3731; x_wconf 88' lang='lat' dir='ltr'>Universitatem</span> <span class='ocrx_word' id='word_1_219' title='bbox 881 3675 1058 3743; x_wconf 89' lang='lat' dir='ltr'>igitur</span> <span class='ocrx_word' id='word_1_220' title='bbox 1095 3675 1357 3728; x_wconf 92' lang='lat' dir='ltr'>omnium</span> <span class='ocrx_word' id='word_1_221' title='bbox 1405 3675 1570 3729; x_wconf 91' lang='lat' dir='ltr'>nobis</span> <span class='ocrx_word' id='word_1_222' title='bbox 1627 3677 2091 3746; x_wconf 82' lang='lat' dir='ltr'>obsequentium,</span> 
     </span>
    </p>
   </div>
   <div class='ocr_carea' id='block_1_41' title="bbox 394 3763 2095 3836">
    <p class='ocr_par' dir='ltr' id='par_1_41' title="bbox 394 3763 2095 3836">
     <span class='ocr_line' id='line_1_41' title="bbox 394 3763 2095 3836; baseline -0.001 -17"><span class='ocrx_word' id='word_1_223' title='bbox 394 3765 766 3836; x_wconf 78' lang='lat' dir='ltr'>praesentium</span> <span class='ocrx_word' id='word_1_224' title='bbox 794 3763 1006 3816; x_wconf 88' lang='lat' dir='ltr'>scilicet</span> <span class='ocrx_word' id='word_1_225' title='bbox 1035 3769 1092 3817; x_wconf 90' lang='lat' dir='ltr'>et</span> <span class='ocrx_word' id='word_1_226' title='bbox 1135 3763 1485 3830; x_wconf 89' lang='lat' dir='ltr'>futurorum,</span> <span class='ocrx_word' id='word_1_227' title='bbox 1519 3781 1884 3835; x_wconf 90' lang='lat' dir='ltr'>nequaquam</span> <span class='ocrx_word' id='word_1_228' title='bbox 1919 3765 2095 3819; x_wconf 87' lang='lat' dir='ltr'>latere</span> 
     </span>
    </p>
   </div>
   <div class='ocr_carea' id='block_1_42' title="bbox 395 3851 2093 3924">
    <p class='ocr_par' dir='ltr' id='par_1_42' title="bbox 395 3851 2093 3924">
     <span class='ocr_line' id='line_1_42' title="bbox 395 3851 2093 3924; baseline -0.001 -15"><span class='ocrx_word' id='word_1_229' title='bbox 395 3856 659 3909; x_wconf 89' lang='lat' dir='ltr'>volumus</span> <span class='ocrx_word' id='word_1_230' title='bbox 686 3852 839 3924; x_wconf 90' lang='lat' dir='ltr'>quod</span> <span class='ocrx_word' id='word_1_231' title='bbox 861 3851 1156 3906; x_wconf 84' lang='lat' dir='ltr'>Albericus</span> <span class='ocrx_word' id='word_1_232' title='bbox 1187 3852 1242 3906; x_wconf 91' lang='lat' dir='ltr'>S.</span> <span class='ocrx_word' id='word_1_233' title='bbox 1269 3852 1539 3907; x_wconf 58' lang='lat' dir='ltr'>Cumana</span> <span class='ocrx_word' id='word_1_234' title='bbox 1567 3854 1824 3907; x_wconf 70' lang='lat' dir='ltr'>Ecclesim</span> <span class='ocrx_word' id='word_1_235' title='bbox 1858 3870 2093 3907; x_wconf 87' lang='lat' dir='ltr'>venera-</span> 
     </span>
    </p>
   </div>
   <div class='ocr_carea' id='block_1_43' title="bbox 391 3941 2098 4011">
    <p class='ocr_par' dir='ltr' id='par_1_43' title="bbox 391 3941 2098 4011">
     <span class='ocr_line' id='line_1_43' title="bbox 391 3941 2098 4011; baseline -0.002 -14"><span class='ocrx_word' id='word_1_236' title='bbox 391 3943 525 3998; x_wconf 89' lang='lat' dir='ltr'>bilis</span> <span class='ocrx_word' id='word_1_237' title='bbox 557 3948 611 3997; x_wconf 90' lang='lat' dir='ltr'>et</span> <span class='ocrx_word' id='word_1_238' title='bbox 643 3948 834 3996; x_wconf 88' lang='lat' dir='ltr'>noster</span> <span class='ocrx_word' id='word_1_239' title='bbox 855 3941 1098 3995; x_wconf 88' lang='lat' dir='ltr'>dilectus</span> <span class='ocrx_word' id='word_1_240' title='bbox 1119 3941 1422 4011; x_wconf 89' lang='lat' dir='ltr'>episcopus</span> <span class='ocrx_word' id='word_1_241' title='bbox 1442 3947 1652 3995; x_wconf 62' lang='lat' dir='ltr'>nostra;</span> <span class='ocrx_word' id='word_1_242' title='bbox 1681 3941 1908 4010; x_wconf 90' lang='lat' dir='ltr'>pietatis</span> <span class='ocrx_word' id='word_1_243' title='bbox 1936 3941 2098 3995; x_wconf 86' lang='lat' dir='ltr'>celsi-</span> 
     </span>
    </p>
   </div>
   <div class='ocr_carea' id='block_1_44' title="bbox 392 4029 2095 4100">
    <p class='ocr_par' dir='ltr' id='par_1_44' title="bbox 392 4029 2095 4100">
     <span class='ocr_line' id='line_1_44' title="bbox 392 4029 2095 4100; baseline 0 -16"><span class='ocrx_word' id='word_1_244' title='bbox 392 4031 654 4086; x_wconf 92' lang='lat' dir='ltr'>tudinem</span> <span class='ocrx_word' id='word_1_245' title='bbox 714 4029 857 4083; x_wconf 89' lang='lat' dir='ltr'>adiit</span> <span class='ocrx_word' id='word_1_246' title='bbox 884 4029 1219 4098; x_wconf 89' lang='lat' dir='ltr'>suppliciter</span> <span class='ocrx_word' id='word_1_247' title='bbox 1235 4029 1549 4098; x_wconf 88' lang='lat' dir='ltr'>postulans,</span> <span class='ocrx_word' id='word_1_248' title='bbox 1566 4035 1622 4082; x_wconf 92' lang='lat' dir='ltr'>et</span> <span class='ocrx_word' id='word_1_249' title='bbox 1646 4029 1742 4099; x_wconf 91' lang='lat' dir='ltr'>pio</span> <span class='ocrx_word' id='word_1_250' title='bbox 1760 4031 2095 4100; x_wconf 88' lang='lat' dir='ltr'>sempiterni</span> 
     </span>
    </p>
   </div>
   <div class='ocr_carea' id='block_1_45' title="bbox 393 4117 2094 4190">
    <p class='ocr_par' dir='ltr' id='par_1_45' title="bbox 393 4117 2094 4190">
     <span class='ocr_line' id='line_1_45' title="bbox 393 4117 2094 4190; baseline -0.001 -18"><span class='ocrx_word' id='word_1_251' title='bbox 393 4117 756 4172; x_wconf 89' lang='lat' dir='ltr'>retributoris</span> <span class='ocrx_word' id='word_1_252' title='bbox 787 4132 998 4176; x_wconf 84' lang='lat' dir='ltr'>amore,</span> <span class='ocrx_word' id='word_1_253' title='bbox 1025 4121 1080 4169; x_wconf 92' lang='lat' dir='ltr'>et</span> <span class='ocrx_word' id='word_1_254' title='bbox 1110 4117 1292 4169; x_wconf 87' lang='lat' dir='ltr'>salute</span> <span class='ocrx_word' id='word_1_255' title='bbox 1323 4117 1532 4170; x_wconf 68' lang='lat' dir='ltr'>animas</span> <span class='ocrx_word' id='word_1_256' title='bbox 1590 4123 1825 4184; x_wconf 67' lang='lat' dir='ltr'>nostrae,</span> <span class='ocrx_word' id='word_1_257' title='bbox 1856 4118 2094 4190; x_wconf 87' lang='lat' dir='ltr'>ejusque</span> 
     </span>
    </p>
   </div>
   <div class='ocr_carea' id='block_1_46' title="bbox 394 4205 2092 4278">
    <p class='ocr_par' dir='ltr' id='par_1_46' title="bbox 394 4205 2092 4278">
     <span class='ocr_line' id='line_1_46' title="bbox 394 4205 2092 4278; baseline 0.001 -18"><span class='ocrx_word' id='word_1_258' title='bbox 394 4209 598 4262; x_wconf 88' lang='lat' dir='ltr'>collato</span> <span class='ocrx_word' id='word_1_259' title='bbox 658 4211 715 4259; x_wconf 89' lang='lat' dir='ltr'>et</span> <span class='ocrx_word' id='word_1_260' title='bbox 763 4205 1110 4259; x_wconf 85' lang='lat' dir='ltr'>conferendo</span> <span class='ocrx_word' id='word_1_261' title='bbox 1156 4205 1412 4273; x_wconf 87' lang='lat' dir='ltr'>servitio,</span> <span class='ocrx_word' id='word_1_262' title='bbox 1471 4211 1782 4276; x_wconf 86' lang='lat' dir='ltr'>nostroque</span> <span class='ocrx_word' id='word_1_263' title='bbox 1849 4205 2092 4278; x_wconf 89' lang='lat' dir='ltr'>imperio</span> 
     </span>
    </p>
   </div>
   <div class='ocr_carea' id='block_1_47' title="bbox 396 4291 2092 4358">
    <p class='ocr_par' dir='ltr' id='par_1_47' title="bbox 396 4291 2092 4358">
     <span class='ocr_line' id='line_1_47' title="bbox 396 4291 2092 4358; baseline 0.002 -14"><span class='ocrx_word' id='word_1_264' title='bbox 396 4293 781 4358; x_wconf 79' lang='lat' dir='ltr'>sublimanda,</span> <span class='ocrx_word' id='word_1_265' title='bbox 815 4291 1004 4344; x_wconf 92' lang='lat' dir='ltr'>eidem</span> <span class='ocrx_word' id='word_1_266' title='bbox 1053 4291 1110 4345; x_wconf 91' lang='lat' dir='ltr'>S.</span> <span class='ocrx_word' id='word_1_267' title='bbox 1172 4291 1396 4344; x_wconf 90' lang='lat' dir='ltr'>matrici</span> <span class='ocrx_word' id='word_1_268' title='bbox 1429 4292 1680 4346; x_wconf 68' lang='lat' dir='ltr'>ecclesia:</span> <span class='ocrx_word' id='word_1_269' title='bbox 1711 4293 1783 4347; x_wconf 86' lang='lat' dir='ltr'>ad</span> <span class='ocrx_word' id='word_1_270' title='bbox 1815 4293 2092 4348; x_wconf 89' lang='lat' dir='ltr'>honorem</span> 
     </span>
    </p>
   </div>
   <div class='ocr_carea' id='block_1_48' title="bbox 400 4378 2095 4452">
    <p class='ocr_par' dir='ltr' id='par_1_48' title="bbox 400 4378 2095 4452">
     <span class='ocr_line' id='line_1_48' title="bbox 400 4378 2095 4452; baseline 0.002 -18"><span class='ocrx_word' id='word_1_271' title='bbox 400 4381 500 4434; x_wconf 84' lang='lat' dir='ltr'>Dei</span> <span class='ocrx_word' id='word_1_272' title='bbox 567 4379 864 4434; x_wconf 88' lang='lat' dir='ltr'>Genitricis</span> <span class='ocrx_word' id='word_1_273' title='bbox 924 4385 992 4432; x_wconf 87' lang='lat' dir='ltr'>et</span> <span class='ocrx_word' id='word_1_274' title='bbox 1031 4378 1279 4448; x_wconf 87' lang='lat' dir='ltr'>Virginis</span> <span class='ocrx_word' id='word_1_275' title='bbox 1336 4380 1520 4434; x_wconf 72' lang='lat' dir='ltr'>Maria:</span> <span class='ocrx_word' id='word_1_276' title='bbox 1558 4381 1755 4434; x_wconf 65' lang='lat' dir='ltr'>dicatae</span> <span class='ocrx_word' id='word_1_277' title='bbox 1807 4383 2095 4452; x_wconf 91' lang='lat' dir='ltr'>quandam</span> 
     </span>
    </p>
   </div>
   <div class='ocr_carea' id='block_1_49' title="bbox 397 4467 2098 4542">
    <p class='ocr_par' dir='ltr' id='par_1_49' title="bbox 397 4467 2098 4542">
     <span class='ocr_line' id='line_1_49' title="bbox 397 4467 2098 4542; baseline 0.002 -20"><span class='ocrx_word' id='word_1_278' title='bbox 397 4475 641 4534; x_wconf 91' lang='lat' dir='ltr'>curtem,</span> <span class='ocrx_word' id='word_1_279' title='bbox 673 4484 804 4522; x_wconf 90' lang='lat' dir='ltr'>cum</span> <span class='ocrx_word' id='word_1_280' title='bbox 823 4467 1092 4522; x_wconf 90' lang='lat' dir='ltr'>omnibus</span> <span class='ocrx_word' id='word_1_281' title='bbox 1147 4467 1262 4520; x_wconf 89' lang='lat' dir='ltr'>suis</span> <span class='ocrx_word' id='word_1_282' title='bbox 1293 4468 1677 4538; x_wconf 87' lang='lat' dir='ltr'>pertinentiis,</span> <span class='ocrx_word' id='word_1_283' title='bbox 1720 4487 1848 4542; x_wconf 68' lang='lat' dir='ltr'>quae</span> <span class='ocrx_word' id='word_1_284' title='bbox 1888 4471 2098 4526; x_wconf 92' lang='lat' dir='ltr'>dicitur</span> 
     </span>
    </p>
   </div>
   <div class='ocr_carea' id='block_1_50' title="bbox 397 4557 2095 4630">
    <p class='ocr_par' dir='ltr' id='par_1_50' title="bbox 397 4557 2095 4630">
     <span class='ocr_line' id='line_1_50' title="bbox 397 4557 2095 4630; baseline 0.002 -21"><span class='ocrx_word' id='word_1_285' title='bbox 397 4559 530 4611; x_wconf 88' lang='lat' dir='ltr'>villa</span> <span class='ocrx_word' id='word_1_286' title='bbox 563 4558 1009 4622; x_wconf 87' lang='lat' dir='ltr'>Branzanorum,</span> <span class='ocrx_word' id='word_1_287' title='bbox 1043 4573 1172 4627; x_wconf 67' lang='lat' dir='ltr'>quae</span> <span class='ocrx_word' id='word_1_288' title='bbox 1201 4557 1308 4610; x_wconf 85' lang='lat' dir='ltr'>fuit</span> <span class='ocrx_word' id='word_1_289' title='bbox 1339 4557 1644 4613; x_wconf 70' lang='lat' dir='ltr'>hazreditas</span> <span class='ocrx_word' id='word_1_290' title='bbox 1674 4564 1730 4612; x_wconf 92' lang='lat' dir='ltr'>et</span> <span class='ocrx_word' id='word_1_291' title='bbox 1777 4561 2095 4630; x_wconf 86' lang='lat' dir='ltr'>proprietas</span> 
     </span>
    </p>
   </div>
   <div class='ocr_carea' id='block_1_51' title="bbox 399 4645 2094 4718">
    <p class='ocr_par' dir='ltr' id='par_1_51' title="bbox 399 4645 2094 4718">
     <span class='ocr_line' id='line_1_51' title="bbox 399 4645 2094 4718; baseline 0.001 -18"><span class='ocrx_word' id='word_1_292' title='bbox 399 4646 649 4701; x_wconf 79' lang='lat' dir='ltr'>ﬁliorum</span> <span class='ocrx_word' id='word_1_293' title='bbox 678 4645 902 4700; x_wconf 90' lang='lat' dir='ltr'>comitis</span> <span class='ocrx_word' id='word_1_294' title='bbox 947 4645 1237 4716; x_wconf 82' lang='lat' dir='ltr'>Sigifredi,</span> <span class='ocrx_word' id='word_1_295' title='bbox 1296 4647 1624 4718; x_wconf 87' lang='lat' dir='ltr'>Berengarii</span> <span class='ocrx_word' id='word_1_296' title='bbox 1672 4648 1906 4717; x_wconf 91' lang='lat' dir='ltr'>Ugonis,</span> <span class='ocrx_word' id='word_1_297' title='bbox 1956 4664 2094 4701; x_wconf 90' lang='lat' dir='ltr'>con-</span> 
     </span>
    </p>
   </div>
   <div class='ocr_carea' id='block_1_52' title="bbox 395 4734 2096 4808">
    <p class='ocr_par' dir='ltr' id='par_1_52' title="bbox 395 4734 2096 4808">
     <span class='ocr_line' id='line_1_52' title="bbox 395 4734 2096 4808; baseline 0.001 -20"><span class='ocrx_word' id='word_1_298' title='bbox 395 4734 593 4789; x_wconf 90' lang='lat' dir='ltr'>cedere</span> <span class='ocrx_word' id='word_1_299' title='bbox 615 4739 671 4789; x_wconf 90' lang='lat' dir='ltr'>et</span> <span class='ocrx_word' id='word_1_300' title='bbox 709 4737 925 4789; x_wconf 89' lang='lat' dir='ltr'>donare</span> <span class='ocrx_word' id='word_1_301' title='bbox 954 4736 1362 4806; x_wconf 87' lang='lat' dir='ltr'>dignaremur;</span> <span class='ocrx_word' id='word_1_302' title='bbox 1395 4753 1667 4808; x_wconf 91' lang='lat' dir='ltr'>quorum,</span> <span class='ocrx_word' id='word_1_303' title='bbox 1718 4735 1992 4806; x_wconf 88' lang='lat' dir='ltr'>quoniam</span> <span class='ocrx_word' id='word_1_304' title='bbox 2035 4737 2096 4790; x_wconf 92' lang='lat' dir='ltr'>in</span> 
     </span>
    </p>
   </div>
   <div class='ocr_carea' id='block_1_53' title="bbox 395 4822 2095 4893">
    <p class='ocr_par' dir='ltr' id='par_1_53' title="bbox 395 4822 2095 4893">
     <span class='ocr_line' id='line_1_53' title="bbox 395 4822 2095 4893; baseline 0.002 -17"><span class='ocrx_word' id='word_1_305' title='bbox 395 4839 499 4877; x_wconf 91' lang='lat' dir='ltr'>nos</span> <span class='ocrx_word' id='word_1_306' title='bbox 550 4822 721 4878; x_wconf 89' lang='lat' dir='ltr'>nimis</span> <span class='ocrx_word' id='word_1_307' title='bbox 787 4823 1142 4877; x_wconf 69' lang='lat' dir='ltr'>offendentes</span> <span class='ocrx_word' id='word_1_308' title='bbox 1221 4828 1418 4878; x_wconf 91' lang='lat' dir='ltr'>contra</span> <span class='ocrx_word' id='word_1_309' title='bbox 1475 4831 1735 4878; x_wconf 91' lang='lat' dir='ltr'>nostrum</span> <span class='ocrx_word' id='word_1_310' title='bbox 1784 4823 2095 4893; x_wconf 87' lang='lat' dir='ltr'>imperium</span> 
     </span>
    </p>
   </div>
   <div class='ocr_carea' id='block_1_54' title="bbox 397 4911 2094 4983">
    <p class='ocr_par' dir='ltr' id='par_1_54' title="bbox 397 4911 2094 4983">
     <span class='ocr_line' id='line_1_54' title="bbox 397 4911 2094 4983; baseline 0.001 -19"><span class='ocrx_word' id='word_1_311' title='bbox 397 4913 545 4965; x_wconf 89' lang='lat' dir='ltr'>male.</span> <span class='ocrx_word' id='word_1_312' title='bbox 571 4917 975 4976; x_wconf 88' lang='lat' dir='ltr'>tractaverunt,</span> <span class='ocrx_word' id='word_1_313' title='bbox 1007 4917 1065 4966; x_wconf 90' lang='lat' dir='ltr'>et</span> <span class='ocrx_word' id='word_1_314' title='bbox 1121 4913 1343 4983; x_wconf 90' lang='lat' dir='ltr'>perjuri</span> <span class='ocrx_word' id='word_1_315' title='bbox 1384 4918 1555 4982; x_wconf 89' lang='lat' dir='ltr'>atque</span> <span class='ocrx_word' id='word_1_316' title='bbox 1603 4913 1689 4967; x_wconf 89' lang='lat' dir='ltr'>rei</span> <span class='ocrx_word' id='word_1_317' title='bbox 1737 4911 1798 4965; x_wconf 91' lang='lat' dir='ltr'>in</span> <span class='ocrx_word' id='word_1_318' title='bbox 1838 4916 2094 4966; x_wconf 87' lang='lat' dir='ltr'>nostram</span> 
     </span>
    </p>
   </div>
   <div class='ocr_carea' id='block_1_55' title="bbox 395 4999 2094 5072">
    <p class='ocr_par' dir='ltr' id='par_1_55' title="bbox 395 4999 2094 5072">
     <span class='ocr_line' id='line_1_55' title="bbox 395 4999 2094 5072; baseline 0.002 -19"><span class='ocrx_word' id='word_1_319' title='bbox 395 5002 752 5072; x_wconf 86' lang='lat' dir='ltr'>majestatem</span> <span class='ocrx_word' id='word_1_320' title='bbox 785 5001 1014 5071; x_wconf 90' lang='lat' dir='ltr'>publice</span> <span class='ocrx_word' id='word_1_321' title='bbox 1054 5001 1412 5067; x_wconf 80' lang='lat' dir='ltr'>exstiterunt,</span> <span class='ocrx_word' id='word_1_322' title='bbox 1439 5002 1570 5070; x_wconf 90' lang='lat' dir='ltr'>jure</span> <span class='ocrx_word' id='word_1_323' title='bbox 1591 5018 1656 5055; x_wconf 86' lang='lat' dir='ltr'>ac</span> <span class='ocrx_word' id='word_1_324' title='bbox 1685 4999 1952 5070; x_wconf 88' lang='lat' dir='ltr'>legaliter</span> <span class='ocrx_word' id='word_1_325' title='bbox 1975 5017 2094 5056; x_wconf 93' lang='lat' dir='ltr'>non</span> 
     </span>
    </p>
   </div>
   <div class='ocr_carea' id='block_1_56' title="bbox 395 5088 2095 5159">
    <p class='ocr_par' dir='ltr' id='par_1_56' title="bbox 395 5088 2095 5159">
     <span class='ocr_line' id='line_1_56' title="bbox 395 5088 2095 5159; baseline 0.001 -17"><span class='ocrx_word' id='word_1_326' title='bbox 395 5092 578 5144; x_wconf 87' lang='lat' dir='ltr'>solum</span> <span class='ocrx_word' id='word_1_327' title='bbox 611 5091 751 5154; x_wconf 63' lang='lat' dir='ltr'>haec,</span> <span class='ocrx_word' id='word_1_328' title='bbox 796 5090 893 5143; x_wconf 90' lang='lat' dir='ltr'>sed</span> <span class='ocrx_word' id='word_1_329' title='bbox 941 5095 993 5143; x_wconf 88' lang='lat' dir='ltr'>et</span> <span class='ocrx_word' id='word_1_330' title='bbox 1036 5088 1232 5143; x_wconf 90' lang='lat' dir='ltr'>omnia</span> <span class='ocrx_word' id='word_1_331' title='bbox 1290 5106 1417 5159; x_wconf 67' lang='lat' dir='ltr'>qua:</span> <span class='ocrx_word' id='word_1_332' title='bbox 1476 5090 1818 5153; x_wconf 89' lang='lat' dir='ltr'>habuerunt,</span> <span class='ocrx_word' id='word_1_333' title='bbox 1869 5089 1941 5142; x_wconf 89' lang='lat' dir='ltr'>ad</span> <span class='ocrx_word' id='word_1_334' title='bbox 1991 5106 2095 5144; x_wconf 94' lang='lat' dir='ltr'>no-</span> 
     </span>
    </p>
   </div>
   <div class='ocr_carea' id='block_1_57' title="bbox 396 5177 2093 5247">
    <p class='ocr_par' dir='ltr' id='par_1_57' title="bbox 396 5177 2093 5247">
     <span class='ocr_line' id='line_1_57' title="bbox 396 5177 2093 5247; baseline 0.002 -18"><span class='ocrx_word' id='word_1_335' title='bbox 396 5182 574 5232; x_wconf 87' lang='lat' dir='ltr'>strum</span> <span class='ocrx_word' id='word_1_336' title='bbox 607 5178 902 5247; x_wconf 88' lang='lat' dir='ltr'>publicum</span> <span class='ocrx_word' id='word_1_337' title='bbox 923 5179 1300 5244; x_wconf 86' lang='lat' dir='ltr'>devenerunt,</span> <span class='ocrx_word' id='word_1_338' title='bbox 1335 5177 1483 5231; x_wconf 88' lang='lat' dir='ltr'>unde</span> <span class='ocrx_word' id='word_1_339' title='bbox 1534 5195 1636 5232; x_wconf 91' lang='lat' dir='ltr'>sua</span> <span class='ocrx_word' id='word_1_340' title='bbox 1667 5178 1862 5232; x_wconf 85' lang='lat' dir='ltr'>omnia</span> <span class='ocrx_word' id='word_1_341' title='bbox 1886 5179 2093 5233; x_wconf 90' lang='lat' dir='ltr'>merito</span> 
     </span>
    </p>
   </div>
   <div class='ocr_carea' id='block_1_58' title="bbox 395 5264 2093 5338">
    <p class='ocr_par' dir='ltr' id='par_1_58' title="bbox 395 5264 2093 5338">
     <span class='ocr_line' id='line_1_58' title="bbox 395 5264 2093 5338; baseline 0.002 -19"><span class='ocrx_word' id='word_1_342' title='bbox 395 5267 663 5336; x_wconf 91' lang='lat' dir='ltr'>perdunt,</span> <span class='ocrx_word' id='word_1_343' title='bbox 711 5265 812 5335; x_wconf 85' lang='lat' dir='ltr'>qui</span> <span class='ocrx_word' id='word_1_344' title='bbox 842 5283 898 5321; x_wconf 91' lang='lat' dir='ltr'>se</span> <span class='ocrx_word' id='word_1_345' title='bbox 927 5267 1081 5338; x_wconf 90' lang='lat' dir='ltr'>ipsos</span> <span class='ocrx_word' id='word_1_346' title='bbox 1128 5264 1305 5336; x_wconf 84' lang='lat' dir='ltr'>gratis</span> <span class='ocrx_word' id='word_1_347' title='bbox 1342 5265 1735 5334; x_wconf 89' lang='lat' dir='ltr'>perdiderunt,</span> <span class='ocrx_word' id='word_1_348' title='bbox 1767 5267 1926 5331; x_wconf 91' lang='lat' dir='ltr'>dum,</span> <span class='ocrx_word' id='word_1_349' title='bbox 1956 5266 2093 5322; x_wconf 90' lang='lat' dir='ltr'>ﬁdei</span> 
     </span>
    </p>
   </div>
   <div class='ocr_carea' id='block_1_59' title="bbox 394 5353 2091 5421">
    <p class='ocr_par' dir='ltr' id='par_1_59' title="bbox 394 5353 2091 5421">
     <span class='ocr_line' id='line_1_59' title="bbox 394 5353 2091 5421; baseline 0.001 -13"><span class='ocrx_word' id='word_1_350' title='bbox 394 5355 604 5408; x_wconf 66' lang='lat' dir='ltr'>debitas</span> <span class='ocrx_word' id='word_1_351' title='bbox 636 5353 1049 5421; x_wconf 90' lang='lat' dir='ltr'>obliviscentes,</span> <span class='ocrx_word' id='word_1_352' title='bbox 1081 5354 1140 5408; x_wconf 93' lang='lat' dir='ltr'>in</span> <span class='ocrx_word' id='word_1_353' title='bbox 1178 5359 1371 5408; x_wconf 90' lang='lat' dir='ltr'>nostra</span> <span class='ocrx_word' id='word_1_354' title='bbox 1416 5353 1689 5408; x_wconf 86' lang='lat' dir='ltr'>ﬁdelitate</span> <span class='ocrx_word' id='word_1_355' title='bbox 1717 5355 1956 5408; x_wconf 89' lang='lat' dir='ltr'>minime</span> <span class='ocrx_word' id='word_1_356' title='bbox 1979 5356 2091 5410; x_wconf 86' lang='lat' dir='ltr'>du-</span> 
     </span>
    </p>
   </div>
   <div class='ocr_carea' id='block_1_60' title="bbox 395 5442 2087 5513">
    <p class='ocr_par' dir='ltr' id='par_1_60' title="bbox 395 5442 2087 5513">
     <span class='ocr_line' id='line_1_60' title="bbox 395 5442 2087 5513; baseline 0.001 -17"><span class='ocrx_word' id='word_1_357' title='bbox 395 5447 686 5507; x_wconf 86' lang='lat' dir='ltr'>raverunt,</span> <span class='ocrx_word' id='word_1_358' title='bbox 742 5448 798 5496; x_wconf 91' lang='lat' dir='ltr'>et</span> <span class='ocrx_word' id='word_1_359' title='bbox 851 5449 1043 5497; x_wconf 87' lang='lat' dir='ltr'>nostro</span> <span class='ocrx_word' id='word_1_360' title='bbox 1111 5442 1343 5497; x_wconf 89' lang='lat' dir='ltr'>inimico</span> <span class='ocrx_word' id='word_1_361' title='bbox 1389 5442 1650 5513; x_wconf 88' lang='lat' dir='ltr'>jurantes</span> <span class='ocrx_word' id='word_1_362' title='bbox 1703 5444 2087 5498; x_wconf 68' lang='lat' dir='ltr'>adhaeserunt.</span> 
     </span>
    </p>
   </div>
   <div class='ocr_carea' id='block_1_61' title="bbox 397 5531 2087 5603">
    <p class='ocr_par' dir='ltr' id='par_1_61' title="bbox 397 5531 2087 5603">
     <span class='ocr_line' id='line_1_61' title="bbox 397 5531 2087 5603; baseline 0.001 -19"><span class='ocrx_word' id='word_1_363' title='bbox 397 5531 550 5586; x_wconf 85' lang='lat' dir='ltr'>Hanc</span> <span class='ocrx_word' id='word_1_364' title='bbox 581 5547 717 5601; x_wconf 86' lang='lat' dir='ltr'>ergo</span> <span class='ocrx_word' id='word_1_365' title='bbox 743 5531 1186 5602; x_wconf 83' lang='lat' dir='ltr'>postulationem</span> <span class='ocrx_word' id='word_1_366' title='bbox 1224 5533 1457 5603; x_wconf 85' lang='lat' dir='ltr'>dignam</span> <span class='ocrx_word' id='word_1_367' title='bbox 1498 5535 1556 5586; x_wconf 91' lang='lat' dir='ltr'>et</span> <span class='ocrx_word' id='word_1_368' title='bbox 1615 5536 1800 5586; x_wconf 88' lang='lat' dir='ltr'>ratam</span> <span class='ocrx_word' id='word_1_369' title='bbox 1855 5532 2087 5603; x_wconf 81' lang='lat' dir='ltr'>prospi-</span> 
     </span>
    </p>
   </div>
   <div class='ocr_carea' id='block_1_62' title="bbox 2201 495 3862 578">
    <p class='ocr_par' dir='ltr' id='par_1_62' title="bbox 2201 495 3862 578">
     <span class='ocr_line' id='line_1_62' title="bbox 2201 495 3862 578; baseline 0.002 -16"><span class='ocrx_word' id='word_1_370' title='bbox 2201 509 2361 562; x_wconf 90' lang='lat' dir='ltr'>cibus</span> <span class='ocrx_word' id='word_1_371' title='bbox 2380 495 2624 560; x_wconf 81' lang='lat' dir='ltr'>libenter</span> <span class='ocrx_word' id='word_1_372' title='bbox 2639 507 3052 578; x_wconf 88' lang='lat' dir='ltr'>acquievimus.</span> <span class='ocrx_word' id='word_1_373' title='bbox 3077 507 3463 561; x_wconf 84' lang='lat' dir='ltr'>Concedentes</span> <span class='ocrx_word' id='word_1_374' title='bbox 3484 515 3653 578; x_wconf 88' lang='lat' dir='ltr'>atque</span> <span class='ocrx_word' id='word_1_375' title='bbox 3680 515 3862 566; x_wconf 82' lang='lat' dir='ltr'>conﬁr-</span> 
     </span>
    </p>
   </div>
   <div class='ocr_carea' id='block_1_63' title="bbox 2203 596 3865 668">
    <p class='ocr_par' dir='ltr' id='par_1_63' title="bbox 2203 596 3865 668">
     <span class='ocr_line' id='line_1_63' title="bbox 2203 596 3865 668; baseline 0.001 -18"><span class='ocrx_word' id='word_1_376' title='bbox 2203 602 2428 650; x_wconf 89' lang='lat' dir='ltr'>mantes</span> <span class='ocrx_word' id='word_1_377' title='bbox 2454 597 2640 650; x_wconf 87' lang='lat' dir='ltr'>eidem</span> <span class='ocrx_word' id='word_1_378' title='bbox 2669 596 2926 650; x_wconf 87' lang='lat' dir='ltr'>Cumano</span> <span class='ocrx_word' id='word_1_379' title='bbox 2955 596 3262 649; x_wconf 84' lang='lat' dir='ltr'>venerabili</span> <span class='ocrx_word' id='word_1_380' title='bbox 3284 602 3339 649; x_wconf 90' lang='lat' dir='ltr'>et</span> <span class='ocrx_word' id='word_1_381' title='bbox 3369 597 3576 650; x_wconf 87' lang='lat' dir='ltr'>dilecto</span> <span class='ocrx_word' id='word_1_382' title='bbox 3605 598 3865 668; x_wconf 88' lang='lat' dir='ltr'>episcopo,</span> 
     </span>
    </p>
   </div>
   <div class='ocr_carea' id='block_1_64' title="bbox 2203 684 3866 755">
    <p class='ocr_par' dir='ltr' id='par_1_64' title="bbox 2203 684 3866 755">
     <span class='ocr_line' id='line_1_64' title="bbox 2203 684 3866 755; baseline 0.001 -17"><span class='ocrx_word' id='word_1_383' title='bbox 2203 685 2584 755; x_wconf 89' lang='lat' dir='ltr'>omnibusque</span> <span class='ocrx_word' id='word_1_384' title='bbox 2627 684 2744 738; x_wconf 88' lang='lat' dir='ltr'>suis</span> <span class='ocrx_word' id='word_1_385' title='bbox 2787 684 3206 737; x_wconf 86' lang='lat' dir='ltr'>successoribus</span> <span class='ocrx_word' id='word_1_386' title='bbox 3253 685 3642 755; x_wconf 83' lang='lat' dir='ltr'>supradictam</span> <span class='ocrx_word' id='word_1_387' title='bbox 3673 694 3866 740; x_wconf 82' lang='lat' dir='ltr'>curtem</span> 
     </span>
    </p>
   </div>
   <div class='ocr_carea' id='block_1_65' title="bbox 2205 773 3868 843">
    <p class='ocr_par' dir='ltr' id='par_1_65' title="bbox 2205 773 3868 843">
     <span class='ocr_line' id='line_1_65' title="bbox 2205 773 3868 843; baseline 0.001 -17"><span class='ocrx_word' id='word_1_388' title='bbox 2205 775 2590 826; x_wconf 89' lang='lat' dir='ltr'>Berzanorum</span> <span class='ocrx_word' id='word_1_389' title='bbox 2621 773 3002 835; x_wconf 86' lang='lat' dir='ltr'>nominatam,</span> <span class='ocrx_word' id='word_1_390' title='bbox 3037 788 3164 825; x_wconf 90' lang='lat' dir='ltr'>cum</span> <span class='ocrx_word' id='word_1_391' title='bbox 3197 773 3468 826; x_wconf 89' lang='lat' dir='ltr'>omnibus</span> <span class='ocrx_word' id='word_1_392' title='bbox 3507 773 3637 825; x_wconf 85' lang='lat' dir='ltr'>-suis</span> <span class='ocrx_word' id='word_1_393' title='bbox 3680 790 3868 843; x_wconf 85' lang='lat' dir='ltr'>appen-</span> 
     </span>
    </p>
   </div>
   <div class='ocr_carea' id='block_1_66' title="bbox 2205 860 3868 928">
    <p class='ocr_par' dir='ltr' id='par_1_66' title="bbox 2205 860 3868 928">
     <span class='ocr_line' id='line_1_66' title="bbox 2205 860 3868 928; baseline 0.001 -14"><span class='ocrx_word' id='word_1_394' title='bbox 2205 861 2387 927; x_wconf 88' lang='lat' dir='ltr'>diciis,</span> <span class='ocrx_word' id='word_1_395' title='bbox 2415 877 2543 914; x_wconf 91' lang='lat' dir='ltr'>cum</span> <span class='ocrx_word' id='word_1_396' title='bbox 2577 861 2846 914; x_wconf 90' lang='lat' dir='ltr'>omnibus</span> <span class='ocrx_word' id='word_1_397' title='bbox 2875 860 3193 914; x_wconf 88' lang='lat' dir='ltr'>redditibus</span> <span class='ocrx_word' id='word_1_398' title='bbox 3240 868 3296 914; x_wconf 91' lang='lat' dir='ltr'>et</span> <span class='ocrx_word' id='word_1_399' title='bbox 3341 861 3797 928; x_wconf 75' lang='lat' dir='ltr'>exhibitionibus,</span> <span class='ocrx_word' id='word_1_400' title='bbox 3823 870 3868 917; x_wconf 79' lang='lat' dir='ltr'>et</span> 
     </span>
    </p>
   </div>
   <div class='ocr_carea' id='block_1_67' title="bbox 2202 949 3867 1018">
    <p class='ocr_par' dir='ltr' id='par_1_67' title="bbox 2202 949 3867 1018">
     <span class='ocr_line' id='line_1_67' title="bbox 2202 949 3867 1018; baseline 0.001 -16"><span class='ocrx_word' id='word_1_401' title='bbox 2202 949 2683 1018; x_wconf 90' lang='lat' dir='ltr'>impensionibus,</span> <span class='ocrx_word' id='word_1_402' title='bbox 2724 953 2781 1002; x_wconf 89' lang='lat' dir='ltr'>et</span> <span class='ocrx_word' id='word_1_403' title='bbox 2835 949 3245 1014; x_wconf 87' lang='lat' dir='ltr'>functionibus,</span> <span class='ocrx_word' id='word_1_404' title='bbox 3307 965 3442 1003; x_wconf 89' lang='lat' dir='ltr'>cum</span> <span class='ocrx_word' id='word_1_405' title='bbox 3503 950 3672 1002; x_wconf 83' lang='lat' dir='ltr'>servis</span> <span class='ocrx_word' id='word_1_406' title='bbox 3708 956 3759 1003; x_wconf 92' lang='lat' dir='ltr'>et</span> <span class='ocrx_word' id='word_1_407' title='bbox 3783 968 3867 1004; x_wconf 85' lang='lat' dir='ltr'>au-</span> 
     </span>
    </p>
   </div>
   <div class='ocr_carea' id='block_1_68' title="bbox 2203 1036 3867 1108">
    <p class='ocr_par' dir='ltr' id='par_1_68' title="bbox 2203 1036 3867 1108">
     <span class='ocr_line' id='line_1_68' title="bbox 2203 1036 3867 1108; baseline 0.001 -17"><span class='ocrx_word' id='word_1_408' title='bbox 2203 1037 2366 1102; x_wconf 90' lang='lat' dir='ltr'>cillis,</span> <span class='ocrx_word' id='word_1_409' title='bbox 2401 1037 2565 1090; x_wconf 89' lang='lat' dir='ltr'>aldiis</span> <span class='ocrx_word' id='word_1_410' title='bbox 2591 1043 2648 1090; x_wconf 92' lang='lat' dir='ltr'>et</span> <span class='ocrx_word' id='word_1_411' title='bbox 2676 1036 2937 1091; x_wconf 87' lang='lat' dir='ltr'>aldiabus</span> <span class='ocrx_word' id='word_1_412' title='bbox 2966 1045 3084 1090; x_wconf 91' lang='lat' dir='ltr'>tam</span> <span class='ocrx_word' id='word_1_413' title='bbox 3122 1038 3184 1091; x_wconf 91' lang='lat' dir='ltr'>in</span> <span class='ocrx_word' id='word_1_414' title='bbox 3214 1038 3511 1092; x_wconf 88' lang='lat' dir='ltr'>montibus</span> <span class='ocrx_word' id='word_1_415' title='bbox 3570 1054 3732 1108; x_wconf 90' lang='lat' dir='ltr'>quam</span> <span class='ocrx_word' id='word_1_416' title='bbox 3761 1056 3867 1108; x_wconf 62' lang='lat' dir='ltr'>quae</span> 
     </span>
    </p>
   </div>
   <div class='ocr_carea' id='block_1_69' title="bbox 2202 1125 3865 1196">
    <p class='ocr_par' dir='ltr' id='par_1_69' title="bbox 2202 1125 3865 1196">
     <span class='ocr_line' id='line_1_69' title="bbox 2202 1125 3865 1196; baseline 0 -19"><span class='ocrx_word' id='word_1_417' title='bbox 2202 1125 2263 1178; x_wconf 90' lang='lat' dir='ltr'>in</span> <span class='ocrx_word' id='word_1_418' title='bbox 2302 1125 2555 1194; x_wconf 88' lang='lat' dir='ltr'>planitie,</span> <span class='ocrx_word' id='word_1_419' title='bbox 2585 1125 2754 1178; x_wconf 89' lang='lat' dir='ltr'>terris</span> <span class='ocrx_word' id='word_1_420' title='bbox 2811 1125 2980 1178; x_wconf 88' lang='lat' dir='ltr'>cultis</span> <span class='ocrx_word' id='word_1_421' title='bbox 3007 1132 3064 1178; x_wconf 89' lang='lat' dir='ltr'>et</span> <span class='ocrx_word' id='word_1_422' title='bbox 3116 1125 3366 1193; x_wconf 75' lang='lat' dir='ltr'>incultis,</span> <span class='ocrx_word' id='word_1_423' title='bbox 3429 1125 3629 1192; x_wconf 88' lang='lat' dir='ltr'>vineis,</span> <span class='ocrx_word' id='word_1_424' title='bbox 3662 1128 3865 1196; x_wconf 82' lang='lat' dir='ltr'>campis,</span> 
     </span>
    </p>
   </div>
   <div class='ocr_carea' id='block_1_70' title="bbox 2203 1212 3864 1284">
    <p class='ocr_par' dir='ltr' id='par_1_70' title="bbox 2203 1212 3864 1284">
     <span class='ocr_line' id='line_1_70' title="bbox 2203 1212 3864 1284; baseline 0.001 -18"><span class='ocrx_word' id='word_1_425' title='bbox 2203 1212 2449 1283; x_wconf 83' lang='lat' dir='ltr'>pascuis,</span> <span class='ocrx_word' id='word_1_426' title='bbox 2481 1213 2656 1277; x_wconf 89' lang='lat' dir='ltr'>silvis,</span> <span class='ocrx_word' id='word_1_427' title='bbox 2689 1213 2928 1275; x_wconf 87' lang='lat' dir='ltr'>mansis,</span> <span class='ocrx_word' id='word_1_428' title='bbox 2983 1214 3336 1279; x_wconf 89' lang='lat' dir='ltr'>massaritiis,</span> <span class='ocrx_word' id='word_1_429' title='bbox 3398 1213 3586 1284; x_wconf 87' lang='lat' dir='ltr'>aquis,</span> <span class='ocrx_word' id='word_1_430' title='bbox 3621 1230 3864 1284; x_wconf 86' lang='lat' dir='ltr'>aquarum</span> 
     </span>
    </p>
   </div>
   <div class='ocr_carea' id='block_1_71' title="bbox 2201 1302 3860 1370">
    <p class='ocr_par' dir='ltr' id='par_1_71' title="bbox 2201 1302 3860 1370">
     <span class='ocr_line' id='line_1_71' title="bbox 2201 1302 3860 1370; baseline 0.001 -15"><span class='ocrx_word' id='word_1_431' title='bbox 2201 1303 2554 1366; x_wconf 83' lang='lat' dir='ltr'>decursibus,</span> <span class='ocrx_word' id='word_1_432' title='bbox 2590 1302 2955 1369; x_wconf 90' lang='lat' dir='ltr'>molendinis,</span> <span class='ocrx_word' id='word_1_433' title='bbox 2989 1303 3150 1370; x_wconf 88' lang='lat' dir='ltr'>casis,</span> <span class='ocrx_word' id='word_1_434' title='bbox 3183 1304 3352 1357; x_wconf 88' lang='lat' dir='ltr'>rebus</span> <span class='ocrx_word' id='word_1_435' title='bbox 3418 1304 3688 1357; x_wconf 81' lang='lat' dir='ltr'>omnibus</span> <span class='ocrx_word' id='word_1_436' title='bbox 3709 1305 3860 1356; x_wconf 85' lang='lat' dir='ltr'>mobi-</span> 
     </span>
    </p>
   </div>
   <div class='ocr_carea' id='block_1_72' title="bbox 2203 1388 3866 1462">
    <p class='ocr_par' dir='ltr' id='par_1_72' title="bbox 2203 1388 3866 1462">
     <span class='ocr_line' id='line_1_72' title="bbox 2203 1388 3866 1462; baseline 0 -20"><span class='ocrx_word' id='word_1_437' title='bbox 2203 1389 2354 1443; x_wconf 89' lang='lat' dir='ltr'>libus</span> <span class='ocrx_word' id='word_1_438' title='bbox 2378 1396 2435 1443; x_wconf 91' lang='lat' dir='ltr'>et</span> <span class='ocrx_word' id='word_1_439' title='bbox 2465 1388 2879 1457; x_wconf 87' lang='lat' dir='ltr'>immobilibus,</span> <span class='ocrx_word' id='word_1_440' title='bbox 2921 1396 2980 1443; x_wconf 89' lang='lat' dir='ltr'>et</span> <span class='ocrx_word' id='word_1_441' title='bbox 3013 1406 3142 1444; x_wconf 92' lang='lat' dir='ltr'>cum</span> <span class='ocrx_word' id='word_1_442' title='bbox 3186 1391 3480 1455; x_wconf 92' lang='lat' dir='ltr'>omnibus,</span> <span class='ocrx_word' id='word_1_443' title='bbox 3537 1407 3660 1462; x_wconf 74' lang='lat' dir='ltr'>quas</span> <span class='ocrx_word' id='word_1_444' title='bbox 3713 1393 3866 1444; x_wconf 85' lang='lat' dir='ltr'>adhuc</span> 
     </span>
    </p>
   </div>
   <div class='ocr_carea' id='block_1_73' title="bbox 2205 1477 3862 1548">
    <p class='ocr_par' dir='ltr' id='par_1_73' title="bbox 2205 1477 3862 1548">
     <span class='ocr_line' id='line_1_73' title="bbox 2205 1477 3862 1548; baseline 0.001 -18"><span class='ocrx_word' id='word_1_445' title='bbox 2205 1477 2317 1531; x_wconf 91' lang='lat' dir='ltr'>dici</span> <span class='ocrx_word' id='word_1_446' title='bbox 2343 1477 2628 1530; x_wconf 91' lang='lat' dir='ltr'>nominari</span> <span class='ocrx_word' id='word_1_447' title='bbox 2679 1483 2940 1547; x_wconf 89' lang='lat' dir='ltr'>possunt,</span> <span class='ocrx_word' id='word_1_448' title='bbox 2995 1478 3066 1532; x_wconf 90' lang='lat' dir='ltr'>ad</span> <span class='ocrx_word' id='word_1_449' title='bbox 3128 1479 3390 1533; x_wconf 85' lang='lat' dir='ltr'>eamdem</span> <span class='ocrx_word' id='word_1_450' title='bbox 3441 1487 3662 1532; x_wconf 91' lang='lat' dir='ltr'>curtem</span> <span class='ocrx_word' id='word_1_451' title='bbox 3714 1481 3862 1548; x_wconf 86' lang='lat' dir='ltr'>perti-</span> 
     </span>
    </p>
   </div>
   <div class='ocr_carea' id='block_1_74' title="bbox 2203 1565 3864 1636">
    <p class='ocr_par' dir='ltr' id='par_1_74' title="bbox 2203 1565 3864 1636">
     <span class='ocr_line' id='line_1_74' title="bbox 2203 1565 3864 1636; baseline 0 -18"><span class='ocrx_word' id='word_1_452' title='bbox 2203 1566 2495 1632; x_wconf 89' lang='lat' dir='ltr'>nentibus,</span> <span class='ocrx_word' id='word_1_453' title='bbox 2519 1572 2688 1636; x_wconf 88' lang='lat' dir='ltr'>atque</span> <span class='ocrx_word' id='word_1_454' title='bbox 2719 1565 2957 1619; x_wconf 88' lang='lat' dir='ltr'>omnino</span> <span class='ocrx_word' id='word_1_455' title='bbox 3002 1565 3061 1619; x_wconf 93' lang='lat' dir='ltr'>in</span> <span class='ocrx_word' id='word_1_456' title='bbox 3108 1566 3399 1636; x_wconf 86' lang='lat' dir='ltr'>integrum</span> <span class='ocrx_word' id='word_1_457' title='bbox 3455 1568 3743 1636; x_wconf 84' lang='lat' dir='ltr'>largimur,</span> <span class='ocrx_word' id='word_1_458' title='bbox 3772 1575 3816 1619; x_wconf 87' lang='lat' dir='ltr'>et</span> <span class='ocrx_word' id='word_1_459' title='bbox 3840 1583 3864 1617; x_wconf 75' lang='grc' dir='ltr'>ει</span> 
     </span>
    </p>
   </div>
   <div class='ocr_carea' id='block_1_75' title="bbox 2205 1652 3864 1724">
    <p class='ocr_par' dir='ltr' id='par_1_75' title="bbox 2205 1652 3864 1724">
     <span class='ocr_line' id='line_1_75' title="bbox 2205 1652 3864 1724; baseline 0 -18"><span class='ocrx_word' id='word_1_460' title='bbox 2205 1653 2568 1722; x_wconf 86' lang='lat' dir='ltr'>nostrojure,</span> <span class='ocrx_word' id='word_1_461' title='bbox 2601 1652 2955 1719; x_wconf 86' lang='lat' dir='ltr'>etdominio,</span> <span class='ocrx_word' id='word_1_462' title='bbox 2988 1654 3157 1722; x_wconf 89' lang='lat' dir='ltr'>injus</span> <span class='ocrx_word' id='word_1_463' title='bbox 3183 1661 3239 1706; x_wconf 90' lang='lat' dir='ltr'>et</span> <span class='ocrx_word' id='word_1_464' title='bbox 3292 1654 3641 1718; x_wconf 90' lang='lat' dir='ltr'>dominium,</span> <span class='ocrx_word' id='word_1_465' title='bbox 3680 1662 3732 1707; x_wconf 87' lang='lat' dir='ltr'>et</span> <span class='ocrx_word' id='word_1_466' title='bbox 3760 1671 3864 1724; x_wconf 87' lang='lat' dir='ltr'>pro-</span> 
     </span>
    </p>
   </div>
   <div class='ocr_carea' id='block_1_76' title="bbox 2205 1741 3866 1811">
    <p class='ocr_par' dir='ltr' id='par_1_76' title="bbox 2205 1741 3866 1811">
     <span class='ocr_line' id='line_1_76' title="bbox 2205 1741 3866 1811; baseline -0.001 -17"><span class='ocrx_word' id='word_1_467' title='bbox 2205 1741 2513 1811; x_wconf 87' lang='lat' dir='ltr'>prietatem</span> <span class='ocrx_word' id='word_1_468' title='bbox 2545 1741 2833 1810; x_wconf 66' lang='lat' dir='ltr'>praadictue</span> <span class='ocrx_word' id='word_1_469' title='bbox 2881 1748 3086 1795; x_wconf 70' lang='lat' dir='ltr'>sanctas</span> <span class='ocrx_word' id='word_1_470' title='bbox 3143 1743 3394 1796; x_wconf 77' lang='lat' dir='ltr'>ecclesiae</span> <span class='ocrx_word' id='word_1_471' title='bbox 3453 1744 3866 1796; x_wconf 80' lang='lat' dir='ltr'>transfundimus</span> 
     </span>
    </p>
   </div>
   <div class='ocr_carea' id='block_1_77' title="bbox 2207 1829 3865 1901">
    <p class='ocr_par' dir='ltr' id='par_1_77' title="bbox 2207 1829 3865 1901">
     <span class='ocr_line' id='line_1_77' title="bbox 2207 1829 3865 1901; baseline -0.001 -19"><span class='ocrx_word' id='word_1_472' title='bbox 2207 1836 2265 1882; x_wconf 93' lang='lat' dir='ltr'>et</span> <span class='ocrx_word' id='word_1_473' title='bbox 2321 1829 2696 1899; x_wconf 78' lang='lat' dir='ltr'>delegamus:</span> <span class='ocrx_word' id='word_1_474' title='bbox 2757 1838 2818 1883; x_wconf 91' lang='lat' dir='ltr'>ut</span> <span class='ocrx_word' id='word_1_475' title='bbox 2869 1830 2970 1900; x_wconf 87' lang='lat' dir='ltr'>qui</span> <span class='ocrx_word' id='word_1_476' title='bbox 3037 1847 3189 1883; x_wconf 89' lang='lat' dir='ltr'>nunc</span> <span class='ocrx_word' id='word_1_477' title='bbox 3257 1847 3511 1900; x_wconf 67' lang='lat' dir='ltr'>praesens</span> <span class='ocrx_word' id='word_1_478' title='bbox 3586 1833 3865 1901; x_wconf 83' lang='lat' dir='ltr'>episcopus,</span> 
     </span>
    </p>
   </div>
   <div class='ocr_carea' id='block_1_78' title="bbox 2208 1918 3868 1988">
    <p class='ocr_par' dir='ltr' id='par_1_78' title="bbox 2208 1918 3868 1988">
     <span class='ocr_line' id='line_1_78' title="bbox 2208 1918 3868 1988; baseline -0.002 -16"><span class='ocrx_word' id='word_1_479' title='bbox 2208 1934 2525 1988; x_wconf 87' lang='lat' dir='ltr'>omnesque</span> <span class='ocrx_word' id='word_1_480' title='bbox 2556 1918 2644 1970; x_wconf 92' lang='lat' dir='ltr'>sui</span> <span class='ocrx_word' id='word_1_481' title='bbox 2694 1934 3044 1972; x_wconf 87' lang='lat' dir='ltr'>successores</span> <span class='ocrx_word' id='word_1_482' title='bbox 3097 1923 3440 1988; x_wconf 86' lang='lat' dir='ltr'>potestatem</span> <span class='ocrx_word' id='word_1_483' title='bbox 3483 1919 3737 1978; x_wconf 88' lang='lat' dir='ltr'>habeant.</span> <span class='ocrx_word' id='word_1_484' title='bbox 3771 1922 3868 1986; x_wconf 88' lang='lat' dir='ltr'>jam</span> 
     </span>
    </p>
   </div>
   <div class='ocr_carea' id='block_1_79' title="bbox 2206 2007 3864 2077">
    <p class='ocr_par' dir='ltr' id='par_1_79' title="bbox 2206 2007 3864 2077">
     <span class='ocr_line' id='line_1_79' title="bbox 2206 2007 3864 2077; baseline -0.002 -17"><span class='ocrx_word' id='word_1_485' title='bbox 2206 2007 2416 2060; x_wconf 90' lang='lat' dir='ltr'>dictam</span> <span class='ocrx_word' id='word_1_486' title='bbox 2438 2013 2681 2072; x_wconf 90' lang='lat' dir='ltr'>curtem,</span> <span class='ocrx_word' id='word_1_487' title='bbox 2723 2022 2852 2060; x_wconf 91' lang='lat' dir='ltr'>cum</span> <span class='ocrx_word' id='word_1_488' title='bbox 2877 2007 3146 2061; x_wconf 89' lang='lat' dir='ltr'>omnibus</span> <span class='ocrx_word' id='word_1_489' title='bbox 3175 2024 3304 2076; x_wconf 77' lang='lat' dir='ltr'>quae</span> <span class='ocrx_word' id='word_1_490' title='bbox 3335 2008 3403 2061; x_wconf 85' lang='lat' dir='ltr'>ad</span> <span class='ocrx_word' id='word_1_491' title='bbox 3438 2025 3565 2062; x_wconf 91' lang='lat' dir='ltr'>eam</span> <span class='ocrx_word' id='word_1_492' title='bbox 3599 2007 3864 2077; x_wconf 86' lang='lat' dir='ltr'>pertinent,</span> 
     </span>
    </p>
   </div>
   <div class='ocr_carea' id='block_1_80' title="bbox 2206 2095 3864 2165">
    <p class='ocr_par' dir='ltr' id='par_1_80' title="bbox 2206 2095 3864 2165">
     <span class='ocr_line' id='line_1_80' title="bbox 2206 2095 3864 2165; baseline -0.001 -17"><span class='ocrx_word' id='word_1_493' title='bbox 2206 2099 2424 2160; x_wconf 88' lang='lat' dir='ltr'>tenere,</span> <span class='ocrx_word' id='word_1_494' title='bbox 2468 2095 2776 2165; x_wconf 88' lang='lat' dir='ltr'>possidere,</span> <span class='ocrx_word' id='word_1_495' title='bbox 2810 2101 3184 2161; x_wconf 87' lang='lat' dir='ltr'>commutare,</span> <span class='ocrx_word' id='word_1_496' title='bbox 3217 2095 3363 2149; x_wconf 89' lang='lat' dir='ltr'>sicut</span> <span class='ocrx_word' id='word_1_497' title='bbox 3392 2097 3665 2150; x_wconf 89' lang='lat' dir='ltr'>hactenus</span> <span class='ocrx_word' id='word_1_498' title='bbox 3709 2095 3864 2165; x_wconf 63' lang='grc' dir='ltr'>ιιι-ωηο</span> 
     </span>
    </p>
   </div>
   <div class='ocr_carea' id='block_1_81' title="bbox 2209 2182 3867 2254">
    <p class='ocr_par' dir='ltr' id='par_1_81' title="bbox 2209 2182 3867 2254">
     <span class='ocr_line' id='line_1_81' title="bbox 2209 2182 3867 2254; baseline -0.002 -18"><span class='ocrx_word' id='word_1_499' title='bbox 2209 2183 2354 2236; x_wconf 89' lang='lat' dir='ltr'>batis</span> <span class='ocrx_word' id='word_1_500' title='bbox 2387 2183 2635 2252; x_wconf 69' lang='lat' dir='ltr'>pel-juris</span> <span class='ocrx_word' id='word_1_501' title='bbox 2661 2183 2779 2236; x_wconf 88' lang='lat' dir='ltr'>visa</span> <span class='ocrx_word' id='word_1_502' title='bbox 2809 2189 2944 2236; x_wconf 86' lang='lat' dir='ltr'>sunt</span> <span class='ocrx_word' id='word_1_503' title='bbox 2980 2184 3286 2252; x_wconf 84' lang='lat' dir='ltr'>pertinere,</span> <span class='ocrx_word' id='word_1_504' title='bbox 3321 2190 3379 2236; x_wconf 91' lang='lat' dir='ltr'>et</span> <span class='ocrx_word' id='word_1_505' title='bbox 3409 2184 3522 2254; x_wconf 87' lang='lat' dir='ltr'>ipsi</span> <span class='ocrx_word' id='word_1_506' title='bbox 3551 2182 3867 2236; x_wconf 66' lang='lat' dir='ltr'>heareditates</span> 
     </span>
    </p>
   </div>
   <div class='ocr_carea' id='block_1_82' title="bbox 2208 2269 3866 2342">
    <p class='ocr_par' dir='ltr' id='par_1_82' title="bbox 2208 2269 3866 2342">
     <span class='ocr_line' id='line_1_82' title="bbox 2208 2269 3866 2342; baseline -0.004 -18"><span class='ocrx_word' id='word_1_507' title='bbox 2208 2273 2633 2342; x_wconf 83' lang='lat' dir='ltr'>possederunt;</span> <span class='ocrx_word' id='word_1_508' title='bbox 2674 2276 2728 2324; x_wconf 93' lang='lat' dir='ltr'>et</span> <span class='ocrx_word' id='word_1_509' title='bbox 2772 2272 2984 2324; x_wconf 86' lang='lat' dir='ltr'>facient</span> <span class='ocrx_word' id='word_1_510' title='bbox 3035 2272 3204 2325; x_wconf 86' lang='lat' dir='ltr'>iidem</span> <span class='ocrx_word' id='word_1_511' title='bbox 3264 2272 3525 2342; x_wconf 90' lang='lat' dir='ltr'>episcopi</span> <span class='ocrx_word' id='word_1_512' title='bbox 3581 2272 3649 2325; x_wconf 86' lang='lat' dir='ltr'>de</span> <span class='ocrx_word' id='word_1_513' title='bbox 3703 2269 3866 2323; x_wconf 80' lang='lat' dir='ltr'>eadem</span> 
     </span>
    </p>
   </div>
   <div class='ocr_carea' id='block_1_83' title="bbox 2207 2355 3866 2430">
    <p class='ocr_par' dir='ltr' id='par_1_83' title="bbox 2207 2355 3866 2430">
     <span class='ocr_line' id='line_1_83' title="bbox 2207 2355 3866 2430; baseline -0.002 -18"><span class='ocrx_word' id='word_1_514' title='bbox 2207 2367 2389 2425; x_wconf 89' lang='lat' dir='ltr'>curte,</span> <span class='ocrx_word' id='word_1_515' title='bbox 2423 2366 2478 2412; x_wconf 91' lang='lat' dir='ltr'>et</span> <span class='ocrx_word' id='word_1_516' title='bbox 2503 2360 2774 2413; x_wconf 89' lang='lat' dir='ltr'>omnibus</span> <span class='ocrx_word' id='word_1_517' title='bbox 2827 2375 2956 2429; x_wconf 69' lang='lat' dir='ltr'>quae</span> <span class='ocrx_word' id='word_1_518' title='bbox 3004 2359 3209 2413; x_wconf 86' lang='lat' dir='ltr'>deinde</span> <span class='ocrx_word' id='word_1_519' title='bbox 3247 2360 3391 2413; x_wconf 91' lang='lat' dir='ltr'>solvi</span> <span class='ocrx_word' id='word_1_520' title='bbox 3437 2364 3691 2430; x_wconf 90' lang='lat' dir='ltr'>possunt,</span> <span class='ocrx_word' id='word_1_521' title='bbox 3733 2355 3866 2426; x_wconf 87' lang='lat' dir='ltr'>quid-</span> 
     </span>
    </p>
   </div>
   <div class='ocr_carea' id='block_1_84' title="bbox 2209 2445 3867 2518">
    <p class='ocr_par' dir='ltr' id='par_1_84' title="bbox 2209 2445 3867 2518">
     <span class='ocr_line' id='line_1_84' title="bbox 2209 2445 3867 2518; baseline -0.004 -18"><span class='ocrx_word' id='word_1_522' title='bbox 2209 2447 2346 2518; x_wconf 89' lang='lat' dir='ltr'>quid</span> <span class='ocrx_word' id='word_1_523' title='bbox 2370 2447 2478 2500; x_wconf 87' lang='lat' dir='ltr'>sibi</span> <span class='ocrx_word' id='word_1_524' title='bbox 2526 2448 2808 2518; x_wconf 88' lang='lat' dir='ltr'>placuerit</span> <span class='ocrx_word' id='word_1_525' title='bbox 2873 2447 2942 2501; x_wconf 89' lang='lat' dir='ltr'>ad</span> <span class='ocrx_word' id='word_1_526' title='bbox 2991 2447 3213 2502; x_wconf 89' lang='lat' dir='ltr'>laudem</span> <span class='ocrx_word' id='word_1_527' title='bbox 3259 2454 3316 2501; x_wconf 90' lang='lat' dir='ltr'>et</span> <span class='ocrx_word' id='word_1_528' title='bbox 3353 2449 3634 2502; x_wconf 86' lang='lat' dir='ltr'>honorem</span> <span class='ocrx_word' id='word_1_529' title='bbox 3695 2445 3779 2499; x_wconf 87' lang='lat' dir='ltr'>Dei</span> <span class='ocrx_word' id='word_1_530' title='bbox 3825 2449 3867 2494; x_wconf 88' lang='lat' dir='ltr'>et</span> 
     </span>
    </p>
   </div>
   <div class='ocr_carea' id='block_1_85' title="bbox 2206 2534 3866 2607">
    <p class='ocr_par' dir='ltr' id='par_1_85' title="bbox 2206 2534 3866 2607">
     <span class='ocr_line' id='line_1_85' title="bbox 2206 2534 3866 2607; baseline -0.005 -16"><span class='ocrx_word' id='word_1_531' title='bbox 2206 2536 2262 2591; x_wconf 88' lang='lat' dir='ltr'>S.</span> <span class='ocrx_word' id='word_1_532' title='bbox 2299 2537 2487 2591; x_wconf 68' lang='lat' dir='ltr'>Mariae</span> <span class='ocrx_word' id='word_1_533' title='bbox 2521 2553 2589 2590; x_wconf 86' lang='lat' dir='ltr'>ex</span> <span class='ocrx_word' id='word_1_534' title='bbox 2619 2543 2816 2590; x_wconf 90' lang='lat' dir='ltr'>nostra</span> <span class='ocrx_word' id='word_1_535' title='bbox 2859 2537 3186 2607; x_wconf 88' lang='lat' dir='ltr'>plenissima</span> <span class='ocrx_word' id='word_1_536' title='bbox 3237 2538 3598 2590; x_wconf 86' lang='lat' dir='ltr'>auctoritate.</span> <span class='ocrx_word' id='word_1_537' title='bbox 3635 2534 3866 2588; x_wconf 84' lang='lat' dir='ltr'>Jubentes</span> 
     </span>
    </p>
   </div>
   <div class='ocr_carea' id='block_1_86' title="bbox 2208 2621 3865 2694">
    <p class='ocr_par' dir='ltr' id='par_1_86' title="bbox 2208 2621 3865 2694">
     <span class='ocr_line' id='line_1_86' title="bbox 2208 2621 3865 2694; baseline -0.005 -16"><span class='ocrx_word' id='word_1_538' title='bbox 2208 2641 2345 2694; x_wconf 88' lang='lat' dir='ltr'>ergo</span> <span class='ocrx_word' id='word_1_539' title='bbox 2408 2624 2695 2678; x_wconf 86' lang='lat' dir='ltr'>sancimus</span> <span class='ocrx_word' id='word_1_540' title='bbox 2772 2631 2834 2678; x_wconf 89' lang='lat' dir='ltr'>ut</span> <span class='ocrx_word' id='word_1_541' title='bbox 2883 2625 3090 2678; x_wconf 88' lang='lat' dir='ltr'>nostris</span> <span class='ocrx_word' id='word_1_542' title='bbox 3147 2626 3233 2679; x_wconf 87' lang='lat' dir='ltr'>vel</span> <span class='ocrx_word' id='word_1_543' title='bbox 3286 2625 3498 2679; x_wconf 84' lang='lat' dir='ltr'>futuris</span> <span class='ocrx_word' id='word_1_544' title='bbox 3556 2621 3865 2693; x_wconf 83' lang='lat' dir='ltr'>temporibus</span> 
     </span>
    </p>
   </div>
   <div class='ocr_carea' id='block_1_87' title="bbox 2209 2712 3865 2780">
    <p class='ocr_par' dir='ltr' id='par_1_87' title="bbox 2209 2712 3865 2780">
     <span class='ocr_line' id='line_1_87' title="bbox 2209 2712 3865 2780; baseline -0.005 -13"><span class='ocrx_word' id='word_1_545' title='bbox 2209 2715 2402 2767; x_wconf 90' lang='lat' dir='ltr'>nullus</span> <span class='ocrx_word' id='word_1_546' title='bbox 2445 2712 2580 2779; x_wconf 85' lang='lat' dir='ltr'>dux,</span> <span class='ocrx_word' id='word_1_547' title='bbox 2638 2713 2912 2780; x_wconf 89' lang='lat' dir='ltr'>marchio,</span> <span class='ocrx_word' id='word_1_548' title='bbox 2971 2729 3180 2778; x_wconf 88' lang='lat' dir='ltr'>comes,</span> <span class='ocrx_word' id='word_1_549' title='bbox 3241 2713 3576 2779; x_wconf 88' lang='lat' dir='ltr'>vicecomes,</span> <span class='ocrx_word' id='word_1_550' title='bbox 3636 2713 3865 2778; x_wconf 88' lang='lat' dir='ltr'>nullaque</span> 
     </span>
    </p>
   </div>
   <div class='ocr_carea' id='block_1_88' title="bbox 2208 2800 3866 2872">
    <p class='ocr_par' dir='ltr' id='par_1_88' title="bbox 2208 2800 3866 2872">
     <span class='ocr_line' id='line_1_88' title="bbox 2208 2800 3866 2872; baseline -0.004 -17"><span class='ocrx_word' id='word_1_551' title='bbox 2208 2817 2419 2872; x_wconf 86' lang='lat' dir='ltr'>magna</span> <span class='ocrx_word' id='word_1_552' title='bbox 2447 2803 2534 2854; x_wconf 90' lang='lat' dir='ltr'>vel</span> <span class='ocrx_word' id='word_1_553' title='bbox 2576 2817 2749 2872; x_wconf 87' lang='lat' dir='ltr'>parva</span> <span class='ocrx_word' id='word_1_554' title='bbox 2803 2817 3070 2871; x_wconf 84' lang='lat' dir='ltr'>persona,</span> <span class='ocrx_word' id='word_1_555' title='bbox 3113 2801 3396 2872; x_wconf 84' lang='lat' dir='ltr'>cujusque</span> <span class='ocrx_word' id='word_1_556' title='bbox 3454 2800 3736 2872; x_wconf 86' lang='lat' dir='ltr'>dignitatis</span> <span class='ocrx_word' id='word_1_557' title='bbox 3785 2802 3866 2851; x_wconf 88' lang='lat' dir='ltr'>aut</span> 
     </span>
    </p>
   </div>
   <div class='ocr_carea' id='block_1_89' title="bbox 2207 2888 3864 2960">
    <p class='ocr_par' dir='ltr' id='par_1_89' title="bbox 2207 2888 3864 2960">
     <span class='ocr_line' id='line_1_89' title="bbox 2207 2888 3864 2960; baseline -0.004 -16"><span class='ocrx_word' id='word_1_558' title='bbox 2207 2891 2444 2956; x_wconf 91' lang='lat' dir='ltr'>ordinis,</span> <span class='ocrx_word' id='word_1_559' title='bbox 2499 2906 2674 2959; x_wconf 83' lang='lat' dir='ltr'>supra</span> <span class='ocrx_word' id='word_1_560' title='bbox 2725 2899 3111 2944; x_wconf 84' lang='lat' dir='ltr'>memoratum</span> <span class='ocrx_word' id='word_1_561' title='bbox 3187 2891 3518 2944; x_wconf 84' lang='lat' dir='ltr'>Albericum</span> <span class='ocrx_word' id='word_1_562' title='bbox 3575 2888 3864 2960; x_wconf 88' lang='lat' dir='ltr'>episcopum</span> 
     </span>
    </p>
   </div>
   <div class='ocr_carea' id='block_1_90' title="bbox 2128 2973 3863 3050">
    <p class='ocr_par' dir='ltr' id='par_1_90' title="bbox 2128 2973 3863 3050">
     <span class='ocr_line' id='line_1_90' title="bbox 2128 2973 3863 3050; baseline -0.004 -20"><span class='ocrx_word' id='word_1_563' title='bbox 2128 2976 2169 3030; x_wconf 88' lang='lat' dir='ltr'>C</span> <span class='ocrx_word' id='word_1_564' title='bbox 2207 2996 2454 3050; x_wconf 89' lang='lat' dir='ltr'>suosque</span> <span class='ocrx_word' id='word_1_565' title='bbox 2493 2995 2846 3032; x_wconf 85' lang='lat' dir='ltr'>successores</span> <span class='ocrx_word' id='word_1_566' title='bbox 2904 2979 2974 3033; x_wconf 92' lang='lat' dir='ltr'>de</span> <span class='ocrx_word' id='word_1_567' title='bbox 3020 2979 3292 3049; x_wconf 71' lang='lat' dir='ltr'>praedicta</span> <span class='ocrx_word' id='word_1_568' title='bbox 3340 2986 3525 3046; x_wconf 90' lang='lat' dir='ltr'>curte,</span> <span class='ocrx_word' id='word_1_569' title='bbox 3571 2993 3692 3031; x_wconf 89' lang='lat' dir='ltr'>cum</span> <span class='ocrx_word' id='word_1_570' title='bbox 3734 2973 3863 3028; x_wconf 87' lang='lat' dir='ltr'>omni</span> 
     </span>
    </p>
   </div>
   <div class='ocr_carea' id='block_1_91' title="bbox 2207 3065 3861 3138">
    <p class='ocr_par' dir='ltr' id='par_1_91' title="bbox 2207 3065 3861 3138">
     <span class='ocr_line' id='line_1_91' title="bbox 2207 3065 3861 3138; baseline -0.004 -18"><span class='ocrx_word' id='word_1_571' title='bbox 2207 3084 2308 3120; x_wconf 89' lang='lat' dir='ltr'>sua</span> <span class='ocrx_word' id='word_1_572' title='bbox 2364 3067 2730 3138; x_wconf 88' lang='lat' dir='ltr'>pertinentia,</span> <span class='ocrx_word' id='word_1_573' title='bbox 2801 3067 3120 3136; x_wconf 84' lang='lat' dir='ltr'>disvestire,</span> <span class='ocrx_word' id='word_1_574' title='bbox 3183 3067 3533 3138; x_wconf 83' lang='lat' dir='ltr'>inquietare,</span> <span class='ocrx_word' id='word_1_575' title='bbox 3579 3065 3861 3122; x_wconf 81' lang='lat' dir='ltr'>molestare.</span> 
     </span>
    </p>
   </div>
   <div class='ocr_carea' id='block_1_92' title="bbox 2205 3148 3861 3225">
    <p class='ocr_par' dir='ltr' id='par_1_92' title="bbox 2205 3148 3861 3225">
     <span class='ocr_line' id='line_1_92' title="bbox 2205 3148 3861 3225; baseline -0.006 -18"><span class='ocrx_word' id='word_1_576' title='bbox 2205 3156 2296 3209; x_wconf 90' lang='lat' dir='ltr'>vel</span> <span class='ocrx_word' id='word_1_577' title='bbox 2327 3155 2387 3208; x_wconf 93' lang='lat' dir='ltr'>in</span> <span class='ocrx_word' id='word_1_578' title='bbox 2444 3156 2637 3225; x_wconf 88' lang='lat' dir='ltr'>aliquo</span> <span class='ocrx_word' id='word_1_579' title='bbox 2678 3154 2970 3208; x_wconf 90' lang='lat' dir='ltr'>minorare</span> <span class='ocrx_word' id='word_1_580' title='bbox 3024 3162 3339 3225; x_wconf 76' lang='lat' dir='ltr'>praesumet</span> <span class='ocrx_word' id='word_1_581' title='bbox 3371 3172 3388 3222; x_wconf 87' lang='lat'><strong>;</strong></span> <span class='ocrx_word' id='word_1_582' title='bbox 3424 3157 3521 3210; x_wconf 90' lang='lat' dir='ltr'>sed</span> <span class='ocrx_word' id='word_1_583' title='bbox 3574 3155 3728 3208; x_wconf 87' lang='lat' dir='ltr'>liceat</span> <span class='ocrx_word' id='word_1_584' title='bbox 3773 3148 3861 3202; x_wconf 83' lang='lat' dir='ltr'>illis</span> 
     </span>
    </p>
   </div>
   <div class='ocr_carea' id='block_1_93' title="bbox 2206 3238 3860 3314">
    <p class='ocr_par' dir='ltr' id='par_1_93' title="bbox 2206 3238 3860 3314">
     <span class='ocr_line' id='line_1_93' title="bbox 2206 3238 3860 3314; baseline -0.005 -17"><span class='ocrx_word' id='word_1_585' title='bbox 2206 3245 2397 3314; x_wconf 89' lang='lat' dir='ltr'>quiete</span> <span class='ocrx_word' id='word_1_586' title='bbox 2427 3250 2485 3296; x_wconf 90' lang='lat' dir='ltr'>et</span> <span class='ocrx_word' id='word_1_587' title='bbox 2513 3244 2746 3313; x_wconf 88' lang='lat' dir='ltr'>paciﬁce</span> <span class='ocrx_word' id='word_1_588' title='bbox 2793 3249 3010 3305; x_wconf 84' lang='lat' dir='ltr'>tenere,</span> <span class='ocrx_word' id='word_1_589' title='bbox 3071 3244 3362 3314; x_wconf 89' lang='lat' dir='ltr'>possidere</span> <span class='ocrx_word' id='word_1_590' title='bbox 3393 3246 3739 3312; x_wconf 88' lang='lat' dir='ltr'>ﬁrmiterque</span> <span class='ocrx_word' id='word_1_591' title='bbox 3778 3238 3860 3290; x_wconf 78' lang='lat' dir='ltr'>lia-</span> 
     </span>
    </p>
   </div>
   <div class='ocr_carea' id='block_1_94' title="bbox 2204 3323 3862 3402">
    <p class='ocr_par' dir='ltr' id='par_1_94' title="bbox 2204 3323 3862 3402">
     <span class='ocr_line' id='line_1_94' title="bbox 2204 3323 3862 3402; baseline -0.004 -17"><span class='ocrx_word' id='word_1_592' title='bbox 2204 3332 2362 3398; x_wconf 88' lang='lat' dir='ltr'>bere,</span> <span class='ocrx_word' id='word_1_593' title='bbox 2395 3338 2615 3386; x_wconf 87' lang='lat' dir='ltr'>remota</span> <span class='ocrx_word' id='word_1_594' title='bbox 2643 3332 2801 3386; x_wconf 92' lang='lat' dir='ltr'>omni</span> <span class='ocrx_word' id='word_1_595' title='bbox 2825 3333 3296 3386; x_wconf 89' lang='lat' dir='ltr'>contradictione.</span> <span class='ocrx_word' id='word_1_596' title='bbox 3338 3333 3396 3387; x_wconf 91' lang='lat' dir='ltr'>Si</span> <span class='ocrx_word' id='word_1_597' title='bbox 3418 3351 3572 3398; x_wconf 89' lang='lat' dir='ltr'>vero,</span> <span class='ocrx_word' id='word_1_598' title='bbox 3601 3328 3738 3402; x_wconf 90' lang='lat' dir='ltr'>quod</span> <span class='ocrx_word' id='word_1_599' title='bbox 3774 3323 3862 3378; x_wconf 87' lang='lat' dir='ltr'>mi-</span> 
     </span>
    </p>
   </div>
   <div class='ocr_carea' id='block_1_95' title="bbox 2204 3416 3861 3490">
    <p class='ocr_par' dir='ltr' id='par_1_95' title="bbox 2204 3416 3861 3490">
     <span class='ocr_line' id='line_1_95' title="bbox 2204 3416 3861 3490; baseline -0.006 -17"><span class='ocrx_word' id='word_1_600' title='bbox 2204 3421 2359 3474; x_wconf 90' lang='lat' dir='ltr'>nime</span> <span class='ocrx_word' id='word_1_601' title='bbox 2389 3421 2659 3487; x_wconf 89' lang='lat' dir='ltr'>creditur,</span> <span class='ocrx_word' id='word_1_602' title='bbox 2691 3425 2887 3473; x_wconf 88' lang='lat' dir='ltr'>contra</span> <span class='ocrx_word' id='word_1_603' title='bbox 2928 3420 3100 3490; x_wconf 87' lang='lat' dir='ltr'>hujus</span> <span class='ocrx_word' id='word_1_604' title='bbox 3144 3421 3326 3474; x_wconf 90' lang='lat' dir='ltr'>nostri</span> <span class='ocrx_word' id='word_1_605' title='bbox 3369 3421 3641 3490; x_wconf 69' lang='lat' dir='ltr'>praecepti</span> <span class='ocrx_word' id='word_1_606' title='bbox 3692 3416 3861 3469; x_wconf 86' lang='lat' dir='ltr'>statuta</span> 
     </span>
    </p>
   </div>
   <div class='ocr_carea' id='block_1_96' title="bbox 2205 3508 3861 3580">
    <p class='ocr_par' dir='ltr' id='par_1_96' title="bbox 2205 3508 3861 3580">
     <span class='ocr_line' id='line_1_96' title="bbox 2205 3508 3861 3580; baseline -0.005 -19"><span class='ocrx_word' id='word_1_607' title='bbox 2205 3509 2413 3580; x_wconf 77' lang='lat' dir='ltr'>aliquis</span> <span class='ocrx_word' id='word_1_608' title='bbox 2445 3509 2684 3563; x_wconf 88' lang='lat' dir='ltr'>violator</span> <span class='ocrx_word' id='word_1_609' title='bbox 2741 3508 3014 3577; x_wconf 84' lang='lat' dir='ltr'>extiterit,</span> <span class='ocrx_word' id='word_1_610' title='bbox 3079 3509 3219 3563; x_wconf 86' lang='lat' dir='ltr'>sciat</span> <span class='ocrx_word' id='word_1_611' title='bbox 3271 3526 3329 3564; x_wconf 91' lang='lat' dir='ltr'>se</span> <span class='ocrx_word' id='word_1_612' title='bbox 3390 3509 3699 3564; x_wconf 88' lang='lat' dir='ltr'>certissime</span> <span class='ocrx_word' id='word_1_613' title='bbox 3740 3515 3861 3555; x_wconf 85' lang='lat' dir='ltr'>com-</span> 
     </span>
    </p>
   </div>
   <div class='ocr_carea' id='block_1_97' title="bbox 2205 3596 3857 3669">
    <p class='ocr_par' dir='ltr' id='par_1_97' title="bbox 2205 3596 3857 3669">
     <span class='ocr_line' id='line_1_97' title="bbox 2205 3596 3857 3669; baseline -0.007 -19"><span class='ocrx_word' id='word_1_614' title='bbox 2205 3597 2528 3668; x_wconf 89' lang='lat' dir='ltr'>positurum</span> <span class='ocrx_word' id='word_1_615' title='bbox 2563 3598 2686 3650; x_wconf 89' lang='lat' dir='ltr'>auri</span> <span class='ocrx_word' id='word_1_616' title='bbox 2712 3596 2884 3650; x_wconf 89' lang='lat' dir='ltr'>libras</span> <span class='ocrx_word' id='word_1_617' title='bbox 2919 3598 3098 3663; x_wconf 85' lang='lat' dir='ltr'>mille,</span> <span class='ocrx_word' id='word_1_618' title='bbox 3152 3614 3330 3652; x_wconf 87' lang='lat' dir='ltr'>unam</span> <span class='ocrx_word' id='word_1_619' title='bbox 3383 3604 3603 3669; x_wconf 88' lang='lat' dir='ltr'>partem</span> <span class='ocrx_word' id='word_1_620' title='bbox 3659 3603 3857 3647; x_wconf 69' lang='lat' dir='ltr'>camerae</span> 
     </span>
    </p>
   </div>
   <div class='ocr_carea' id='block_1_98' title="bbox 2205 3685 3859 3757">
    <p class='ocr_par' dir='ltr' id='par_1_98' title="bbox 2205 3685 3859 3757">
     <span class='ocr_line' id='line_1_98' title="bbox 2205 3685 3859 3757; baseline -0.008 -18"><span class='ocrx_word' id='word_1_621' title='bbox 2205 3692 2435 3752; x_wconf 60' lang='lat' dir='ltr'>nostras,</span> <span class='ocrx_word' id='word_1_622' title='bbox 2499 3685 2738 3739; x_wconf 87' lang='lat' dir='ltr'>alteram</span> <span class='ocrx_word' id='word_1_623' title='bbox 2787 3690 3106 3754; x_wconf 68' lang='lat' dir='ltr'>prmnotato</span> <span class='ocrx_word' id='word_1_624' title='bbox 3158 3687 3445 3757; x_wconf 88' lang='lat' dir='ltr'>episcopo,</span> <span class='ocrx_word' id='word_1_625' title='bbox 3509 3685 3726 3753; x_wconf 81' lang='lat' dir='ltr'>suisque</span> <span class='ocrx_word' id='word_1_626' title='bbox 3766 3690 3859 3728; x_wconf 88' lang='lat' dir='ltr'>suc-</span> 
     </span>
    </p>
   </div>
   <div class='ocr_carea' id='block_1_99' title="bbox 2206 3773 3857 3842">
    <p class='ocr_par' dir='ltr' id='par_1_99' title="bbox 2206 3773 3857 3842">
     <span class='ocr_line' id='line_1_99' title="bbox 2206 3773 3857 3842; baseline -0.004 -13"><span class='ocrx_word' id='word_1_627' title='bbox 2206 3776 2547 3830; x_wconf 88' lang='lat' dir='ltr'>cessoribus.</span> <span class='ocrx_word' id='word_1_628' title='bbox 2588 3776 2656 3828; x_wconf 87' lang='lat' dir='ltr'>Et</span> <span class='ocrx_word' id='word_1_629' title='bbox 2689 3779 2753 3829; x_wconf 91' lang='lat' dir='ltr'>ut</span> <span class='ocrx_word' id='word_1_630' title='bbox 2774 3775 2878 3828; x_wconf 88' lang='lat' dir='ltr'>hoc</span> <span class='ocrx_word' id='word_1_631' title='bbox 2916 3775 3106 3828; x_wconf 87' lang='lat' dir='ltr'>verius</span> <span class='ocrx_word' id='word_1_632' title='bbox 3135 3775 3421 3842; x_wconf 90' lang='lat' dir='ltr'>credatur,</span> <span class='ocrx_word' id='word_1_633' title='bbox 3472 3773 3783 3839; x_wconf 84' lang='lat' dir='ltr'>ﬁrmiusque</span> <span class='ocrx_word' id='word_1_634' title='bbox 3809 3779 3857 3816; x_wconf 82' lang='lat' dir='ltr'>ac</span> 
     </span>
    </p>
   </div>
   <div class='ocr_carea' id='block_1_100' title="bbox 2205 3852 3858 3932">
    <p class='ocr_par' dir='ltr' id='par_1_100' title="bbox 2205 3852 3858 3932">
     <span class='ocr_line' id='line_1_100' title="bbox 2205 3852 3858 3932; baseline -0.001 -16"><span class='ocrx_word' id='word_1_635' title='bbox 2205 3864 2606 3918; x_wconf 87' lang='lat' dir='ltr'>inconvulsum</span> <span class='ocrx_word' id='word_1_636' title='bbox 2637 3864 2709 3916; x_wconf 92' lang='lat' dir='ltr'>ab</span> <span class='ocrx_word' id='word_1_637' title='bbox 2740 3862 3008 3917; x_wconf 89' lang='lat' dir='ltr'>omnibus</span> <span class='ocrx_word' id='word_1_638' title='bbox 3055 3863 3410 3932; x_wconf 89' lang='lat' dir='ltr'>observetur,</span> <span class='ocrx_word' id='word_1_639' title='bbox 3442 3878 3614 3917; x_wconf 87' lang='lat' dir='ltr'>manu</span> <span class='ocrx_word' id='word_1_640' title='bbox 3669 3852 3858 3929; x_wconf 69' lang='lat' dir='ltr'>propria</span> 
     </span>
    </p>
   </div>
   <div class='ocr_carea' id='block_1_101' title="bbox 2205 3952 3856 4023">
    <p class='ocr_par' dir='ltr' id='par_1_101' title="bbox 2205 3952 3856 4023">
     <span class='ocr_line' id='line_1_101' title="bbox 2205 3952 3856 4023; baseline -0.007 -18"><span class='ocrx_word' id='word_1_641' title='bbox 2205 3953 2614 4006; x_wconf 88' lang='lat' dir='ltr'>conﬁrmantes</span> <span class='ocrx_word' id='word_1_642' title='bbox 2642 3952 2824 4006; x_wconf 90' lang='lat' dir='ltr'>nostri</span> <span class='ocrx_word' id='word_1_643' title='bbox 2877 3952 3130 4005; x_wconf 91' lang='lat' dir='ltr'>nominis</span> <span class='ocrx_word' id='word_1_644' title='bbox 3167 3952 3446 4023; x_wconf 90' lang='lat' dir='ltr'>inscripto</span> <span class='ocrx_word' id='word_1_645' title='bbox 3505 3955 3856 4006; x_wconf 86' lang='lat' dir='ltr'>caractere.....</span> 
     </span>
    </p>
   </div>
   <div class='ocr_carea' id='block_1_102' title="bbox 2205 4039 3014 4110">
    <p class='ocr_par' dir='ltr' id='par_1_102' title="bbox 2205 4039 3014 4110">
     <span class='ocr_line' id='line_1_102' title="bbox 2205 4039 3014 4110; baseline 0 -16"><span class='ocrx_word' id='word_1_646' title='bbox 2205 4041 2389 4095; x_wconf 89' lang='lat' dir='ltr'>nostri</span> <span class='ocrx_word' id='word_1_647' title='bbox 2413 4039 2586 4110; x_wconf 88' lang='lat' dir='ltr'>sigilli</span> <span class='ocrx_word' id='word_1_648' title='bbox 2613 4039 3014 4110; x_wconf 87' lang='lat' dir='ltr'>impressione.</span> 
     </span>
    </p>
   </div>
   <div class='ocr_carea' id='block_1_103' title="bbox 2275 4117 3859 4198">
    <p class='ocr_par' dir='ltr' id='par_1_103' title="bbox 2275 4117 3859 4198">
     <span class='ocr_line' id='line_1_103' title="bbox 2275 4117 3859 4198; baseline -0.009 -13"><span class='ocrx_word' id='word_1_649' title='bbox 2275 4131 2505 4196; x_wconf 85' lang='lat' dir='ltr'>Signum</span> <span class='ocrx_word' id='word_1_650' title='bbox 2555 4129 2692 4182; x_wconf 86' lang='lat' dir='ltr'>dom.</span> <span class='ocrx_word' id='word_1_651' title='bbox 2774 4131 3045 4198; x_wconf 69' lang='lat' dir='ltr'>Hem-ici&#39;l-</span> <span class='ocrx_word' id='word_1_652' title='bbox 3111 4130 3492 4196; x_wconf 80' lang='lat' dir='ltr'>gloriosissimi</span> <span class='ocrx_word' id='word_1_653' title='bbox 3560 4117 3859 4195; x_wconf 70' lang='lat' dir='ltr'>imperatoris</span> 
     </span>
    </p>
   </div>
   <div class='ocr_carea' id='block_1_104' title="bbox 2205 4219 2699 4286">
    <p class='ocr_par' dir='ltr' id='par_1_104' title="bbox 2205 4219 2699 4286">
     <span class='ocr_line' id='line_1_104' title="bbox 2205 4219 2699 4286; baseline -0.002 -16"><span class='ocrx_word' id='word_1_654' title='bbox 2205 4232 2413 4286; x_wconf 82' lang='lat' dir='ltr'>semper</span> <span class='ocrx_word' id='word_1_655' title='bbox 2440 4219 2699 4284; x_wconf 84' lang='lat' dir='ltr'>Augusti.</span> 
     </span>
    </p>
   </div>
   <div class='ocr_carea' id='block_1_105' title="bbox 2279 4292 3857 4376">
    <p class='ocr_par' dir='ltr' id='par_1_105' title="bbox 2279 4292 3857 4376">
     <span class='ocr_line' id='line_1_105' title="bbox 2279 4292 3857 4376; baseline -0.01 -17"><span class='ocrx_word' id='word_1_656' title='bbox 2279 4305 2578 4359; x_wconf 84' lang='lat' dir='ltr'>Heinricus</span> <span class='ocrx_word' id='word_1_657' title='bbox 2672 4305 2995 4359; x_wconf 87' lang='lat' dir='ltr'>Parmensis</span> <span class='ocrx_word' id='word_1_658' title='bbox 3077 4306 3380 4376; x_wconf 89' lang='lat' dir='ltr'>episcopus</span> <span class='ocrx_word' id='word_1_659' title='bbox 3427 4312 3483 4359; x_wconf 89' lang='lat' dir='ltr'>et</span> <span class='ocrx_word' id='word_1_660' title='bbox 3534 4292 3857 4360; x_wconf 86' lang='lat' dir='ltr'>cancellarius</span> 
     </span>
    </p>
   </div>
   <div class='ocr_carea' id='block_1_106' title="bbox 2206 4389 3858 4464">
    <p class='ocr_par' dir='ltr' id='par_1_106' title="bbox 2206 4389 3858 4464">
     <span class='ocr_line' id='line_1_106' title="bbox 2206 4389 3858 4464; baseline -0.009 -18"><span class='ocrx_word' id='word_1_661' title='bbox 2206 4393 2328 4448; x_wconf 84' lang='lat' dir='ltr'>vice</span> <span class='ocrx_word' id='word_1_662' title='bbox 2391 4393 2660 4448; x_wconf 84' lang='lat' dir='ltr'>Everardi</span> <span class='ocrx_word' id='word_1_663' title='bbox 2747 4394 3001 4464; x_wconf 90' lang='lat' dir='ltr'>episcopi</span> <span class='ocrx_word' id='word_1_664' title='bbox 3081 4399 3138 4448; x_wconf 88' lang='lat' dir='ltr'>et</span> <span class='ocrx_word' id='word_1_665' title='bbox 3213 4389 3690 4450; x_wconf 87' lang='lat' dir='ltr'>archicancellarii</span> <span class='ocrx_word' id='word_1_666' title='bbox 3737 4394 3858 4438; x_wconf 86' lang='lat' dir='ltr'>reco-</span> 
     </span>
    </p>
   </div>
   <div class='ocr_carea' id='block_1_107' title="bbox 2208 4481 2423 4552">
    <p class='ocr_par' dir='ltr' id='par_1_107' title="bbox 2208 4481 2423 4552">
     <span class='ocr_line' id='line_1_107' title="bbox 2208 4481 2423 4552; baseline 0 -18"><span class='ocrx_word' id='word_1_667' title='bbox 2208 4481 2423 4552; x_wconf 89' lang='lat' dir='ltr'>gnovit.</span> 
     </span>
    </p>
   </div>
   <div class='ocr_carea' id='block_1_108' title="bbox 2282 4553 3857 4637">
    <p class='ocr_par' dir='ltr' id='par_1_108' title="bbox 2282 4553 3857 4637">
     <span class='ocr_line' id='line_1_108' title="bbox 2282 4553 3857 4637; baseline -0.01 -14"><span class='ocrx_word' id='word_1_668' title='bbox 2282 4571 2437 4624; x_wconf 87' lang='lat' dir='ltr'>Data.</span> <span class='ocrx_word' id='word_1_669' title='bbox 2473 4586 2524 4623; x_wconf 74' lang='lat' dir='ltr'>vx</span> <span class='ocrx_word' id='word_1_670' title='bbox 2557 4571 2699 4624; x_wconf 83' lang='lat' dir='ltr'>Non.</span> <span class='ocrx_word' id='word_1_671' title='bbox 2726 4569 2975 4637; x_wconf 88' lang='lat' dir='ltr'>Octobr.,</span> <span class='ocrx_word' id='word_1_672' title='bbox 3008 4587 3100 4624; x_wconf 90' lang='lat' dir='ltr'>an.</span> <span class='ocrx_word' id='word_1_673' title='bbox 3146 4570 3459 4625; x_wconf 64' lang='lat' dir='ltr'>Dominicae</span> <span class='ocrx_word' id='word_1_674' title='bbox 3499 4553 3857 4624; x_wconf 89' lang='lat' dir='ltr'>incarnationis</span> 
     </span>
    </p>
   </div>
   <div class='ocr_carea' id='block_1_109' title="bbox 2210 4641 3858 4727">
    <p class='ocr_par' dir='ltr' id='par_1_109' title="bbox 2210 4641 3858 4727">
     <span class='ocr_line' id='line_1_109' title="bbox 2210 4641 3858 4727; baseline -0.009 -15"><span class='ocrx_word' id='word_1_675' title='bbox 2210 4658 2368 4725; x_wconf 70' lang='grc'>1015,</span> <span class='ocrx_word' id='word_1_676' title='bbox 2418 4656 2536 4711; x_wconf 90' lang='lat' dir='ltr'>ind.</span> <span class='ocrx_word' id='word_1_677' title='bbox 2603 4673 2722 4724; x_wconf 86' lang='lat' dir='ltr'>xm,</span> <span class='ocrx_word' id='word_1_678' title='bbox 2773 4659 2937 4727; x_wconf 87' lang='lat' dir='ltr'>regni</span> <span class='ocrx_word' id='word_1_679' title='bbox 2957 4675 3091 4713; x_wconf 86' lang='lat' dir='ltr'>vero</span> <span class='ocrx_word' id='word_1_680' title='bbox 3135 4660 3198 4713; x_wconf 93' lang='lat' dir='ltr'>D.</span> <span class='ocrx_word' id='word_1_681' title='bbox 3248 4659 3478 4713; x_wconf 84' lang='lat' dir='ltr'>Henrici</span> <span class='ocrx_word' id='word_1_682' title='bbox 3543 4641 3858 4727; x_wconf 86' lang='lat' dir='ltr'>imperatoris</span> 
     </span>
    </p>
   </div>
   <div class='ocr_carea' id='block_1_110' title="bbox 2207 4745 3301 4817">
    <p class='ocr_par' dir='ltr' id='par_1_110' title="bbox 2207 4745 3301 4817">
     <span class='ocr_line' id='line_1_110' title="bbox 2207 4745 3301 4817; baseline 0.003 -20"><span class='ocrx_word' id='word_1_683' title='bbox 2207 4745 2446 4815; x_wconf 82' lang='lat' dir='ltr'>Augusti</span> <span class='ocrx_word' id='word_1_684' title='bbox 2476 4762 2583 4807; x_wconf 70' lang='lat' dir='ltr'>xxv,</span> <span class='ocrx_word' id='word_1_685' title='bbox 2617 4745 2848 4817; x_wconf 90' lang='lat' dir='ltr'>imperii</span> <span class='ocrx_word' id='word_1_686' title='bbox 2875 4752 3068 4800; x_wconf 88' lang='lat' dir='ltr'>autem</span> <span class='ocrx_word' id='word_1_687' title='bbox 3099 4747 3220 4817; x_wconf 86' lang='lat' dir='ltr'>ejus</span> <span class='ocrx_word' id='word_1_688' title='bbox 3241 4763 3301 4800; x_wconf 92' lang='grc' dir='ltr'>ιι.</span> 
     </span>
    </p>
   </div>
   <div class='ocr_carea' id='block_1_111' title="bbox 2277 4834 3334 4906">
    <p class='ocr_par' dir='ltr' id='par_1_111' title="bbox 2277 4834 3334 4906">
     <span class='ocr_line' id='line_1_111' title="bbox 2277 4834 3334 4906; baseline 0.002 -19"><span class='ocrx_word' id='word_1_689' title='bbox 2277 4839 2477 4888; x_wconf 78' lang='lat' dir='ltr'>Actum</span> <span class='ocrx_word' id='word_1_690' title='bbox 2501 4834 2830 4906; x_wconf 83' lang='lat' dir='ltr'>Meresburg</span> <span class='ocrx_word' id='word_1_691' title='bbox 2851 4835 3110 4890; x_wconf 83' lang='lat' dir='ltr'>feliciter.</span> <span class='ocrx_word' id='word_1_692' title='bbox 3134 4839 3334 4891; x_wconf 80' lang='lat' dir='ltr'>Amen.</span> 
     </span>
    </p>
   </div>
   <div class='ocr_carea' id='block_1_112' title="bbox 2984 4925 3147 4978">
    <p class='ocr_par' dir='ltr' id='par_1_112' title="bbox 2984 4925 3147 4978">
     <span class='ocr_line' id='line_1_112' title="bbox 2984 4925 3147 4978; baseline -0.006 0"><span class='ocrx_word' id='word_1_693' title='bbox 2984 4925 3147 4978; x_wconf 78' lang='lat' dir='ltr'>XCII.</span> 
     </span>
    </p>
   </div>
   <div class='ocr_carea' id='block_1_113' title="bbox 2207 4997 3856 5082">
    <p class='ocr_par' dir='ltr' id='par_1_113' title="bbox 2207 4997 3856 5082">
     <span class='ocr_line' id='line_1_113' title="bbox 2207 4997 3856 5082; baseline -0.007 -18"><span class='ocrx_word' id='word_1_694' title='bbox 2207 5010 2264 5064; x_wconf 92' lang='lat' dir='ltr'>S.</span> <span class='ocrx_word' id='word_1_695' title='bbox 2305 5012 2568 5065; x_wconf 86' lang='lat' dir='ltr'>Henricus</span> <span class='ocrx_word' id='word_1_696' title='bbox 2605 5011 2850 5066; x_wconf 75' lang='lat' dir='ltr'>Ecclesia:</span> <span class='ocrx_word' id='word_1_697' title='bbox 2897 5013 3333 5068; x_wconf 81' lang='lat' dir='ltr'>Paderbomensi</span> <span class='ocrx_word' id='word_1_698' title='bbox 3380 5013 3595 5082; x_wconf 77' lang='lat' dir='ltr'>praedia</span> <span class='ocrx_word' id='word_1_699' title='bbox 3647 4997 3856 5077; x_wconf 68' lang='lat' dir='ltr'>quaedam</span> 
     </span>
    </p>
   </div>
   <div class='ocr_carea' id='block_1_114' title="bbox 2971 5093 3157 5147">
    <p class='ocr_par' dir='ltr' id='par_1_114' title="bbox 2971 5093 3157 5147">
     <span class='ocr_line' id='line_1_114' title="bbox 2971 5093 3157 5147; baseline -0.005 -1"><span class='ocrx_word' id='word_1_700' title='bbox 2971 5093 3157 5147; x_wconf 85' lang='lat' dir='ltr'>donat.</span> 
     </span>
    </p>
   </div>
   <div class='ocr_carea' id='block_1_115' title="bbox 2872 5183 3267 5249">
    <p class='ocr_par' dir='ltr' id='par_1_115' title="bbox 2872 5183 3267 5249">
     <span class='ocr_line' id='line_1_115' title="bbox 2872 5183 3267 5249; baseline -0.003 -14"><span class='ocrx_word' id='word_1_701' title='bbox 2872 5183 3059 5249; x_wconf 81' lang='lat' dir='ltr'>(Anno</span> <span class='ocrx_word' id='word_1_702' title='bbox 3085 5184 3267 5249; x_wconf 84' lang='lat' dir='ltr'>lOl6.)</span> 
     </span>
    </p>
   </div>
   <div class='ocr_carea' id='block_1_116' title="bbox 2491 5267 3815 5347">
    <p class='ocr_par' dir='ltr' id='par_1_116' title="bbox 2491 5267 3815 5347">
     <span class='ocr_line' id='line_1_116' title="bbox 2491 5267 3815 5347; baseline 0.016 -27"><span class='ocrx_word' id='word_1_703' title='bbox 2491 5267 2652 5338; x_wconf 82' lang='lat' dir='ltr'>[Cod.</span> <span class='ocrx_word' id='word_1_704' title='bbox 2696 5269 2922 5339; x_wconf 83' lang='lat' dir='ltr'>diplom.</span> <span class='ocrx_word' id='word_1_705' title='bbox 2973 5272 3110 5323; x_wconf 79' lang='lat' dir='ltr'>Hist.</span> <span class='ocrx_word' id='word_1_706' title='bbox 3154 5270 3422 5338; x_wconf 60' lang='lat' dir='ltr'>W’estplu,</span> <span class='ocrx_word' id='word_1_707' title='bbox 3452 5287 3510 5340; x_wconf 82' lang='lat' dir='ltr'>p.</span> <span class='ocrx_word' id='word_1_708' title='bbox 3542 5267 3617 5336; x_wconf 84' lang='lat'>7]</span> <span class='ocrx_word' id='word_1_709' title='bbox 3788 5337 3815 5347; x_wconf 81' lang='lat'>_,</span> 
     </span>
    </p>
   </div>
   <div class='ocr_carea' id='block_1_117' title="bbox 2276 5345 3855 5418">
    <p class='ocr_par' dir='ltr' id='par_1_117' title="bbox 2276 5345 3855 5418">
     <span class='ocr_line' id='line_1_117' title="bbox 2276 5345 3855 5418; baseline -0.009 -6"><span class='ocrx_word' id='word_1_710' title='bbox 2276 5359 2334 5412; x_wconf 88' lang='lat' dir='ltr'>C.</span> <span class='ocrx_word' id='word_1_711' title='bbox 2388 5358 2449 5410; x_wconf 89' lang='lat' dir='ltr'>In</span> <span class='ocrx_word' id='word_1_712' title='bbox 2491 5358 2763 5418; x_wconf 84' lang='lat' dir='ltr'>nomine</span> <span class='ocrx_word' id='word_1_713' title='bbox 2835 5364 3043 5412; x_wconf 64' lang='lat' dir='ltr'>sancta:</span> <span class='ocrx_word' id='word_1_714' title='bbox 3109 5364 3168 5412; x_wconf 90' lang='lat' dir='ltr'>et</span> <span class='ocrx_word' id='word_1_715' title='bbox 3215 5359 3522 5412; x_wconf 62' lang='lat' dir='ltr'>individua</span> <span class='ocrx_word' id='word_1_716' title='bbox 3591 5345 3855 5410; x_wconf 64' lang='lat' dir='ltr'>Trinitatis,</span> 
     </span>
    </p>
   </div>
   <div class='ocr_carea' id='block_1_118' title="bbox 2206 5436 3854 5521">
    <p class='ocr_par' dir='ltr' id='par_1_118' title="bbox 2206 5436 3854 5521">
     <span class='ocr_line' id='line_1_118' title="bbox 2206 5436 3854 5521; baseline 0.004 -25"><span class='ocrx_word' id='word_1_717' title='bbox 2206 5444 2510 5500; x_wconf 73' lang='lat' dir='ltr'>Hsmmcus</span> <span class='ocrx_word' id='word_1_718' title='bbox 2535 5445 2634 5499; x_wconf 90' lang='lat' dir='ltr'>Dei</span> <span class='ocrx_word' id='word_1_719' title='bbox 2651 5446 2836 5517; x_wconf 89' lang='lat' dir='ltr'>gratia</span> <span class='ocrx_word' id='word_1_720' title='bbox 2849 5447 3243 5501; x_wconf 81' lang='lat' dir='ltr'>Romanorum</span> <span class='ocrx_word' id='word_1_721' title='bbox 3262 5447 3575 5516; x_wconf 86' lang='lat' dir='ltr'>imperator</span> <span class='ocrx_word' id='word_1_722' title='bbox 3590 5436 3854 5521; x_wconf 43' lang='grc' dir='ltr'>Αυεαευξῗ</span> 
     </span>
    </p>
   </div>
   <div class='ocr_carea' id='block_1_119' title="bbox 2275 5513 3853 5590">
    <p class='ocr_par' dir='ltr' id='par_1_119' title="bbox 2275 5513 3853 5590">
     <span class='ocr_line' id='line_1_119' title="bbox 2275 5513 3853 5590; baseline -0.01 -2"><span class='ocrx_word' id='word_1_723' title='bbox 2275 5533 2332 5588; x_wconf 91' lang='lat' dir='ltr'>Si</span> <span class='ocrx_word' id='word_1_724' title='bbox 2381 5513 2753 5589; x_wconf 78' lang='lat' dir='ltr'>ecclesiarum</span> <span class='ocrx_word' id='word_1_725' title='bbox 2785 5534 2884 5590; x_wconf 88' lang='lat' dir='ltr'>Dei</span> <span class='ocrx_word' id='word_1_726' title='bbox 2940 5513 3446 5589; x_wconf 75' lang='lat' dir='ltr'>sublimationibus</span> <span class='ocrx_word' id='word_1_727' title='bbox 3498 5528 3649 5589; x_wconf 85' lang='lat' dir='ltr'>omni</span> <span class='ocrx_word' id='word_1_728' title='bbox 3699 5513 3853 5576; x_wconf 70' lang='lat' dir='ltr'>studio</span> 
     </span>
    </p>
   </div>
  </div>
