  <div class='ocr_page' id='page_1' title='image "/cluster/home/n/w/nwhite01/storage/ocr_20150623/140/hvd.32044054760004/170.png"; bbox 0 0 3914 6190; ppageno 0'>
   <div class='ocr_carea' id='block_1_1' title="bbox 126 200 196 251">
    <p class='ocr_par' dir='ltr' id='par_1_1' title="bbox 126 200 196 251">
     <span class='ocr_line' id='line_1_1' title="bbox 126 200 196 251; baseline -0.029 0"><span class='ocrx_word' id='word_1_1' title='bbox 126 200 196 251; x_wconf 74' lang='grc'>329</span> 
     </span>
    </p>
   </div>
   <div class='ocr_carea' id='block_1_2' title="bbox 121 307 1808 379">
    <p class='ocr_par' dir='ltr' id='par_1_2' title="bbox 121 307 1808 379">
     <span class='ocr_line' id='line_1_2' title="bbox 121 307 1808 379; baseline -0.002 -10"><span class='ocrx_word' id='word_1_2' title='bbox 121 313 406 375; x_wconf 84' lang='lat' dir='ltr'>inservimus,</span> <span class='ocrx_word' id='word_1_3' title='bbox 451 310 678 361; x_wconf 77' lang='lat' dir='ltr'>aeternae</span> <span class='ocrx_word' id='word_1_4' title='bbox 718 307 1109 361; x_wconf 76' lang='lat' dir='ltr'>retributionis</span> <span class='ocrx_word' id='word_1_5' title='bbox 1154 310 1392 379; x_wconf 75' lang='lat' dir='ltr'>praemia</span> <span class='ocrx_word' id='word_1_6' title='bbox 1440 312 1604 365; x_wconf 91' lang='lat' dir='ltr'>nobis</span> <span class='ocrx_word' id='word_1_7' title='bbox 1649 312 1727 365; x_wconf 80' lang='lat' dir='ltr'>af-</span> <span class='ocrx_word' id='word_1_8' title='bbox 1762 314 1808 365; x_wconf 82' lang='grc' dir='ltr'><strong>Α</strong></span> 
     </span>
    </p>
   </div>
   <div class='ocr_carea' id='block_1_3' title="bbox 122 396 1729 466">
    <p class='ocr_par' dir='ltr' id='par_1_3' title="bbox 122 396 1729 466">
     <span class='ocr_line' id='line_1_3' title="bbox 122 396 1729 466; baseline -0.003 -8"><span class='ocrx_word' id='word_1_9' title='bbox 122 406 262 458; x_wconf 80' lang='lat' dir='ltr'>futura</span> <span class='ocrx_word' id='word_1_10' title='bbox 294 414 394 453; x_wconf 83' lang='lat' dir='ltr'>esse</span> <span class='ocrx_word' id='word_1_11' title='bbox 427 412 737 465; x_wconf 80' lang='lat' dir='ltr'>speramus.</span> <span class='ocrx_word' id='word_1_12' title='bbox 792 396 1147 466; x_wconf 84' lang='lat' dir='ltr'>Quapropter</span> <span class='ocrx_word' id='word_1_13' title='bbox 1181 398 1441 452; x_wconf 91' lang='lat' dir='ltr'>omnium</span> <span class='ocrx_word' id='word_1_14' title='bbox 1475 400 1729 453; x_wconf 87' lang='lat' dir='ltr'>tidelium</span> 
     </span>
    </p>
   </div>
   <div class='ocr_carea' id='block_1_4' title="bbox 122 485 1732 556">
    <p class='ocr_par' dir='ltr' id='par_1_4' title="bbox 122 485 1732 556">
     <span class='ocr_line' id='line_1_4' title="bbox 122 485 1732 556; baseline -0.003 -10"><span class='ocrx_word' id='word_1_15' title='bbox 122 490 293 553; x_wconf 82' lang='lat' dir='ltr'>Christi,</span> <span class='ocrx_word' id='word_1_16' title='bbox 342 485 695 556; x_wconf 71' lang='lat' dir='ltr'>praesentium</span> <span class='ocrx_word' id='word_1_17' title='bbox 736 486 947 538; x_wconf 86' lang='lat' dir='ltr'>scilicet</span> <span class='ocrx_word' id='word_1_18' title='bbox 991 501 1054 538; x_wconf 92' lang='lat' dir='ltr'>ac</span> <span class='ocrx_word' id='word_1_19' title='bbox 1120 486 1470 553; x_wconf 89' lang='lat' dir='ltr'>futurorum,</span> <span class='ocrx_word' id='word_1_20' title='bbox 1513 489 1732 541; x_wconf 83' lang='lat' dir='ltr'>noverit</span> 
     </span>
    </p>
   </div>
   <div class='ocr_carea' id='block_1_5' title="bbox 125 572 1731 642">
    <p class='ocr_par' dir='ltr' id='par_1_5' title="bbox 125 572 1731 642">
     <span class='ocr_line' id='line_1_5' title="bbox 125 572 1731 642; baseline -0.001 -11"><span class='ocrx_word' id='word_1_21' title='bbox 125 576 386 631; x_wconf 85' lang='lat' dir='ltr'>universitas</span> <span class='ocrx_word' id='word_1_22' title='bbox 452 572 698 642; x_wconf 83' lang='lat' dir='ltr'>qualiter</span> <span class='ocrx_word' id='word_1_23' title='bbox 744 572 1189 639; x_wconf 85' lang='lat' dir='ltr'>Meinuverccus,</span> <span class='ocrx_word' id='word_1_24' title='bbox 1262 581 1468 629; x_wconf 60' lang='lat' dir='ltr'>sancta?</span> <span class='ocrx_word' id='word_1_25' title='bbox 1538 577 1731 629; x_wconf 87' lang='lat' dir='ltr'>Pater-</span> 
     </span>
    </p>
   </div>
   <div class='ocr_carea' id='block_1_6' title="bbox 122 661 1733 732">
    <p class='ocr_par' dir='ltr' id='par_1_6' title="bbox 122 661 1733 732">
     <span class='ocr_line' id='line_1_6' title="bbox 122 661 1733 732; baseline -0.002 -12"><span class='ocrx_word' id='word_1_26' title='bbox 122 663 390 721; x_wconf 79' lang='lat' dir='ltr'>brunnensis</span> <span class='ocrx_word' id='word_1_27' title='bbox 437 661 682 714; x_wconf 79' lang='lat' dir='ltr'>ecclesiae</span> <span class='ocrx_word' id='word_1_28' title='bbox 728 662 1067 715; x_wconf 79' lang='lat' dir='ltr'>venerabilis</span> <span class='ocrx_word' id='word_1_29' title='bbox 1148 661 1469 732; x_wconf 89' lang='lat' dir='ltr'>episcopus,</span> <span class='ocrx_word' id='word_1_30' title='bbox 1539 664 1733 717; x_wconf 84' lang='lat' dir='ltr'><strong>omnia</strong></span> 
     </span>
    </p>
   </div>
   <div class='ocr_carea' id='block_1_7' title="bbox 124 749 1731 825">
    <p class='ocr_par' dir='ltr' id='par_1_7' title="bbox 124 749 1731 825">
     <span class='ocr_line' id='line_1_7' title="bbox 124 749 1731 825; baseline -0.002 -17"><span class='ocrx_word' id='word_1_31' title='bbox 124 753 281 825; x_wconf 66' lang='lat' dir='ltr'>praedia</span> <span class='ocrx_word' id='word_1_32' title='bbox 307 767 417 821; x_wconf 66' lang='lat' dir='ltr'>quae</span> <span class='ocrx_word' id='word_1_33' title='bbox 465 749 827 803; x_wconf 65' lang='lat' dir='ltr'>heereditario</span> <span class='ocrx_word' id='word_1_34' title='bbox 871 750 1003 820; x_wconf 89' lang='lat' dir='ltr'>jure</span> <span class='ocrx_word' id='word_1_35' title='bbox 1042 750 1371 820; x_wconf 85' lang='lat' dir='ltr'>possederat</span> <span class='ocrx_word' id='word_1_36' title='bbox 1416 752 1584 805; x_wconf 82' lang='lat' dir='ltr'>matri</span> <span class='ocrx_word' id='word_1_37' title='bbox 1615 769 1731 805; x_wconf 76' lang='lat' dir='ltr'>suae</span> 
     </span>
    </p>
   </div>
   <div class='ocr_carea' id='block_1_8' title="bbox 121 837 1735 907">
    <p class='ocr_par' dir='ltr' id='par_1_8' title="bbox 121 837 1735 907">
     <span class='ocr_line' id='line_1_8' title="bbox 121 837 1735 907; baseline -0.001 -12"><span class='ocrx_word' id='word_1_38' title='bbox 121 843 257 895; x_wconf 67' lang='lat' dir='ltr'>Adalae</span> <span class='ocrx_word' id='word_1_39' title='bbox 282 837 619 892; x_wconf 89' lang='lat' dir='ltr'>contradidit.</span> <span class='ocrx_word' id='word_1_40' title='bbox 656 837 869 891; x_wconf 88' lang='lat' dir='ltr'>Dehinc</span> <span class='ocrx_word' id='word_1_41' title='bbox 914 838 1039 907; x_wconf 87' lang='lat' dir='ltr'>ipsa</span> <span class='ocrx_word' id='word_1_42' title='bbox 1077 854 1205 891; x_wconf 93' lang='lat' dir='ltr'>cum</span> <span class='ocrx_word' id='word_1_43' title='bbox 1253 856 1422 891; x_wconf 90' lang='lat' dir='ltr'>manu</span> <span class='ocrx_word' id='word_1_44' title='bbox 1461 840 1647 893; x_wconf 90' lang='lat' dir='ltr'>mariti</span> <span class='ocrx_word' id='word_1_45' title='bbox 1680 844 1735 893; x_wconf 89' lang='lat' dir='ltr'>et</span> 
     </span>
    </p>
   </div>
   <div class='ocr_carea' id='block_1_9' title="bbox 120 924 1735 987">
    <p class='ocr_par' dir='ltr' id='par_1_9' title="bbox 120 924 1735 987">
     <span class='ocr_line' id='line_1_9' title="bbox 120 924 1735 987; baseline -0.001 -4"><span class='ocrx_word' id='word_1_46' title='bbox 120 928 314 983; x_wconf 77' lang='lat' dir='ltr'>advocati</span> <span class='ocrx_word' id='word_1_47' title='bbox 340 925 417 977; x_wconf 86' lang='lat' dir='ltr'>sui</span> <span class='ocrx_word' id='word_1_48' title='bbox 449 925 717 977; x_wconf 89' lang='lat' dir='ltr'>Balderici</span> <span class='ocrx_word' id='word_1_49' title='bbox 744 924 983 987; x_wconf 81' lang='lat' dir='ltr'>comitis,</span> <span class='ocrx_word' id='word_1_50' title='bbox 1018 942 1294 979; x_wconf 89' lang='lat' dir='ltr'>consensu</span> <span class='ocrx_word' id='word_1_51' title='bbox 1354 928 1528 980; x_wconf 90' lang='lat' dir='ltr'>etiam</span> <span class='ocrx_word' id='word_1_52' title='bbox 1558 929 1735 981; x_wconf 62' lang='lat' dir='ltr'>haere-</span> 
     </span>
    </p>
   </div>
   <div class='ocr_carea' id='block_1_10' title="bbox 119 1012 1736 1082">
    <p class='ocr_par' dir='ltr' id='par_1_10' title="bbox 119 1012 1736 1082">
     <span class='ocr_line' id='line_1_10' title="bbox 119 1012 1736 1082; baseline -0.002 -11"><span class='ocrx_word' id='word_1_53' title='bbox 119 1020 233 1081; x_wconf 87' lang='lat' dir='ltr'>dum,</span> <span class='ocrx_word' id='word_1_54' title='bbox 281 1014 457 1068; x_wconf 86' lang='lat' dir='ltr'>eadem</span> <span class='ocrx_word' id='word_1_55' title='bbox 513 1012 726 1082; x_wconf 67' lang='lat' dir='ltr'>praedia</span> <span class='ocrx_word' id='word_1_56' title='bbox 781 1013 1112 1081; x_wconf 88' lang='lat' dir='ltr'>potestative</span> <span class='ocrx_word' id='word_1_57' title='bbox 1154 1014 1319 1067; x_wconf 91' lang='lat' dir='ltr'>nobis</span> <span class='ocrx_word' id='word_1_58' title='bbox 1367 1014 1611 1068; x_wconf 89' lang='lat' dir='ltr'>donavit.</span> <span class='ocrx_word' id='word_1_59' title='bbox 1666 1018 1736 1069; x_wconf 85' lang='lat' dir='ltr'>At</span> 
     </span>
    </p>
   </div>
   <div class='ocr_carea' id='block_1_11' title="bbox 119 1100 1731 1172">
    <p class='ocr_par' dir='ltr' id='par_1_11' title="bbox 119 1100 1731 1172">
     <span class='ocr_line' id='line_1_11' title="bbox 119 1100 1731 1172; baseline -0.002 -15"><span class='ocrx_word' id='word_1_60' title='bbox 119 1122 192 1157; x_wconf 87' lang='lat' dir='ltr'>nos</span> <span class='ocrx_word' id='word_1_61' title='bbox 215 1106 465 1171; x_wconf 76' lang='lat' dir='ltr'>perpetuae</span> <span class='ocrx_word' id='word_1_62' title='bbox 499 1100 869 1153; x_wconf 84' lang='lat' dir='ltr'>beatitudinis</span> <span class='ocrx_word' id='word_1_63' title='bbox 926 1116 1045 1169; x_wconf 87' lang='lat' dir='ltr'>spe,</span> <span class='ocrx_word' id='word_1_64' title='bbox 1083 1117 1147 1154; x_wconf 87' lang='lat' dir='ltr'>ac</span> <span class='ocrx_word' id='word_1_65' title='bbox 1188 1101 1281 1170; x_wconf 89' lang='lat' dir='ltr'>pia</span> <span class='ocrx_word' id='word_1_66' title='bbox 1336 1102 1561 1170; x_wconf 70' lang='lat' dir='ltr'>praefati</span> <span class='ocrx_word' id='word_1_67' title='bbox 1614 1102 1731 1172; x_wconf 91' lang='lat' dir='ltr'>epi-</span> 
     </span>
    </p>
   </div>
   <div class='ocr_carea' id='block_1_12' title="bbox 116 1186 1737 1260">
    <p class='ocr_par' dir='ltr' id='par_1_12' title="bbox 116 1186 1737 1260">
     <span class='ocr_line' id='line_1_12' title="bbox 116 1186 1737 1260; baseline -0.002 -15"><span class='ocrx_word' id='word_1_68' title='bbox 116 1191 232 1260; x_wconf 88' lang='lat' dir='ltr'>scopi</span> <span class='ocrx_word' id='word_1_69' title='bbox 250 1188 519 1257; x_wconf 88' lang='lat' dir='ltr'>dilectique</span> <span class='ocrx_word' id='word_1_70' title='bbox 551 1186 778 1256; x_wconf 88' lang='lat' dir='ltr'>nepotis</span> <span class='ocrx_word' id='word_1_71' title='bbox 829 1187 1029 1253; x_wconf 85' lang='lat' dir='ltr'>nostri,</span> <span class='ocrx_word' id='word_1_72' title='bbox 1084 1187 1182 1257; x_wconf 89' lang='lat' dir='ltr'>qui</span> <span class='ocrx_word' id='word_1_73' title='bbox 1208 1204 1265 1240; x_wconf 90' lang='lat' dir='ltr'>se</span> <span class='ocrx_word' id='word_1_74' title='bbox 1297 1188 1604 1258; x_wconf 82' lang='lat' dir='ltr'>omniaque</span> <span class='ocrx_word' id='word_1_75' title='bbox 1636 1206 1737 1243; x_wconf 86' lang='lat' dir='ltr'>sua</span> 
     </span>
    </p>
   </div>
   <div class='ocr_carea' id='block_1_13' title="bbox 114 1273 1735 1344">
    <p class='ocr_par' dir='ltr' id='par_1_13' title="bbox 114 1273 1735 1344">
     <span class='ocr_line' id='line_1_13' title="bbox 114 1273 1735 1344; baseline -0.002 -12"><span class='ocrx_word' id='word_1_76' title='bbox 114 1278 256 1332; x_wconf 86' lang='lat' dir='ltr'>divino</span> <span class='ocrx_word' id='word_1_77' title='bbox 281 1275 492 1329; x_wconf 82' lang='lat' dir='ltr'>servicio</span> <span class='ocrx_word' id='word_1_78' title='bbox 517 1273 840 1344; x_wconf 87' lang='lat' dir='ltr'>mancipare</span> <span class='ocrx_word' id='word_1_79' title='bbox 889 1274 1119 1343; x_wconf 82' lang='lat' dir='ltr'>gaudet,</span> <span class='ocrx_word' id='word_1_80' title='bbox 1154 1290 1321 1343; x_wconf 90' lang='lat' dir='ltr'>prece</span> <span class='ocrx_word' id='word_1_81' title='bbox 1351 1280 1406 1328; x_wconf 92' lang='lat' dir='ltr'>et</span> <span class='ocrx_word' id='word_1_82' title='bbox 1433 1275 1735 1330; x_wconf 86' lang='lat' dir='ltr'>devotione</span> 
     </span>
    </p>
   </div>
   <div class='ocr_carea' id='block_1_14' title="bbox 115 1361 1731 1432">
    <p class='ocr_par' dir='ltr' id='par_1_14' title="bbox 115 1361 1731 1432">
     <span class='ocr_line' id='line_1_14' title="bbox 115 1361 1731 1432; baseline 0.001 -17"><span class='ocrx_word' id='word_1_83' title='bbox 115 1362 399 1426; x_wconf 84' lang='lat' dir='ltr'>commoniti,</span> <span class='ocrx_word' id='word_1_84' title='bbox 456 1361 675 1432; x_wconf 65' lang='lat' dir='ltr'>praedia</span> <span class='ocrx_word' id='word_1_85' title='bbox 732 1362 935 1415; x_wconf 87' lang='lat' dir='ltr'>eadem</span> <span class='ocrx_word' id='word_1_86' title='bbox 981 1362 1233 1431; x_wconf 86' lang='lat' dir='ltr'>legitime</span> <span class='ocrx_word' id='word_1_87' title='bbox 1291 1362 1454 1416; x_wconf 90' lang='lat' dir='ltr'>nobis</span> <span class='ocrx_word' id='word_1_88' title='bbox 1500 1363 1731 1424; x_wconf 84' lang='lat' dir='ltr'>tradita,</span> 
     </span>
    </p>
   </div>
   <div class='ocr_carea' id='block_1_15' title="bbox 117 1449 1736 1520">
    <p class='ocr_par' dir='ltr' id='par_1_15' title="bbox 117 1449 1736 1520">
     <span class='ocr_line' id='line_1_15' title="bbox 117 1449 1736 1520; baseline 0 -17"><span class='ocrx_word' id='word_1_89' title='bbox 117 1454 227 1504; x_wconf 87' lang='lat' dir='ltr'>inter</span> <span class='ocrx_word' id='word_1_90' title='bbox 272 1467 382 1520; x_wconf 76' lang='lat' dir='ltr'>quae</span> <span class='ocrx_word' id='word_1_91' title='bbox 449 1449 793 1520; x_wconf 86' lang='lat' dir='ltr'>principales</span> <span class='ocrx_word' id='word_1_92' title='bbox 861 1454 1045 1503; x_wconf 91' lang='lat' dir='ltr'>cortes</span> <span class='ocrx_word' id='word_1_93' title='bbox 1119 1454 1251 1502; x_wconf 88' lang='lat' dir='ltr'>sunt</span> <span class='ocrx_word' id='word_1_94' title='bbox 1317 1450 1462 1517; x_wconf 66' lang='lat' dir='ltr'>ista},</span> <span class='ocrx_word' id='word_1_95' title='bbox 1540 1452 1736 1505; x_wconf 88' lang='lat' dir='ltr'>Immi-</span> 
     </span>
    </p>
   </div>
   <div class='ocr_carea' id='block_1_16' title="bbox 115 1538 1732 1605">
    <p class='ocr_par' dir='ltr' id='par_1_16' title="bbox 115 1538 1732 1605">
     <span class='ocr_line' id='line_1_16' title="bbox 115 1538 1732 1605; baseline -0.001 -12"><span class='ocrx_word' id='word_1_96' title='bbox 115 1540 358 1603; x_wconf 87' lang='lat' dir='ltr'>deshusun,</span> <span class='ocrx_word' id='word_1_97' title='bbox 446 1538 891 1604; x_wconf 85' lang='lat' dir='ltr'>Walmonthem,</span> <span class='ocrx_word' id='word_1_98' title='bbox 994 1538 1299 1603; x_wconf 84' lang='lat' dir='ltr'>Havurlon,</span> <span class='ocrx_word' id='word_1_99' title='bbox 1407 1538 1732 1605; x_wconf 85' lang='lat' dir='ltr'>Hukilhem,</span> 
     </span>
    </p>
   </div>
   <div class='ocr_carea' id='block_1_17' title="bbox 112 1591 1809 1696">
    <p class='ocr_par' dir='ltr' id='par_1_17' title="bbox 112 1591 1809 1696">
     <span class='ocr_line' id='line_1_17' title="bbox 112 1591 1809 1696; baseline 0.001 -16"><span class='ocrx_word' id='word_1_100' title='bbox 112 1591 405 1690; x_wconf 62' lang='lat' dir='ltr'>lllandelbilii,</span> <span class='ocrx_word' id='word_1_101' title='bbox 439 1625 751 1691; x_wconf 91' lang='lat' dir='ltr'>Golthbiki,</span> <span class='ocrx_word' id='word_1_102' title='bbox 814 1591 1264 1694; x_wconf 79' lang='lat' dir='ltr'>Doddonhusun,</span> <span class='ocrx_word' id='word_1_103' title='bbox 1288 1591 1736 1696; x_wconf 39' lang='lat' dir='ltr'>’ilokinneslevo&#39;,</span> <span class='ocrx_word' id='word_1_104' title='bbox 1769 1591 1809 1643; x_wconf 80' lang='grc' dir='ltr'>Β</span> 
     </span>
    </p>
   </div>
   <div class='ocr_carea' id='block_1_18' title="bbox 114 1714 1736 1786">
    <p class='ocr_par' dir='ltr' id='par_1_18' title="bbox 114 1714 1736 1786">
     <span class='ocr_line' id='line_1_18' title="bbox 114 1714 1736 1786; baseline 0.003 -22"><span class='ocrx_word' id='word_1_105' title='bbox 114 1715 453 1780; x_wconf 77' lang='lat' dir='ltr'>Wakereslevo,</span> <span class='ocrx_word' id='word_1_106' title='bbox 504 1730 635 1768; x_wconf 90' lang='lat' dir='ltr'>cum</span> <span class='ocrx_word' id='word_1_107' title='bbox 694 1714 1188 1783; x_wconf 90' lang='lat' dir='ltr'>appertinentibus</span> <span class='ocrx_word' id='word_1_108' title='bbox 1228 1714 1396 1779; x_wconf 82' lang='lat' dir='ltr'>villis,</span> <span class='ocrx_word' id='word_1_109' title='bbox 1438 1716 1736 1786; x_wconf 88' lang='lat' dir='ltr'>mancipiis</span> 
     </span>
    </p>
   </div>
   <div class='ocr_carea' id='block_1_19' title="bbox 113 1801 1739 1872">
    <p class='ocr_par' dir='ltr' id='par_1_19' title="bbox 113 1801 1739 1872">
     <span class='ocr_line' id='line_1_19' title="bbox 113 1801 1739 1872; baseline 0.001 -17"><span class='ocrx_word' id='word_1_110' title='bbox 113 1802 346 1872; x_wconf 88' lang='lat' dir='ltr'>utriusque</span> <span class='ocrx_word' id='word_1_111' title='bbox 393 1816 578 1868; x_wconf 84' lang='lat' dir='ltr'>sexus,</span> <span class='ocrx_word' id='word_1_112' title='bbox 640 1801 814 1867; x_wconf 88' lang='lat' dir='ltr'>silvis,</span> <span class='ocrx_word' id='word_1_113' title='bbox 871 1802 976 1855; x_wconf 90' lang='lat' dir='ltr'>viis</span> <span class='ocrx_word' id='word_1_114' title='bbox 1029 1807 1084 1855; x_wconf 89' lang='lat' dir='ltr'>et</span> <span class='ocrx_word' id='word_1_115' title='bbox 1141 1802 1329 1868; x_wconf 91' lang='lat' dir='ltr'>inviis,</span> <span class='ocrx_word' id='word_1_116' title='bbox 1380 1804 1625 1858; x_wconf 85' lang='lat' dir='ltr'>exitibus</span> <span class='ocrx_word' id='word_1_117' title='bbox 1681 1808 1739 1857; x_wconf 90' lang='lat' dir='ltr'>et</span> 
     </span>
    </p>
   </div>
   <div class='ocr_carea' id='block_1_20' title="bbox 113 1890 1735 1962">
    <p class='ocr_par' dir='ltr' id='par_1_20' title="bbox 113 1890 1735 1962">
     <span class='ocr_line' id='line_1_20' title="bbox 113 1890 1735 1962; baseline 0.001 -19"><span class='ocrx_word' id='word_1_118' title='bbox 113 1892 342 1957; x_wconf 86' lang='lat' dir='ltr'>reditibus,</span> <span class='ocrx_word' id='word_1_119' title='bbox 397 1890 758 1958; x_wconf 88' lang='lat' dir='ltr'>molendinis,</span> <span class='ocrx_word' id='word_1_120' title='bbox 790 1891 1223 1960; x_wconf 86' lang='lat' dir='ltr'>piscationibus,</span> <span class='ocrx_word' id='word_1_121' title='bbox 1279 1892 1520 1962; x_wconf 83' lang='lat' dir='ltr'>pascuis,</span> <span class='ocrx_word' id='word_1_122' title='bbox 1566 1909 1735 1946; x_wconf 90' lang='lat' dir='ltr'>vena-</span> 
     </span>
    </p>
   </div>
   <div class='ocr_carea' id='block_1_21' title="bbox 110 1978 1739 2049">
    <p class='ocr_par' dir='ltr' id='par_1_21' title="bbox 110 1978 1739 2049">
     <span class='ocr_line' id='line_1_21' title="bbox 110 1978 1739 2049; baseline 0.002 -20"><span class='ocrx_word' id='word_1_123' title='bbox 110 1978 320 2043; x_wconf 86' lang='lat' dir='ltr'>tionibus,</span> <span class='ocrx_word' id='word_1_124' title='bbox 350 1978 597 2048; x_wconf 69' lang='lat' dir='ltr'>quaasitis</span> <span class='ocrx_word' id='word_1_125' title='bbox 628 1984 683 2032; x_wconf 90' lang='lat' dir='ltr'>et</span> <span class='ocrx_word' id='word_1_126' title='bbox 712 1978 1091 2049; x_wconf 85' lang='lat' dir='ltr'>inquirendis,</span> <span class='ocrx_word' id='word_1_127' title='bbox 1139 1981 1520 2049; x_wconf 89' lang='lat' dir='ltr'>omnibusque</span> <span class='ocrx_word' id='word_1_128' title='bbox 1580 1985 1739 2034; x_wconf 90' lang='lat' dir='ltr'>uten-</span> 
     </span>
    </p>
   </div>
   <div class='ocr_carea' id='block_1_22' title="bbox 114 2066 1734 2138">
    <p class='ocr_par' dir='ltr' id='par_1_22' title="bbox 114 2066 1734 2138">
     <span class='ocr_line' id='line_1_22' title="bbox 114 2066 1734 2138; baseline 0.002 -21"><span class='ocrx_word' id='word_1_129' title='bbox 114 2066 261 2121; x_wconf 80' lang='lat' dir='ltr'>silibus</span> <span class='ocrx_word' id='word_1_130' title='bbox 286 2083 401 2136; x_wconf 73' lang='lat' dir='ltr'>qua:</span> <span class='ocrx_word' id='word_1_131' title='bbox 449 2067 710 2137; x_wconf 89' lang='lat' dir='ltr'>quolibet</span> <span class='ocrx_word' id='word_1_132' title='bbox 765 2067 933 2120; x_wconf 90' lang='lat' dir='ltr'>modo</span> <span class='ocrx_word' id='word_1_133' title='bbox 997 2067 1108 2121; x_wconf 91' lang='lat' dir='ltr'>dici</span> <span class='ocrx_word' id='word_1_134' title='bbox 1154 2069 1241 2121; x_wconf 86' lang='lat' dir='ltr'>vel</span> <span class='ocrx_word' id='word_1_135' title='bbox 1282 2068 1566 2121; x_wconf 89' lang='lat' dir='ltr'>nominari</span> <span class='ocrx_word' id='word_1_136' title='bbox 1606 2085 1734 2138; x_wconf 91' lang='lat' dir='ltr'>pos-</span> 
     </span>
    </p>
   </div>
   <div class='ocr_carea' id='block_1_23' title="bbox 112 2154 1736 2219">
    <p class='ocr_par' dir='ltr' id='par_1_23' title="bbox 112 2154 1736 2219">
     <span class='ocr_line' id='line_1_23' title="bbox 112 2154 1736 2219; baseline 0.002 -14"><span class='ocrx_word' id='word_1_137' title='bbox 112 2161 223 2219; x_wconf 81' lang='lat' dir='ltr'>sunt,</span> <span class='ocrx_word' id='word_1_138' title='bbox 264 2160 457 2208; x_wconf 68' lang='lat' dir='ltr'>sanctas</span> <span class='ocrx_word' id='word_1_139' title='bbox 515 2154 1004 2209; x_wconf 87' lang='lat' dir='ltr'>Paterbrunnensi</span> <span class='ocrx_word' id='word_1_140' title='bbox 1058 2156 1307 2209; x_wconf 74' lang='lat' dir='ltr'>ecclesiae</span> <span class='ocrx_word' id='word_1_141' title='bbox 1349 2156 1407 2209; x_wconf 92' lang='lat' dir='ltr'>in</span> <span class='ocrx_word' id='word_1_142' title='bbox 1457 2158 1736 2211; x_wconf 85' lang='lat' dir='ltr'>honorem</span> 
     </span>
    </p>
   </div>
   <div class='ocr_carea' id='block_1_24' title="bbox 110 2244 1738 2316">
    <p class='ocr_par' dir='ltr' id='par_1_24' title="bbox 110 2244 1738 2316">
     <span class='ocr_line' id='line_1_24' title="bbox 110 2244 1738 2316; baseline 0.002 -22"><span class='ocrx_word' id='word_1_143' title='bbox 110 2251 264 2297; x_wconf 68' lang='lat' dir='ltr'>sanctae</span> <span class='ocrx_word' id='word_1_144' title='bbox 293 2246 381 2298; x_wconf 88' lang='lat' dir='ltr'>Dei</span> <span class='ocrx_word' id='word_1_145' title='bbox 400 2245 693 2315; x_wconf 82' lang='lat' dir='ltr'>genitricis</span> <span class='ocrx_word' id='word_1_146' title='bbox 721 2245 911 2299; x_wconf 57' lang='lat' dir='ltr'>Mariae</span> <span class='ocrx_word' id='word_1_147' title='bbox 935 2247 1229 2316; x_wconf 87' lang='lat' dir='ltr'>sanctique</span> <span class='ocrx_word' id='word_1_148' title='bbox 1253 2246 1462 2299; x_wconf 85' lang='lat' dir='ltr'>Kiliaui</span> <span class='ocrx_word' id='word_1_149' title='bbox 1482 2244 1738 2299; x_wconf 90' lang='lat' dir='ltr'>martiris</span> 
     </span>
    </p>
   </div>
   <div class='ocr_carea' id='block_1_25' title="bbox 109 2332 1739 2403">
    <p class='ocr_par' dir='ltr' id='par_1_25' title="bbox 109 2332 1739 2403">
     <span class='ocr_line' id='line_1_25' title="bbox 109 2332 1739 2403; baseline 0.001 -20"><span class='ocrx_word' id='word_1_150' title='bbox 109 2348 151 2383; x_wconf 82' lang='lat' dir='ltr'>ac</span> <span class='ocrx_word' id='word_1_151' title='bbox 196 2332 322 2385; x_wconf 87' lang='lat' dir='ltr'>beati</span> <span class='ocrx_word' id='word_1_152' title='bbox 374 2334 584 2387; x_wconf 87' lang='lat' dir='ltr'>Liborii</span> <span class='ocrx_word' id='word_1_153' title='bbox 626 2333 964 2387; x_wconf 86' lang='lat' dir='ltr'>confessoris</span> <span class='ocrx_word' id='word_1_154' title='bbox 1017 2339 1377 2399; x_wconf 68' lang='lat' dir='ltr'>constructm,</span> <span class='ocrx_word' id='word_1_155' title='bbox 1438 2350 1557 2403; x_wconf 40' lang='lat' dir='ltr'>per,</span> <span class='ocrx_word' id='word_1_156' title='bbox 1593 2334 1739 2387; x_wconf 88' lang='lat' dir='ltr'>hanc</span> 
     </span>
    </p>
   </div>
   <div class='ocr_carea' id='block_1_26' title="bbox 108 2420 1737 2493">
    <p class='ocr_par' dir='ltr' id='par_1_26' title="bbox 108 2420 1737 2493">
     <span class='ocr_line' id='line_1_26' title="bbox 108 2420 1737 2493; baseline 0.001 -21"><span class='ocrx_word' id='word_1_157' title='bbox 108 2420 399 2489; x_wconf 86' lang='lat' dir='ltr'>imperialem</span> <span class='ocrx_word' id='word_1_158' title='bbox 451 2423 727 2493; x_wconf 86' lang='lat' dir='ltr'>paginam</span> <span class='ocrx_word' id='word_1_159' title='bbox 780 2422 1080 2492; x_wconf 84' lang='lat' dir='ltr'>largimur,</span> <span class='ocrx_word' id='word_1_160' title='bbox 1138 2424 1398 2476; x_wconf 92' lang='lat' dir='ltr'>omnium</span> <span class='ocrx_word' id='word_1_161' title='bbox 1437 2422 1737 2475; x_wconf 87' lang='lat' dir='ltr'>hominum</span> 
     </span>
    </p>
   </div>
   <div class='ocr_carea' id='block_1_27' title="bbox 108 2508 1737 2580">
    <p class='ocr_par' dir='ltr' id='par_1_27' title="bbox 108 2508 1737 2580">
     <span class='ocr_line' id='line_1_27' title="bbox 108 2508 1737 2580; baseline 0 -19"><span class='ocrx_word' id='word_1_162' title='bbox 108 2510 485 2563; x_wconf 84' lang='lat' dir='ltr'>contradictione</span> <span class='ocrx_word' id='word_1_163' title='bbox 552 2516 794 2565; x_wconf 88' lang='lat' dir='ltr'>remota.</span> <span class='ocrx_word' id='word_1_164' title='bbox 876 2512 1117 2580; x_wconf 86' lang='lat' dir='ltr'>Insuper</span> <span class='ocrx_word' id='word_1_165' title='bbox 1190 2512 1382 2577; x_wconf 89' lang='lat' dir='ltr'>etiam,</span> <span class='ocrx_word' id='word_1_166' title='bbox 1444 2508 1737 2580; x_wconf 86' lang='lat' dir='ltr'>imperiali</span> 
     </span>
    </p>
   </div>
   <div class='ocr_carea' id='block_1_28' title="bbox 109 2598 1738 2668">
    <p class='ocr_par' dir='ltr' id='par_1_28' title="bbox 109 2598 1738 2668">
     <span class='ocr_line' id='line_1_28' title="bbox 109 2598 1738 2668; baseline 0.002 -21"><span class='ocrx_word' id='word_1_167' title='bbox 109 2599 377 2651; x_wconf 86' lang='lat' dir='ltr'>auctoritate</span> <span class='ocrx_word' id='word_1_168' title='bbox 429 2598 799 2668; x_wconf 66' lang='lat' dir='ltr'>praecipimus</span> <span class='ocrx_word' id='word_1_169' title='bbox 880 2604 946 2653; x_wconf 91' lang='lat' dir='ltr'>ut</span> <span class='ocrx_word' id='word_1_170' title='bbox 1015 2599 1172 2653; x_wconf 92' lang='lat' dir='ltr'>nulla</span> <span class='ocrx_word' id='word_1_171' title='bbox 1239 2600 1422 2668; x_wconf 84' lang='lat' dir='ltr'>major</span> <span class='ocrx_word' id='word_1_172' title='bbox 1479 2598 1738 2651; x_wconf 88' lang='lat' dir='ltr'>minorve</span> 
     </span>
    </p>
   </div>
   <div class='ocr_carea' id='block_1_29' title="bbox 108 2684 1740 2755">
    <p class='ocr_par' dir='ltr' id='par_1_29' title="bbox 108 2684 1740 2755">
     <span class='ocr_line' id='line_1_29' title="bbox 108 2684 1740 2755; baseline 0 -19"><span class='ocrx_word' id='word_1_173' title='bbox 108 2698 296 2751; x_wconf 83' lang='lat' dir='ltr'>persona</span> <span class='ocrx_word' id='word_1_174' title='bbox 321 2684 505 2755; x_wconf 89' lang='lat' dir='ltr'>aliqua</span> <span class='ocrx_word' id='word_1_175' title='bbox 530 2686 837 2755; x_wconf 88' lang='lat' dir='ltr'>judiciaria</span> <span class='ocrx_word' id='word_1_176' title='bbox 866 2690 1149 2755; x_wconf 87' lang='lat' dir='ltr'>potestate</span> <span class='ocrx_word' id='word_1_177' title='bbox 1182 2685 1240 2738; x_wconf 91' lang='lat' dir='ltr'>in</span> <span class='ocrx_word' id='word_1_178' title='bbox 1263 2685 1476 2739; x_wconf 85' lang='lat' dir='ltr'>eisdem</span> <span class='ocrx_word' id='word_1_179' title='bbox 1510 2684 1740 2755; x_wconf 64' lang='lat' dir='ltr'>praediis</span> 
     </span>
    </p>
   </div>
   <div class='ocr_carea' id='block_1_30' title="bbox 108 2773 1739 2844">
    <p class='ocr_par' dir='ltr' id='par_1_30' title="bbox 108 2773 1739 2844">
     <span class='ocr_line' id='line_1_30' title="bbox 108 2773 1739 2844; baseline 0.002 -21"><span class='ocrx_word' id='word_1_180' title='bbox 108 2788 146 2824; x_wconf 84' lang='lat' dir='ltr'>se</span> <span class='ocrx_word' id='word_1_181' title='bbox 168 2773 488 2842; x_wconf 90' lang='lat' dir='ltr'>intromittat,</span> <span class='ocrx_word' id='word_1_182' title='bbox 525 2774 639 2828; x_wconf 88' lang='lat' dir='ltr'>nisi</span> <span class='ocrx_word' id='word_1_183' title='bbox 681 2776 986 2829; x_wconf 84' lang='lat' dir='ltr'>advocatus</span> <span class='ocrx_word' id='word_1_184' title='bbox 1026 2790 1197 2844; x_wconf 89' lang='lat' dir='ltr'>quem</span> <span class='ocrx_word' id='word_1_185' title='bbox 1256 2774 1514 2843; x_wconf 86' lang='lat' dir='ltr'>ejusdem</span> <span class='ocrx_word' id='word_1_186' title='bbox 1563 2775 1739 2827; x_wconf 89' lang='lat' dir='ltr'>eccle-</span> 
     </span>
    </p>
   </div>
   <div class='ocr_carea' id='block_1_31' title="bbox 110 2860 1811 2932">
    <p class='ocr_par' dir='ltr' id='par_1_31' title="bbox 110 2860 1811 2932">
     <span class='ocr_line' id='line_1_31' title="bbox 110 2860 1811 2932; baseline 0.003 -21"><span class='ocrx_word' id='word_1_187' title='bbox 110 2860 176 2912; x_wconf 66' lang='lat' dir='ltr'>sia:</span> <span class='ocrx_word' id='word_1_188' title='bbox 196 2862 464 2931; x_wconf 84' lang='lat' dir='ltr'>episcopus</span> <span class='ocrx_word' id='word_1_189' title='bbox 495 2863 605 2916; x_wconf 88' lang='lat' dir='ltr'>sibi</span> <span class='ocrx_word' id='word_1_190' title='bbox 664 2863 859 2932; x_wconf 85' lang='lat' dir='ltr'>eligat.</span> <span class='ocrx_word' id='word_1_191' title='bbox 902 2863 959 2916; x_wconf 90' lang='lat' dir='ltr'>Si</span> <span class='ocrx_word' id='word_1_192' title='bbox 987 2863 1114 2932; x_wconf 88' lang='lat' dir='ltr'>quis</span> <span class='ocrx_word' id='word_1_193' title='bbox 1140 2867 1332 2916; x_wconf 76' lang='lat' dir='ltr'>autem</span> <span class='ocrx_word' id='word_1_194' title='bbox 1379 2862 1530 2932; x_wconf 91' lang='lat' dir='ltr'>quod</span> <span class='ocrx_word' id='word_1_195' title='bbox 1562 2861 1733 2915; x_wconf 87' lang='lat' dir='ltr'>absit!</span> <span class='ocrx_word' id='word_1_196' title='bbox 1771 2866 1811 2922; x_wconf 87' lang='lat' dir='ltr'>C</span> 
     </span>
    </p>
   </div>
   <div class='ocr_carea' id='block_1_32' title="bbox 105 2945 1738 3019">
    <p class='ocr_par' dir='ltr' id='par_1_32' title="bbox 105 2945 1738 3019">
     <span class='ocr_line' id='line_1_32' title="bbox 105 2945 1738 3019; baseline 0.001 -21"><span class='ocrx_word' id='word_1_197' title='bbox 105 2945 177 2999; x_wconf 88' lang='lat' dir='ltr'>hoc</span> <span class='ocrx_word' id='word_1_198' title='bbox 213 2955 400 3003; x_wconf 70' lang='lat' dir='ltr'>nostra:</span> <span class='ocrx_word' id='word_1_199' title='bbox 445 2949 781 3003; x_wconf 86' lang='lat' dir='ltr'>donacionis</span> <span class='ocrx_word' id='word_1_200' title='bbox 810 2954 1161 3019; x_wconf 74' lang='lat' dir='ltr'>praeceptum</span> <span class='ocrx_word' id='word_1_201' title='bbox 1202 2949 1516 3017; x_wconf 87' lang='lat' dir='ltr'>infringere</span> <span class='ocrx_word' id='word_1_202' title='bbox 1567 2965 1738 3001; x_wconf 87' lang='lat' dir='ltr'>ausus</span> 
     </span>
    </p>
   </div>
   <div class='ocr_carea' id='block_1_33' title="bbox 102 3034 1734 3107">
    <p class='ocr_par' dir='ltr' id='par_1_33' title="bbox 102 3034 1734 3107">
     <span class='ocr_line' id='line_1_33' title="bbox 102 3034 1734 3107; baseline 0.002 -22"><span class='ocrx_word' id='word_1_203' title='bbox 102 3034 246 3101; x_wconf 78' lang='lat' dir='ltr'>fuerit,</span> <span class='ocrx_word' id='word_1_204' title='bbox 265 3044 479 3092; x_wconf 87' lang='lat' dir='ltr'>centum</span> <span class='ocrx_word' id='word_1_205' title='bbox 514 3039 687 3092; x_wconf 90' lang='lat' dir='ltr'>libras</span> <span class='ocrx_word' id='word_1_206' title='bbox 714 3038 837 3091; x_wconf 88' lang='lat' dir='ltr'>auri</span> <span class='ocrx_word' id='word_1_207' title='bbox 859 3039 1161 3107; x_wconf 87' lang='lat' dir='ltr'>persolvat,</span> <span class='ocrx_word' id='word_1_208' title='bbox 1184 3054 1215 3091; x_wconf 88' lang='lat' dir='ltr'><strong>L</strong></span> <span class='ocrx_word' id='word_1_209' title='bbox 1246 3037 1429 3091; x_wconf 85' lang='lat' dir='ltr'>eidem</span> <span class='ocrx_word' id='word_1_210' title='bbox 1464 3036 1734 3103; x_wconf 66' lang='lat' dir='ltr'>ecclesiae,</span> 
     </span>
    </p>
   </div>
   <div class='ocr_carea' id='block_1_34' title="bbox 104 3125 1739 3194">
    <p class='ocr_par' dir='ltr' id='par_1_34' title="bbox 104 3125 1739 3194">
     <span class='ocr_line' id='line_1_34' title="bbox 104 3125 1739 3194; baseline 0.002 -21"><span class='ocrx_word' id='word_1_211' title='bbox 104 3128 141 3174; x_wconf 87' lang='lat' dir='ltr'>et</span> <span class='ocrx_word' id='word_1_212' title='bbox 175 3141 198 3176; x_wconf 85' lang='lat' dir='ltr'><strong>L</strong></span> <span class='ocrx_word' id='word_1_213' title='bbox 250 3132 441 3181; x_wconf 67' lang='lat' dir='ltr'>nostra:</span> <span class='ocrx_word' id='word_1_214' title='bbox 499 3143 767 3181; x_wconf 86' lang='lat' dir='ltr'>camerae.</span> <span class='ocrx_word' id='word_1_215' title='bbox 832 3127 897 3180; x_wconf 88' lang='lat' dir='ltr'>Et</span> <span class='ocrx_word' id='word_1_216' title='bbox 949 3130 1015 3179; x_wconf 88' lang='lat' dir='ltr'>ut</span> <span class='ocrx_word' id='word_1_217' title='bbox 1062 3126 1183 3179; x_wconf 70' lang='lat' dir='ltr'>htBC</span> <span class='ocrx_word' id='word_1_218' title='bbox 1227 3131 1434 3179; x_wconf 77' lang='lat' dir='ltr'>nostrae</span> <span class='ocrx_word' id='word_1_219' title='bbox 1470 3125 1739 3194; x_wconf 88' lang='lat' dir='ltr'>largicio—</span> 
     </span>
    </p>
   </div>
   <div class='ocr_carea' id='block_1_35' title="bbox 104 3211 1740 3283">
    <p class='ocr_par' dir='ltr' id='par_1_35' title="bbox 104 3211 1740 3283">
     <span class='ocr_line' id='line_1_35' title="bbox 104 3211 1740 3283; baseline 0.003 -22"><span class='ocrx_word' id='word_1_220' title='bbox 104 3211 164 3262; x_wconf 86' lang='lat' dir='ltr'>nis</span> <span class='ocrx_word' id='word_1_221' title='bbox 202 3215 480 3269; x_wconf 87' lang='lat' dir='ltr'>auctoritas</span> <span class='ocrx_word' id='word_1_222' title='bbox 534 3216 707 3269; x_wconf 86' lang='lat' dir='ltr'>ﬁrma</span> <span class='ocrx_word' id='word_1_223' title='bbox 763 3218 818 3269; x_wconf 91' lang='lat' dir='ltr'>et</span> <span class='ocrx_word' id='word_1_224' title='bbox 847 3215 1178 3268; x_wconf 88' lang='lat' dir='ltr'>inconvulsa</span> <span class='ocrx_word' id='word_1_225' title='bbox 1234 3218 1583 3283; x_wconf 89' lang='lat' dir='ltr'>permaneat,</span> <span class='ocrx_word' id='word_1_226' title='bbox 1636 3214 1740 3266; x_wconf 90' lang='lat' dir='ltr'>hoc</span> 
     </span>
    </p>
   </div>
   <div class='ocr_carea' id='block_1_36' title="bbox 104 3302 1741 3373">
    <p class='ocr_par' dir='ltr' id='par_1_36' title="bbox 104 3302 1741 3373">
     <span class='ocr_line' id='line_1_36' title="bbox 104 3302 1741 3373; baseline 0.001 -20"><span class='ocrx_word' id='word_1_227' title='bbox 104 3308 395 3371; x_wconf 67' lang='lat' dir='ltr'>praeceptum</span> <span class='ocrx_word' id='word_1_228' title='bbox 449 3303 590 3357; x_wconf 90' lang='lat' dir='ltr'>inde</span> <span class='ocrx_word' id='word_1_229' title='bbox 650 3302 1034 3373; x_wconf 90' lang='lat' dir='ltr'>conscriptum</span> <span class='ocrx_word' id='word_1_230' title='bbox 1082 3318 1255 3355; x_wconf 89' lang='lat' dir='ltr'>manu</span> <span class='ocrx_word' id='word_1_231' title='bbox 1287 3302 1518 3372; x_wconf 90' lang='lat' dir='ltr'>propria</span> <span class='ocrx_word' id='word_1_232' title='bbox 1547 3317 1741 3355; x_wconf 90' lang='lat' dir='ltr'>corro-</span> 
     </span>
    </p>
   </div>
   <div class='ocr_carea' id='block_1_37' title="bbox 103 3386 1362 3461">
    <p class='ocr_par' dir='ltr' id='par_1_37' title="bbox 103 3386 1362 3461">
     <span class='ocr_line' id='line_1_37' title="bbox 103 3386 1362 3461; baseline 0.005 -24"><span class='ocrx_word' id='word_1_233' title='bbox 103 3386 313 3445; x_wconf 82' lang='lat' dir='ltr'>borantes</span> <span class='ocrx_word' id='word_1_234' title='bbox 336 3392 519 3461; x_wconf 88' lang='lat' dir='ltr'>sigillo</span> <span class='ocrx_word' id='word_1_235' title='bbox 546 3396 747 3445; x_wconf 84' lang='lat' dir='ltr'>nostro</span> <span class='ocrx_word' id='word_1_236' title='bbox 769 3392 1048 3461; x_wconf 89' lang='lat' dir='ltr'>jussimus</span> <span class='ocrx_word' id='word_1_237' title='bbox 1078 3391 1362 3461; x_wconf 89' lang='lat' dir='ltr'>insigniri.</span> 
     </span>
    </p>
   </div>
   <div class='ocr_carea' id='block_1_38' title="bbox 150 3477 1741 3547">
    <p class='ocr_par' dir='ltr' id='par_1_38' title="bbox 150 3477 1741 3547">
     <span class='ocr_line' id='line_1_38' title="bbox 150 3477 1741 3547; baseline 0 -16"><span class='ocrx_word' id='word_1_238' title='bbox 150 3477 343 3544; x_wconf 76' lang='lat' dir='ltr'>Signum</span> <span class='ocrx_word' id='word_1_239' title='bbox 392 3480 637 3535; x_wconf 77' lang='lat' dir='ltr'>Henrici</span> <span class='ocrx_word' id='word_1_240' title='bbox 687 3481 1055 3534; x_wconf 87' lang='lat' dir='ltr'>Romanorum</span> <span class='ocrx_word' id='word_1_241' title='bbox 1114 3480 1462 3533; x_wconf 77' lang='lat' dir='ltr'>invictissimi</span> <span class='ocrx_word' id='word_1_242' title='bbox 1509 3478 1590 3545; x_wconf 88' lang='lat' dir='ltr'>(L.</span> <span class='ocrx_word' id='word_1_243' title='bbox 1649 3477 1741 3547; x_wconf 85' lang='grc' dir='ltr'>Μ.)</span> 
     </span>
    </p>
   </div>
   <div class='ocr_carea' id='block_1_39' title="bbox 102 3564 409 3631">
    <p class='ocr_par' dir='ltr' id='par_1_39' title="bbox 102 3564 409 3631">
     <span class='ocr_line' id='line_1_39' title="bbox 102 3564 409 3631; baseline 0.023 -16"><span class='ocrx_word' id='word_1_244' title='bbox 102 3564 409 3631; x_wconf 75' lang='lat' dir='ltr'>imperatoris.</span> 
     </span>
    </p>
   </div>
   <div class='ocr_carea' id='block_1_40' title="bbox 149 3653 1743 3710">
    <p class='ocr_par' dir='ltr' id='par_1_40' title="bbox 149 3653 1743 3710">
     <span class='ocr_line' id='line_1_40' title="bbox 149 3653 1743 3710; baseline 0.001 -5"><span class='ocrx_word' id='word_1_245' title='bbox 149 3654 460 3709; x_wconf 88' lang='lat' dir='ltr'>Guntherius</span> <span class='ocrx_word' id='word_1_246' title='bbox 527 3655 902 3710; x_wconf 86' lang='lat' dir='ltr'>cancellarius</span> <span class='ocrx_word' id='word_1_247' title='bbox 954 3654 1075 3709; x_wconf 91' lang='lat' dir='ltr'>vice</span> <span class='ocrx_word' id='word_1_248' title='bbox 1131 3654 1489 3709; x_wconf 89' lang='lat' dir='ltr'>Ercambaldi</span> <span class='ocrx_word' id='word_1_249' title='bbox 1561 3653 1743 3707; x_wconf 90' lang='lat' dir='ltr'>archi-</span> 
     </span>
    </p>
   </div>
   <div class='ocr_carea' id='block_1_41' title="bbox 102 3743 704 3816">
    <p class='ocr_par' dir='ltr' id='par_1_41' title="bbox 102 3743 704 3816">
     <span class='ocr_line' id='line_1_41' title="bbox 102 3743 704 3816; baseline 0.01 -26"><span class='ocrx_word' id='word_1_250' title='bbox 102 3743 326 3808; x_wconf 85' lang='lat' dir='ltr'>capellani</span> <span class='ocrx_word' id='word_1_251' title='bbox 348 3744 704 3816; x_wconf 89' lang='lat' dir='ltr'>recognovit.</span> 
     </span>
    </p>
   </div>
   <div class='ocr_carea' id='block_1_42' title="bbox 151 3829 1747 3899">
    <p class='ocr_par' dir='ltr' id='par_1_42' title="bbox 151 3829 1747 3899">
     <span class='ocr_line' id='line_1_42' title="bbox 151 3829 1747 3899; baseline 0.001 -18"><span class='ocrx_word' id='word_1_252' title='bbox 151 3829 263 3884; x_wconf 86' lang='lat' dir='ltr'>Data</span> <span class='ocrx_word' id='word_1_253' title='bbox 290 3849 339 3886; x_wconf 86' lang='lat' dir='ltr'>Iv</span> <span class='ocrx_word' id='word_1_254' title='bbox 368 3834 499 3887; x_wconf 87' lang='lat' dir='ltr'>Idus</span> <span class='ocrx_word' id='word_1_255' title='bbox 540 3832 1039 3899; x_wconf 73' lang='lat' dir='ltr'>Jan.,.indictione</span> <span class='ocrx_word' id='word_1_256' title='bbox 1070 3848 1191 3897; x_wconf 84' lang='lat' dir='ltr'>xm,</span> <span class='ocrx_word' id='word_1_257' title='bbox 1246 3848 1399 3885; x_wconf 89' lang='lat' dir='ltr'>anno</span> <span class='ocrx_word' id='word_1_258' title='bbox 1438 3829 1747 3885; x_wconf 81' lang='lat' dir='ltr'>Dominicaa</span> 
     </span>
    </p>
   </div>
   <div class='ocr_carea' id='block_1_43' title="bbox 101 3915 1748 3985">
    <p class='ocr_par' dir='ltr' id='par_1_43' title="bbox 101 3915 1748 3985">
     <span class='ocr_line' id='line_1_43' title="bbox 101 3915 1748 3985; baseline 0.004 -20"><span class='ocrx_word' id='word_1_259' title='bbox 101 3915 457 3974; x_wconf 81' lang='lat' dir='ltr'>incarnationis</span> <span class='ocrx_word' id='word_1_260' title='bbox 550 3924 711 3985; x_wconf 80' lang='grc'>1016,</span> <span class='ocrx_word' id='word_1_261' title='bbox 795 3937 945 3974; x_wconf 91' lang='lat' dir='ltr'>anno</span> <span class='ocrx_word' id='word_1_262' title='bbox 1019 3936 1152 3974; x_wconf 87' lang='lat' dir='ltr'>vero</span> <span class='ocrx_word' id='word_1_263' title='bbox 1238 3919 1435 3974; x_wconf 88' lang='lat' dir='ltr'>domni</span> <span class='ocrx_word' id='word_1_264' title='bbox 1502 3918 1748 3972; x_wconf 86' lang='lat' dir='ltr'>Heinrici</span> 
     </span>
    </p>
   </div>
   <div class='ocr_carea' id='block_1_44' title="bbox 104 4007 1318 4079">
    <p class='ocr_par' dir='ltr' id='par_1_44' title="bbox 104 4007 1318 4079">
     <span class='ocr_line' id='line_1_44' title="bbox 104 4007 1318 4079; baseline 0.007 -26"><span class='ocrx_word' id='word_1_265' title='bbox 104 4007 287 4061; x_wconf 83' lang='lat' dir='ltr'>secundi</span> <span class='ocrx_word' id='word_1_266' title='bbox 318 4010 617 4079; x_wconf 86' lang='lat' dir='ltr'>regnantis</span> <span class='ocrx_word' id='word_1_267' title='bbox 645 4025 758 4075; x_wconf 77' lang='lat' dir='ltr'>XIV,</span> <span class='ocrx_word' id='word_1_268' title='bbox 790 4008 1020 4079; x_wconf 90' lang='lat' dir='ltr'>imperii</span> <span class='ocrx_word' id='word_1_269' title='bbox 1050 4012 1240 4062; x_wconf 88' lang='lat' dir='ltr'>autem</span> <span class='ocrx_word' id='word_1_270' title='bbox 1261 4025 1318 4062; x_wconf 89' lang='grc' dir='ltr'>ιι.</span> 
     </span>
    </p>
   </div>
   <div class='ocr_carea' id='block_1_45' title="bbox 152 4096 1265 4152">
    <p class='ocr_par' dir='ltr' id='par_1_45' title="bbox 152 4096 1265 4152">
     <span class='ocr_line' id='line_1_45' title="bbox 152 4096 1265 4152; baseline 0.004 -7"><span class='ocrx_word' id='word_1_271' title='bbox 152 4097 320 4150; x_wconf 86' lang='lat' dir='ltr'>Actum</span> <span class='ocrx_word' id='word_1_272' title='bbox 347 4097 744 4152; x_wconf 85' lang='lat' dir='ltr'>Drodmannia</span> <span class='ocrx_word' id='word_1_273' title='bbox 775 4096 1035 4150; x_wconf 88' lang='lat' dir='ltr'>feliciter.</span> <span class='ocrx_word' id='word_1_274' title='bbox 1064 4100 1265 4150; x_wconf 84' lang='lat' dir='ltr'>Amen.</span> 
     </span>
    </p>
   </div>
   <div class='ocr_carea' id='block_1_46' title="bbox 812 4201 994 4254">
    <p class='ocr_par' dir='ltr' id='par_1_46' title="bbox 812 4201 994 4254">
     <span class='ocr_line' id='line_1_46' title="bbox 812 4201 994 4254; baseline -0.005 0"><span class='ocrx_word' id='word_1_275' title='bbox 812 4201 994 4254; x_wconf 85' lang='lat' dir='ltr'>XCIII.</span> 
     </span>
    </p>
   </div>
   <div class='ocr_carea' id='block_1_47' title="bbox 151 4286 1758 4413">
    <p class='ocr_par' dir='ltr' id='par_1_47' title="bbox 151 4286 1758 4413">
     <span class='ocr_line' id='line_1_47' title="bbox 151 4286 1758 4413; baseline 0.001 -71"><span class='ocrx_word' id='word_1_276' title='bbox 151 4286 199 4337; x_wconf 90' lang='lat' dir='ltr'>S.</span> <span class='ocrx_word' id='word_1_277' title='bbox 226 4289 491 4345; x_wconf 83' lang='lat' dir='ltr'>Henricus</span> <span class='ocrx_word' id='word_1_278' title='bbox 512 4290 765 4345; x_wconf 69' lang='lat' dir='ltr'>Ecclesia.v</span> <span class='ocrx_word' id='word_1_279' title='bbox 781 4288 1252 4413; x_wconf 55' lang='lat' dir='ltr'>(Padcz&#39;bornensis</span> <span class='ocrx_word' id='word_1_280' title='bbox 1276 4293 1479 4343; x_wconf 85' lang='lat' dir='ltr'>curtem</span> <span class='ocrx_word' id='word_1_281' title='bbox 1499 4292 1758 4357; x_wconf 79' lang='lat' dir='ltr'>Maranga</span> 
     </span>
     <span class='ocr_line' id='line_1_48' title="bbox 800 4375 1036 4413; baseline 0 -1"><span class='ocrx_word' id='word_1_282' title='bbox 800 4375 924 4413; x_wconf 81' lang='lat' dir='ltr'>araz</span> <span class='ocrx_word' id='word_1_283' title='bbox 952 4376 1036 4412; x_wconf 86' lang='lat' dir='ltr'>ur.</span> 
     </span>
    </p>
   </div>
   <div class='ocr_carea' id='block_1_48' title="bbox 800 4375 1036 4427">
    <p class='ocr_par' dir='ltr' id='par_1_48' title="bbox 800 4375 1036 4427">
     <span class='ocr_line' id='line_1_49' title="bbox 800 4375 1036 4427; baseline 0 -15"><span class='ocrx_word' id='word_1_284' title='bbox 800 4375 1036 4427; x_wconf 77' lang='lat' dir='ltr'>arguar.</span> 
     </span>
    </p>
   </div>
   <div class='ocr_carea' id='block_1_49' title="bbox 714 4446 1109 4517">
    <p class='ocr_par' dir='ltr' id='par_1_49' title="bbox 714 4446 1109 4517">
     <span class='ocr_line' id='line_1_50' title="bbox 714 4446 1109 4517; baseline -0.005 -16"><span class='ocrx_word' id='word_1_285' title='bbox 714 4450 896 4511; x_wconf 81' lang='lat' dir='ltr'>(Anno</span> <span class='ocrx_word' id='word_1_286' title='bbox 934 4446 1109 4517; x_wconf 83' lang='lat' dir='ltr'>lOl6.)</span> 
     </span>
    </p>
   </div>
   <div class='ocr_carea' id='block_1_50' title="bbox 304 4534 1510 4607">
    <p class='ocr_par' dir='ltr' id='par_1_50' title="bbox 304 4534 1510 4607">
     <span class='ocr_line' id='line_1_51' title="bbox 304 4534 1510 4607; baseline -0.002 -16"><span class='ocrx_word' id='word_1_287' title='bbox 304 4534 459 4607; x_wconf 75' lang='grc' dir='ltr'>[ϐοά.</span> <span class='ocrx_word' id='word_1_288' title='bbox 514 4536 743 4605; x_wconf 85' lang='lat' dir='ltr'>diplom.</span> <span class='ocrx_word' id='word_1_289' title='bbox 794 4537 936 4589; x_wconf 85' lang='lat' dir='ltr'>Hist.</span> <span class='ocrx_word' id='word_1_290' title='bbox 984 4535 1252 4603; x_wconf 83' lang='lat' dir='ltr'>Westph.,</span> <span class='ocrx_word' id='word_1_291' title='bbox 1285 4551 1345 4605; x_wconf 91' lang='lat' dir='ltr'>p.</span> <span class='ocrx_word' id='word_1_292' title='bbox 1396 4534 1510 4606; x_wconf 78' lang='lat'>72.]</span> 
     </span>
    </p>
   </div>
   <div class='ocr_carea' id='block_1_51' title="bbox 154 4620 1761 4689">
    <p class='ocr_par' dir='ltr' id='par_1_51' title="bbox 154 4620 1761 4689">
     <span class='ocr_line' id='line_1_52' title="bbox 154 4620 1761 4689; baseline 0.001 -17"><span class='ocrx_word' id='word_1_293' title='bbox 154 4620 199 4673; x_wconf 71' lang='grc' dir='ltr'>(Ζ.</span> <span class='ocrx_word' id='word_1_294' title='bbox 249 4623 307 4676; x_wconf 92' lang='lat' dir='ltr'>In</span> <span class='ocrx_word' id='word_1_295' title='bbox 362 4624 607 4678; x_wconf 88' lang='lat' dir='ltr'>nomine</span> <span class='ocrx_word' id='word_1_296' title='bbox 665 4626 876 4676; x_wconf 64' lang='lat' dir='ltr'>sancta:</span> <span class='ocrx_word' id='word_1_297' title='bbox 947 4626 1004 4675; x_wconf 90' lang='lat' dir='ltr'>et</span> <span class='ocrx_word' id='word_1_298' title='bbox 1065 4621 1381 4676; x_wconf 70' lang='lat' dir='ltr'>individua:</span> <span class='ocrx_word' id='word_1_299' title='bbox 1447 4621 1761 4689; x_wconf 88' lang='lat' dir='ltr'>Trinitatis,</span> 
     </span>
    </p>
   </div>
   <div class='ocr_carea' id='block_1_52' title="bbox 107 4703 1765 4766">
    <p class='ocr_par' dir='ltr' id='par_1_52' title="bbox 107 4703 1765 4766">
     <span class='ocr_line' id='line_1_53' title="bbox 107 4703 1765 4766; baseline 0.004 -11"><span class='ocrx_word' id='word_1_300' title='bbox 107 4703 360 4765; x_wconf 75' lang='lat' dir='ltr'>Hmmccs</span> <span class='ocrx_word' id='word_1_301' title='bbox 427 4712 629 4766; x_wconf 88' lang='lat' dir='ltr'>divina</span> <span class='ocrx_word' id='word_1_302' title='bbox 702 4711 925 4764; x_wconf 87' lang='lat' dir='ltr'>favente</span> <span class='ocrx_word' id='word_1_303' title='bbox 995 4710 1299 4764; x_wconf 89' lang='lat' dir='ltr'>clementia</span> <span class='ocrx_word' id='word_1_304' title='bbox 1371 4710 1765 4763; x_wconf 86' lang='lat' dir='ltr'>Romanorum</span> 
     </span>
    </p>
   </div>
   <div class='ocr_carea' id='block_1_53' title="bbox 105 4789 720 4869">
    <p class='ocr_par' dir='ltr' id='par_1_53' title="bbox 105 4789 720 4869">
     <span class='ocr_line' id='line_1_54' title="bbox 105 4789 720 4869; baseline 0.007 -23"><span class='ocrx_word' id='word_1_305' title='bbox 105 4789 369 4863; x_wconf 85' lang='lat' dir='ltr'>imperator</span> <span class='ocrx_word' id='word_1_306' title='bbox 400 4802 720 4869; x_wconf 80' lang='lat' dir='ltr'>Augustus.</span> 
     </span>
    </p>
   </div>
   <div class='ocr_carea' id='block_1_54' title="bbox 155 4876 1768 4955">
    <p class='ocr_par' dir='ltr' id='par_1_54' title="bbox 155 4876 1768 4955">
     <span class='ocr_line' id='line_1_55' title="bbox 155 4876 1768 4955; baseline -0.001 -19"><span class='ocrx_word' id='word_1_307' title='bbox 155 4883 404 4941; x_wconf 83' lang='lat' dir='ltr'>Ecclesias</span> <span class='ocrx_word' id='word_1_308' title='bbox 426 4887 646 4943; x_wconf 87' lang='lat' dir='ltr'>Christi</span> <span class='ocrx_word' id='word_1_309' title='bbox 678 4885 953 4955; x_wconf 87' lang='lat' dir='ltr'>ampliare</span> <span class='ocrx_word' id='word_1_310' title='bbox 981 4876 1391 4955; x_wconf 84' lang='lat' dir='ltr'>servorumque</span> <span class='ocrx_word' id='word_1_311' title='bbox 1422 4884 1542 4954; x_wconf 82' lang='lat' dir='ltr'>ejus</span> <span class='ocrx_word' id='word_1_312' title='bbox 1566 4899 1768 4937; x_wconf 90' lang='lat' dir='ltr'>neces-</span> 
     </span>
    </p>
   </div>
   <div class='ocr_carea' id='block_1_55' title="bbox 106 4968 1771 5045">
    <p class='ocr_par' dir='ltr' id='par_1_55' title="bbox 106 4968 1771 5045">
     <span class='ocr_line' id='line_1_56' title="bbox 106 4968 1771 5045; baseline 0.002 -25"><span class='ocrx_word' id='word_1_313' title='bbox 106 4968 315 5027; x_wconf 81' lang='lat' dir='ltr'>sitatibus</span> <span class='ocrx_word' id='word_1_314' title='bbox 371 4976 466 5045; x_wconf 88' lang='lat' dir='ltr'>pie</span> <span class='ocrx_word' id='word_1_315' title='bbox 543 4990 614 5027; x_wconf 89' lang='lat' dir='ltr'>ac</span> <span class='ocrx_word' id='word_1_316' title='bbox 692 4974 1003 5027; x_wconf 89' lang='lat' dir='ltr'>clementer</span> <span class='ocrx_word' id='word_1_317' title='bbox 1078 4973 1383 5027; x_wconf 91' lang='lat' dir='ltr'>subvenire</span> <span class='ocrx_word' id='word_1_318' title='bbox 1457 4972 1771 5041; x_wconf 85' lang='lat' dir='ltr'>imperialis</span> 
     </span>
    </p>
   </div>
   <div class='ocr_carea' id='block_1_56' title="bbox 108 5058 1771 5132">
    <p class='ocr_par' dir='ltr' id='par_1_56' title="bbox 108 5058 1771 5132">
     <span class='ocr_line' id='line_1_57' title="bbox 108 5058 1771 5132; baseline -0.001 -19"><span class='ocrx_word' id='word_1_319' title='bbox 108 5062 439 5121; x_wconf 76' lang='lat' dir='ltr'>promotionis</span> <span class='ocrx_word' id='word_1_320' title='bbox 462 5063 612 5116; x_wconf 86' lang='lat' dir='ltr'>ordo</span> <span class='ocrx_word' id='word_1_321' title='bbox 641 5061 915 5132; x_wconf 80' lang='lat' dir='ltr'>deposcit.</span> <span class='ocrx_word' id='word_1_322' title='bbox 974 5061 1220 5115; x_wconf 90' lang='lat' dir='ltr'>Proinde</span> <span class='ocrx_word' id='word_1_323' title='bbox 1267 5060 1525 5114; x_wconf 82' lang='lat' dir='ltr'>fidelium</span> <span class='ocrx_word' id='word_1_324' title='bbox 1567 5058 1771 5113; x_wconf 84' lang='lat' dir='ltr'>Christi</span> 
     </span>
    </p>
   </div>
   <div class='ocr_carea' id='block_1_57' title="bbox 108 5149 1770 5223">
    <p class='ocr_par' dir='ltr' id='par_1_57' title="bbox 108 5149 1770 5223">
     <span class='ocr_line' id='line_1_58' title="bbox 108 5149 1770 5223; baseline 0.003 -28"><span class='ocrx_word' id='word_1_325' title='bbox 108 5151 282 5204; x_wconf 81' lang='lat' dir='ltr'>noverit</span> <span class='ocrx_word' id='word_1_326' title='bbox 325 5151 626 5223; x_wconf 88' lang='lat' dir='ltr'>industria</span> <span class='ocrx_word' id='word_1_327' title='bbox 674 5150 937 5221; x_wconf 89' lang='lat' dir='ltr'>qualiter,</span> <span class='ocrx_word' id='word_1_328' title='bbox 978 5149 1171 5204; x_wconf 87' lang='lat' dir='ltr'>divino</span> <span class='ocrx_word' id='word_1_329' title='bbox 1226 5149 1499 5202; x_wconf 90' lang='lat' dir='ltr'>instinctu</span> <span class='ocrx_word' id='word_1_330' title='bbox 1548 5164 1770 5201; x_wconf 88' lang='lat' dir='ltr'>ammo-</span> 
     </span>
    </p>
   </div>
   <div class='ocr_carea' id='block_1_58' title="bbox 112 5235 1773 5307">
    <p class='ocr_par' dir='ltr' id='par_1_58' title="bbox 112 5235 1773 5307">
     <span class='ocr_line' id='line_1_59' title="bbox 112 5235 1773 5307; baseline 0.004 -25"><span class='ocrx_word' id='word_1_331' title='bbox 112 5235 203 5299; x_wconf 88' lang='lat' dir='ltr'>niti,</span> <span class='ocrx_word' id='word_1_332' title='bbox 255 5245 308 5292; x_wconf 89' lang='lat' dir='ltr'>et</span> <span class='ocrx_word' id='word_1_333' title='bbox 380 5242 718 5293; x_wconf 87' lang='lat' dir='ltr'>interventu</span> <span class='ocrx_word' id='word_1_334' title='bbox 784 5239 1169 5293; x_wconf 62' lang='lat' dir='ltr'>dilectissimus</span> <span class='ocrx_word' id='word_1_335' title='bbox 1242 5238 1504 5307; x_wconf 89' lang='lat' dir='ltr'>conjugis</span> <span class='ocrx_word' id='word_1_336' title='bbox 1562 5241 1773 5289; x_wconf 76' lang='lat' dir='ltr'>nostrae</span> 
     </span>
    </p>
   </div>
   <div class='ocr_carea' id='block_1_59' title="bbox 115 5320 1773 5398">
    <p class='ocr_par' dir='ltr' id='par_1_59' title="bbox 115 5320 1773 5398">
     <span class='ocr_line' id='line_1_60' title="bbox 115 5320 1773 5398; baseline 0.001 -25"><span class='ocrx_word' id='word_1_337' title='bbox 115 5320 423 5396; x_wconf 67' lang='lat' dir='ltr'>Cunigundm</span> <span class='ocrx_word' id='word_1_338' title='bbox 470 5327 861 5398; x_wconf 84' lang='lat' dir='ltr'>imperatricis</span> <span class='ocrx_word' id='word_1_339' title='bbox 890 5330 1181 5397; x_wconf 67' lang='lat' dir='ltr'>Augustin,</span> <span class='ocrx_word' id='word_1_340' title='bbox 1241 5325 1384 5379; x_wconf 89' lang='lat' dir='ltr'>inid</span> <span class='ocrx_word' id='word_1_341' title='bbox 1431 5327 1621 5395; x_wconf 88' lang='lat' dir='ltr'>ipsum</span> <span class='ocrx_word' id='word_1_342' title='bbox 1659 5324 1773 5376; x_wconf 86' lang='lat' dir='ltr'>fra-</span> 
     </span>
    </p>
   </div>
   <div class='ocr_carea' id='block_1_60' title="bbox 115 5408 1776 5469">
    <p class='ocr_par' dir='ltr' id='par_1_60' title="bbox 115 5408 1776 5469">
     <span class='ocr_line' id='line_1_61' title="bbox 115 5408 1776 5469; baseline 0.002 -11"><span class='ocrx_word' id='word_1_343' title='bbox 115 5414 241 5465; x_wconf 82' lang='lat' dir='ltr'>terna</span> <span class='ocrx_word' id='word_1_344' title='bbox 281 5416 513 5469; x_wconf 84' lang='lat' dir='ltr'>caritate</span> <span class='ocrx_word' id='word_1_345' title='bbox 566 5413 1053 5468; x_wconf 80' lang='lat' dir='ltr'>collaborantibus</span> <span class='ocrx_word' id='word_1_346' title='bbox 1098 5411 1395 5467; x_wconf 84' lang='lat' dir='ltr'>Heriberto</span> <span class='ocrx_word' id='word_1_347' title='bbox 1453 5408 1776 5465; x_wconf 87' lang='lat' dir='ltr'>Coloniensi</span> 
     </span>
    </p>
   </div>
   <div class='ocr_carea' id='block_1_61' title="bbox 435 5516 959 5586">
    <p class='ocr_par' dir='ltr' id='par_1_61' title="bbox 435 5516 959 5586">
     <span class='ocr_line' id='line_1_62' title="bbox 435 5516 959 5586; baseline -0.008 0"><span class='ocrx_word' id='word_1_348' title='bbox 435 5520 729 5586; x_wconf 64' lang='lat' dir='ltr'>Parnm.</span> <span class='ocrx_word' id='word_1_349' title='bbox 782 5516 959 5583; x_wconf 88' lang='lat' dir='ltr'>CXL.</span> 
     </span>
    </p>
   </div>
   <div class='ocr_carea' id='block_1_62' title="bbox 1792 4147 1835 4199">
    <p class='ocr_par' dir='ltr' id='par_1_62' title="bbox 1792 4147 1835 4199">
     <span class='ocr_line' id='line_1_63' title="bbox 1792 4147 1835 4199; baseline 0 0"><span class='ocrx_word' id='word_1_350' title='bbox 1792 4147 1835 4199; x_wconf 79' lang='grc' dir='ltr'>ι)</span> 
     </span>
    </p>
   </div>
   <div class='ocr_carea' id='block_1_63' title="bbox 1282 189 2279 248">
    <p class='ocr_par' dir='ltr' id='par_1_63' title="bbox 1282 189 2279 248">
     <span class='ocr_line' id='line_1_64' title="bbox 1282 189 2279 248; baseline 0.003 -6"><span class='ocrx_word' id='word_1_351' title='bbox 1282 189 1675 246; x_wconf 82' lang='lat' dir='ltr'>DIPLOMATA</span> <span class='ocrx_word' id='word_1_352' title='bbox 1715 190 2279 248; x_wconf 80' lang='lat' dir='ltr'>ECCLESIASTICA.</span> 
     </span>
    </p>
   </div>
   <div class='ocr_carea' id='block_1_64' title="bbox 3434 201 3540 254">
    <p class='ocr_par' dir='ltr' id='par_1_64' title="bbox 3434 201 3540 254">
     <span class='ocr_line' id='line_1_65' title="bbox 3434 201 3540 254; baseline 0.009 -1"><span class='ocrx_word' id='word_1_353' title='bbox 3434 201 3540 254; x_wconf 85' lang='lat'>330</span> 
     </span>
    </p>
   </div>
   <div class='ocr_carea' id='block_1_65' title="bbox 1845 313 3535 387">
    <p class='ocr_par' dir='ltr' id='par_1_65' title="bbox 1845 313 3535 387">
     <span class='ocr_line' id='line_1_66' title="bbox 1845 313 3535 387; baseline 0.005 -22"><span class='ocrx_word' id='word_1_354' title='bbox 1845 313 2273 381; x_wconf 87' lang='lat' dir='ltr'>archiepiscopo</span> <span class='ocrx_word' id='word_1_355' title='bbox 2307 353 2321 377; x_wconf 89' lang='lat'>,</span> <span class='ocrx_word' id='word_1_356' title='bbox 2422 314 2735 367; x_wconf 84' lang='lat' dir='ltr'>Theoderio</span> <span class='ocrx_word' id='word_1_357' title='bbox 2772 355 2786 382; x_wconf 94' lang='lat'>,</span> <span class='ocrx_word' id='word_1_358' title='bbox 2881 315 3491 383; x_wconf 79' lang='lat' dir='ltr'>Mimegardevordensi</span> <span class='ocrx_word' id='word_1_359' title='bbox 3522 362 3535 387; x_wconf 91' lang='lat'>,</span> 
     </span>
    </p>
   </div>
   <div class='ocr_carea' id='block_1_66' title="bbox 1840 402 3544 476">
    <p class='ocr_par' dir='ltr' id='par_1_66' title="bbox 1840 402 3544 476">
     <span class='ocr_line' id='line_1_67' title="bbox 1840 402 3544 476; baseline 0.002 -22"><span class='ocrx_word' id='word_1_360' title='bbox 1840 402 2152 454; x_wconf 85' lang='lat' dir='ltr'>Adelbaldo</span> <span class='ocrx_word' id='word_1_361' title='bbox 2200 402 2564 469; x_wconf 83' lang='lat' dir='ltr'>Trajectensi,</span> <span class='ocrx_word' id='word_1_362' title='bbox 2641 402 2987 455; x_wconf 87' lang='lat' dir='ltr'>Theoderico</span> <span class='ocrx_word' id='word_1_363' title='bbox 3065 404 3319 471; x_wconf 83' lang='lat' dir='ltr'>Metensi,</span> <span class='ocrx_word' id='word_1_364' title='bbox 3397 409 3544 476; x_wconf 76' lang='lat' dir='ltr'>Wig-</span> 
     </span>
    </p>
   </div>
   <div class='ocr_carea' id='block_1_67' title="bbox 1842 489 3538 560">
    <p class='ocr_par' dir='ltr' id='par_1_67' title="bbox 1842 489 3538 560">
     <span class='ocr_line' id='line_1_68' title="bbox 1842 489 3538 560; baseline 0.003 -19"><span class='ocrx_word' id='word_1_365' title='bbox 1842 506 1979 560; x_wconf 88' lang='lat' dir='ltr'>gero</span> <span class='ocrx_word' id='word_1_366' title='bbox 2033 489 2675 556; x_wconf 83' lang='lat' dir='ltr'>Verdensi,&#39;l‘hietmaro</span> <span class='ocrx_word' id='word_1_367' title='bbox 2708 491 3181 560; x_wconf 78' lang='lat' dir='ltr'>Ossenbrugeusi,</span> <span class='ocrx_word' id='word_1_368' title='bbox 3225 494 3379 545; x_wconf 86' lang='lat' dir='ltr'>Erico</span> <span class='ocrx_word' id='word_1_369' title='bbox 3428 498 3538 548; x_wconf 87' lang='lat' dir='ltr'>Ha-</span> 
     </span>
    </p>
   </div>
   <div class='ocr_carea' id='block_1_68' title="bbox 1843 578 3541 646">
    <p class='ocr_par' dir='ltr' id='par_1_68' title="bbox 1843 578 3541 646">
     <span class='ocr_line' id='line_1_69' title="bbox 1843 578 3541 646; baseline 0.004 -17"><span class='ocrx_word' id='word_1_370' title='bbox 1843 578 2220 646; x_wconf 87' lang='lat' dir='ltr'>velbergensi,</span> <span class='ocrx_word' id='word_1_371' title='bbox 2253 583 2459 631; x_wconf 69' lang='lat' dir='ltr'>sanctae</span> <span class='ocrx_word' id='word_1_372' title='bbox 2517 579 2999 631; x_wconf 83' lang='lat' dir='ltr'>Patherburnensi</span> <span class='ocrx_word' id='word_1_373' title='bbox 3047 582 3295 633; x_wconf 62' lang='lat' dir='ltr'>ecclesim</span> <span class='ocrx_word' id='word_1_374' title='bbox 3340 582 3399 634; x_wconf 91' lang='lat' dir='ltr'>in</span> <span class='ocrx_word' id='word_1_375' title='bbox 3432 584 3541 636; x_wconf 89' lang='lat' dir='ltr'>ho-</span> 
     </span>
    </p>
   </div>
   <div class='ocr_carea' id='block_1_69' title="bbox 1844 666 3543 738">
    <p class='ocr_par' dir='ltr' id='par_1_69' title="bbox 1844 666 3543 738">
     <span class='ocr_line' id='line_1_70' title="bbox 1844 666 3543 738; baseline 0.004 -20"><span class='ocrx_word' id='word_1_376' title='bbox 1844 681 2040 719; x_wconf 89' lang='lat' dir='ltr'>norem</span> <span class='ocrx_word' id='word_1_377' title='bbox 2072 672 2282 719; x_wconf 74' lang='lat' dir='ltr'>sanctae</span> <span class='ocrx_word' id='word_1_378' title='bbox 2319 666 2415 717; x_wconf 91' lang='lat' dir='ltr'>Dei</span> <span class='ocrx_word' id='word_1_379' title='bbox 2444 666 2736 735; x_wconf 89' lang='lat' dir='ltr'>genitricis</span> <span class='ocrx_word' id='word_1_380' title='bbox 2771 668 2956 719; x_wconf 74' lang='lat' dir='ltr'>Mariae</span> <span class='ocrx_word' id='word_1_381' title='bbox 3008 669 3299 738; x_wconf 88' lang='lat' dir='ltr'>sanctique</span> <span class='ocrx_word' id='word_1_382' title='bbox 3334 671 3543 724; x_wconf 83' lang='lat' dir='ltr'>Kiliani</span> 
     </span>
    </p>
   </div>
   <div class='ocr_carea' id='block_1_70' title="bbox 1844 754 3540 827">
    <p class='ocr_par' dir='ltr' id='par_1_70' title="bbox 1844 754 3540 827">
     <span class='ocr_line' id='line_1_71' title="bbox 1844 754 3540 827; baseline 0.002 -19"><span class='ocrx_word' id='word_1_383' title='bbox 1844 755 2109 824; x_wconf 84' lang='lat' dir='ltr'>martyris</span> <span class='ocrx_word' id='word_1_384' title='bbox 2162 760 2217 807; x_wconf 90' lang='lat' dir='ltr'>et</span> <span class='ocrx_word' id='word_1_385' title='bbox 2270 754 2447 807; x_wconf 85' lang='lat' dir='ltr'>sancti</span> <span class='ocrx_word' id='word_1_386' title='bbox 2508 754 2717 807; x_wconf 89' lang='lat' dir='ltr'>Liborii</span> <span class='ocrx_word' id='word_1_387' title='bbox 2788 756 3123 808; x_wconf 77' lang='lat' dir='ltr'>confessoris</span> <span class='ocrx_word' id='word_1_388' title='bbox 3183 763 3540 827; x_wconf 73' lang='lat' dir='ltr'>constructae,</span> 
     </span>
    </p>
   </div>
   <div class='ocr_carea' id='block_1_71' title="bbox 1844 843 3540 915">
    <p class='ocr_par' dir='ltr' id='par_1_71' title="bbox 1844 843 3540 915">
     <span class='ocr_line' id='line_1_72' title="bbox 1844 843 3540 915; baseline 0.002 -18"><span class='ocrx_word' id='word_1_389' title='bbox 1844 844 1935 897; x_wconf 93' lang='lat' dir='ltr'>cui</span> <span class='ocrx_word' id='word_1_390' title='bbox 1982 844 2154 896; x_wconf 89' lang='lat' dir='ltr'>etiam</span> <span class='ocrx_word' id='word_1_391' title='bbox 2191 843 2618 895; x_wconf 83' lang='lat' dir='ltr'>Meinuverchus</span> <span class='ocrx_word' id='word_1_392' title='bbox 2673 844 3015 895; x_wconf 83' lang='lat' dir='ltr'>venerabilis</span> <span class='ocrx_word' id='word_1_393' title='bbox 3063 846 3362 914; x_wconf 87' lang='lat' dir='ltr'>episcopus</span> <span class='ocrx_word' id='word_1_394' title='bbox 3395 864 3540 915; x_wconf 66' lang='lat' dir='ltr'>pra:-</span> 
     </span>
    </p>
   </div>
   <div class='ocr_carea' id='block_1_72' title="bbox 1846 929 3540 1002">
    <p class='ocr_par' dir='ltr' id='par_1_72' title="bbox 1846 929 3540 1002">
     <span class='ocr_line' id='line_1_73' title="bbox 1846 929 3540 1002; baseline 0.002 -19"><span class='ocrx_word' id='word_1_395' title='bbox 1846 930 2010 993; x_wconf 91' lang='lat' dir='ltr'>sidet,</span> <span class='ocrx_word' id='word_1_396' title='bbox 2071 929 2361 1000; x_wconf 87' lang='lat' dir='ltr'>quandam</span> <span class='ocrx_word' id='word_1_397' title='bbox 2420 934 2672 982; x_wconf 85' lang='lat' dir='ltr'>nostram</span> <span class='ocrx_word' id='word_1_398' title='bbox 2731 934 2949 982; x_wconf 88' lang='lat' dir='ltr'>curtem</span> <span class='ocrx_word' id='word_1_399' title='bbox 2983 932 3253 1001; x_wconf 81' lang='lat' dir='ltr'>Moronga</span> <span class='ocrx_word' id='word_1_400' title='bbox 3308 932 3540 1002; x_wconf 83' lang='lat' dir='ltr'>dictam,</span> 
     </span>
    </p>
   </div>
   <div class='ocr_carea' id='block_1_73' title="bbox 1844 1016 3544 1087">
    <p class='ocr_par' dir='ltr' id='par_1_73' title="bbox 1844 1016 3544 1087">
     <span class='ocr_line' id='line_1_74' title="bbox 1844 1016 3544 1087; baseline 0.001 -16"><span class='ocrx_word' id='word_1_401' title='bbox 1844 1017 1904 1071; x_wconf 89' lang='lat' dir='ltr'>iu</span> <span class='ocrx_word' id='word_1_402' title='bbox 1958 1034 2106 1087; x_wconf 86' lang='lat' dir='ltr'>pago</span> <span class='ocrx_word' id='word_1_403' title='bbox 2156 1019 2501 1085; x_wconf 86' lang='lat' dir='ltr'>Morongano</span> <span class='ocrx_word' id='word_1_404' title='bbox 2534 1016 2591 1069; x_wconf 88' lang='lat' dir='ltr'>in</span> <span class='ocrx_word' id='word_1_405' title='bbox 2650 1018 2923 1070; x_wconf 91' lang='lat' dir='ltr'>comitatu</span> <span class='ocrx_word' id='word_1_406' title='bbox 2986 1019 3267 1071; x_wconf 85' lang='lat' dir='ltr'>Bennonis</span> <span class='ocrx_word' id='word_1_407' title='bbox 3321 1022 3544 1077; x_wconf 88' lang='lat' dir='ltr'>comitis</span> 
     </span>
    </p>
   </div>
   <div class='ocr_carea' id='block_1_74' title="bbox 1845 1104 3543 1174">
    <p class='ocr_par' dir='ltr' id='par_1_74' title="bbox 1845 1104 3543 1174">
     <span class='ocr_line' id='line_1_75' title="bbox 1845 1104 3543 1174; baseline 0.003 -17"><span class='ocrx_word' id='word_1_408' title='bbox 1845 1106 2032 1171; x_wconf 92' lang='lat' dir='ltr'>sitam,</span> <span class='ocrx_word' id='word_1_409' title='bbox 2087 1120 2261 1174; x_wconf 88' lang='lat' dir='ltr'>quam</span> <span class='ocrx_word' id='word_1_410' title='bbox 2311 1104 2474 1156; x_wconf 89' lang='lat' dir='ltr'>nobis</span> <span class='ocrx_word' id='word_1_411' title='bbox 2537 1106 2850 1157; x_wconf 75' lang='lat' dir='ltr'>Unowanus</span> <span class='ocrx_word' id='word_1_412' title='bbox 2895 1107 3290 1159; x_wconf 87' lang='lat' dir='ltr'>Bremonensis</span> <span class='ocrx_word' id='word_1_413' title='bbox 3318 1109 3543 1162; x_wconf 86' lang='lat' dir='ltr'>archie-</span> 
     </span>
    </p>
   </div>
   <div class='ocr_carea' id='block_1_75' title="bbox 1845 1192 3541 1264">
    <p class='ocr_par' dir='ltr' id='par_1_75' title="bbox 1845 1192 3541 1264">
     <span class='ocr_line' id='line_1_76' title="bbox 1845 1192 3541 1264; baseline 0.002 -19"><span class='ocrx_word' id='word_1_414' title='bbox 1845 1194 2113 1264; x_wconf 89' lang='lat' dir='ltr'>piscopus</span> <span class='ocrx_word' id='word_1_415' title='bbox 2167 1208 2295 1245; x_wconf 90' lang='lat' dir='ltr'>cum</span> <span class='ocrx_word' id='word_1_416' title='bbox 2346 1207 2519 1244; x_wconf 90' lang='lat' dir='ltr'>manu</span> <span class='ocrx_word' id='word_1_417' title='bbox 2589 1192 2842 1245; x_wconf 86' lang='lat' dir='ltr'>advocati</span> <span class='ocrx_word' id='word_1_418' title='bbox 2890 1194 2976 1245; x_wconf 90' lang='lat' dir='ltr'>sui</span> <span class='ocrx_word' id='word_1_419' title='bbox 3034 1195 3244 1247; x_wconf 91' lang='lat' dir='ltr'>Udonis</span> <span class='ocrx_word' id='word_1_420' title='bbox 3291 1197 3541 1261; x_wconf 88' lang='lat' dir='ltr'>tradidit,</span> 
     </span>
    </p>
   </div>
   <div class='ocr_carea' id='block_1_76' title="bbox 1848 1279 3542 1351">
    <p class='ocr_par' dir='ltr' id='par_1_76' title="bbox 1848 1279 3542 1351">
     <span class='ocr_line' id='line_1_77' title="bbox 1848 1279 3542 1351; baseline 0.003 -18"><span class='ocrx_word' id='word_1_421' title='bbox 1848 1281 2110 1333; x_wconf 90' lang='lat' dir='ltr'>omnium</span> <span class='ocrx_word' id='word_1_422' title='bbox 2140 1279 2442 1332; x_wconf 89' lang='lat' dir='ltr'>hominum</span> <span class='ocrx_word' id='word_1_423' title='bbox 2471 1280 2919 1332; x_wconf 83' lang='lat' dir='ltr'>contradictione</span> <span class='ocrx_word' id='word_1_424' title='bbox 2948 1288 3183 1345; x_wconf 85' lang='lat' dir='ltr'>remota,</span> <span class='ocrx_word' id='word_1_425' title='bbox 3219 1299 3319 1351; x_wconf 90' lang='lat' dir='ltr'>pro</span> <span class='ocrx_word' id='word_1_426' title='bbox 3354 1301 3542 1337; x_wconf 88' lang='lat' dir='ltr'>reme-</span> 
     </span>
    </p>
   </div>
   <div class='ocr_carea' id='block_1_77' title="bbox 1848 1367 3546 1424">
    <p class='ocr_par' dir='ltr' id='par_1_77' title="bbox 1848 1367 3546 1424">
     <span class='ocr_line' id='line_1_78' title="bbox 1848 1367 3546 1424; baseline 0.001 -2"><span class='ocrx_word' id='word_1_427' title='bbox 1848 1369 1941 1423; x_wconf 90' lang='lat' dir='ltr'>dio</span> <span class='ocrx_word' id='word_1_428' title='bbox 1962 1368 2167 1421; x_wconf 67' lang='lat' dir='ltr'>anima:</span> <span class='ocrx_word' id='word_1_429' title='bbox 2201 1367 2439 1420; x_wconf 90' lang='lat' dir='ltr'>senioris</span> <span class='ocrx_word' id='word_1_430' title='bbox 2466 1368 2642 1420; x_wconf 88' lang='lat' dir='ltr'>nostri</span> <span class='ocrx_word' id='word_1_431' title='bbox 2675 1367 2835 1420; x_wconf 89' lang='lat' dir='ltr'>tercii</span> <span class='ocrx_word' id='word_1_432' title='bbox 2868 1368 3090 1421; x_wconf 87' lang='lat' dir='ltr'>Ottonis</span> <span class='ocrx_word' id='word_1_433' title='bbox 3129 1370 3272 1423; x_wconf 64' lang='lat' dir='ltr'>divas</span> <span class='ocrx_word' id='word_1_434' title='bbox 3332 1372 3546 1424; x_wconf 86' lang='lat' dir='ltr'>scilicet</span> 
     </span>
    </p>
   </div>
   <div class='ocr_carea' id='block_1_78' title="bbox 1846 1455 3545 1525">
    <p class='ocr_par' dir='ltr' id='par_1_78' title="bbox 1846 1455 3545 1525">
     <span class='ocr_line' id='line_1_79' title="bbox 1846 1455 3545 1525; baseline 0.001 -15"><span class='ocrx_word' id='word_1_435' title='bbox 1846 1455 2137 1510; x_wconf 73' lang='lat' dir='ltr'>memoriae</span> <span class='ocrx_word' id='word_1_436' title='bbox 2187 1455 2552 1525; x_wconf 89' lang='lat' dir='ltr'>imperatoris</span> <span class='ocrx_word' id='word_1_437' title='bbox 2601 1456 2857 1525; x_wconf 85' lang='lat' dir='ltr'>Augusti,</span> <span class='ocrx_word' id='word_1_438' title='bbox 2908 1462 2963 1507; x_wconf 90' lang='lat' dir='ltr'>et</span> <span class='ocrx_word' id='word_1_439' title='bbox 2995 1456 3387 1510; x_wconf 85' lang='lat' dir='ltr'>incolumitate</span> <span class='ocrx_word' id='word_1_440' title='bbox 3417 1459 3545 1512; x_wconf 63' lang='lat' dir='ltr'>vitae</span> 
     </span>
    </p>
   </div>
   <div class='ocr_carea' id='block_1_79' title="bbox 1848 1544 3544 1615">
    <p class='ocr_par' dir='ltr' id='par_1_79' title="bbox 1848 1544 3544 1615">
     <span class='ocr_line' id='line_1_80' title="bbox 1848 1544 3544 1615; baseline -0.001 -16"><span class='ocrx_word' id='word_1_441' title='bbox 1848 1550 2057 1599; x_wconf 74' lang='lat' dir='ltr'>nostrae</span> <span class='ocrx_word' id='word_1_442' title='bbox 2091 1544 2385 1614; x_wconf 64' lang='lat' dir='ltr'>praesentis</span> <span class='ocrx_word' id='word_1_443' title='bbox 2419 1560 2481 1596; x_wconf 90' lang='lat' dir='ltr'>ac</span> <span class='ocrx_word' id='word_1_444' title='bbox 2528 1559 2627 1612; x_wconf 89' lang='lat' dir='ltr'>spe</span> <span class='ocrx_word' id='word_1_445' title='bbox 2680 1544 2909 1605; x_wconf 68' lang='lat' dir='ltr'>futurae,</span> <span class='ocrx_word' id='word_1_446' title='bbox 2946 1560 3046 1613; x_wconf 90' lang='lat' dir='ltr'>per</span> <span class='ocrx_word' id='word_1_447' title='bbox 3098 1545 3243 1598; x_wconf 83' lang='lat' dir='ltr'>hanc</span> <span class='ocrx_word' id='word_1_448' title='bbox 3278 1546 3544 1615; x_wconf 87' lang='lat' dir='ltr'>imperia-</span> 
     </span>
    </p>
   </div>
   <div class='ocr_carea' id='block_1_80' title="bbox 1846 1631 3548 1704">
    <p class='ocr_par' dir='ltr' id='par_1_80' title="bbox 1846 1631 3548 1704">
     <span class='ocr_line' id='line_1_81' title="bbox 1846 1631 3548 1704; baseline 0 -17"><span class='ocrx_word' id='word_1_449' title='bbox 1846 1634 1958 1687; x_wconf 92' lang='lat' dir='ltr'>lem</span> <span class='ocrx_word' id='word_1_450' title='bbox 1982 1632 2249 1704; x_wconf 91' lang='lat' dir='ltr'>paginam</span> <span class='ocrx_word' id='word_1_451' title='bbox 2305 1631 2671 1685; x_wconf 87' lang='lat' dir='ltr'>concedimus</span> <span class='ocrx_word' id='word_1_452' title='bbox 2700 1636 2869 1701; x_wconf 84' lang='lat' dir='ltr'>atque</span> <span class='ocrx_word' id='word_1_453' title='bbox 2905 1632 3199 1701; x_wconf 85' lang='lat' dir='ltr'>largimur,</span> <span class='ocrx_word' id='word_1_454' title='bbox 3252 1650 3379 1686; x_wconf 91' lang='lat' dir='ltr'>cum</span> <span class='ocrx_word' id='word_1_455' title='bbox 3429 1650 3548 1687; x_wconf 90' lang='lat' dir='ltr'>om-</span> 
     </span>
    </p>
   </div>
   <div class='ocr_carea' id='block_1_81' title="bbox 1846 1718 3547 1791">
    <p class='ocr_par' dir='ltr' id='par_1_81' title="bbox 1846 1718 3547 1791">
     <span class='ocr_line' id='line_1_82' title="bbox 1846 1718 3547 1791; baseline 0 -17"><span class='ocrx_word' id='word_1_456' title='bbox 1846 1720 2014 1774; x_wconf 88' lang='lat' dir='ltr'>nibus</span> <span class='ocrx_word' id='word_1_457' title='bbox 2041 1718 2409 1789; x_wconf 89' lang='lat' dir='ltr'>appendiciis,</span> <span class='ocrx_word' id='word_1_458' title='bbox 2464 1718 2629 1785; x_wconf 89' lang='lat' dir='ltr'>areis,</span> <span class='ocrx_word' id='word_1_459' title='bbox 2680 1719 2844 1785; x_wconf 88' lang='lat' dir='ltr'>villis,</span> <span class='ocrx_word' id='word_1_460' title='bbox 2903 1718 3145 1787; x_wconf 81' lang='lat' dir='ltr'>pascuis,</span> <span class='ocrx_word' id='word_1_461' title='bbox 3179 1720 3342 1789; x_wconf 86' lang='lat' dir='ltr'>aquis</span> <span class='ocrx_word' id='word_1_462' title='bbox 3374 1737 3547 1791; x_wconf 87' lang='lat' dir='ltr'>aqua-</span> 
     </span>
    </p>
   </div>
   <div class='ocr_carea' id='block_1_82' title="bbox 1848 1806 3541 1876">
    <p class='ocr_par' dir='ltr' id='par_1_82' title="bbox 1848 1806 3541 1876">
     <span class='ocr_line' id='line_1_83' title="bbox 1848 1806 3541 1876; baseline -0.001 -14"><span class='ocrx_word' id='word_1_463' title='bbox 1848 1825 2045 1862; x_wconf 88' lang='lat' dir='ltr'>rumve</span> <span class='ocrx_word' id='word_1_464' title='bbox 2072 1807 2422 1871; x_wconf 90' lang='lat' dir='ltr'>decursibus,</span> <span class='ocrx_word' id='word_1_465' title='bbox 2473 1806 2899 1876; x_wconf 88' lang='lat' dir='ltr'>piscationibus,</span> <span class='ocrx_word' id='word_1_466' title='bbox 2947 1806 3314 1874; x_wconf 89' lang='lat' dir='ltr'>molendinis,</span> <span class='ocrx_word' id='word_1_467' title='bbox 3367 1809 3541 1874; x_wconf 87' lang='lat' dir='ltr'>silvis,</span> 
     </span>
    </p>
   </div>
   <div class='ocr_carea' id='block_1_83' title="bbox 1847 1894 3545 1965">
    <p class='ocr_par' dir='ltr' id='par_1_83' title="bbox 1847 1894 3545 1965">
     <span class='ocr_line' id='line_1_84' title="bbox 1847 1894 3545 1965; baseline 0.001 -17"><span class='ocrx_word' id='word_1_468' title='bbox 1847 1896 2272 1962; x_wconf 87' lang='lat' dir='ltr'>venationibus,</span> <span class='ocrx_word' id='word_1_469' title='bbox 2333 1894 2664 1965; x_wconf 91' lang='lat' dir='ltr'>cunctisque</span> <span class='ocrx_word' id='word_1_470' title='bbox 2699 1896 3083 1965; x_wconf 84' lang='lat' dir='ltr'>qualicunque</span> <span class='ocrx_word' id='word_1_471' title='bbox 3134 1896 3303 1949; x_wconf 92' lang='lat' dir='ltr'>modo</span> <span class='ocrx_word' id='word_1_472' title='bbox 3361 1898 3545 1950; x_wconf 90' lang='lat' dir='ltr'>nomi-</span> 
     </span>
    </p>
   </div>
   <div class='ocr_carea' id='block_1_84' title="bbox 1848 1982 3544 2053">
    <p class='ocr_par' dir='ltr' id='par_1_84' title="bbox 1848 1982 3544 2053">
     <span class='ocr_line' id='line_1_85' title="bbox 1848 1982 3544 2053; baseline -0.001 -16"><span class='ocrx_word' id='word_1_473' title='bbox 1848 1985 1973 2038; x_wconf 91' lang='lat' dir='ltr'>nari</span> <span class='ocrx_word' id='word_1_474' title='bbox 2014 1983 2231 2053; x_wconf 90' lang='lat' dir='ltr'>possint</span> <span class='ocrx_word' id='word_1_475' title='bbox 2257 1982 2617 2047; x_wconf 87' lang='lat' dir='ltr'>utensilibus,</span> <span class='ocrx_word' id='word_1_476' title='bbox 2649 1998 2714 2034; x_wconf 87' lang='lat' dir='ltr'>ea</span> <span class='ocrx_word' id='word_1_477' title='bbox 2746 1982 3009 2035; x_wconf 83' lang='lat' dir='ltr'>videlicet</span> <span class='ocrx_word' id='word_1_478' title='bbox 3058 1984 3279 2036; x_wconf 88' lang='lat' dir='ltr'>ratione</span> <span class='ocrx_word' id='word_1_479' title='bbox 3306 1990 3369 2036; x_wconf 88' lang='lat' dir='ltr'>ut</span> <span class='ocrx_word' id='word_1_480' title='bbox 3399 2000 3544 2053; x_wconf 77' lang='lat' dir='ltr'>prae-</span> 
     </span>
    </p>
   </div>
   <div class='ocr_carea' id='block_1_85' title="bbox 1848 2069 3541 2139">
    <p class='ocr_par' dir='ltr' id='par_1_85' title="bbox 1848 2069 3541 2139">
     <span class='ocr_line' id='line_1_86' title="bbox 1848 2069 3541 2139; baseline -0.001 -14"><span class='ocrx_word' id='word_1_481' title='bbox 1848 2072 2031 2125; x_wconf 89' lang='lat' dir='ltr'>dictus</span> <span class='ocrx_word' id='word_1_482' title='bbox 2119 2070 2546 2124; x_wconf 82' lang='lat' dir='ltr'>Meinuverchus</span> <span class='ocrx_word' id='word_1_483' title='bbox 2612 2069 2915 2139; x_wconf 88' lang='lat' dir='ltr'>episcopus</span> <span class='ocrx_word' id='word_1_484' title='bbox 3002 2072 3245 2123; x_wconf 90' lang='lat' dir='ltr'>eandem</span> <span class='ocrx_word' id='word_1_485' title='bbox 3303 2076 3541 2136; x_wconf 90' lang='lat' dir='ltr'>curtem,</span> 
     </span>
    </p>
   </div>
   <div class='ocr_carea' id='block_1_86' title="bbox 1848 2156 3549 2230">
    <p class='ocr_par' dir='ltr' id='par_1_86' title="bbox 1848 2156 3549 2230">
     <span class='ocr_line' id='line_1_87' title="bbox 1848 2156 3549 2230; baseline -0.001 -18"><span class='ocrx_word' id='word_1_486' title='bbox 1848 2158 2118 2230; x_wconf 90' lang='lat' dir='ltr'>quamdiu</span> <span class='ocrx_word' id='word_1_487' title='bbox 2147 2158 2315 2219; x_wconf 84' lang='lat' dir='ltr'>vivat,</span> <span class='ocrx_word' id='word_1_488' title='bbox 2366 2158 2426 2210; x_wconf 90' lang='lat' dir='ltr'>in</span> <span class='ocrx_word' id='word_1_489' title='bbox 2471 2173 2605 2210; x_wconf 89' lang='lat' dir='ltr'>usus</span> <span class='ocrx_word' id='word_1_490' title='bbox 2658 2156 2923 2225; x_wconf 87' lang='lat' dir='ltr'>proprios</span> <span class='ocrx_word' id='word_1_491' title='bbox 2980 2158 3314 2225; x_wconf 83' lang='lat' dir='ltr'>potestative</span> <span class='ocrx_word' id='word_1_492' title='bbox 3370 2159 3549 2228; x_wconf 88' lang='lat' dir='ltr'>possi-</span> 
     </span>
    </p>
   </div>
   <div class='ocr_carea' id='block_1_87' title="bbox 1846 2246 3545 2317">
    <p class='ocr_par' dir='ltr' id='par_1_87' title="bbox 1846 2246 3545 2317">
     <span class='ocr_line' id='line_1_88' title="bbox 1846 2246 3545 2317; baseline -0.001 -17"><span class='ocrx_word' id='word_1_493' title='bbox 1846 2247 1997 2311; x_wconf 88' lang='lat' dir='ltr'>deat,</span> <span class='ocrx_word' id='word_1_494' title='bbox 2032 2251 2159 2317; x_wconf 90' lang='lat' dir='ltr'>post</span> <span class='ocrx_word' id='word_1_495' title='bbox 2188 2247 2362 2299; x_wconf 82' lang='lat' dir='ltr'>tinem</span> <span class='ocrx_word' id='word_1_496' title='bbox 2396 2263 2525 2299; x_wconf 84' lang='lat' dir='ltr'>vero</span> <span class='ocrx_word' id='word_1_497' title='bbox 2580 2246 2707 2299; x_wconf 83' lang='lat' dir='ltr'>vitae</span> <span class='ocrx_word' id='word_1_498' title='bbox 2738 2262 2853 2298; x_wconf 80' lang='lat' dir='ltr'>suae</span> <span class='ocrx_word' id='word_1_499' title='bbox 2888 2246 2957 2298; x_wconf 89' lang='lat' dir='ltr'>ad</span> <span class='ocrx_word' id='word_1_500' title='bbox 3004 2246 3273 2297; x_wconf 79' lang='lat' dir='ltr'>vestitum</span> <span class='ocrx_word' id='word_1_501' title='bbox 3314 2247 3545 2299; x_wconf 91' lang='lat' dir='ltr'>canoni-</span> 
     </span>
    </p>
   </div>
   <div class='ocr_carea' id='block_1_88' title="bbox 1847 2333 3546 2403">
    <p class='ocr_par' dir='ltr' id='par_1_88' title="bbox 1847 2333 3546 2403">
     <span class='ocr_line' id='line_1_89' title="bbox 1847 2333 3546 2403; baseline -0.001 -15"><span class='ocrx_word' id='word_1_502' title='bbox 1847 2350 2044 2389; x_wconf 91' lang='lat' dir='ltr'>corum</span> <span class='ocrx_word' id='word_1_503' title='bbox 2074 2335 2131 2387; x_wconf 92' lang='lat' dir='ltr'>in</span> <span class='ocrx_word' id='word_1_504' title='bbox 2166 2335 2361 2387; x_wconf 86' lang='lat' dir='ltr'>eadem</span> <span class='ocrx_word' id='word_1_505' title='bbox 2394 2335 2510 2389; x_wconf 94' lang='lat' dir='ltr'>Deo</span> <span class='ocrx_word' id='word_1_506' title='bbox 2542 2338 2865 2403; x_wconf 68' lang='lat' dir='ltr'>sanctzeque</span> <span class='ocrx_word' id='word_1_507' title='bbox 2894 2333 3157 2403; x_wconf 85' lang='lat' dir='ltr'>genitrici</span> <span class='ocrx_word' id='word_1_508' title='bbox 3189 2335 3310 2402; x_wconf 88' lang='lat' dir='ltr'>ejus</span> <span class='ocrx_word' id='word_1_509' title='bbox 3359 2334 3546 2388; x_wconf 67' lang='lat' dir='ltr'>Mariae</span> 
     </span>
    </p>
   </div>
   <div class='ocr_carea' id='block_1_89' title="bbox 1848 2420 3543 2475">
    <p class='ocr_par' dir='ltr' id='par_1_89' title="bbox 1848 2420 3543 2475">
     <span class='ocr_line' id='line_1_90' title="bbox 1848 2420 3543 2475; baseline -0.001 0"><span class='ocrx_word' id='word_1_510' title='bbox 1848 2439 1950 2475; x_wconf 90' lang='lat' dir='ltr'>nec</span> <span class='ocrx_word' id='word_1_511' title='bbox 2005 2439 2121 2475; x_wconf 91' lang='lat' dir='ltr'>non</span> <span class='ocrx_word' id='word_1_512' title='bbox 2152 2422 2331 2475; x_wconf 86' lang='lat' dir='ltr'>beatis</span> <span class='ocrx_word' id='word_1_513' title='bbox 2366 2422 2585 2475; x_wconf 80' lang='lat' dir='ltr'>Kiliano</span> <span class='ocrx_word' id='word_1_514' title='bbox 2620 2438 2682 2473; x_wconf 89' lang='lat' dir='ltr'>ac</span> <span class='ocrx_word' id='word_1_515' title='bbox 2740 2421 2966 2474; x_wconf 83' lang='lat' dir='ltr'>Liborio</span> <span class='ocrx_word' id='word_1_516' title='bbox 3026 2420 3396 2473; x_wconf 84' lang='lat' dir='ltr'>servientium</span> <span class='ocrx_word' id='word_1_517' title='bbox 3444 2437 3543 2474; x_wconf 90' lang='lat' dir='ltr'>an-</span> 
     </span>
    </p>
   </div>
   <div class='ocr_carea' id='block_1_90' title="bbox 1849 2509 3548 2578">
    <p class='ocr_par' dir='ltr' id='par_1_90' title="bbox 1849 2509 3548 2578">
     <span class='ocr_line' id='line_1_91' title="bbox 1849 2509 3548 2578; baseline -0.001 -14"><span class='ocrx_word' id='word_1_518' title='bbox 1849 2510 2072 2564; x_wconf 88' lang='lat' dir='ltr'>nuatim</span> <span class='ocrx_word' id='word_1_519' title='bbox 2122 2510 2539 2563; x_wconf 86' lang='lat' dir='ltr'>meliorandum</span> <span class='ocrx_word' id='word_1_520' title='bbox 2594 2509 2895 2578; x_wconf 81' lang='lat' dir='ltr'>pertineat.</span> <span class='ocrx_word' id='word_1_521' title='bbox 2950 2509 3007 2561; x_wconf 91' lang='lat' dir='ltr'>Si</span> <span class='ocrx_word' id='word_1_522' title='bbox 3053 2509 3178 2578; x_wconf 88' lang='lat' dir='ltr'>quis</span> <span class='ocrx_word' id='word_1_523' title='bbox 3240 2525 3370 2561; x_wconf 82' lang='lat' dir='ltr'>vero</span> <span class='ocrx_word' id='word_1_524' title='bbox 3404 2510 3548 2562; x_wconf 90' lang='lat' dir='ltr'>hanc</span> 
     </span>
    </p>
   </div>
   <div class='ocr_carea' id='block_1_91' title="bbox 1851 2597 3548 2665">
    <p class='ocr_par' dir='ltr' id='par_1_91' title="bbox 1851 2597 3548 2665">
     <span class='ocr_line' id='line_1_92' title="bbox 1851 2597 3548 2665; baseline 0 -15"><span class='ocrx_word' id='word_1_525' title='bbox 1851 2604 2103 2651; x_wconf 91' lang='lat' dir='ltr'>nostram</span> <span class='ocrx_word' id='word_1_526' title='bbox 2157 2598 2528 2650; x_wconf 87' lang='lat' dir='ltr'>donationem</span> <span class='ocrx_word' id='word_1_527' title='bbox 2578 2597 2891 2665; x_wconf 83' lang='lat' dir='ltr'>infringere</span> <span class='ocrx_word' id='word_1_528' title='bbox 2936 2599 3381 2665; x_wconf 61' lang='lat' dir='ltr'>praesumpserit,</span> <span class='ocrx_word' id='word_1_529' title='bbox 3417 2614 3548 2650; x_wconf 86' lang='lat' dir='ltr'>cen-</span> 
     </span>
    </p>
   </div>
   <div class='ocr_carea' id='block_1_92' title="bbox 1850 2683 3546 2752">
    <p class='ocr_par' dir='ltr' id='par_1_92' title="bbox 1850 2683 3546 2752">
     <span class='ocr_line' id='line_1_93' title="bbox 1850 2683 3546 2752; baseline -0.001 -14"><span class='ocrx_word' id='word_1_530' title='bbox 1850 2691 1972 2738; x_wconf 91' lang='lat' dir='ltr'>tum</span> <span class='ocrx_word' id='word_1_531' title='bbox 2022 2685 2193 2737; x_wconf 90' lang='lat' dir='ltr'>libras</span> <span class='ocrx_word' id='word_1_532' title='bbox 2242 2684 2366 2737; x_wconf 89' lang='lat' dir='ltr'>auri</span> <span class='ocrx_word' id='word_1_533' title='bbox 2397 2684 2704 2752; x_wconf 83' lang='lat' dir='ltr'>persolvat,</span> <span class='ocrx_word' id='word_1_534' title='bbox 2738 2700 2768 2735; x_wconf 94' lang='lat' dir='ltr'><strong>L</strong></span> <span class='ocrx_word' id='word_1_535' title='bbox 2801 2683 2985 2735; x_wconf 87' lang='lat' dir='ltr'>eidem</span> <span class='ocrx_word' id='word_1_536' title='bbox 3038 2684 3307 2749; x_wconf 83' lang='lat' dir='ltr'>ecclesiae,</span> <span class='ocrx_word' id='word_1_537' title='bbox 3339 2701 3370 2736; x_wconf 90' lang='lat' dir='ltr'><strong>L</strong></span> <span class='ocrx_word' id='word_1_538' title='bbox 3416 2699 3546 2737; x_wconf 89' lang='lat' dir='ltr'>vero</span> 
     </span>
    </p>
   </div>
   <div class='ocr_carea' id='block_1_93' title="bbox 1854 2771 3548 2826">
    <p class='ocr_par' dir='ltr' id='par_1_93' title="bbox 1854 2771 3548 2826">
     <span class='ocr_line' id='line_1_94' title="bbox 1854 2771 3548 2826; baseline 0 -2"><span class='ocrx_word' id='word_1_539' title='bbox 1854 2778 2065 2826; x_wconf 66' lang='lat' dir='ltr'>nostrae</span> <span class='ocrx_word' id='word_1_540' title='bbox 2114 2788 2367 2825; x_wconf 78' lang='lat' dir='ltr'>camerae.</span> <span class='ocrx_word' id='word_1_541' title='bbox 2422 2772 2488 2823; x_wconf 89' lang='lat' dir='ltr'>Et</span> <span class='ocrx_word' id='word_1_542' title='bbox 2539 2777 2601 2824; x_wconf 89' lang='lat' dir='ltr'>ut</span> <span class='ocrx_word' id='word_1_543' title='bbox 2646 2772 2766 2823; x_wconf 81' lang='lat' dir='ltr'>haec</span> <span class='ocrx_word' id='word_1_544' title='bbox 2823 2775 3027 2823; x_wconf 69' lang='lat' dir='ltr'>nostra:</span> <span class='ocrx_word' id='word_1_545' title='bbox 3060 2771 3414 2823; x_wconf 88' lang='lat' dir='ltr'>liberalitatis</span> <span class='ocrx_word' id='word_1_546' title='bbox 3447 2787 3548 2824; x_wconf 90' lang='lat' dir='ltr'>au-</span> 
     </span>
    </p>
   </div>
   <div class='ocr_carea' id='block_1_94' title="bbox 1849 2858 3549 2926">
    <p class='ocr_par' dir='ltr' id='par_1_94' title="bbox 1849 2858 3549 2926">
     <span class='ocr_line' id='line_1_95' title="bbox 1849 2858 3549 2926; baseline -0.001 -14"><span class='ocrx_word' id='word_1_547' title='bbox 1849 2860 2081 2913; x_wconf 88' lang='lat' dir='ltr'>ctoritas</span> <span class='ocrx_word' id='word_1_548' title='bbox 2106 2858 2321 2911; x_wconf 91' lang='lat' dir='ltr'>stabilis</span> <span class='ocrx_word' id='word_1_549' title='bbox 2375 2863 2431 2911; x_wconf 88' lang='lat' dir='ltr'>et</span> <span class='ocrx_word' id='word_1_550' title='bbox 2459 2858 2792 2910; x_wconf 87' lang='lat' dir='ltr'>inconvulsa</span> <span class='ocrx_word' id='word_1_551' title='bbox 2836 2863 3191 2926; x_wconf 87' lang='lat' dir='ltr'>permaneat,</span> <span class='ocrx_word' id='word_1_552' title='bbox 3256 2858 3401 2911; x_wconf 91' lang='lat' dir='ltr'>hanc</span> <span class='ocrx_word' id='word_1_553' title='bbox 3433 2874 3549 2911; x_wconf 89' lang='lat' dir='ltr'>car-</span> 
     </span>
    </p>
   </div>
   <div class='ocr_carea' id='block_1_95' title="bbox 1851 2945 3551 3015">
    <p class='ocr_par' dir='ltr' id='par_1_95' title="bbox 1851 2945 3551 3015">
     <span class='ocr_line' id='line_1_96' title="bbox 1851 2945 3551 3015; baseline -0.002 -13"><span class='ocrx_word' id='word_1_554' title='bbox 1851 2954 1969 3002; x_wconf 88' lang='lat' dir='ltr'>tam</span> <span class='ocrx_word' id='word_1_555' title='bbox 2023 2947 2154 3000; x_wconf 91' lang='lat' dir='ltr'>inde</span> <span class='ocrx_word' id='word_1_556' title='bbox 2186 2947 2560 3015; x_wconf 89' lang='lat' dir='ltr'>conscriptam</span> <span class='ocrx_word' id='word_1_557' title='bbox 2594 2962 2769 2998; x_wconf 88' lang='lat' dir='ltr'>manu</span> <span class='ocrx_word' id='word_1_558' title='bbox 2824 2945 3052 3015; x_wconf 89' lang='lat' dir='ltr'>propria</span> <span class='ocrx_word' id='word_1_559' title='bbox 3100 2946 3453 3012; x_wconf 90' lang='lat' dir='ltr'>roborantes,</span> <span class='ocrx_word' id='word_1_560' title='bbox 3483 2947 3551 2999; x_wconf 87' lang='lat' dir='ltr'>si-</span> 
     </span>
    </p>
   </div>
   <div class='ocr_carea' id='block_1_96' title="bbox 1850 3033 2812 3106">
    <p class='ocr_par' dir='ltr' id='par_1_96' title="bbox 1850 3033 2812 3106">
     <span class='ocr_line' id='line_1_97' title="bbox 1850 3033 2812 3106; baseline -0.003 -18"><span class='ocrx_word' id='word_1_561' title='bbox 1850 3035 1986 3106; x_wconf 89' lang='lat' dir='ltr'>gillo</span> <span class='ocrx_word' id='word_1_562' title='bbox 2017 3039 2209 3087; x_wconf 88' lang='lat' dir='ltr'>nostro</span> <span class='ocrx_word' id='word_1_563' title='bbox 2232 3034 2505 3104; x_wconf 85' lang='lat' dir='ltr'>jussimus</span> <span class='ocrx_word' id='word_1_564' title='bbox 2529 3033 2812 3102; x_wconf 89' lang='lat' dir='ltr'>insigniri.</span> 
     </span>
    </p>
   </div>
   <div class='ocr_carea' id='block_1_97' title="bbox 1920 3123 3545 3190">
    <p class='ocr_par' dir='ltr' id='par_1_97' title="bbox 1920 3123 3545 3190">
     <span class='ocr_line' id='line_1_98' title="bbox 1920 3123 3545 3190; baseline -0.002 -12"><span class='ocrx_word' id='word_1_565' title='bbox 1920 3124 2146 3190; x_wconf 85' lang='lat' dir='ltr'>Signum</span> <span class='ocrx_word' id='word_1_566' title='bbox 2199 3123 2383 3176; x_wconf 76' lang='lat' dir='ltr'>domui</span> <span class='ocrx_word' id='word_1_567' title='bbox 2453 3123 2692 3175; x_wconf 78' lang='lat' dir='ltr'>Hcinrici</span> <span class='ocrx_word' id='word_1_568' title='bbox 2766 3124 3109 3189; x_wconf 79' lang='lat' dir='ltr'>imperatoris</span> <span class='ocrx_word' id='word_1_569' title='bbox 3180 3124 3545 3177; x_wconf 83' lang='lat' dir='ltr'>invictissimi.</span> 
     </span>
    </p>
   </div>
   <div class='ocr_carea' id='block_1_98' title="bbox 2602 3209 2805 3279">
    <p class='ocr_par' dir='ltr' id='par_1_98' title="bbox 2602 3209 2805 3279">
     <span class='ocr_line' id='line_1_99' title="bbox 2602 3209 2805 3279; baseline -0.005 -17"><span class='ocrx_word' id='word_1_570' title='bbox 2602 3209 2690 3279; x_wconf 85' lang='lat' dir='ltr'>(L.</span> <span class='ocrx_word' id='word_1_571' title='bbox 2714 3210 2805 3273; x_wconf 78' lang='grc' dir='ltr'>Μ.)</span> 
     </span>
    </p>
   </div>
   <div class='ocr_carea' id='block_1_99' title="bbox 1922 3297 2869 3354">
    <p class='ocr_par' dir='ltr' id='par_1_99' title="bbox 1922 3297 2869 3354">
     <span class='ocr_line' id='line_1_100' title="bbox 1922 3297 2869 3354; baseline -0.004 -1"><span class='ocrx_word' id='word_1_572' title='bbox 1922 3298 2269 3354; x_wconf 88' lang='lat' dir='ltr'>Guntherius</span> <span class='ocrx_word' id='word_1_573' title='bbox 2329 3297 2699 3350; x_wconf 88' lang='lat' dir='ltr'>cancellarius</span> <span class='ocrx_word' id='word_1_574' title='bbox 2754 3297 2869 3350; x_wconf 69' lang='lat' dir='ltr'>vice</span> 
     </span>
    </p>
   </div>
   <div class='ocr_carea' id='block_1_100' title="bbox 1852 3386 2485 3456">
    <p class='ocr_par' dir='ltr' id='par_1_100' title="bbox 1852 3386 2485 3456">
     <span class='ocr_line' id='line_1_101' title="bbox 1852 3386 2485 3456; baseline -0.002 -17"><span class='ocrx_word' id='word_1_575' title='bbox 1852 3387 2133 3456; x_wconf 88' lang='lat' dir='ltr'>capellani</span> <span class='ocrx_word' id='word_1_576' title='bbox 2164 3386 2485 3455; x_wconf 86' lang='lat' dir='ltr'>recognovi.</span> 
     </span>
    </p>
   </div>
   <div class='ocr_carea' id='block_1_101' title="bbox 1927 3472 3553 3538">
    <p class='ocr_par' dir='ltr' id='par_1_101' title="bbox 1927 3472 3553 3538">
     <span class='ocr_line' id='line_1_102' title="bbox 1927 3472 3553 3538; baseline 0 -11"><span class='ocrx_word' id='word_1_577' title='bbox 1927 3476 2063 3527; x_wconf 91' lang='lat' dir='ltr'>Data</span> <span class='ocrx_word' id='word_1_578' title='bbox 2094 3489 2144 3527; x_wconf 84' lang='lat' dir='ltr'>1v</span> <span class='ocrx_word' id='word_1_579' title='bbox 2186 3474 2263 3527; x_wconf 87' lang='lat' dir='ltr'>Id.</span> <span class='ocrx_word' id='word_1_580' title='bbox 2315 3474 2568 3538; x_wconf 88' lang='lat' dir='ltr'>Januar.,</span> <span class='ocrx_word' id='word_1_581' title='bbox 2623 3472 2934 3525; x_wconf 89' lang='lat' dir='ltr'>indictione</span> <span class='ocrx_word' id='word_1_582' title='bbox 2980 3489 3101 3536; x_wconf 77' lang='lat' dir='ltr'>xm,</span> <span class='ocrx_word' id='word_1_583' title='bbox 3158 3490 3309 3527; x_wconf 90' lang='lat' dir='ltr'>anno</span> <span class='ocrx_word' id='word_1_584' title='bbox 3364 3474 3553 3527; x_wconf 89' lang='lat' dir='ltr'>Domi-</span> 
     </span>
    </p>
   </div>
   <div class='ocr_carea' id='block_1_102' title="bbox 1853 3560 3552 3625">
    <p class='ocr_par' dir='ltr' id='par_1_102' title="bbox 1853 3560 3552 3625">
     <span class='ocr_line' id='line_1_103' title="bbox 1853 3560 3552 3625; baseline -0.002 -9"><span class='ocrx_word' id='word_1_585' title='bbox 1853 3563 1996 3616; x_wconf 68' lang='lat' dir='ltr'>nicaa</span> <span class='ocrx_word' id='word_1_586' title='bbox 2052 3560 2461 3615; x_wconf 87' lang='lat' dir='ltr'>incarnationis</span> <span class='ocrx_word' id='word_1_587' title='bbox 2513 3563 2669 3625; x_wconf 79' lang='lat' dir='ltr'>lOlG,</span> <span class='ocrx_word' id='word_1_588' title='bbox 2729 3577 2879 3612; x_wconf 90' lang='lat' dir='ltr'>anno</span> <span class='ocrx_word' id='word_1_589' title='bbox 2913 3576 3045 3612; x_wconf 86' lang='lat' dir='ltr'>vero</span> <span class='ocrx_word' id='word_1_590' title='bbox 3078 3560 3275 3615; x_wconf 88' lang='lat' dir='ltr'>domui</span> <span class='ocrx_word' id='word_1_591' title='bbox 3310 3561 3552 3615; x_wconf 85' lang='lat' dir='ltr'>Heinrici</span> 
     </span>
    </p>
   </div>
   <div class='ocr_carea' id='block_1_103' title="bbox 1856 3647 3123 3717">
    <p class='ocr_par' dir='ltr' id='par_1_103' title="bbox 1856 3647 3123 3717">
     <span class='ocr_line' id='line_1_104' title="bbox 1856 3647 3123 3717; baseline -0.003 -14"><span class='ocrx_word' id='word_1_592' title='bbox 1856 3649 2092 3703; x_wconf 84' lang='lat' dir='ltr'>secundi</span> <span class='ocrx_word' id='word_1_593' title='bbox 2116 3648 2410 3717; x_wconf 84' lang='lat' dir='ltr'>regnantis</span> <span class='ocrx_word' id='word_1_594' title='bbox 2434 3665 2544 3711; x_wconf 68' lang='lat' dir='ltr'>xxv,</span> <span class='ocrx_word' id='word_1_595' title='bbox 2588 3647 2816 3715; x_wconf 90' lang='lat' dir='ltr'>imperii</span> <span class='ocrx_word' id='word_1_596' title='bbox 2847 3651 3034 3699; x_wconf 90' lang='lat' dir='ltr'>autem</span> <span class='ocrx_word' id='word_1_597' title='bbox 3070 3664 3123 3699; x_wconf 92' lang='grc' dir='ltr'>ιι.</span> 
     </span>
    </p>
   </div>
   <div class='ocr_carea' id='block_1_104' title="bbox 1930 3736 3068 3791">
    <p class='ocr_par' dir='ltr' id='par_1_104' title="bbox 1930 3736 3068 3791">
     <span class='ocr_line' id='line_1_105' title="bbox 1930 3736 3068 3791; baseline -0.005 0"><span class='ocrx_word' id='word_1_598' title='bbox 1930 3742 2133 3791; x_wconf 84' lang='lat' dir='ltr'>Actum</span> <span class='ocrx_word' id='word_1_599' title='bbox 2164 3737 2551 3789; x_wconf 87' lang='lat' dir='ltr'>Drodmannia</span> <span class='ocrx_word' id='word_1_600' title='bbox 2574 3736 2833 3788; x_wconf 86' lang='lat' dir='ltr'>feliciter.</span> <span class='ocrx_word' id='word_1_601' title='bbox 2868 3738 3068 3787; x_wconf 87' lang='lat' dir='ltr'>Amen.</span> 
     </span>
    </p>
   </div>
   <div class='ocr_carea' id='block_1_105' title="bbox 2622 3820 2802 3876">
    <p class='ocr_par' dir='ltr' id='par_1_105' title="bbox 2622 3820 2802 3876">
     <span class='ocr_line' id='line_1_106' title="bbox 2622 3820 2802 3876; baseline 0 -1"><span class='ocrx_word' id='word_1_602' title='bbox 2622 3820 2802 3876; x_wconf 79' lang='lat' dir='ltr'>XCIV.</span> 
     </span>
    </p>
   </div>
   <div class='ocr_carea' id='block_1_106' title="bbox 2319 3910 3092 3966">
    <p class='ocr_par' dir='ltr' id='par_1_106' title="bbox 2319 3910 3092 3966">
     <span class='ocr_line' id='line_1_107' title="bbox 2319 3910 3092 3966; baseline -0.008 0"><span class='ocrx_word' id='word_1_603' title='bbox 2319 3915 2450 3966; x_wconf 82' lang='lat' dir='ltr'>Item</span> <span class='ocrx_word' id='word_1_604' title='bbox 2480 3916 2680 3964; x_wconf 78' lang='lat' dir='ltr'>curtem</span> <span class='ocrx_word' id='word_1_605' title='bbox 2710 3910 3092 3963; x_wconf 78' lang='lat' dir='ltr'>Berneshusen.</span> 
     </span>
    </p>
   </div>
   <div class='ocr_carea' id='block_1_107' title="bbox 2484 3998 2942 4066">
    <p class='ocr_par' dir='ltr' id='par_1_107' title="bbox 2484 3998 2942 4066">
     <span class='ocr_line' id='line_1_108' title="bbox 2484 3998 2942 4066; baseline -0.007 -14"><span class='ocrx_word' id='word_1_606' title='bbox 2484 4001 2669 4066; x_wconf 81' lang='lat' dir='ltr'>(Anno</span> <span class='ocrx_word' id='word_1_607' title='bbox 2691 3998 2942 4065; x_wconf 86' lang='lat' dir='ltr'>eodem.)</span> 
     </span>
    </p>
   </div>
   <div class='ocr_carea' id='block_1_108' title="bbox 2617 4084 2811 4157">
    <p class='ocr_par' dir='ltr' id='par_1_108' title="bbox 2617 4084 2811 4157">
     <span class='ocr_line' id='line_1_109' title="bbox 2617 4084 2811 4157; baseline -0.015 -16"><span class='ocrx_word' id='word_1_608' title='bbox 2617 4084 2811 4157; x_wconf 58' lang='lat' dir='ltr'>[lbra]</span> 
     </span>
    </p>
   </div>
   <div class='ocr_carea' id='block_1_109' title="bbox 1938 4173 3566 4242">
    <p class='ocr_par' dir='ltr' id='par_1_109' title="bbox 1938 4173 3566 4242">
     <span class='ocr_line' id='line_1_110' title="bbox 1938 4173 3566 4242; baseline -0.002 -9"><span class='ocrx_word' id='word_1_609' title='bbox 1938 4181 1999 4233; x_wconf 90' lang='lat' dir='ltr'>In</span> <span class='ocrx_word' id='word_1_610' title='bbox 2046 4178 2280 4232; x_wconf 90' lang='lat' dir='ltr'>nomine</span> <span class='ocrx_word' id='word_1_611' title='bbox 2333 4182 2540 4231; x_wconf 68' lang='lat' dir='ltr'>sanctae</span> <span class='ocrx_word' id='word_1_612' title='bbox 2602 4184 2658 4228; x_wconf 90' lang='lat' dir='ltr'>et</span> <span class='ocrx_word' id='word_1_613' title='bbox 2701 4173 3009 4227; x_wconf 69' lang='lat' dir='ltr'>individua:</span> <span class='ocrx_word' id='word_1_614' title='bbox 3039 4175 3349 4242; x_wconf 89' lang='lat' dir='ltr'>Trinitatis,</span> <span class='ocrx_word' id='word_1_615' title='bbox 3406 4179 3566 4231; x_wconf 71' lang='lat' dir='ltr'>Hem-</span> 
     </span>
    </p>
   </div>
   <div class='ocr_carea' id='block_1_110' title="bbox 1863 4262 3567 4334">
    <p class='ocr_par' dir='ltr' id='par_1_110' title="bbox 1863 4262 3567 4334">
     <span class='ocr_line' id='line_1_111' title="bbox 1863 4262 3567 4334; baseline -0.002 -12"><span class='ocrx_word' id='word_1_616' title='bbox 1863 4284 2014 4322; x_wconf 82' lang='lat' dir='ltr'>RICUS</span> <span class='ocrx_word' id='word_1_617' title='bbox 2046 4267 2241 4320; x_wconf 88' lang='lat' dir='ltr'>divina</span> <span class='ocrx_word' id='word_1_618' title='bbox 2269 4267 2491 4319; x_wconf 88' lang='lat' dir='ltr'>favente</span> <span class='ocrx_word' id='word_1_619' title='bbox 2554 4262 2857 4317; x_wconf 89' lang='lat' dir='ltr'>clementia</span> <span class='ocrx_word' id='word_1_620' title='bbox 2892 4262 3286 4317; x_wconf 85' lang='lat' dir='ltr'>Romanorum</span> <span class='ocrx_word' id='word_1_621' title='bbox 3324 4264 3567 4334; x_wconf 87' lang='lat' dir='ltr'>impera-</span> 
     </span>
    </p>
   </div>
   <div class='ocr_carea' id='block_1_111' title="bbox 1868 4357 2292 4422">
    <p class='ocr_par' dir='ltr' id='par_1_111' title="bbox 1868 4357 2292 4422">
     <span class='ocr_line' id='line_1_112' title="bbox 1868 4357 2292 4422; baseline -0.005 -14"><span class='ocrx_word' id='word_1_622' title='bbox 1868 4362 1959 4409; x_wconf 92' lang='lat' dir='ltr'>tor</span> <span class='ocrx_word' id='word_1_623' title='bbox 1981 4357 2292 4422; x_wconf 81' lang='lat' dir='ltr'>Augustus.</span> 
     </span>
    </p>
   </div>
   <div class='ocr_carea' id='block_1_112' title="bbox 1937 4438 3568 4501">
    <p class='ocr_par' dir='ltr' id='par_1_112' title="bbox 1937 4438 3568 4501">
     <span class='ocr_line' id='line_1_113' title="bbox 1937 4438 3568 4501; baseline -0.001 -7"><span class='ocrx_word' id='word_1_624' title='bbox 1937 4442 2207 4495; x_wconf 89' lang='lat' dir='ltr'>Tribunal</span> <span class='ocrx_word' id='word_1_625' title='bbox 2267 4440 2473 4494; x_wconf 69' lang='lat' dir='ltr'>anima:</span> <span class='ocrx_word' id='word_1_626' title='bbox 2535 4440 2861 4501; x_wconf 87' lang='lat' dir='ltr'>dilatamus,</span> <span class='ocrx_word' id='word_1_627' title='bbox 2921 4439 2965 4491; x_wconf 90' lang='lat' dir='ltr'>si</span> <span class='ocrx_word' id='word_1_628' title='bbox 3026 4438 3289 4491; x_wconf 90' lang='lat' dir='ltr'>ecclesias</span> <span class='ocrx_word' id='word_1_629' title='bbox 3361 4438 3568 4493; x_wconf 89' lang='lat' dir='ltr'>Christi</span> 
     </span>
    </p>
   </div>
   <div class='ocr_carea' id='block_1_113' title="bbox 1870 4526 3569 4597">
    <p class='ocr_par' dir='ltr' id='par_1_113' title="bbox 1870 4526 3569 4597">
     <span class='ocr_line' id='line_1_114' title="bbox 1870 4526 3569 4597; baseline -0.002 -15"><span class='ocrx_word' id='word_1_630' title='bbox 1870 4546 1999 4583; x_wconf 93' lang='lat' dir='ltr'>cum</span> <span class='ocrx_word' id='word_1_631' title='bbox 2048 4529 2155 4581; x_wconf 91' lang='lat' dir='ltr'>sibi</span> <span class='ocrx_word' id='word_1_632' title='bbox 2202 4528 2471 4597; x_wconf 86' lang='lat' dir='ltr'>subjectis</span> <span class='ocrx_word' id='word_1_633' title='bbox 2519 4528 2874 4597; x_wconf 84' lang='lat' dir='ltr'>ampliamus.</span> <span class='ocrx_word' id='word_1_634' title='bbox 2913 4526 3031 4589; x_wconf 87' lang='lat' dir='ltr'>Qua</span> <span class='ocrx_word' id='word_1_635' title='bbox 3082 4527 3149 4578; x_wconf 93' lang='lat' dir='ltr'>de</span> <span class='ocrx_word' id='word_1_636' title='bbox 3206 4542 3265 4578; x_wconf 91' lang='lat' dir='ltr'>re</span> <span class='ocrx_word' id='word_1_637' title='bbox 3313 4526 3569 4579; x_wconf 78' lang='lat' dir='ltr'>ﬁdelium</span> 
     </span>
    </p>
   </div>
   <div class='ocr_carea' id='block_1_114' title="bbox 1872 4613 3571 4684">
    <p class='ocr_par' dir='ltr' id='par_1_114' title="bbox 1872 4613 3571 4684">
     <span class='ocr_line' id='line_1_115' title="bbox 1872 4613 3571 4684; baseline -0.002 -14"><span class='ocrx_word' id='word_1_638' title='bbox 1872 4617 1971 4670; x_wconf 87' lang='lat' dir='ltr'>Dei</span> <span class='ocrx_word' id='word_1_639' title='bbox 2004 4616 2358 4669; x_wconf 84' lang='lat' dir='ltr'>universitati</span> <span class='ocrx_word' id='word_1_640' title='bbox 2392 4619 2581 4684; x_wconf 87' lang='lat' dir='ltr'>pateat</span> <span class='ocrx_word' id='word_1_641' title='bbox 2639 4614 2790 4683; x_wconf 93' lang='lat' dir='ltr'>quod</span> <span class='ocrx_word' id='word_1_642' title='bbox 2847 4614 2950 4665; x_wconf 90' lang='lat' dir='ltr'>hac</span> <span class='ocrx_word' id='word_1_643' title='bbox 2994 4613 3329 4677; x_wconf 89' lang='lat' dir='ltr'>intentione,</span> <span class='ocrx_word' id='word_1_644' title='bbox 3388 4614 3571 4666; x_wconf 91' lang='lat' dir='ltr'>inter-</span> 
     </span>
    </p>
   </div>
   <div class='ocr_carea' id='block_1_115' title="bbox 1875 4690 3571 4768">
    <p class='ocr_par' dir='ltr' id='par_1_115' title="bbox 1875 4690 3571 4768">
     <span class='ocr_line' id='line_1_116' title="bbox 1875 4690 3571 4768; baseline -0.003 -11"><span class='ocrx_word' id='word_1_645' title='bbox 1875 4710 2040 4759; x_wconf 89' lang='lat' dir='ltr'>ventu</span> <span class='ocrx_word' id='word_1_646' title='bbox 2103 4702 2483 4757; x_wconf 81' lang='lat' dir='ltr'>dilectissimae</span> <span class='ocrx_word' id='word_1_647' title='bbox 2543 4700 2872 4754; x_wconf 87' lang='lat' dir='ltr'>contectalis</span> <span class='ocrx_word' id='word_1_648' title='bbox 2943 4690 3147 4753; x_wconf 84' lang='lat' dir='ltr'>nostrae</span> <span class='ocrx_word' id='word_1_649' title='bbox 3219 4700 3571 4768; x_wconf 75' lang='lat' dir='ltr'>Cunigundm</span> 
     </span>
    </p>
   </div>
   <div class='ocr_carea' id='block_1_116' title="bbox 1875 4786 3571 4862">
    <p class='ocr_par' dir='ltr' id='par_1_116' title="bbox 1875 4786 3571 4862">
     <span class='ocr_line' id='line_1_117' title="bbox 1875 4786 3571 4862; baseline -0.005 -16"><span class='ocrx_word' id='word_1_650' title='bbox 1875 4791 2259 4862; x_wconf 87' lang='lat' dir='ltr'>imperataicis</span> <span class='ocrx_word' id='word_1_651' title='bbox 2299 4794 2589 4860; x_wconf 69' lang='lat' dir='ltr'>Augustae,</span> <span class='ocrx_word' id='word_1_652' title='bbox 2629 4805 2732 4841; x_wconf 90' lang='lat' dir='ltr'>nec</span> <span class='ocrx_word' id='word_1_653' title='bbox 2786 4805 2902 4840; x_wconf 91' lang='lat' dir='ltr'>non</span> <span class='ocrx_word' id='word_1_654' title='bbox 2947 4794 3004 4841; x_wconf 92' lang='lat' dir='ltr'>et</span> <span class='ocrx_word' id='word_1_655' title='bbox 3065 4787 3340 4840; x_wconf 84' lang='lat' dir='ltr'>tleriberti</span> <span class='ocrx_word' id='word_1_656' title='bbox 3390 4786 3571 4838; x_wconf 80' lang='lat' dir='ltr'>archi-</span> 
     </span>
    </p>
   </div>
   <div class='ocr_carea' id='block_1_117' title="bbox 1877 4873 3572 4951">
    <p class='ocr_par' dir='ltr' id='par_1_117' title="bbox 1877 4873 3572 4951">
     <span class='ocr_line' id='line_1_118' title="bbox 1877 4873 3572 4951; baseline -0.005 -17"><span class='ocrx_word' id='word_1_657' title='bbox 1877 4880 2127 4951; x_wconf 87' lang='lat' dir='ltr'>episcopi</span> <span class='ocrx_word' id='word_1_658' title='bbox 2160 4878 2533 4938; x_wconf 88' lang='lat' dir='ltr'>Coloniensis,</span> <span class='ocrx_word' id='word_1_659' title='bbox 2586 4876 2883 4930; x_wconf 86' lang='lat' dir='ltr'>Adalbaldi</span> <span class='ocrx_word' id='word_1_660' title='bbox 2933 4874 3329 4944; x_wconf 84' lang='lat' dir='ltr'>Trajectensis,</span> <span class='ocrx_word' id='word_1_661' title='bbox 3390 4873 3572 4926; x_wconf 88' lang='lat' dir='ltr'>Theo-</span> 
     </span>
    </p>
   </div>
   <div class='ocr_carea' id='block_1_118' title="bbox 1880 4961 3572 5033">
    <p class='ocr_par' dir='ltr' id='par_1_118' title="bbox 1880 4961 3572 5033">
     <span class='ocr_line' id='line_1_119' title="bbox 1880 4961 3572 5033; baseline -0.005 -13"><span class='ocrx_word' id='word_1_662' title='bbox 1880 4967 2057 5021; x_wconf 87' lang='lat' dir='ltr'>derici</span> <span class='ocrx_word' id='word_1_663' title='bbox 2134 4964 2787 5033; x_wconf 81' lang='lat' dir='ltr'>Mimigardevurdensis,</span> <span class='ocrx_word' id='word_1_664' title='bbox 2880 4961 3216 5015; x_wconf 83' lang='lat' dir='ltr'>Theoderici</span> <span class='ocrx_word' id='word_1_665' title='bbox 3288 4961 3572 5022; x_wconf 83' lang='lat' dir='ltr'>Metensis,</span> 
     </span>
    </p>
   </div>
   <div class='ocr_carea' id='block_1_119' title="bbox 1881 5047 3578 5123">
    <p class='ocr_par' dir='ltr' id='par_1_119' title="bbox 1881 5047 3578 5123">
     <span class='ocr_line' id='line_1_120' title="bbox 1881 5047 3578 5123; baseline -0.005 -15"><span class='ocrx_word' id='word_1_666' title='bbox 1881 5053 2139 5123; x_wconf 87' lang='lat' dir='ltr'>Wiggeri</span> <span class='ocrx_word' id='word_1_667' title='bbox 2192 5052 2504 5118; x_wconf 89' lang='lat' dir='ltr'>Verdensis,</span> <span class='ocrx_word' id='word_1_668' title='bbox 2547 5050 2859 5105; x_wconf 86' lang='lat' dir='ltr'>Thietmari</span> <span class='ocrx_word' id='word_1_669' title='bbox 2909 5047 3381 5116; x_wconf 87' lang='lat' dir='ltr'>Osenburgensis,</span> <span class='ocrx_word' id='word_1_670' title='bbox 3433 5048 3578 5099; x_wconf 78' lang='lat' dir='ltr'>Erici</span> 
     </span>
    </p>
   </div>
   <div class='ocr_carea' id='block_1_120' title="bbox 1882 5135 3576 5209">
    <p class='ocr_par' dir='ltr' id='par_1_120' title="bbox 1882 5135 3576 5209">
     <span class='ocr_line' id='line_1_121' title="bbox 1882 5135 3576 5209; baseline -0.006 -13"><span class='ocrx_word' id='word_1_671' title='bbox 1882 5141 2376 5209; x_wconf 84' lang='lat' dir='ltr'>Havelburgensis,</span> <span class='ocrx_word' id='word_1_672' title='bbox 2411 5147 2618 5193; x_wconf 65' lang='lat' dir='ltr'>sanctae</span> <span class='ocrx_word' id='word_1_673' title='bbox 2674 5135 3129 5192; x_wconf 83' lang='lat' dir='ltr'>Paderburuensi</span> <span class='ocrx_word' id='word_1_674' title='bbox 3192 5136 3460 5200; x_wconf 58' lang='lat' dir='ltr'>ecclesiae,</span> <span class='ocrx_word' id='word_1_675' title='bbox 3520 5135 3576 5187; x_wconf 93' lang='lat' dir='ltr'>in</span> 
     </span>
    </p>
   </div>
   <div class='ocr_carea' id='block_1_121' title="bbox 1882 5222 3578 5297">
    <p class='ocr_par' dir='ltr' id='par_1_121' title="bbox 1882 5222 3578 5297">
     <span class='ocr_line' id='line_1_122' title="bbox 1882 5222 3578 5297; baseline -0.005 -14"><span class='ocrx_word' id='word_1_676' title='bbox 1882 5232 2099 5284; x_wconf 90' lang='lat' dir='ltr'>honore</span> <span class='ocrx_word' id='word_1_677' title='bbox 2126 5235 2332 5281; x_wconf 64' lang='lat' dir='ltr'>sanctae</span> <span class='ocrx_word' id='word_1_678' title='bbox 2367 5228 2467 5281; x_wconf 92' lang='lat' dir='ltr'>Dei</span> <span class='ocrx_word' id='word_1_679' title='bbox 2517 5224 2807 5297; x_wconf 90' lang='lat' dir='ltr'>genitricis</span> <span class='ocrx_word' id='word_1_680' title='bbox 2845 5222 3031 5276; x_wconf 63' lang='lat' dir='ltr'>Marias</span> <span class='ocrx_word' id='word_1_681' title='bbox 3062 5222 3355 5293; x_wconf 85' lang='lat' dir='ltr'>sanctique</span> <span class='ocrx_word' id='word_1_682' title='bbox 3384 5223 3578 5292; x_wconf 83' lang='lat' dir='ltr'>Kylia-</span> 
     </span>
    </p>
   </div>
   <div class='ocr_carea' id='block_1_122' title="bbox 1884 5310 3580 5385">
    <p class='ocr_par' dir='ltr' id='par_1_122' title="bbox 1884 5310 3580 5385">
     <span class='ocr_line' id='line_1_123' title="bbox 1884 5310 3580 5385; baseline -0.006 -14"><span class='ocrx_word' id='word_1_683' title='bbox 1884 5319 1941 5371; x_wconf 90' lang='lat' dir='ltr'>ni</span> <span class='ocrx_word' id='word_1_684' title='bbox 1977 5317 2243 5385; x_wconf 88' lang='lat' dir='ltr'>martyris</span> <span class='ocrx_word' id='word_1_685' title='bbox 2289 5322 2346 5370; x_wconf 92' lang='lat' dir='ltr'>et</span> <span class='ocrx_word' id='word_1_686' title='bbox 2380 5317 2559 5369; x_wconf 87' lang='lat' dir='ltr'>sancti</span> <span class='ocrx_word' id='word_1_687' title='bbox 2591 5312 2815 5383; x_wconf 84' lang='lat' dir='ltr'>Lyborii</span> <span class='ocrx_word' id='word_1_688' title='bbox 2856 5316 3220 5377; x_wconf 63' lang='lat' dir='ltr'>consecratas,</span> <span class='ocrx_word' id='word_1_689' title='bbox 3262 5310 3349 5363; x_wconf 91' lang='lat' dir='ltr'>cui</span> <span class='ocrx_word' id='word_1_690' title='bbox 3408 5311 3580 5363; x_wconf 83' lang='lat' dir='ltr'>etiam</span> 
     </span>
    </p>
   </div>
   <div class='ocr_carea' id='block_1_123' title="bbox 1889 5399 3583 5468">
    <p class='ocr_par' dir='ltr' id='par_1_123' title="bbox 1889 5399 3583 5468">
     <span class='ocr_line' id='line_1_124' title="bbox 1889 5399 3583 5468; baseline -0.008 -6"><span class='ocrx_word' id='word_1_691' title='bbox 1889 5408 2282 5462; x_wconf 78' lang='lat' dir='ltr'>Meinuvercus</span> <span class='ocrx_word' id='word_1_692' title='bbox 2330 5404 2688 5458; x_wconf 88' lang='lat' dir='ltr'>venerandus</span> <span class='ocrx_word' id='word_1_693' title='bbox 2736 5399 3033 5468; x_wconf 88' lang='lat' dir='ltr'>episcopus</span> <span class='ocrx_word' id='word_1_694' title='bbox 3078 5399 3368 5468; x_wconf 77' lang='lat' dir='ltr'>pracsidet,</span> <span class='ocrx_word' id='word_1_695' title='bbox 3404 5414 3583 5467; x_wconf 85' lang='lat' dir='ltr'>quan-</span> 
     </span>
    </p>
   </div>
   <div class='ocr_carea' id='block_1_124' title="bbox 3200 5507 3271 5562">
    <p class='ocr_par' dir='ltr' id='par_1_124' title="bbox 3200 5507 3271 5562">
     <span class='ocr_line' id='line_1_125' title="bbox 3200 5507 3271 5562; baseline 0 0"><span class='ocrx_word' id='word_1_696' title='bbox 3200 5507 3271 5562; x_wconf 85' lang='grc'><strong>11</strong></span> 
     </span>
    </p>
   </div>
   <div class='ocr_carea' id='block_1_125' title="bbox 2940 3299 3551 3353">
    <p class='ocr_par' dir='ltr' id='par_1_125' title="bbox 2940 3299 3551 3353">
     <span class='ocr_line' id='line_1_126' title="bbox 2940 3299 3551 3353; baseline 0.007 -4"><span class='ocrx_word' id='word_1_697' title='bbox 2940 3299 3316 3352; x_wconf 88' lang='lat' dir='ltr'>Erchanbaldi</span> <span class='ocrx_word' id='word_1_698' title='bbox 3370 3299 3551 3353; x_wconf 89' lang='lat' dir='ltr'>archi-</span> 
     </span>
    </p>
   </div>
  </div>
