3914 6190
452 247 548 300 331

1737 244 1791 297 S.
1848 241 2144 298 HENRICI
2190 242 2265 297 ΙΜ
2276 241 2360 295 ΡΕ
2370 239 2666 295 RATORIS
3756 252 3834 304 33‘.)

453 365 586 419 dam
633 367 852 418 curtem
919 367 1128 417 nostra
1186 362 1552 434 proprietatis
1615 363 2010 418 Berneshusen
2057 364 2143 419 di-
2171 366 2219 418 Α
2255 363 2318 416 in
2351 362 2488 416 locis
2520 365 2794 433 Haverga,
2833 360 3049 431 Limga,
3083 359 3414 428 Thiatmalli,
3442 365 3564 432 Aga,
3605 369 3836 442 Patherga,

450 457 600 507 ctam
630 452 691 506 in
721 467 869 522 pago
901 451 1063 522 Lisga
1093 452 1154 505 in
1184 452 1457 506 comitatu
1483 451 1694 506 Udonis
1734 451 1926 518 sitam,
1978 469 2154 524 quam

451 540 522 595 ab
575 541 825 594 Unwano
874 541 1258 594 Bremonense
1304 539 1731 610 archiepiscopo
1779 541 2051 609 donante,
2098 545 2154 595 et

449 644 554 698 per
608 628 950 682 advocatum
1007 644 1174 682 suum
1240 629 1496 683 Udonem
1555 629 1813 699 legitima
1842 630 2150 684 traditione

450 713 792 785 accepimus,
853 730 958 784 pro
1007 715 1264 769 remedio
1307 715 1632 770 animarum
1663 716 1813 770 diva
1855 716 2151 771 memoria

452 803 674 858 Ottonis
703 802 1067 872 imperatoris
1096 803 1279 871 tercii,
1310 803 1552 856 senioris
1599 804 1814 858 scilicet
1862 805 2063 870 nostri,
2097 810 2154 859 et

453 889 843 944 incolomitate
872 890 1005 944 vita
1037 894 1246 944 nostra
1276 891 1576 961 utriusque
1621 892 1919 962 prasentis
1953 892 2152 947 videli-

453 981 541 1031 cet
565 993 630 1030 ac
657 977 886 1043 futurae,
933 978 1310 1049 conjugisque
1361 983 1570 1033 nostra
1613 980 2014 1045 dilectissima,
2047 994 2153 1032 nec

453 1064 646 1118 minus
676 1081 778 1136 pro
810 1065 1119 1120 stabilitate
1150 1066 1332 1136 regni,
1370 1067 1750 1138 proprietario
1777 1069 1906 1138 jure
1945 1084 2153 1122 conce-

453 1152 665 1220 dimus,
696 1168 826 1206 cum
858 1153 1124 1208 omnibus
1146 1154 1610 1224 appertinenciis,
1636 1156 1806 1209 rebus
1827 1155 2148 1222 territoriis,

453 1240 622 1308 villis,
665 1240 968 1312 mancipiis
1027 1242 1328 1312 utriusque
1377 1259 1562 1309 sexus,
1620 1243 1790 1306 silvis,
1840 1243 2152 1296 venationi-

451 1328 588 1396 bus,
647 1329 809 1400 aquis
857 1345 1210 1400 aquarumve
1242 1329 1598 1398 decursibus,
1640 1331 2010 1397 molendinis,
2041 1331 2154 1402 pis-

450 1415 790 1484 cationibus,
820 1415 928 1469 viis
989 1420 1046 1470 et
1075 1416 1264 1482 inviis,
1317 1417 1566 1472 exitibus
1600 1422 1654 1472 et
1685 1419 1985 1487 reditibus,
2027 1435 2154 1490 pra-

453 1503 525 1556 tis
566 1509 624 1557 et
646 1503 889 1573 pascuis,
925 1508 1137 1558 etcum
1167 1505 1434 1560 omnibus
1486 1506 1776 1577 acquisitis
1840 1507 1930 1560 vel
1959 1507 2152 1578 inqui-

454 1592 674 1657 rendis;
708 1607 774 1646 ea
817 1591 1036 1646 ratione
1075 1597 1139 1646 ut
1165 1593 1619 1662 pranominatus
1651 1594 1950 1664 episcopus
2002 1596 2150 1664 ejus-

456 1695 569 1751 que
603 1695 952 1733 successores
977 1679 1219 1734 liberam
1250 1685 1593 1752 potestatem
1617 1681 1678 1734 in
1700 1681 1958 1752 ejusdem
1985 1683 2154 1736 eccle-

457 1767 557 1822 sia
610 1767 920 1822 utilitatem
959 1767 1220 1822 vertendi
1271 1769 1539 1823 habeant.
1592 1770 1648 1824 Si
1678 1770 1807 1840 quis
1855 1777 2048 1825 autem
2094 1771 2155 1824 in

456 1860 772 1926 posterum,
798 1857 950 1928 quod
973 1857 1143 1911 absit!
1176 1858 1474 1928 prafatam
1507 1859 1804 1913 ecclesiam
1831 1858 2153 1929 inquietare

458 1944 765 1998 contendat
813 1945 882 1999 de
917 1945 1134 1999 eisdem
1172 1945 1419 2016 praediis,
1474 1951 1753 2016 perpetuo
1787 1948 2152 2002 anathemate

457 2033 930 2103 condempnetur.
966 2035 1208 2104 Insuper
1238 2051 1267 2087 c
1295 2034 1470 2088 libras
1498 2035 1627 2088 auri
1663 2034 1869 2104 optimi
1916 2051 2150 2105 compo-

457 2123 577 2186 nat,
610 2119 1027 2174 dimidietatem
1053 2121 1228 2190 regia
1266 2137 1507 2175 camera
1529 2127 1586 2175 et
1615 2121 1898 2193 reliquam
1929 2128 2151 2193 partem

456 2209 637 2283 eidem
680 2208 930 2262 ecclesia
986 2226 1158 2280 quam
1217 2208 1539 2281 inquietare
1578 2213 1962 2284 prasumpsit.
1999 2214 2063 2267 Et
2090 2217 2155 2267 ut

455 2296 578 2352 hac
614 2301 824 2350 nostrae
868 2297 1197 2351 traditionis
1243 2298 1549 2352 auctoritas
1603 2300 1823 2353 stabilis
1875 2306 1930 2354 et
1959 2301 2154 2355 incon-

455 2385 614 2439 vulsa
673 2391 1028 2455 permaneat,
1108 2386 1256 2440 hanc
1311 2391 1527 2440 cartam
1580 2387 1714 2442 inde
1771 2389 2152 2460 conscriptam

455 2488 633 2526 manu
687 2473 921 2542 propria
964 2473 1319 2542 roborantes,
1367 2474 1556 2546 sigillo
1621 2480 1816 2530 nostro
1872 2477 2150 2548 jussimus

454 2560 742 2631 insigniri.

495 2679 497 2682 ‹
527 2650 758 2718 Signum
785 2649 971 2704 damni
995 2650 1253 2704 Heinrici
1269 2653 1617 2720 imperatoris
1656 2655 1907 2720 Augusti.
1942 2654 2026 2724 (L.
2053 2653 2148 2725 M.)

527 2737 876 2792 Guntherius
903 2738 1276 2793 cancellarius
1330 2738 1450 2792 vice
1508 2739 1855 2797 Erkenbaldi
1895 2743 2148 2798 archica-

454 2825 672 2896 pellani
709 2827 1059 2897 recognovit.

2259 452 2620 519 Treveresga,
2683 449 3048 520 Langaneka,
3085 449 3381 520 Erpesfeld,
3430 451 3632 519 Silbike,
3665 456 3840 527 Matfelt,

2261 539 2558 609 Nihterga,
2615 537 2894 603 Sinatfelt,
2945 537 3210 591 Ballevan
3264 553 3430 608 prope
3477 540 3692 610 Spriada,
3724 547 3844 599 Bam-

2261 624 2405 694 biki,
2451 625 2705 692 Gession,
2761 625 3281 691 Seuvardeshuson,
3313 642 3433 680 cum
3460 629 3597 682 omni
3623 632 3844 702 legalitate

2259 713 2318 766 in
2373 713 2675 784 proprium
2710 713 3074 768 concedimus
3129 719 3296 785 atque
3336 715 3588 785 largimur
3629 735 3715 788 per
3736 721 3846 775 hanc

2259 807 2516 855 nostram
2550 802 2910 872 imperialem
2941 803 3234 872 paginam,
3287 819 3352 857 eo
3396 804 3627 859 videlicet
3662 809 3846 862 racionis

2259 893 2458 943 tenore
2509 895 2571 943 ut
2625 891 2897 960 prafatus
2955 890 3255 960 episcopus
3316 890 3638 960 Meginuverc
3695 895 3846 966 suique

2260 993 2611 1031 successores
2658 978 3004 1048 prascripta
3037 977 3284 1031 ecclesia
3319 979 3654 1047 praesidentes
3693 981 3846 1037 dehinc

2259 1063 2499 1119 liberam
2567 1066 2812 1119 habeant
2883 1068 3227 1135 potestatem
3297 1064 3364 1118 de
3411 1066 3590 1120 eodem
3643 1069 3844 1123 comitatu

2261 1151 2497 1223 ejusque
2551 1153 2893 1207 utilitatibus
2953 1152 3226 1223 quicquid
3265 1152 3342 1205 cis
3386 1153 3635 1222 placuerit
3665 1155 3841 1210 faciendi

2261 1239 2331 1292 ad
2378 1255 2578 1294 eorum
2633 1246 2828 1294 tamen
2853 1240 3165 1295 utilitatem
3197 1239 3456 1305 ecclesia,
3497 1241 3718 1295 omnium
3735 1244 3837 1296 vide-

2259 1327 2392 1381 licet
2420 1328 2820 1399 inquietudine
2869 1333 3110 1382 remota.
3160 1328 3228 1381 Et
3258 1332 3318 1380 ut
3358 1327 3470 1382 hac
3504 1334 3684 1382 nostra
3719 1330 3838 1383 tradi-

2261 1415 2440 1470 cionis
2487 1434 2585 1471 seu
2625 1417 3085 1472 conﬁrmacionis
3134 1416 3433 1471 auctoritas
3481 1415 3670 1470 stabilis
3705 1422 3746 1470 et
3781 1418 3839 1470 in-

2261 1521 2532 1559 concussa
2579 1505 2739 1559 omni
2786 1505 3065 1559 habeatur
3121 1509 3395 1574 tempore,
3433 1503 3533 1558 hoc
3579 1509 3840 1574 praceptum

2263 1592 2395 1647 inde
2425 1592 2809 1663 conscriptum
2839 1608 3017 1646 manu
3066 1593 3299 1663 propria
3345 1591 3560 1646 ﬁrmare
3586 1592 3838 1656 curavimus,

2265 1685 2322 1735 et
2339 1680 2528 1752 sigillo
2548 1685 2740 1735 nostro
2771 1680 3048 1750 insignire
3075 1680 3368 1750 jussimus.

2333 1771 2559 1840 Signum
2590 1769 2775 1824 damni
2793 1769 3053 1824 Hetnrici
3073 1771 3412 1838 imperatoris
3440 1769 3653 1836 Augusti
3677 1768 3738 1837 (L.
3765 1768 3838 1834 ll}.

2335 1857 2684 1913 Guntherius
2733 1856 3104 1912 cancellarius
3150 1856 3270 1912 vice
3327 1856 3628 1912 Erkinbaldi
3667 1855 3842 1909 archica-

2261 1947 2478 2017 pellani
2500 1947 2822 2017 recognovi.

2333 2037 2472 2089 Data
2524 2051 2652 2090 xxxx
2701 2035 2824 2090 Kal.
2885 2035 3073 2102 Febr.,
3130 2034 3330 2090 indict.
3391 2051 3504 2101 xm,
3549 2049 3677 2088 anno
3715 2031 3843 2086 Domi-

2260 2123 2402 2178 nica
2453 2123 2865 2178 incarnationis
2900 2126 3054 2190 1016,
3088 2139 3241 2178 anno
3288 2139 3418 2178 vero
3463 2123 3640 2178 domui
3674 2117 3843 2175 Heinrici

2261 2212 2496 2267 secundi
2520 2211 2814 2283 regnantis
2834 2229 2953 2279 xui,
2988 2211 3221 2283 imperii
3250 2229 3308 2266 ιι.

3021 2319 3194 2374 XCVI.

2784 2426 2914 2479 Item
2929 2425 3146 2494 pradia
3165 2423 3441 2480 nonnulla.

2889 2530 3072 2601 (Anno
3095 2531 3341 2602 eodem.)

2900 2635 3090 2710 [Ibid.,
3118 2653 3177 2707 p.
3204 2635 3327 2708 74.]

2329 2743 2392 2796 In
2421 2740 2657 2796 nomine
2715 2746 2927 2796 sancta
2961 2747 3016 2796 et
3054 2741 3367 2797 individua
3416 2738 3700 2806 Trinitatis,
3739 2737 3856 2790 flux-

2258 2846 2412 2885 mcus
2443 2830 2542 2884 Dei
2575 2828 2762 2899 gracia
2794 2831 3187 2884 Romanorum
3219 2829 3527 2899 imperator
3561 2829 3810 2897 Augustus.

531 2916 670 2968 Data
706 2929 798 2967 xvr
837 2915 964 2969 Kal.
1002 2913 1164 2969 Febr.
1198 2914 1512 2969 Indictione
1544 2932 1663 2982 xm,
1717 2933 1871 2972 anno
1914 2917 2142 2973 Domin.
2181 2914 2220 2970 C
2328 2915 2597 2968 Omnium
2645 2913 3116 2968 Christiﬁdelium
3145 2913 3428 2968 industria
3457 2911 3656 2966 noverit
3682 2907 3860 2979 qualiter

456 3003 674 3056 incarn.
731 3004 886 3065 1016,
939 3018 1090 3056 anno
1152 3018 1286 3056 vero
1339 3003 1538 3057 domui
1611 3004 1861 3059 Heinrici
1916 3007 2152 3062 secundi

456 3088 749 3162 regnantis
824 3105 934 3158 xiv,
1011 3088 1244 3159 imperii
1327 3096 1520 3146 autem
1590 3081 1862 3147 secundo:
1947 3098 2152 3148 Actum

459 3176 884 3233 Drodmannia.

1226 3265 1378 3320 XCV.

631 3355 774 3408 Item
801 3354 1157 3423 possessiones
1198 3353 1440 3407 Haholdi
1473 3357 1678 3410 comitis
1709 3356 1973 3423 defuncti.

1076 3439 1260 3510 (Anno
1286 3440 1535 3511 eodem.)

1085 3527 1276 3600 [Ibid.,
1315 3545 1375 3599 p.
1408 3527 1523 3600 73.]

525 3618 590 3671 In
639 3615 876 3670 nomine
917 3619 1124 3670 sancta
1169 3621 1226 3670 et
1253 3616 1566 3672 individua
1613 3619 1922 3690 Trinitatis,
1979 3625 2148 3678 Hem-

455 3719 606 3759 mcus
630 3703 732 3758 Dei
757 3703 946 3775 gracia
967 3704 1358 3758 Romanorum
1386 3704 1702 3776 imperator
1733 3710 2039 3778 Augustus.

523 3792 743 3847 Divina
797 3791 1027 3862 pietatis
1090 3793 1414 3860 clementia,
1468 3810 1595 3864 qua
1647 3811 1750 3850 nos
1798 3798 1868 3851 ad
1925 3799 2150 3854 culmen

450 3880 764 3951 imperialis
789 3879 1106 3950 majestatis
1122 3880 1411 3950 perduxit,
1436 3882 1508 3935 ad
1539 3882 1646 3937 hoc
1675 3884 1856 3938 voluit
1884 3902 2146 3957 regnare,

453 3973 512 4023 ut
543 3968 906 4022 ecclesiarum
957 3967 1146 4022 ordini
1192 3969 1475 4023 ﬁrmando
1509 3975 1680 4040 atque
1730 3972 2149 4028 corroborando

454 4056 876 4122 subveniamus,
927 4056 1038 4109 hiis
1077 4061 1267 4110 autem
1293 4057 1544 4112 maxime
1574 4058 1728 4124 locis,
1767 4076 1896 4130 qua
1944 4061 2014 4115 ab
2049 4077 2148 4115 an-

451 4143 826 4197 tecessoribus
880 4143 1089 4197 nostris
1145 4144 1378 4214 regibus
1405 4144 1496 4199 vel
1552 4145 1996 4217 imperatoribus
2016 4149 2144 4202 fun-

453 4231 604 4298 data,
657 4231 755 4285 sed
793 4231 917 4300 jam
965 4233 1212 4302 peccatis
1241 4232 1598 4304 exigentibus
1631 4251 1776 4305 pene
1810 4236 2148 4292 videbantur

451 4319 761 4372 annullata.
819 4319 1180 4390 Quapropter
1209 4321 1471 4376 omnium
1522 4322 1780 4377 ﬁdelium
1819 4329 2145 4379 nostrorum

449 4406 821 4477 prasentium
880 4407 1094 4462 scilicet
1123 4425 1186 4463 ac
1241 4410 1567 4464 futurorum
1621 4395 1916 4467 industria
1945 4418 2147 4468 notum

428 4509 571 4548 'esse
600 4495 863 4550 volumus
921 4497 1167 4567 qualiter
1217 4513 1338 4564 nos,
1380 4498 1560 4552 divini
1589 4501 1800 4554 amoris
1847 4501 2142 4570 instinctu,

449 4598 554 4652 pro
582 4583 836 4638 remedio
866 4584 1074 4639 anima
1104 4588 1307 4639 nostra
1341 4601 1441 4640 seu
1466 4591 1764 4657 parentum
1795 4593 2146 4660 nostrorum,

449 4685 554 4724 nec
582 4686 697 4724 non
723 4676 780 4726 et
807 4671 969 4726 tercii
989 4672 1213 4728 Ottonis
1243 4672 1408 4727 bona
1431 4674 1726 4728 memoria
1755 4675 2143 4748 imperatoris,

447 4758 782 4829 dilectaque
816 4760 1078 4831 conjugis
1113 4765 1324 4815 nostra
1381 4761 1736 4831 Cunigunda
1765 4763 2147 4834 imperatricis

445 4848 717 4916 Augustae
775 4846 1122 4913 interventu,
1183 4854 1354 4920 atque
1401 4849 1760 4920 Meginuverc
1799 4858 2009 4908 sancta
2038 4856 2145 4909 Pa-

444 4932 887 4988 drebronnensis
943 4934 1195 4989 ecclesia
1243 4936 1586 4991 venerabilis
1633 4938 1884 5010 episcopi
1915 4947 2141 5011 rogatu,

446 5020 556 5073 sibi
579 5026 904 5093 sanctaque
956 5039 1074 5076 sua
1099 5023 1350 5077 ecclesia
1378 5041 1411 5078 a
1441 5025 1650 5080 Karolo
1708 5043 1920 5098 magno
1960 5028 2146 5100 impe-

444 5111 634 5163 ratore
682 5110 822 5164 olim
854 5109 1129 5178 fundata,
1181 5111 1392 5165 nostris
1449 5128 1582 5167 vero
1639 5115 1997 5184 temporibus
2061 5117 2145 5172 in-

447 5195 716 5250 cendium
768 5213 971 5267 passa,
1003 5197 1063 5251 in
1095 5199 1312 5253 honore
1366 5199 1523 5254 enim
1569 5207 1777 5256 sancta
1837 5203 1937 5257 Dei
1980 5204 2142 5274 geni-

443 5281 598 5334 tricis
645 5299 986 5357 semperque
1045 5284 1285 5357 virginis
1347 5287 1535 5343 Maria
1591 5293 1646 5342 et
1695 5290 1875 5344 sancti
1933 5292 2142 5346 Kiliani

445 5368 696 5423 martiris
728 5371 1054 5444 Liboriique
1106 5375 1448 5429 confessoris
1479 5375 1766 5444 dedicata,
1807 5378 2141 5434 comitatum

445 5470 620 5528 quem
652 5457 872 5515 Habold
901 5475 1090 5516 comes
1118 5460 1258 5518 dum
1294 5461 1435 5518 vixit
1462 5463 1669 5534 tenuit,
1722 5463 1899 5521 situm
1928 5466 2143 5523 scilicet

2263 3019 2388 3070 nos,
2448 3003 2628 3057 divini
2673 3003 2887 3057 amoris
2937 3009 3223 3075 respectu,
3297 3008 3352 3058 et
3395 3001 3733 3057 dilectissime
3772 3013 3861 3049 cou-

2254 3091 2412 3162 jugis
2465 3096 2697 3158 nostra,
2757 3093 2859 3163 qui
2901 3092 3015 3146 duo
3064 3108 3267 3146 sumus
3316 3092 3374 3146 in
3413 3107 3570 3145 carne
3604 3084 3858 3155 una,Cuni-

2261 3179 2473 3249 gunda
2531 3179 2793 3233 videlicet
2856 3179 3242 3249 imperatricis
3307 3184 3553 3250 augusta
3607 3179 3770 3245 rogatu
3825 3175 3858 3220 et

2260 3266 2556 3328 instinctu,
2592 3272 2801 3320 sancta
2834 3267 3322 3322 Paterbrunnensi
3375 3266 3606 3321 ecclesia
3635 3265 3683 3316 in
3708 3263 3858 3315 honore

2261 3359 2470 3408 sancta
2507 3355 2606 3408 Dei
2653 3355 2945 3426 genitricis
2992 3355 3182 3409 Maria
3224 3361 3283 3410 et
3336 3354 3508 3410 sancti
3552 3351 3730 3406 Kiliani
3756 3361 3858 3401 mar-

2260 3442 2386 3497 tiris
2415 3443 2706 3514 sanctique
2736 3443 2946 3498 Liborii
2997 3449 3084 3498 ter
3113 3444 3269 3498 beati
3299 3441 3622 3499 confessoris
3644 3437 3858 3495 dedicata,

2260 3531 2372 3585 tale
2423 3531 2706 3601 praedium
2737 3532 3237 3602 proprietavimus,
3286 3534 3452 3605 quale
3480 3530 3646 3596 nobis,
3674 3524 3860 3580 omnium

2258 3619 2562 3674 hominum
2609 3621 3059 3676 contradictione
3112 3629 3356 3691 remota,
3389 3619 3610 3675 tradidit
3635 3613 3866 3672 Helmicusy

2258 3707 2540 3774 videlicet,
2568 3707 2626 3761 in
2659 3708 2931 3762 comitatu
2956 3708 3294 3764 Herimanni
3325 3707 3570 3763 comitis:
3602 3705 3655 3758 in
3674 3698 3862 3757 Dulmine

2259 3811 2520 3849 mansum
2553 3811 2754 3860 unum,
2794 3796 2855 3849 in
2888 3797 3169 3851 Nienhem
3221 3813 3486 3852 mansum
3543 3812 3578 3862 ι,
3604 3794 3656 3848 in
3695 3790 3861 3844 Situnne

2259 3898 2522 3937 mansum
2569 3901 2608 3949 ι,
2663 3884 2967 3939 Halostron
3022 3901 3293 3939 mansum
3327 3903 3362 3949 ι,
3414 3885 3468 3938 in
3530 3878 3864 3937 Berthalostron

2258 3986 2524 4025 mansum
2580 3989 2616 4038 ι,
2679 3972 2741 4025 in
2792 3971 3149 4026 Lehembeke
3208 3988 3476 4027 mansum
3521 3988 3556 4034 ι,
3617 3969 3670 4021 in
3717 3962 3861 4018 Ηοτιου

2257 4074 2521 4113 mansum
2550 4076 2564 4114 ι
2593 4076 2606 4125 ;
2644 4060 2705 4113 in
2763 4061 3033 4115 comitatu
3095 4061 3322 4115 Ottonis
3351 4059 3598 4114 comitis:
3628 4057 3680 4110 in
3722 4053 3866 4117 Elvew

2257 4163 2521 4201 mansum
2576 4165 2614 4214 ι,
2669 4148 2730 4201 in
2797 4148 3286 4204 Ricoldinchuson
3355 4162 3610 4204 mansum
3657 4160 3695 4209 ις
3736 4150 3865 4192 cum

2256 4235 2558 4305 mancipiis
2621 4236 2922 4307 utriusque
2983 4253 3170 4304 sexus,
3241 4238 3409 4303 areis,
3480 4233 3637 4295 villis,
3690 4223 3866 4300 pascuis.

2255 4323 2418 4392 aquis
2468 4339 2817 4394 aquarumve
2875 4325 3231 4393 decursibus,
3277 4315 3866 4396 piscationibus,niolen-

2256 4406 2424 4473 dinis,
2458 4408 2630 4475 silvis,
2673 4410 3072 4466 venationibus
3121 4417 3176 4465 et
3251 4412 3519 4466 omnibus
3577 4399 3867 4480 appendiciis,

2253 4496 2608 4566 cunctisque,
2677 4499 3082 4569 qualicumque
3139 4500 3315 4554 modo
3370 4497 3644 4553 nominari
3694 4488 3868 4562 possint,

2253 4584 2629 4653 utensilibus;
2669 4603 2736 4640 ea
2785 4586 3003 4641 scilicet
3054 4587 3280 4642 ratione
3333 4594 3397 4642 ut
3422 4593 3654 4656 uterque
3679 4581 3868 4634 nostrum

2253 4677 2370 4726 tam
2435 4673 2709 4728 vestitura
2762 4691 2937 4745 quam
2985 4675 3132 4730 victu
3186 4676 3584 4747 stipendialem
3629 4665 3796 4724 amodo
3826 4658 3871 4711 ἑὼ

2253 4761 2519 4831 episcopo
2549 4763 2697 4818 sedis
2726 4763 3080 4835 subscripta,
3138 4781 3291 4820 nunc
3338 4781 3471 4818 vero
3504 4781 3535 4817 a
3572 4761 3756 4816 domno
3798 4749 3870 4802 Με*

2252 4849 2535 4920 ginwerco
2584 4853 2828 4921 prasule
2881 4857 2938 4906 et
2986 4857 3127 4922 'post
3183 4871 3215 4906 a
3273 4851 3683 4907 successoribus
3729 4840 3872 4912 ipsius.

2251 4938 2547 4992 communi
2585 4940 2994 4994 canonicorum
3015 4957 3323 5010 consensu,
3346 4957 3477 4995 cum
3518 4939 3763 5012 perpetua
3786 4939 3873 4980 ora-

2253 5028 2479 5083 tionum
2529 5032 2994 5102 participatione,
3028 5035 3283 5103 plenarie
3327 5033 3471 5088 inibi
3497 5033 3634 5086 sicut
3659 5041 3778 5081 unus
3803 5021 3874 5072 ira-

2250 5119 2405 5170 trum
2456 5118 2698 5188 accipiat
2753 5125 2809 5174 et
2857 5121 3196 5191 potestative
3235 5122 3546 5193 possideat.
3597 5119 3655 5172 Et
3699 5118 3751 5166 ut
3795 5108 3876 5161 hac

2251 5205 2486 5260 traditio
2537 5212 2744 5262 nostra
2803 5208 3163 5264 liberalitatis
3222 5210 3446 5265 stabilis
3507 5213 3563 5263 et
3611 5207 3876 5260 inconcussa

2250 5299 2606 5363 permaneat,
2669 5295 2815 5349 hanc
2884 5303 3098 5352 cartam
3152 5298 3287 5353 inde
3347 5297 3708 5366 conscriptam
3752 5294 3876 5374 me“?

2249 5382 2485 5452 propria
2539 5384 2892 5454 roborantes,
2962 5386 3149 5458 sigillo
3218 5391 3418 5443 nostro
3496 5385 3678 5440 subter
3723 5373 3878 5432 bullilfi

2242 5485 2535 5540 Jussimus.
