4016 6202
101 338 191 389 333

1374 334 1788 392 DIPLOMATA
1830 334 2386 404 ECCLESIASTICA.

3555 368 3657 420 334

160 459 383 525 Signum
454 454 649 509 damni
725 454 958 557 Henrici
1017 456 1385 510 Romanorum
1465 458 1827 514 invictissimi
1854 456 1902 509 A
1939 473 2117 518 neum
2154 468 2417 540 exigatur
2449 488 2481 525 a
2512 472 2674 526 bouis
2706 474 2944 530 fratrum
3001 480 3354 537 Treveriren.
3406 485 3654 557 principi

96 549 430 616 imperatoris
457 545 709 610 Augusti
735 544 825 609 (L.
864 542 982 611 Μ.)

157 632 510 689 Guntherius
543 630 930 685 cancellarius
965 629 1090 685 vice
1115 630 1508 692 Arehanbaldi
1559 634 1828 689 archica-

100 720 298 791 pellani
324 719 691 791 recognovit.

155 812 289 863 Data
322 825 378 863 iv
426 811 511 863 Id.
548 808 731 875 Junii,
780 807 1104 862 indictione
1152 823 1254 875 xu,
1315 824 1469 863 anno
1504 809 1827 863 Dominicae

96 898 492 952 incarnationis
553 898 715 963 1017,
779 913 934 951 anno
988 911 1126 949 vero
1185 895 1390 949 domui
1442 896 1675 952 Henrici
1736 911 1827 949 se-

96 986 247 1039 cundi
303 985 609 1056 regnantis
667 1001 781 1051 xv1,
835 983 1074 1055 imperii
1146 998 1227 1039 ιγ.
1312 985 1524 1039 Actum
1581 984 1825 1039 Pather-

94 1074 374 1129 bruunon.

842 1160 1049 1215 XCVII.

1941 555 2339 639 apostolorum
2368 561 2758 630 servientium,
2796 565 2883 618 vel
2919 582 2952 619 a
2981 568 3096 621 suis
3125 569 3481 639 hominibus,
3556 555 3655 630 aut

1939 635 2040 705 ibi,
2105 646 2297 699 autin
2334 646 2466 700 villa
2533 651 2747 704 Madert
2778 656 3163 724 manentibus,
3211 676 3277 713 eo
3312 635 3528 716 scilicet
3572 668 3653 718 te-

1939 742 2079 819 nore
2114 737 2177 785 ut
2204 735 2455 804 gratuita
2493 742 2687 793 nostra
2720 739 3025 811 invigilent
3071 748 3349 803 oratione.
3408 753 3542 819 Hoc,
3595 758 3652 808 et

1939 817 2232 909 quidquid
2281 823 2349 876 de
2407 826 2659 893 praefata;
2715 830 2887 883 rebus
2945 833 3196 888 ecclesia:
3264 817 3646 909 laudavimus,

1938 907 2127 1000 nostri
2157 912 2494 1000 auctoritate
2526 914 2737 984 sceptri
2766 917 3151 988 ﬁrmavimus;
3178 926 3329 994 quod
3365 927 3474 1000 [ut]
3501 907 3645 999 prae;

1939 996 2093 1050 senti
2119 998 2383 1052 etfuturo
2406 1004 2665 1071 tempore
2696 1003 2832 1058 viris
2853 1008 3139 1078 credatur,
3165 996 3644 1087 nostrisque—suc-

1939 1086 2263 1140 cessoribus
2295 1086 2629 1158 diligentius
2669 1093 3047 1157 custodiatur,
3076 1096 3132 1153 id
3187 1117 3364 1157 manu
3402 1086 3647 1176 propria

1938 1172 2429 1263 conﬁrmavimus,
2456 1177 2756 1249 nostrique
2788 1180 3169 1252 impressione
3208 1189 3381 1259 sigilli
3410 1172 3648 1263 “signari

155 1251 211 1304 S.
234 1250 528 1304 Henricus
559 1249 610 1303 Ιι
642 1249 775 1329 imp.
806 1250 1054 1329 _Popponi
1076 1247 1142 1301 de
1173 1248 1531 1329 immunitate
1559 1248 1829 1303 Ecclesiae
1932 1259 2235 1329 jussimus,

680 1320 995 1372 trevirensis
1035 1323 1213 1373 cavet.

755 1409 941 1473 (Anno
978 1408 1156 1470 1016).

227 1494 591 1565 [Hontheim,
647 1495 796 1548 Hist.
850 1496 1059 1547 Trevir.
1094 1494 1353 1563 diplom.,
1418 1495 1463 1560 Ι,
1518 1493 1679 1566 351.]

156 1585 215 1637 In
251 1583 503 1637 nomine
536 1585 745 1636 sanctas
804 1586 862 1635 et
909 1581 1225 1635 individua;
1275 1583 1575 1638 Trinitatis
1635 1584 1818 1655 (168).

93 1673 361 1725 Ηεκιιιεεε
394 1668 594 1724 divina
618 1668 842 1722 favente
872 1669 1175 1722 clementia
1204 1685 1334 1723 rex.

154 1759 209 1814 Si
235 1758 384 1812 locis
417 1759 535 1812 Deo
567 1755 765 1810 dicatis
798 1755 1091 1827 quoddam
1123 1756 1401 1812 beneﬁcii
1445 1760 1609 1830 juxta
1668 1761 1817 1830 peti-
1853 1738 1895 1792 Β

91 1848 263 1902 tiones
316 1846 423 1901 Dei
455 1861 748 1900 servorum
778 1849 837 1899 et
878 1849 1090 1899 nostra:
1138 1845 1513 1903 liberalitatis
1571 1866 1816 1906 munere

92 1935 459 1998 conferimus,
494 1933 557 1988 id
607 1933 779 1988 nobis
804 1933 1172 2003 profuturum
1238 1936 1468 2007 liquido
1500 1938 1813 2008 credimus,

96 2032 145 2079 et
171 2025 239 2078 ad
271 2025 585 2077 mortalem
614 2022 787 2076 vitam
823 2022 1222 2092 temporaliter
1254 2025 1717 2095 transigendam,
1761 2032 1817 2080 et

96 2113 157 2166 ad
183 2116 470 2166 aeternam
502 2110 743 2166 feliciter
793 2109 1187 2165 obtinendam.
1228 2112 1484 2167 Proinde
1545 2114 1815 2170 volumus

98 2200 349 2255 intimari
381 2198 595 2253 nostris
615 2198 901 2263 ﬁdelibus,
934 2203 1051 2252 tam
1081 2198 1292 2253 futuris
1333 2216 1511 2271 quam
1555 2217 1811 2272 praesen-

100 2289 256 2355 tibus,
292 2289 453 2359 quod
487 2287 572 2341 vir
601 2286 947 2341 venerabilis
988 2288 1183 2357 Poppo
1221 2295 1435 2343 sanctae
1457 2290 1816 2346 Trevirensis

101 2377 356 2430 Ecclesiae
404 2375 874 2445 archiepiscopus
904 2391 1011 2428 nos
1044 2390 1196 2444 saepe
1226 2376 1474 2445 monuit,
1528 2382 1814 2433 nostram-

98 2482 198 2535 que
246 2465 669 2518 sublimitatem
701 2464 890 2533 petiit,
927 2467 992 2516 ut
1029 2463 1379 2518 multitatem
1410 2481 1605 2519 rerum
1638 2471 1694 2520 et
1722 2468 1816 2521 fa-

98 2554 261 2607 miliae
294 2552 482 2606 sancti
510 2552 681 2619 Petri,
712 2567 891 2622 quam
923 2550 1105 2604 nostri
1142 2552 1612 2620 praedecessores,
1644 2569 1814 2624 reges

97 2642 359 2695 videlicet
387 2646 446 2695 et
493 2640 896 2710 imperatores,
934 2638 1249 2693 Trevericaa
1290 2641 1412 2695 sedi
1442 2657 1546 2711 pro
1602 2641 1813 2697 divinae

97 2729 608 2799 contemplationis
637 2728 855 2782 intuitu
892 2728 1327 2797 delegaverunt,
1378 2730 1583 2800 suique
1617 2736 1811 2785 aucto-

100 2818 257 2872 ritate
320 2816 596 2887 przecepti
653 2817 1167 2881 conﬁrmaverunt,
1236 2816 1383 2869 hanc
1435 2817 1813 2885 dignaremur

98 2924 383 2972 revocare,
420 2905 748 2976 nostrisque
779 2903 1127 2959 stabilienda
1158 2903 1393 2973 sceptris
1441 2902 1806 2957 confirmare.

2011 1348 2245 1416 Signum
2266 1348 2474 1404 domini
2501 1351 2739 1408 Henrici
2766 1357 2843 1410 III
2872 1361 3016 1424 regis
3044 1361 3409 1421 invictissimi.

2681 1442 2910 1499 XCVIII.

1939 1524 2277 1593 Przceptum
2342 1526 2419 1608 S..
2482 1528 2705 1608 Henrici
2762 1533 3227 1608 Iluimperatoris,
3298 1541 3645 1601 Werenherio

2330 1601 2575 1666 episcopo
2604 1601 2904 1666 Argentino
2928 1601 3247 1662 Concessum.

2582 1687 2773 1761 (Anno
2822 1692 2999 1761 1017).

2294 1755 2456 1825 [σαιι.
2494 1756 2694 1812 Christ.
2734 1760 2794 1825 V,
2846 1755 3276 1840 469'1nstrum.j

2002 1842 2067 1895 In
2086 1836 2322 1895 nomine
2363 1848 2572 1897 sanctae
2606 1850 2662 1899 et
2700 1846 3011 1904 individuae
3061 1836 3371 1925 Trinitatis,
3434 1860 3637 1915 Hamm-

1928 1945 2027 1983 cus
2058 1929 2160 1983 Dei
2187 1930 2394 2000 gratia,
2430 1934 2830 1989 Romanorum
2856 1940 3165 2007 Augustus.

2002 2017 2214 2070 Notum
2236 2017 2309 2071 sit
2330 2018 2596 2072 omnibus
2616 2022 2821 2076 Christi
2836 2024 3100 2080 ﬁdelibus
3134 2029 3286 2098 quod
3304 2029 3631 2089 interventu

1924 2102 2149 2158 dilectae
2170 2105 2431 2176 conjugis
2453 2112 2661 2161 nostrae
2690 2109 3062 2180 Cunigundae,
3096 2115 3362 2171 videlicet
3386 2119 3632 2190 impera-

1924 2191 2084 2281 tricis
2110 2194 2404 2263 Augustae,
2434 2197 2531 2248 sed
2565 2200 2619 2248 et
2649 2197 2935 2253 Brunonis
2966 2205 3344 2271 Augustensis
3375 2208 3627 2281 episcopi

1923 2279 2115 2334 fratris
2137 2280 2348 2334 scilicet
2370 2281 2573 2347 nostri,
2602 2299 2707 2336 nec
2740 2300 2853 2338 non
2881 2287 3171 2357 P0pponis
3223 2279 3631 2349 Laurasamen-

1924 2366 2000 2419 sis
2051 2369 2391 2422 venerabilis
2446 2369 2687 2438 abbatis,
2736 2388 2909 2428 sacra—3
2957 2375 3108 2429 sedis
3138 2378 3465 2447 Argeutinaz
3503 2382 3631 2435 We-

1923 2455 2192 2509 renherio
2215 2456 2527 2510 venerabili
2557 2457 2843 2528 episcopo,
2877 2466 2999 2513 tum
3048 2478 3151 2532 pro
3204 2464 3301 2517 Dei
3332 2466 3627 2534 genitricis

1922 2544 2107 2597 Mariae
2138 2544 2371 2612 speciali
2411 2561 2624 2611 amore,
2657 2551 2793 2599 tunc
2821 2548 2997 2602 etiam
3048 2555 3286 2620 propter
3336 2553 3457 2623 ejus
3504 2559 3625 2611 tam

1922 2632 2297 2702 spiritualiter
2326 2649 2500 2702 quam
2532 2634 2836 2687 carnaliter
2856 2636 2995 2706 juge
3050 2639 3362 2708 servitium,
3419 2642 3625 2698 libera-

1920 2720 2137 2773 lissime
2164 2720 2331 2774 nobis
2361 2724 2568 2791 saepius
2600 2722 2951 2792 impensum,
2992 2725 3260 2779 forestem
3309 2728 3368 2782 in
3420 2730 3620 2785 deter-

1918 2807 2195 2861 minando
2258 2809 2745 2878 proprietavimus
2776 2827 2788 2864 :
2820 2812 2889 2865 de
2944 2813 3135 2868 littore
3186 2816 3369 2870 Rheni
3417 2824 3619 2875 contra

1919 2895 2232 2949 Wizwilare
2264 2896 2335 2950 ad
2357 2898 2563 2950 vadum
2594 2898 2879 2968 Ilugonis;
2938 2904 2993 2952 et
3046 2901 3115 2954 de
3173 2903 3313 2956 vado
3362 2906 3619 2975 Hugonis

102 2996 264 3065 Cujus
288 2994 564 3065 petitioni
596 2993 841 3047 libenter
864 2990 1309 3061 consentientes,
1340 2996 1396 3044 et
1427 2991 1535 3044 hoc
1593 2996 1807 3044 nostra:
1838 3016 1879 3071 ρ
1921 2984 1990 3039 ad
2021 2983 2396 3039 Seerovillare
2454 2990 2510 3038 et
2547 2986 2617 3039 de
2665 2986 3036 3041 Seerovillare
3105 2990 3174 3043 ad
3223 2992 3617 3049 Dabechnein-

96 3082 458 3137 auctoritatis
508 3087 865 3152 prceceptum
911 3096 1048 3150 erga
1104 3078 1281 3149 ipsius
1338 3078 1641 3133 Ecclesium
1698 3096 1804 3149 pro

100 3171 194 3224 Dei
224 3172 443 3224 timore
474 3172 712 3241 ejusque
743 3184 945 3223 amore
974 3166 1102 3220 ﬁeri
1130 3168 1519 3234 decernentes,
1560 3167 1806 3222 ﬁrmiter

92 3260 465 3331 praecipimus
497 3265 552 3312 et
584 3258 889 3312 statuimus
918 3262 986 3310 ut
1016 3256 1075 3309 in
1108 3256 1402 3310 facultates
1442 3257 1531 3309 vel
1588 3271 1677 3308 res
1734 3257 1805 3311 ad

93 3348 397 3401 ecclesiam
442 3347 619 3399 sancti
661 3346 818 3400 Petri
849 3342 1165 3398 Trevericaa
1216 3343 1373 3397 urbis
1425 3342 1799 3413 pertinentes,

94 3435 313 3490 scilicet
365 3435 428 3488 in
498 3434 867 3499 monasteria,
938 3431 1223 3499 basilicas,
1306 3432 1556 3497 castella,
1624 3431 1800 3498 vicos,

94 3539 281 3593 agros,
322 3524 540 3587 vineas,
588 3523 777 3589 silvas,
811 3520 1096 3586 homines,
1150 3520 1239 3573 vel
1288 3520 1540 3590 reliquas
1579 3535 1801 3588 posses-

93 3612 302 3678 siones,
356 3627 458 3665 seu
512 3610 708 3664 omnia
756 3626 889 3680 quae
923 3609 1194 3679 deinceps
1222 3608 1284 3662 in
1307 3608 1435 3677 jure
1478 3607 1656 3677 ipsius
1690 3608 1803 3661 loci

91 3700 287 3754 divina
330 3699 531 3770 augeri
575 3699 821 3753 voluerit
847 3698 1167 3763 clementia,
1227 3699 1417 3750 nullus
1465 3712 1659 3749 comes
1712 3697 1801 3750 vel

90 3789 300 3860 aliquis
357 3804 426 3842 ex
470 3787 730 3855 judiciali
796 3790 1078 3855 potestate
1133 3786 1203 3839 ad
1237 3801 1434 3839 causas
1487 3784 1801 3838 audiendas

89 3876 173 3927 vel
204 3874 378 3928 freda
410 3880 507 3927 aut
546 3874 766 3928 tributa
803 3890 904 3929 seu
960 3872 1184 3943 aliquos
1226 3874 1512 3943 conjectos
1566 3872 1799 3943 exigen-

92 3962 206 4029 dos,
231 3967 341 4016 aut
363 3962 693 4016 mansiones
722 3963 811 4016 vel
841 3966 1071 4032 paratas
1118 3961 1431 4028 faciendas,
1461 3966 1561 4015 aut
1603 3961 1798 4015 homi-

92 4067 185 4103 nes
219 4051 480 4105 ecclesiaz
527 4051 973 4119 distringendos,
1022 4055 1123 4104 aut
1181 4050 1419 4121 injustas
1474 4048 1798 4103 exactiones

92 4139 492 4208 requirendas,
543 4140 627 4192 vel
662 4140 951 4192 thelonem
984 4139 1349 4209 exigendum,
1398 4138 1605 4192 nostris
1654 4143 1795 4191 tem-

92 4228 331 4295 poribus
353 4233 414 4281 et
442 4227 648 4281 futuris
677 4227 901 4298 ingredi
931 4227 1156 4294 audeat,
1207 4243 1312 4281 nec
1343 4242 1408 4279 ea
1462 4243 1588 4296 quae
1646 4242 1796 4296 prae-

1918 3078 2076 3140 sten;
2116 3077 2171 3127 et
2201 3073 2271 3127 de
2308 3074 2803 3128 Dabechneinsten
2836 3078 2982 3130 ultra
3024 3079 3291 3133 Pruscam
3324 3097 3506 3151 usque
3544 3084 3617 3137 ad

1919 3161 2213 3216 Roraham
2244 3161 2459 3227 rivum;
2495 3162 2564 3215 de
2591 3163 2827 3217 Rohaha
2861 3165 3012 3219 ultra
3047 3166 3305 3220 Sormam
3337 3170 3611 3237 ﬂuvium;

1916 3250 2124 3305 deinde
2165 3266 2345 3320 usque
2393 3250 2463 3304 ad
2496 3252 2731 3304 Matram
2777 3251 3042 3320 ﬂuvium,
3102 3254 3171 3308 ad
3211 3255 3375 3309 illum
3422 3257 3616 3311 locum

1916 3338 2017 3409 qui
2069 3338 2276 3393 dicitur
2327 3339 2824 3405 Phaﬁ‘enhovend;
2874 3341 3144 3411 deinceps
3206 3360 3309 3412 per
3368 3345 3611 3400 Matram

1914 3428 2183 3481 deorsum
2230 3443 2413 3498 usque
2444 3427 2543 3480 ubi
2579 3428 2754 3481 Matra
2794 3427 2945 3482 intra
2973 3430 3237 3484 Rhenum
3273 3447 3284 3484 :
3317 3436 3374 3485 et
3405 3433 3611 3488 deinde

1912 3530 2141 3569 sursum
2169 3531 2273 3584 per
2296 3520 2478 3569 totum
2509 3515 2754 3569 limitem
2782 3517 2966 3570 Rheni
2996 3534 3125 3571 cum
3166 3518 3365 3572 insulis
3424 3523 3609 3575 omni-

1910 3603 2019 3657 bus
2045 3603 2440 3672 adjacentibus
2465 3619 2642 3672 usque
2692 3603 3099 3659 Wicenwilare.
3147 3607 3245 3660 Jus
3291 3607 3471 3677 igitur
3517 3610 3611 3664 fo-

1910 3695 2075 3744 restae
2100 3691 2153 3744 ei
2183 3691 2414 3761 suisque
2463 3693 2880 3745 successoribus
2909 3698 3193 3761 nostrum,
3233 3711 3436 3764 regum
3468 3714 3609 3767 quo-

1910 3795 2023 3849 que
2076 3782 2133 3833 et
2184 3779 2598 3849 imperatorum
2646 3796 2808 3833 more
2866 3788 3290 3835 antecessorum
3310 3800 3412 3852 per
3466 3786 3607 3839 bau-

1910 3882 2051 3920 num
2110 3871 2371 3920 nostrum
2420 3866 2782 3934 imperialem
2824 3867 3197 3921 ﬁrmavimus.
3245 3870 3327 3922 Ita
3372 3886 3506 3924 vero
3546 3878 3611 3927 ut

1910 3956 2100 4009 nullus
2149 3953 2229 4007 ibi
2289 3970 2539 4016 cervum,
2583 3956 2670 4008 vel
2717 3971 2962 4021 cervam,
3012 3972 3209 4009 ursum
3275 3957 3361 4010 vel
3391 3974 3608 4027 ursam,

1909 4060 2114 4113 aprum
2140 4044 2318 4097 vel....
2365 4058 2565 4112 capros
2596 4044 2683 4097 vel
2737 4059 2933 4114 capras
2973 4044 3094 4097 sine
3144 4044 3375 4098 licentia
3427 4047 3609 4115 ipsius

1908 4132 2315 4203 quoquomodo
2361 4130 2567 4200 capiat.
2629 4132 2699 4185 Et
2724 4137 2786 4186 ut
2844 4133 2967 4187 haec
3022 4137 3232 4186 nostrae
3279 4133 3608 4189 donationis

1906 4221 2216 4274 auctoritas
2248 4218 2466 4274 stabilis
2516 4224 2572 4272 et
2615 4219 2948 4274 incouvulsa
2976 4220 3133 4274 omni
3179 4226 3437 4291 tempore
3476 4240 3606 4293 per-

92 4315 241 4369 dicta
276 4322 415 4369 sunt
443 4320 672 4384 penitus
695 4316 920 4386 exigere
954 4321 1295 4386 praasumat;
1331 4314 1427 4368 sed
1455 4314 1649 4367 omnia
1691 4315 1793 4369 sub
1822 4293 1868 4349 Ῑ)
1912 4313 2167 4376 maneat,
2189 4309 2337 4362 hanc
2368 4307 2646 4377 paginam
2678 4310 2813 4363 inde
2845 4309 3228 4377 conscriptam
3266 4326 3443 4364 manu
3471 4328 3606 4381 pro-

87 4404 211 4472 jure
235 4404 425 4458 sancti
464 4404 616 4458 Petri
654 4404 965 4458 Trevericee
1005 4404 1151 4457 sedis
1183 4403 1420 4474 ejusque
1481 4402 1787 4472 pontiﬁcis,

92 4497 144 4545 et
166 4493 263 4546 cui
303 4494 429 4561 ipse
477 4492 829 4546 commiserit
866 4497 1270 4562 permaneant;
1332 4496 1388 4545 et
1445 4495 1708 4545 monetas
1738 4496 1795 4546 et

88 4579 386 4643 thelonea,
418 4596 545 4649 quae
578 4584 932 4634 memoratus
962 4580 1216 4649 pontifex
1256 4581 1316 4633 in
1345 4579 1621 4633 vestitura
1676 4596 1793 4634 sua:

86 4667 349 4722 Ecclesiae
392 4668 709 4737 invenerat,
755 4674 855 4722 aut
910 4669 1283 4738 postmodum
1314 4686 1346 4722 a
1384 4668 1601 4721 nostris
1641 4685 1789 4739 prai-

90 4756 492 4810 decessoribus
545 4757 906 4828 acquisierat,
980 4758 1244 4828 legaliter
1302 4757 1361 4810 in
1446 4763 1792 4827 perpetuum

89 4849 305 4899 teneat.
359 4846 446 4899 Ad
481 4846 586 4899 hoc
639 4851 699 4899 ut
720 4848 884 4917 juxta
938 4847 1121 4900 nostri
1153 4850 1577 4900 antecessorum
1637 4864 1793 4917 prse-

90 4940 276 5004 cepta,
300 4939 359 4987 et
381 4949 484 5003 pro
514 4939 709 4994 nostra
738 4934 1031 5005 nostrique
1066 4940 1371 5005 parentum
1430 4935 1794 5005 eleemosyna

90 5023 333 5077 omnino
369 5022 787 5093 interdicimus,
828 5039 899 5076 ne
944 5022 1006 5076 in
1039 5023 1172 5076 villa
1221 5022 1547 5077 Theodonis
1606 5024 1791 5077 thelo-

161 5146 313 5215 (l68)
344 5146 616 5200 Henricus
660 5147 847 5200 divina
888 5148 1106 5212 favente
1154 5148 1432 5200 clementia
1470 5162 1586 5199 rea).
1640 5147 1792 5199 Hanc

96 5215 381 5281 chartam,
444 5216 503 5269 in
552 5216 950 5286 antiquissimo
1008 5221 1063 5269 et
1118 5216 1229 5270 ﬁde
1279 5216 1613 5286 dignissimo
1648 5217 1790 5270 libro

94 5287 305 5354 copiali
339 5287 703 5355 descriptam,
734 5288 865 5340 data
903 5293 1212 5351 carentem,
1254 5288 1325 5340 ad
1380 5303 1592 5340 annum
1638 5288 1790 5357 Pop-

95 5357 264 5425 ponis
294 5357 553 5480 primum
588 5360 788 5425 refero,
817 5359 968 5428 quod
1001 5374 1067 5411 eo
1107 5374 1258 5411 anno
1291 5357 1605 5425 imperator
1657 5358 1789 5411 Tre-

95 5426 233 5480 viris
322 5428 487 5480 uerit.
552 5426 637 5480 Sic
661 5430 823 5480 Gesta
856 5428 1067 5480 Trevir.
1095 5445 1220 5480 can.
1255 5428 1321 5480 48
1365 5444 1376 5480 :
1432 5428 1789 5480 Meainaaudo

93 5426 233 5480 viris
294 5426 487 5480 fuerit.
552 5426 637 5482 Sic
661 5426 1067 5481 Gesta‘Trevir.
1095 5445 1220 5497 cap.
1255 5428 1321 5480 48
1365 5444 1376 5480 :
1432 5428 1792 5495 Megingaudo

96 5501 351 5565 episcopo
386 5498 673 5552 Trebericz
698 5500 1005 5567 metropolis
1055 5498 1120 5551 de
1146 5498 1321 5552 medio
1350 5501 1520 5566 facto,
1550 5514 1649 5551 rex
1677 5502 1793 5567 ipse

100 5568 379 5623 Treberim
424 5570 681 5635 festinato
745 5572 919 5636 venit;
971 5573 1091 5624 erat
1144 5571 1285 5624 enim
1335 5584 1393 5623 τη
1450 5569 1793 5636 Conﬂuentia

1904 4396 2032 4467 pria
2071 4396 2367 4466 signantes
2398 4395 2571 4465 sigilli
2603 4397 2785 4449 nostri
2805 4395 3180 4467 impressione
3202 4397 3468 4469 insigniri
3491 4399 3610 4469 jus-

1907 4484 2103 4539 simus.

2185 4573 2411 4641 Signum
2462 4570 2648 4624 damni
2678 4572 2918 4626 Henrici
2950 4574 3319 4626 invictissimi.

1972 4659 2320 4713 Guntherius
2380 4660 2757 4713 cancellarius
2830 4661 2950 4714 vice
3010 4662 3384 4715 Erchanbaldi
3420 4661 3603 4716 archi-

1901 4748 2183 4819 capellani
2213 4747 2452 4803 notavit.

1886 4867 1893 4875 -
1976 4838 2117 4890 Data
2137 4852 2211 4890 v11
2234 4837 2366 4891 Idus
2409 4833 2557 4902 Maii,
2623 4852 2773 4889 anno
2838 4836 3145 4893 Dominicze
3196 4836 3602 4891 incarnationis

1906 4928 2062 4995 1017,
2087 4926 2283 4981 indict.
2318 4942 2408 4991 xv,
2431 4941 2584 4978 anno
2612 4942 2748 4978 vero
2777 4926 2975 4979 domui
3007 4926 3236 4981 Ilenrici
3262 4926 3495 4980 secundi
3516 4943 3602 4981 re-

1902 5018 2133 5090 gnantis
2156 5034 2269 5085 xvr,
2302 5016 2535 5087 imperii
2562 5034 2633 5071 ιν.
2662 5022 2863 5072 Actum
2888 5019 3341 5074 Franchoneford
3360 5018 3602 5073 feliciter

1896 5145 2107 5212 positus
2129 5162 2149 5208 ,ο
2187 5146 2237 5195 et
2268 5144 2555 5209 impetrato
2589 5147 2699 5195 tam
2730 5143 2862 5196 cieri
2892 5157 3053 5209 quam
3104 5142 3298 5210 populi
3321 5157 3595 5210 consensu,

1901 5217 2082 5282 ipsum
2124 5214 2428 5281 pontiﬁcali
2484 5212 2744 5265 cathedra
2799 5214 3132 5265 subtimavit.
3201 5213 3343 5265 Illud
3406 5220 3598 5267 autem

1903 5285 2190 5353 singulare
2223 5283 2375 5352 quod
2410 5284 2701 5349 Henricus,
2726 5283 2847 5350 jani
2887 5299 3037 5353 anno
3093 5282 3226 5334 1014
3287 5283 3599 5353 imperator

1902 5352 2226 5419 coronatus,
2290 5370 2347 5407 se
2386 5369 2563 5420 regem
2609 5353 2897 5406 nominet:
2935 5352 3198 5405 Admittit
3225 5354 3329 5405 hoc
3370 5352 3597 5420 ’prmsul

1904 5426 2242 5481 Gottwicen.
2293 5424 2503 5477 Chron.
2540 5429 2679 5477 tom.
2744 5422 2908 5491 prod.
2966 5438 3023 5491 p.
3075 5424 3199 5478 233.
3252 5422 3461 5480 Confer
3512 5427 3596 5481 di-

1910 5438 2242 5481 Uottwmen.
2293 5438 2503 5477 unron.
2540 5438 2691 5502 roma
2744 5438 3023 5543 proa.
3075 5438 3199 5478 235.
3252 5438 3394 5479 non:

1910 5497 2092 5551 cenda
2132 5495 2202 5549 ad
2228 5494 2445 5549 bullam
2488 5493 2775 5548 Benedicti
2796 5493 2904 5547 PP.
2985 5493 3077 5558 lII,
3111 5510 3244 5549 ann.
3280 5510 3397 5567 seq.
