4016 6202
446 311 548 364 335

1136 427 1348 481 XCVIII
1373 425 1454 479 bis

447 539 504 594 S.
547 538 812 592 Henricus
868 535 1095 589 ecclesiae
1137 529 1567 586 Paderborncnsi
1615 526 1892 579 abbatiam
1944 524 2142 578 Helm«

943 603 1328 658 wurdeshusen
1386 598 1644 654 concedit.

1086 694 1273 761 (Anno
1324 690 1502 758 1017.)

731 783 882 854 [Cod.
916 783 1138 852 diplom.
1172 782 1331 835 Hist.
1374 779 1639 847 Wespth.,
1663 793 1717 847 p.
1744 774 1859 847 74.]

520 895 583 947 In
637 889 867 945 nomine
916 892 1122 942 sanctas
1179 890 1236 940 et
1293 883 1598 938 individua).
1628 881 1940 945 Trinitatis,
1974 880 2146 934 Ham-

448 998 624 1045 mcus,
657 979 757 1034 Dei
784 976 967 1048 gratia
996 976 1390 1030 Romanorum
1421 972 1734 1042 imperator
1763 973 2072 1038 Augustus.

519 1071 815 1124 Canonum
883 1068 1091 1117 statuta
1119 1078 1237 1116 non
1294 1077 1391 1114 ore
1442 1059 1743 1113 hominum
1805 1058 1900 1111 sed
1941 1053 2148 1125 spiritu

451 1156 552 1210 Dei
581 1155 812 1210 condita
836 1150 1177 1222 praecipiunt
1218 1155 1280 1203 ut
1321 1148 1576 1218 episcopi
1611 1148 1942 1216 frequenter
1993 1144 2147 1196 clau-

455 1250 571 1298 stra
619 1241 1032 1296 monachorum
1081 1238 1331 1301 visitent,
1374 1241 1430 1289 et
1463 1235 1509 1288 si
1556 1251 1670 1305 qua
1705 1239 1862 1288 extra
1889 1232 2149 1302 regulam

450 1333 568 1386 illic
628 1328 974 1391 invenerint,
1029 1325 1326 1379 abscidant
1375 1327 1431 1376 et
1477 1323 1786 1391 corrigant.
1833 1322 1960 1375 Haec
2011 1319 2151 1388 vigi-

449 1421 633 1473 lanter
663 1416 905 1471 interius
955 1412 1430 1480 contemplantes,
1481 1415 1538 1462 et
1593 1409 1651 1462 in
1683 1408 1856 1478 hujus
1898 1407 2022 1460 vitae
2053 1405 2150 1458 iti-

447 1523 583 1561 nere
613 1520 790 1558 onera
830 1506 1026 1555 nostra
1071 1499 1352 1568 episcopis
1403 1497 1757 1567 imponendo
1814 1495 2146 1565 levigantes,

448 1593 699 1649 caritatis
739 1606 927 1655 causa,
965 1589 1086 1642 sine
1119 1603 1231 1658 qua
1264 1587 1420 1640 dives
1458 1602 1678 1657 pauper
1716 1590 1819 1650 est,
1868 1600 1998 1637 cum
2059 1582 2149 1636 in-

447 1686 706 1737 terventu
755 1676 1161 1732 amantissima:
1221 1674 1480 1744 conjugis
1531 1680 1734 1728 nostrae
1795 1671 2147 1741 Cunigundaa
2178 1697 2219 1750 Β

446 1768 711 1823 videlicet
740 1762 1117 1835 imperatricis
1164 1765 1457 1831 Augustas,
1516 1777 1645 1814 cum
1695 1759 2148 1829 archiepiscopo-

450 1873 581 1910 rum
644 1850 1022 1906 Erchanbaldi
1083 1847 1551 1919 Moguntinensis,
1602 1847 1887 1918 Popponis
1941 1847 2142 1900 Treve-

449 1944 652 2010 rensis,
683 1939 924 1996 Geronis
986 1935 1545 2008 Magedeburgensis,
1599 1936 1832 1988 Unwani
1868 1935 2145 1988 Bremen-

445 2033 538 2097 sis,
566 2037 619 2085 et
651 2029 1056 2099 episcoporum
1083 2024 1321 2078 Arnoldi
1355 2023 1864 2089 Halverstadensis,
1890 2021 2143 2092 Epponis

448 2115 955 2187 Babenbergensis,
1054 2112 1387 2166 Theoderici
1479 2112 1783 2178 Mettensis,
1893 2110 2147 2165 Heinrici

445 2205 950 2275 Wirceburgensis,
1062 2199 1396 2254 Theoderici
1487 2199 2144 2268 Mimigardevurdensis,

446 2294 693 2352 Heinrici
752 2289 1094 2355 Parmensis,
1157 2287 1486 2342 Theoderici
1565 2287 1889 2353 Mindensis,
1977 2285 2141 2339 Thie-

444 2383 635 2439 monis
684 2376 1151 2447 Mersburgensis,
1224 2375 1369 2429 Brici
1430 2373 1922 2442 Havelbergensis,
1974 2373 2147 2426 laico-

445 2490 575 2528 rum
615 2484 864 2542 quoque,
912 2465 1226 2520 Bernhardi
1285 2463 1465 2526 ducis,
1509 2463 1959 2532 Sigifridiatque
1985 2462 2141 2515 Ez'zi-

447 2560 608 2615 conis
637 2557 936 2620 comitum,
979 2552 1267 2607 abbatiam
1290 2552 1526 2606 nomine
1553 2552 2142 2605 Helmwardeshusen.

447 2664 578 2702 cum
608 2645 878 2700 omnibus
918 2642 1033 2695 suis
1067 2640 1422 2710 appendiciis
1463 2639 1776 2702 mobilibus
1821 2643 1877 2691 et
1932 2638 2147 2691 immo-

448 2735 678 2801 bilibus,
709 2733 830 2787 sedi
861 2728 1318 2785 Parderbonensi
1350 2729 1410 2781 in
1441 2727 1657 2781 honore
1699 2731 1904 2780 sanctae
1959 2726 2145 2781 Mariae

451 2828 894 2890 sanctorumque
924 2817 1151 2888 Kyliani
1180 2822 1353 2887 atque
1387 2816 1597 2870 Liborii
1630 2819 1993 2878 constructae,
2054 2813 2146 2868 cui

448 2910 693 2981 insignis
748 2905 1140 2977 acquisitionis
1196 2904 1402 2974 praesul
1437 2905 1858 2974 Meynwerchus
1905 2903 1966 2956 in
1997 2920 2144 2973 prae-

451 2999 763 3054 sentiarum
810 2999 1041 3064 praeest,
1090 2993 1148 3046 in
1201 2991 1497 3062 proprium
1538 2991 1816 3058 dedimus,
1843 2996 2148 3062 nostroque

445 3089 577 3158 jure
634 3089 691 3138 et
738 3082 995 3138 dominio
1043 3082 1101 3134 iu
1137 3081 1233 3150 jus
1256 3086 1310 3133 et
1344 3080 1668 3134 dominium
1715 3079 1898 3149 ipsius
1945 3080 2148 3134 amodo

452 3172 792 3246 potestative
848 3175 903 3223 et
943 3171 1108 3239 juxta
1137 3169 1398 3238 regulam
1448 3168 1627 3221 sancti
1687 3168 1976 3222 Benedicti
2029 3169 2147 3238 epi-

455 3260 760 3332 scopaliter
807 3256 1225 3327 disponendam
1289 3261 1458 3325 atque
1518 3255 1919 3324 possidendam
1978 3256 2150 3309 tradi-

454 3351 664 3406 dimus.
691 3350 753 3401 Et
774 3351 837 3400 ut
866 3345 986 3399 haec
1017 3349 1227 3398 nostra:
1264 3343 1589 3396 traditionis
1640 3343 1848 3413 pagina
1902 3343 2068 3395 firma
2093 3348 2148 3397 et

454 3437 785 3495 inconvulsa
830 3439 1187 3503 permaneat,
1223 3448 1396 3485 manu
1426 3432 1657 3501 propria
1717 3431 2149 3485 corroborantes

454 3533 628 3598 atque
658 3524 1083 3584 conﬁrmantes,
1119 3519 1291 3590 sigilli
1319 3520 1500 3573 nostri
1528 3520 1905 3590 impressione
1957 3520 2149 3574 subter

455 3631 579 3670 eam
609 3610 1158 3683 sigillarijussimus.

523 3705 750 3768 Signum
807 3699 994 3752 domni
1069 3697 1314 3752 Heinrici
1372 3697 1721 3750 invictissimi
1789 3698 2147 3751 Romanorum

450 3791 793 3862 imperatoris
826 3790 1061 3854 Augusti
1091 3787 1173 3854 (L.
1197 3786 1311 3851 M.).

523 3877 878 3935 Guntherius
933 3875 1308 3929 caucellarius
1363 3872 1482 3927 vice
1525 3871 1901 3927 Erchanbaldi
1959 3871 2146 3926 archi-

451 3966 730 4038 capellani
753 3965 992 4018 notavit.

526 4059 666 4110 Data
697 4071 726 4105 γ
759 4051 1063 4116 IdusJulii,
1109 4047 1420 4103 indictione
1472 4065 1570 4110 xu,
1628 4062 1779 4100 anno
1840 4047 2146 4100 Dominicaa

455 4138 862 4199 incarnationis
899 4139 1052 4202 1017,
1112 4152 1262 4188 anno
1315 4149 1448 4186 vero
1503 4133 1698 4185 domni
1749 4134 1999 4187 Heinrici
2059 4151 2142 4187 se-

452 4225 942 4296 cundiregnantis
973 4241 1083 4287 xw,
1114 4221 1345 4291 imperii
1380 4238 1449 4274 IV.
1483 4223 1685 4273 Actum
1719 4221 1925 4275 Lietzo.

528 4319 593 4371 lli
623 4318 956 4368 sunttestcs
988 4328 1001 4376 ;
1039 4310 1350 4374 Tliietmer,
1405 4307 1633 4374 Ekkica,
1697 4309 1920 4373 Ludier,
1976 4311 2146 4364 Ekki-

454 4418 539 4470 ca,
584 4397 804 4466 Raedig,
865 4394 1145 4460 Walhem,
1209 4392 1495 4458 Widukin,
1540 4393 1751 4457 Benna,
1786 4392 1939 4456 Kisa,
1967 4398 2145 4446 Amu-

453 4491 568 4558 lag,
607 4484 852 4550 Volcbal,
897 4482 1203 4548 Thietmer,
1259 4480 1495 4546 Immed,
1547 4481 1844 4545 Gerbraht,
1894 4482 2142 4552 Wiking,

453 4575 732 4638 Thiedric,
788 4572 903 4636 lbo,
964 4571 1133 4636 inca,
1190 4569 1497 4636 Heriward,
1571 4569 1878 4635 Burchard,
1916 4570 2143 4636 Dodica,

452 4667 638 4726 Tiaza,
691 4660 1001 4726 Vretheric,
1064 4656 1327 4722 Lefherd,
1403 4657 1644 4720 Eschulf,
1700 4660 1835 4724 Uva,
1896 4657 2142 4727 Widula,

456 4757 688 4816 Fronca,
725 4749 1038 4813 Herimam,
1068 4746 1300 4813 Thiaza,
1335 4745 1500 4800 Bova.

523 4841 836 4912 Episcopus
857 4834 1280 4889 Thieodericus.

527 4932 646 4985 Dux
679 4923 1062 4983 Bernhardus.

525 5020 601 5073 De
622 5015 848 5072 abbatis
881 5008 1328 5066 Helmuwrdesh.

1215 5115 1387 5169 XCIX.

526 5230 777 5297 Diploma
829 5225 1130 5282 S.Henrici
1183 5237 1286 5292 pro
1333 5221 1558 5274 abbatia
1611 5221 1666 5276 S.
1719 5222 1871 5275 Petri
1926 5220 1991 5274 de
2019 5222 2146 5275 Piro

1091 5329 1273 5393 (Anno
1326 5325 1510 5394 1017.)

808 5417 1074 5489 [Ughelli,
1113 5417 1287 5470 Italia
1313 5417 1501 5480 Sacra,
1545 5414 1606 5479 X,
1639 5413 1789 5482 207.]

1305 5527 1361 5575 et
1439 5519 1750 5574 individua}
1824 5518 2138 5586 Trinitatis,

2179 2971 2220 3026 C

2175 4249 2218 4302 D

525 5529 588 5582 ln
643 5522 876 5580 nomine
968 5528 1196 5586 sanctae,

1746 301 1802 355 S.
1847 295 2135 352 HENRICI
2173 297 2246 352 1M
2257 294 2644 350 PERATORIS

2175 423 2222 474 Α
2262 419 2564 484 ΗΕΝιιιευε,

3809 301 3888 353 336

2647 414 2842 469 divina
2895 414 3116 468 favente
3182 413 3503 481 clementia,
3555 415 3895 472 Romanorum

2254 505 2574 575 imperator
2593 507 2902 573 Augustus.

2327 593 2383 647 Si
2437 591 2814 646 Ecclesiarum
2878 589 2980 644 Dei
3050 590 3136 643 vel
3205 590 3615 644 monachorum
3667 591 3778 645 loca
3822 594 3900 647 ali-

2253 681 2418 751 cujus
2452 679 2914 734 conﬁrmationis
2971 694 3069 732 seu
3136 678 3482 732 defensionis
3546 679 3688 734 dono
3733 682 3901 735 melio-

2254 785 2381 823 rare
2411 768 2825 832 studuerimus,
2859 767 2914 820 id
2943 766 3109 820 nobis
3140 767 3508 836 profuturum
3535 784 3649 821 esse
3702 768 3901 822 minime

2255 856 2606 910 dubitamus.
2675 856 3038 924 Quapropter
3095 855 3355 908 omnium
3417 855 3623 909 Christi
3665 855 3900 923 ﬁdelium,

2256 943 2633 1014 prtesentium
2654 942 2870 996 scilicet
2913 946 2970 995 et
3001 941 3327 996 futurorum
3360 947 3562 996 notum
3613 959 3724 996 esse
3773 946 3901 997 volu-

2256 1047 2383 1084 mus
2413 1033 2660 1102 qualiter
2688 1047 2810 1097 nos,
2844 1029 3025 1084 divini
3059 1030 3269 1083 amoris
3307 1030 3600 1095 instinctu,
3657 1031 3897 1100 quoddam

2256 1119 2668 1173 monasterium
2735 1119 2824 1172 vel
2881 1117 3168 1172 abbatiam
3215 1135 3249 1172 a
3298 1119 3790 1188 praedecessoribus
3819 1136 3895 1173 no-

2257 1207 2389 1260 stris
2463 1246 2476 1260 .
2560 1248 2571 1260 .
2653 1245 2666 1260 .
2749 1247 2760 1258 .
2841 1245 2855 1260 .
2933 1205 3142 1259 inloco
3165 1205 3266 1276 qui
3316 1205 3526 1260 dicitur
3555 1207 3707 1261 Pirus
3748 1209 3894 1272 sitam,

2259 1294 2319 1348 in
2350 1294 2625 1347 comitatu
2663 1293 2980 1361 Tarvisino,
3019 1294 3079 1348 in
3108 1294 3321 1348 honore
3348 1295 3403 1348 S.
3437 1294 3590 1348 Petri
3647 1298 3893 1365 apostolo-

2258 1398 2387 1436 rum
2414 1381 2688 1451 principis
2725 1381 3060 1447 dedicatam,
3114 1396 3245 1435 cum
3294 1381 3567 1434 omnibus
3609 1382 3719 1435 suis
3760 1383 3888 1452 perti-

2259 1469 2470 1524 nentiis
2520 1470 2618 1540 qui
2678 1469 2816 1523 olim
2894 1469 3001 1523 sibi
3065 1469 3466 1539 pertinuerent
3521 1486 3590 1523 ex
3639 1469 3893 1524 donatione

2256 1558 2741 1627 praedecessorum
2772 1563 3123 1619 nostrorum,
3165 1563 3220 1611 et
3249 1573 3376 1627 quae
3407 1558 3470 1611 in
3513 1559 3893 1628 praesentiarum

2258 1647 2512 1716 praefata:
2569 1646 2808 1700 abbatias
2847 1645 3039 1712 habet,
3067 1644 3359 1699 offerimus
3382 1645 3559 1699 etiam
3591 1651 3645 1699 et
3669 1645 3892 1699 donamus

2259 1735 2512 1804 priefatae
2593 1775 2605 1788 .
2685 1773 2699 1788 .
2782 1775 2793 1786 .
2874 1774 2886 1787 .
2967 1773 2980 1788 .
3059 1733 3321 1801 abbatiaa,
3355 1749 3460 1804 pro
3510 1734 3752 1788 remedio
3798 1750 3895 1804 pec-

2259 1823 2550 1877 caminum
2628 1826 2976 1886 nostrorum,
3057 1862 3071 1876 .
3153 1863 3164 1875 .
3247 1860 3259 1875 .
3341 1864 3354 1876 .
3435 1863 3450 1876 .
3536 1862 3549 1875 .
3625 1826 3679 1876 et
3743 1828 3899 1892 rogatu

2259 1911 2434 1965 etiam
2486 1910 2679 1965 dilecti
2735 1910 2921 1965 ﬁdelis
2985 1909 3164 1964 nostri
3231 1911 3483 1965 Joannis.
3565 1950 3582 1966 .
3658 1949 3671 1963 .
3743 1951 3756 1964 .
3823 1952 3832 1962 .

2259 1997 2680 2068 Aquilegiensis
2779 1996 3119 2068 patriarchae
3199 2038 3212 2052 .
3293 2040 3306 2054 .
3386 2038 3400 2051 .
3488 2041 3501 2053 .
3583 2037 3596 2052 .
3671 2035 3685 2052 .
3753 1998 3901 2051 villam

2258 2087 2434 2140 sancti
2474 2086 2633 2140 Pauli
2663 2102 2793 2140 cum
2835 2085 2953 2140 suis
2973 2086 3334 2156 pertinentiis
3365 2091 3424 2140 et
3469 2087 3742 2157 capellam
3771 2088 3903 2140 sancti

2257 2175 2456 2229 Marini
2477 2191 2606 2228 cum
2647 2175 2762 2228 suis
2794 2175 3216 2244 appendentiis,
3248 2174 3514 2230 videlicet
3554 2192 3680 2230 cum
3718 2177 3900 2238 mensis,

2257 2262 2544 2327 domibus,
2570 2263 2756 2328 terris,
2780 2262 2981 2329 vineis,
3003 2263 3202 2332 pratis,
3235 2264 3481 2334 pascuis,
3508 2264 3681 2329 silvis,
3707 2264 3900 2318 venatio-

2255 2350 2908 2420 nibus,piscationibus,
2968 2351 3337 2416 molendinis,
3390 2351 3500 2404 viis
3531 2356 3588 2404 et
3617 2351 3669 2403 vi
3742 2390 3753 2402 .
3819 2391 3828 2402 .
3892 2394 3899 2402 .

2353 2479 2366 2491 .
2446 2439 2692 2491 exitibus
2739 2444 2795 2492 et
2843 2438 3124 2492 reditibus
3201 2439 3459 2508 quaesitis
3509 2455 3610 2492 seu
3662 2439 3905 2510 inquiren-

2257 2525 2362 2592 dis,
2399 2528 2482 2579 vel
2513 2543 2642 2580 cum
2675 2521 2960 2594 Omnibus,
2995 2543 3123 2598 quae
3163 2527 3424 2596 quolibet
3477 2528 3648 2580 modo
3701 2528 3800 2581 dici
3836 2531 3906 2578 aut

2257 2614 2543 2666 nominari
2621 2618 2880 2685 possunt,
2962 2614 3322 2680 utilitatibus,
3401 2631 3506 2684 per
3551 2615 3657 2668 hoc
3691 2622 3906 2668 nostrum

2257 2707 2605 2772 praeceptum
2661 2703 3068 2756 conﬁrmamus
3099 2707 3154 2755 et
3205 2702 3663 2756 corroboramus.
3717 2703 3910 2771 Insuper

2258 2795 2313 2843 et
2339 2791 2665 2860 praedictam
2694 2791 2981 2844 abbatiam
3017 2807 3145 2845 cum
3177 2791 3437 2860 ejusdem
3491 2790 3807 2845 monasterii
3832 2789 3912 2841 ab-

2255 2879 2738 2946 bate,Adalberto
2782 2880 3037 2948 nomine,
3098 2879 3327 2949 suisque
3375 2880 3785 2933 successoribus
3830 2877 3909 2930 sub

2261 2972 2468 3022 nostrae
2533 2968 2796 3021 tuitionis
2874 3010 2884 3022 .
2969 3009 2981 3021 .
3063 3009 3075 3021 .
3154 2967 3504 3021 defensionis
3554 2964 3911 3034 mundiburgio

2258 3055 2570 3125 recipimus
2598 3071 2726 3108 cum
2760 3055 2979 3110 cunctis
3027 3055 3462 3126 prmnominatis
3509 3056 3830 3110 utensilibus
3871 3058 3912 3104 et

2260 3143 2457 3210 bonis;
2493 3160 2560 3197 ea
2607 3143 2872 3197 videlicet
2900 3144 3123 3198 ratione
3155 3149 3216 3197 ut
3251 3145 3444 3198 nullus
3471 3145 3609 3210 dux,
3643 3160 3830 3206 comes,
3857 3141 3911 3192 vi-

2257 3246 2538 3297 cecomes,
2589 3233 2675 3285 vel
2725 3232 2918 3302 aliqua
2973 3233 3133 3303 regni
3183 3233 3364 3286 nostri
3398 3249 3610 3302 magna
3649 3245 3909 3303 parvaque-

2258 3334 2524 3388 persona,
2599 3319 2978 3373 ecclesiastica
3036 3323 3121 3374 vel
3177 3321 3468 3373 saecularis
3549 3325 3787 3391 potestas
3818 3320 3908 3387 jam

2258 3406 2474 3460 dictum
2501 3407 2913 3462 monasterium
2947 3412 3116 3479 atque
3147 3408 3414 3462 abbatem
3458 3409 3531 3461 de
3561 3405 3909 3478 suprascriptis

2258 3493 2424 3548 bonis
2464 3495 2777 3561 disvestire,
2814 3495 3156 3567 inquietare,
3205 3496 3527 3558 molestare,
3563 3499 3650 3550 vel
3688 3496 3910 3562 deinceps

2255 3582 2471 3654 absque
2504 3584 2672 3655 legali
2733 3584 2820 3638 vel
2871 3584 3157 3654 imperiali
3177 3584 3394 3654 judicio
3428 3587 3660 3639 audeat.
3717 3584 3767 3638 Si
3809 3580 3907 3653 quis

2256 3675 2448 3725 autem
2507 3673 2656 3742 quod
2700 3671 2876 3726 absit!
2933 3673 3105 3743 hujus
3138 3676 3346 3726 nostra:
3389 3671 3826 3727 confirmationis
3869 3672 3909 3720 et

2256 3760 2740 3813 corroborationis
2771 3760 3038 3830 praecepti
3067 3777 3166 3814 seu
3217 3761 3573 3814 defensionis
3629 3757 3910 3814 mundiburo

2255 3847 2350 3916 gio
2391 3848 2632 3901 violator
2679 3849 2978 3914 exstiterit,
3037 3849 3175 3902 sciat
3202 3865 3262 3902 se
3312 3849 3763 3919 compositurum
3812 3844 3907 3898 auri

2256 3935 2458 4004 optimi
2483 3936 2655 3989 libras
2677 3940 2926 4004 centum,
2963 3937 3329 3991 medietatem
3362 3953 3608 3992 camera:
3640 3942 3845 4000 nostras,
3868 3937 3906 3983 et

2255 4024 2616 4078 medietatem
2647 4025 2880 4093 praefato
2940 4025 3286 4078 monasterio
3327 4027 3566 4096 ejusque
3629 4024 3902 4079 abbatibus.

2255 4113 2324 4164 Et
2353 4116 2414 4164 ut
2473 4112 2645 4181 hujus
2703 4117 2911 4166 nostra:
2966 4113 3424 4168 conﬁrmationis
3482 4131 3582 4169 seu
3610 4108 3907 4168 defensionis

2256 4199 2564 4253 auctoritas
2617 4199 2831 4254 stabilis
2880 4201 2979 4271 [et]
3026 4202 3360 4255 inconvulsa
3408 4202 3570 4255 omni
3622 4201 3909 4272 permaneat

2258 4292 2518 4357 tempore
2538 4288 2605 4342 ha
2617 4305 2680 4340 nc
2694 4289 2964 4357 paginam
2984 4289 3508 4360 indecenscriptam
3525 4306 3697 4343 manu
3721 4286 3909 4359 propria

2257 4376 2689 4429 corroborantes
2715 4375 2901 4445 sigillo
2935 4381 3126 4430 nostro
3152 4377 3350 4433 subtus
3371 4375 3640 4446 insigniri
3655 4375 3907 4446 jussimus.

2324 4464 2554 4531 Signum
2597 4467 2657 4517 D.
2710 4465 2932 4518 Henrici
2982 4467 3331 4519 invictissimi
3366 4470 3416 4518 et
3461 4466 3787 4519 sermtissimi
3827 4463 3909 4512 im-

2252 4555 2527 4620 peratoris
2558 4554 2703 4620 Aug.

2327 4641 2439 4710 Ego
2467 4641 2715 4694 Joannes
2762 4657 2915 4694 nunc
2969 4641 3391 4713 Aquilegiensis
3419 4642 3674 4697 ecclesia:
3707 4638 3907 4712 patriar-

2254 4727 2377 4794 cha,
2413 4728 2583 4782 laudo
2610 4735 2665 4782 et
2689 4729 2987 4784 conﬁrmo.

2328 4816 2441 4885 Ego
2481 4815 2825 4885 Peregrinus
2882 4817 3026 4872 sacri
3089 4817 3287 4887 palatii
3343 4817 3740 4886 cancellarius,
3777 4812 3910 4870 laudo

2255 4907 2311 4956 et
2348 4905 2644 4958 conﬁrmo.

2327 4993 2441 5061 Ego
2521 5035 2532 5046 .
2617 5035 2628 5045 .
2709 5034 2721 5046 .
2803 5036 2815 5048 .
2894 4994 3146 5049 brandus
3200 4995 3506 5066 episcopus
3561 5000 3622 5050 et
3707 4991 3914 5049 invictis

2255 5079 2386 5133 simi
2444 5080 2807 5152 imperatoris
2874 5083 3430 5151 archicancellarius,
3490 5085 3662 5138 laudo
3709 5089 3764 5138 et
3809 5094 3912 5134 con-

2254 5168 2442 5222 ﬁrmo.

2323 5260 2489 5310 Anno
2544 5258 2857 5313 Dominicaa
2905 5259 3312 5314 incarnationis
3365 5263 3520 5326 1017,
3561 5260 3684 5314 ind.
3739 5257 3913 5328 prima.

2255 5360 2403 5398 anno
2446 5345 2598 5402 dom.
2641 5347 2865 5401 Henrici
2907 5348 3158 5414 secundi,
3211 5348 3362 5419 regis
3402 5351 3485 5413 14,
3519 5347 3746 5418 imperii
3790 5357 3915 5397 anno

2254 5449 2305 5486 ιν

2539 5562 2550 5576 .
2629 5520 2890 5579 feliciter.
2915 5526 3114 5579 Amen.
