3914 6190
144 305 247 356 337

244 493 527 547 Fundatio
551 422 1140 560 σοὶιερίαίεεξξέᾗρίῗέ
1174 496 1500 549 Prumiensis
1520 498 1739 565 ﬁrmata

580 568 907 618 auctoritate
943 566 1182 619 Henrici
1206 567 1267 618 11
1290 569 1417 635 imp.

647 653 835 721 (Anno
872 655 1028 717 1017,
1068 658 1129 708 17
1161 654 1379 723 Octob.)

314 740 675 813 [Hontheim,
724 745 864 796 Hist.
899 744 1104 797 Trevir.
1139 742 1391 811 diplom.,
1438 745 1478 808 Ι,
1508 744 1657 814 253.]

207 830 267 881 ln
296 829 533 883 nomine
561 835 768 883 sanctae
800 835 855 883 et
881 830 1197 884 individua:
1254 831 1567 897 Trinitatis,
1629 834 1840 887 HENRI-

137 934 229 970 αῖς
258 918 357 971 Dei
380 918 569 986 gratia
597 920 909 988 imperator
935 920 1351 974 Romanorum.

206 1006 489 1059 Omnibus
509 1007 810 1077 episcopis,
831 1008 1154 1073 abbatibus,
1176 1008 1479 1063 comitibus
1498 1010 1836 1079 caeterisque

135 1095 403 1149 ﬁdelibus
425 1096 656 1158 nostris,
692 1102 806 1150 tam
838 1098 1213 1166 praesentibus
1244 1113 1420 1167 quam
1464 1098 1691 1164 futuris,
1726 1115 1837 1153 no-

134 1192 256 1238 tum
309 1200 432 1238 esse
483 1186 748 1239 volumus
788 1186 922 1256 quia
952 1185 1215 1240 Viroldus
1245 1188 1597 1241 Prumiensis
1639 1188 1833 1253 abbas,

135 1274 280 1339 (169)
316 1278 511 1327 noster
543 1273 745 1337 ﬁdelis,
778 1279 971 1328 nostra
1004 1274 1235 1328 licentia
1263 1280 1320 1329 et
1347 1291 1628 1329 consensu
1660 1277 1837 1346 quod-

136 1362 271 1415 dam
328 1362 739 1415 monasterium
772 1379 804 1415 a
852 1362 1236 1417 fundamentis
1266 1369 1622 1429 construens,
1684 1370 1739 1418 et
1774 1365 1833 1418 in

130 1451 349 1504 honore
380 1451 561 1503 sancti
615 1451 919 1505 Salvatoris
970 1451 1197 1504 Domini
1229 1452 1404 1504 nostri
1432 1453 1563 1505 .lesu
1604 1452 1829 1518 Christi,

127 1544 462 1609 sanctasque
489 1538 585 1591 Dei
615 1539 908 1609 genitricis
935 1555 1161 1609 semper
1190 1540 1429 1609 virginis
1457 1540 1665 1601 Marize,
1714 1556 1833 1594 nec

124 1642 248 1679 non
309 1626 788 1681 victoriosissimaa
818 1628 1021 1695 crucis,
1057 1633 1113 1681 et
1161 1629 1339 1681 sancti
1370 1628 1645 1698 Stephani
1695 1644 1827 1698 pro-

126 1715 484 1785 tomartyris,
558 1715 872 1786 inclytique
919 1715 1184 1786 martyris
1249 1717 1308 1771 S.
1374 1717 1598 1770 Nazarii
1649 1717 1826 1771 dicari
1858 1701 1898 1754 Β

123 1804 364 1869 faciens,
446 1804 734 1875 imperiali
817 1811 1012 1859 nostra
1078 1805 1321 1860 tuitionc
1401 1806 1826 1861 defendendum

122 1893 583 1958 commendavit;
617 1893 854 1963 insuper
895 1894 1069 1947 etiam
1118 1894 1373 1948 narravit
1402 1894 1567 1949 nobis
1614 1895 1825 1964 praedi-

120 1989 248 2036 ctus
274 1983 617 2037 venerabilis
668 1984 841 2037 abbas
878 1984 1127 2055 qualiter
1186 1986 1296 2038 Deo
1349 1991 1661 2050 annuente,
1724 2002 1825 2038 no-

126 2076 360 2142 straque
386 2073 567 2142 gratia
613 2073 1021 2140 consentiente,
1054 2073 1359 2143 praafatum
1412 2073 1826 2127 monasterium

123 2161 423 2213 canonicis
480 2160 751 2215 voluisset
814 2162 1023 2229 locare,
1084 2161 1302 2232 eisque,
1352 2178 1417 2215 ex
1497 2162 1643 2231 (170)
1695 2178 1827 2231 pro-

123 2250 473 2319 prietatibus
548 2267 687 2321 quas
765 2250 887 2320 ipse
964 2251 1094 2320 jure
1178 2251 1437 2321 precario
1500 2251 1819 2321 acquisivit,

123 2339 344 2409 absque
402 2340 559 2392 omni
627 2340 1041 2392 monachorum
1096 2339 1203 2393 sibi
1246 2340 1610 2393 subditorum
1651 2340 1823 2393 detri-

121 2433 344 2493 mento,
380 2428 748 2498 praebendam
776 2428 1067 2493 adhibere,
1117 2444 1361 2498 quorum
1420 2427 1655 2481 nomina
1704 2428 1826 2481 haec

120 2522 261 2569 sunt
323 2534 336 2569 :
400 2517 780 2581 Wittenbach,
844 2516 1140 2583 Stadtfeld,
1209 2517 1587 2571 Ludtscheim.
1653 2518 1826 2585 Cujus

118 2605 401 2676 petitioni
477 2610 931 2675 czcterorumque
1005 2610 1335 2659 nostrorum
1393 2604 1649 2658 ﬁdelium
1717 2604 1825 2658 sibi

120 2693 643 2762 comprecantium,
694 2694 802 2746 hoc
854 2697 957 2758 est,
1017 2693 1430 2762 archiepiscopi
1479 2691 1825 2745 Trevirensis

122 2781 439 2850 Popponis,
486 2781 779 2834 Hereberti
850 2780 1221 2847 Coloniensis,
1285 2780 1650 2835 Arckenbodi
1710 2782 1822 2834 Μο-

120 2870 513 2939 guntinensis.
550 2869 862 2922 Eberhardi
893 2869 1348 2939 Bambergensis,
1384 2869 1671 2923 Brunonis
1701 2872 1823 2922 Au-

123 2957 442 3024 gustensis,
522 2954 783 3008 Hehelini
871 2956 1421 3025 Wurtenbergensis,

120 3042 587 3107 Wormatientis;
697 3043 1091 3112 comitumque
1179 3043 1416 3108 Gerlaci,
1522 3043 1825 3110 Gebhardi,

121 3131 509 3196 Bebenhardi,
556 3132 881 3201 Brunungi;
934 3148 1036 3185 nec
1091 3148 1209 3185 non
1258 3132 1529 3185 abbatum
1580 3132 1826 3201 Poponis

122 3220 445 3285 Fuldensis,
520 3219 868 3272 Winnerichi
928 3219 1266 3285 Tevirensis,
1344 3221 1613 3274 Luthardi
1672 3222 1827 3275 Mun-

120 3308 594 3378 chenbergensis,
659 3307 925 3361 Richardi
975 3308 1469 3376 Amarbachensis,
1530 3325 1826 3363 assensum

120 3398 479 3469 praebentes,
510 3396 781 3467 praedicta
829 3397 953 3449 loca
991 3396 1096 3450 sub
1155 3401 1365 3450 nostra:
1422 3396 1680 3450 tuitionis
1724 3397 1827 3450 im-

122 3486 473 3540 munitatem
554 3485 925 3554 suscepimus,
985 3490 1303 3538 mercatum
1360 3486 1659 3555 publicum
1696 3502 1824 3539 cum

124 3575 287 3628 omni
313 3575 451 3643 jure
491 3573 769 3642 ejusdem,
797 3573 1046 3627 annuale
1098 3573 1365 3627 similiter
1418 3579 1474 3627 et
1516 3575 1828 3628 hebdoma-

121 3664 273 3727 dale,
320 3660 392 3714 ad
452 3660 800 3731 stipendium
854 3662 1099 3715 fratrum
1154 3661 1368 3715 ibidem
1434 3662 1691 3732 legitime
1736 3662 1823 3715 in-

126 3751 460 3816 stituimus;
492 3754 549 3803 et
581 3766 684 3820 per
709 3751 857 3804 hanc
884 3749 1246 3819 imperialem
1272 3749 1527 3803 chartam
1577 3749 1826 3819 impera-

195 3856 349 3927 (l69)
384 3856 643 3909 Viroldus
677 3857 1003 3909 Prumiensis
1042 3855 1229 3927 abbas.
1287 3856 1536 3927 Numero
1573 3855 1827 3927 decimus

124 3925 432 3998 septimus.
470 3927 546 3998 De
576 3943 643 3998 eo
680 3927 886 3980 Knauﬁ
912 3927 971 3998 in
999 3925 1238 3998 Defens._
1278 3926 1569 3978 Prumien.
1599 3941 1654 3994 p.
1709 3926 1824 3998 44::

127 4018 154 4048 ι
188 3995 386 4051 λὺὺειδ
420 3996 664 4049 Uroldus
694 4012 758 4049 ex
809 3997 1046 4065 antiquo
1094 3996 1367 4049 comitum
1402 4000 1697 4048 stemmate
1757 3995 1827 4048 de

129 4071 297 4123 Dona
330 4083 461 4120 cum
484 4073 768 4120 conventu
789 4067 881 4120 hic
903 4066 1150 4121 Prumia":
1184 4066 1490 4133 collegium
1525 4066 1826 4119 duodecim

128 4139 547 4192 canonicorum
595 4138 853 4191 fundavit
888 4136 951 4190 in
981 4138 1253 4207 qualitate
1281 4142 1691 4206 perpetuorum
1740 4152 1825 4188 sa-

129 4211 489 4263 cellanorum
536 4208 755 4261 abbatis
804 4213 860 4260 et
886 4206 1214 4261 conventus.
1266 4207 1567 4261 Ecclesiam
1601 4206 1823 4275 magni-

131 4282 234 4334 ﬁce
270 4279 613 4333 mditicatam
647 4283 703 4331 et
722 4278 971 4331 dotatam
998 4292 1235 4346 corpore
1294 4278 1347 4331 S.
1411 4276 1631 4331 Nazarii
1686 4278 1825 4330 dita-

128 4353 228 4411 vit,
256 4351 321 4402 in
342 4366 458 4419 qua
474 4349 767 4418 sepelitur,
790 4353 845 4402 et
866 4365 1057 4401 annua
1078 4348 1357 4419 memoria
1373 4348 1662 4419 recolitur.
1686 4347 1828 4400 Add.

132 4418 432 4475 Mabillo’n.
461 4421 664 4473 Annal.
713 4419 998 4472 Benedict.
1032 4422 1173 4471 tom.
1230 4418 1315 4482 IV,
1351 4418 1448 4470 lib.
1482 4434 1588 4481 LIV,
1633 4434 1688 4469 n.
1738 4419 1828 4470 42.

203 4492 358 4569 (170)
380 4490 824 4569 ΔΡνοριιοὶεεᾳιεὶἰῃιβ
855 4491 1139 4569 quas‘ipse
1159 4489 1285 4557 jure
1299 4490 1586 4569 "precario
1643 4489 1831 4554 acqui-

133 4564 291 4615 sivit.
365 4558 539 4613 Auxit
581 4560 807 4627 collegii
872 4559 1238 4629 praebendam
1299 4558 1493 4629 Uroldi
1544 4573 1835 4629 successor

133 4632 368 4687 Albero.
407 4630 517 4683 Sed
560 4630 838 4683 reditibus
868 4627 1071 4698 postea
1126 4635 1180 4682 et
1227 4628 1364 4682 cleri
1424 4644 1665 4681 numero
1717 4627 1833 4680 bel-

129 4704 326 4755 lorum
352 4706 691 4769 tempestate
722 4700 1063 4765 imminutis,
1093 4700 1347 4764 demum,
1391 4699 1493 4751 sub
1543 4714 1637 4752 an.
1674 4700 1830 4763 1360,

132 4772 462 4849 Boemundi
504 4772 549 4823 Il
583 4770 943 4849 archiepLet.
970 4769 1582 4849 Theodericihabbat‘is
1639 4784 1828 4849 opera,

131 4860 239 4896 nec
266 4859 390 4895 non
422 4842 741 4895 Innocentii
780 4839 863 4894 lll
907 4842 967 4894 P.
1033 4842 1103 4894 Μ.
1168 4840 1409 4905 indulto,
1467 4839 1691 4907 collegii
1721 4854 1832 4904 res,

134 4914 353 4967 abolita
404 4918 597 4965 tamen
628 4912 1029 4981 praepositum,
1068 4911 1349 4964 restitutae
1382 4914 1533 4962 sunt.
1587 4909 1831 4981 Canoni-

134 4991 297 5037 catus
329 4998 533 5036 omnes
588 4979 825 5047 confert,
878 4986 934 5034 et
994 4983 1272 5035 decanum
1316 4980 1556 5034 electum
1606 4979 1836 5033 investit

136 5055 316 5107 abbas
347 5069 448 5105 seu
473 5052 904 5105 administrator
933 5052 1303 5105 Prumiensis.

204 5126 364 5193 (171)
408 5124 568 5177 Ludu
613 5123 1144 5177 archicancellarius.
1196 5122 1331 5185 Quis
1387 5120 1497 5185 hic,
1546 5118 1619 5193 Ain
1677 5120 1834 5193 nullo

140 5190 419 5248 hactenus
475 5194 627 5247 edito
706 5194 1014 5263 diplomate
1065 5208 1390 5257 occurrens,
1451 5190 1835 5244 archicancel-

138 5266 316 5317 larius
348 5265 439 5329 sit,
475 5264 599 5316 aliis
631 5263 1093 5332 investigandum
1122 5263 1406 5331 relinquo.

210 5337 361 5400 (172)
417 5337 606 5389 Nostri
670 5335 813 5404 juris
891 5340 1091 5387 curtem
1142 5336 1358 5386 nomine
1387 5402 1399 5404 _
1430 5333 1834 5404 Conﬂuentiam.

144 5407 330 5461 Curtes
374 5408 538 5471 regiae
588 5410 637 5457 et
671 5402 810 5472 ﬁsci
855 5407 995 5467 regii
1040 5405 1323 5472 appellata
1378 5402 1536 5455 fuere
1597 5402 1715 5454 loca
1771 5417 1835 5454 ex

148 5476 362 5546 quibus
402 5476 732 5546 hujusmodi
780 5475 999 5546 reditus
1055 5472 1520 5546 desumebantur.
1548 5472 1689 5526 Hinc
1709 5472 1835 5541 plu-

147 5543 310 5599 ribus
336 5543 748 5615 diplomatibus
795 5544 1006 5598 diversi
1034 5544 1251 5598 reditus
1297 5543 1368 5597 ad
1399 5558 1581 5596 unum
1637 5547 1837 5596 curtem

1409 301 1805 359 DIPLOMATA
1844 304 2390 360 ECCLESIASTICA.

3547 311 3649 363 338
3674 284 3675 287 γ

1876 431 1921 481 Α
1960 442 2087 480 mus
2146 433 2201 480 et
2246 426 2611 497 praecipimus
2659 431 2721 480 ut
2780 429 2975 482 nullus
3032 429 3101 483 de
3159 432 3447 500 praadictis
3481 434 3651 487 rebus

1959 515 2323 569 alienandum
2359 516 2625 569 fratribus
2663 516 2781 586 jam
2841 517 3003 570 dictis
3062 518 3277 588 aliquid
3318 519 3425 573 sibi
3482 537 3651 573 usur-

1960 608 2072 672 pet,
2135 609 2416 674 quatenus
2474 605 2622 671 illos,
2680 606 2870 675 quiete
2924 610 2979 658 et
3026 607 3258 676 pacifice
3318 624 3446 678 quas
3504 610 3653 662 Deus

1959 692 2115 746 dedit
2166 694 2253 746 vel
2324 694 2561 746 daturus
2646 695 2754 747 erit
2822 695 3197 763 possidentes,
3263 712 3367 767 pro
3456 702 3651 751 nostra

1952 779 2345 833 incolumitate
2394 781 2675 850 regnique
2702 782 2882 834 nostri
2933 783 3241 836 stabilitate
3275 784 3371 837 Dei
3429 784 3648 839 miseri-

1951 869 2203 922 cordiam
2233 884 2468 922 exorare
2527 870 2786 923 delectet.
2823 872 2887 923 Et
2944 877 3007 923 ut
3065 871 3184 924 haec
3228 871 3495 941 jussionis
3544 889 3647 926 no-

1950 960 2081 1009 strai
2142 957 2581 1027 donationisque
2656 959 2963 1011 auctoritas
3015 960 3202 1012 verius
3280 960 3545 1013 credatur
3590 963 3647 1013 et

1949 1044 2281 1115 diligentius
2332 1048 2400 1099 ab
2465 1047 2730 1100 omnibus
2780 1048 3131 1115 observetur,
3191 1048 3338 1101 hanc
3390 1050 3643 1103 chartam

1947 1133 2366 1203 indejussimus
2394 1133 2582 1201 scribi,
2615 1151 2933 1205 manusque
2954 1137 3201 1206 propriae
3223 1136 3643 1207 subscriptione

1945 1222 2294 1287 confirmari,
2328 1228 2385 1275 et
2412 1222 2599 1291 sigillo
2642 1228 2831 1275 nostro
2852 1224 3135 1292 insigniri.

2017 1311 2243 1376 Signum
2277 1311 2482 1364 domini
2508 1311 2745 1364 Henrici
2767 1314 3125 1366 Romanorum
3156 1316 3293 1381 imp.

2016 1397 2342 1451 Guntherus
2399 1396 2607 1466 (postea
2659 1397 2900 1465 archiep.
2960 1398 3411 1467 Salisburgensis)

1944 1486 2212 1538 cellarius
2251 1487 2291 1539 Ν
2325 1492 2381 1539 et
2411 1485 3062 1539 viccarchicancellarius
3104 1486 3270 1555 (171),

1943 1573 2433 1628 chicancellarius.

2016 1663 2155 1714 Data
2206 1679 2294 1715 xvx
2346 1662 2581 1716 Kalend.
2645 1661 2941 1727 Novemb,
2976 1660 3172 1715 indict.
3204 1678 3291 1726 xv,
3329 1678 3478 1715 anno
3536 1664 3637 1715 Do-

1937 1751 2163 1803 minicoc
2185 1750 2592 1803 incarnationis
2627 1754 2781 1814 1017,
2814 1765 2965 1802 anno
2988 1765 3120 1801 vero
3152 1749 3370 1803 domini
3412 1750 3635 1804 Henrici

1936 1839 1981 1891 Il
2016 1842 2287 1905 regnante
2321 1836 2444 1909 [sic]
2479 1853 2569 1902 xv,
2599 1837 2827 1907 imperii
2861 1842 3054 1891 autem
3096 1854 3182 1891 Ill.

2002 1929 2206 1980 Actum
2238 1926 2645 1980 Franconefort
2673 1926 2932 1980 feliciter.
2966 1928 3169 1979 Amen.

3496 1415 3636 1453 can—

3330 1487 3483 1541 Ludu
3541 1505 3636 1541 ar-

2750 1998 2810 2051 C.

1936 2068 1993 2122 S.
2044 2067 2325 2119 Henricus
2357 2069 2423 2121 ΙΙ
2462 2068 2593 2134 imp.
2644 2068 2889 2135 POpponi
2948 2070 2998 2119 et
3050 2068 3279 2120 ecclesiae
3330 2067 3637 2121 Treuirensi

2006 2140 2213 2203 confert
2284 2143 2485 2191 curtem
2553 2138 2939 2205 Conﬂuentiam
2998 2152 3118 2190 cum
3192 2139 3435 2191 omnibus
3507 2154 3631 2207 per-

2006 2211 2154 2261 tinen
2165 2210 2273 2261 (iis.

2586 2278 2773 2344 (Anno
2811 2278 2989 2345 1018.)

2112 2349 2463 2418 [Houtlieim,
2515 2352 2657 2403 Hist.
2699 2352 2902 2402 Trecir.
2936 2350 3189 2416 diplom.,
3222 2349 3266 2415 Ι,
3304 2348 3452 2419 334.)

2003 2432 2062 2484 Ιη
2114 2432 2346 2485 nomine
2405 2437 2616 2484 sanctas
2670 2435 2727 2484 et
2772 2432 3076 2485 individum
3134 2431 3447 2497 Trinitatis,
3493 2433 3635 2486 HEN-

1933 2537 2083 2574 RICUS
2124 2519 2317 2572 divina
2365 2520 2588 2572 favente
2644 2520 2960 2573 clementia
3026 2521 3410 2573 Romanorum
3461 2521 3637 2590 impe-

1935 2614 2093 2662 rator
2114 2611 2423 2677 Augustus.

2003 2695 2059 2749 Si
2090 2697 2439 2749 venerabilia
2470 2697 2838 2749 ecclesiarum
2901 2696 2999 2750 Dei
3036 2697 3153 2749 loca
3208 2696 3446 2764 alicujus
3498 2694 3634 2749 doni

1933 2785 2237 2838 commodo
2269 2784 2577 2837 sublimare
2610 2785 3021 2849 studuerimus,
3061 2784 3227 2836 nobis
3268 2785 3323 2837 id
3358 2784 3635 2853 regnique

1931 2873 2112 2926 nostri
2146 2873 2317 2926 statui
2350 2874 2716 2943 profuturum
2779 2889 2918 2939 esse,
2984 2874 3221 2925 minime
3280 2872 3630 2927 dubitamus.

1512 2957 1821 3009 Burchardi
1857 2978 1897 3033 ρ
1934 2962 2294 3031 Quapropter
2316 2961 2538 3014 noverit
2559 2961 2816 3014 omnium
2870 2962 3075 3015 Christi
3101 2961 3358 3013 ﬁdelium
3408 2965 3634 3013 nostro-

1940 3067 2184 3122 rumque
2215 3050 2554 3104 universitas
2583 3052 2831 3120 qualiter
2862 3068 2986 3115 nos,
3013 3066 3117 3120 pro
3146 3050 3400 3103 remedio
3429 3049 3635 3103 anima;

1937 3145 2168 3207 nostras,
2201 3156 2306 3192 nec
2336 3156 2453 3193 non
2508 3139 2891 3194 dilectissimae
2941 3138 3202 3208 conjugis
3254 3142 3485 3203 nostrae,
3525 3138 3632 3191 Cu-

1937 3228 2206 3298 nigundse
2252 3228 2517 3281 videlicet
2554 3228 2936 3296 impcratricis
2984 3230 3274 3296 Augustae,
3316 3225 3635 3279 Trevirensi

1938 3314 2218 3381 Ecclesiae,
2305 3315 2398 3369 cui
2474 3314 2817 3368 venerabilis
2883 3315 3347 3383 archiepiscopus
3434 3314 3631 3382 Poppo

1935 3419 2180 3474 praeesse
2208 3402 2452 3466 videtur,
2480 3403 2787 3473 quamdam
2839 3403 3017 3456 nostri
3055 3402 3201 3472 juris
3249 3405 3468 3455 curtem
3526 3416 3632 3453 no-

1936 3491 2093 3545 mine
2123 3490 2546 3545 Confluentiam
2601 3494 2658 3543 et
2716 3489 2857 3558 (l7?)
2886 3489 3168 3543 abbatiam
3202 3490 3369 3542 sitam
3396 3488 3454 3541 in
3484 3504 3632 3558 pago

1936 3578 2188 3632 Trichire
2237 3578 2408 3644 (173),
2471 3578 2531 3630 in
2591 3577 2867 3630 comitatu
2919 3593 3050 3629 vero
3112 3576 3398 3630 Bertholdi
3455 3576 3631 3628 comi-

1934 3665 2025 3733 tis,
2063 3680 2192 3716 cum
2232 3664 2502 3717 theloneo
2535 3668 2591 3716 et
2622 3668 2874 3729 moneta,
2903 3668 2959 3716 et
2980 3679 3108 3716 cum
3131 3663 3401 3716 omnibus
3432 3678 3633 3716 eorum

1937 3751 2303 3822 pertinentiis
2336 3750 2507 3819 (174),
2543 3750 2709 3815 areis,
2772 3751 3050 3813 aediﬁciis,
3086 3749 3384 3819 mancipiis
3416 3749 3631 3801 utrius-

1938 3873 2039 3911 seu
2093 3857 2284 3909 villam
2329 3858 2538 3923 regiam
2594 3855 2949 3924 pertinentes
2981 3860 3369 3907 recensentur.
3422 3853 3525 3906 Sed
3576 3858 3632 3906 et

1937 3926 2228 3981 interdum
2262 3932 2452 3978 curtes
2484 3926 2657 3991 regite
2679 3927 2951 3994 palatium
2980 3924 3254 3994 principis
3307 3924 3626 3993 designant.

1940 4000 2193 4065 Utroque
2225 4012 2389 4048 sensu
2426 3993 2777 4049 Conﬂuentia
2810 3993 3163 4063 curtisregia
3194 3993 3317 4047 fuit.

2009 4063 2155 4135 (173)
2183 4066 2455 4119 Abbatam
2487 4070 2651 4120 sitam
2680 4069 2739 4118 in
2783 4081 2926 4135 pago
2978 4067 3240 4119 Trichire.
3304 4063 3629 4135 Trajecten-

1939 4154 2056 4191 sem
2090 4134 2145 4191 S.
2179 4136 2419 4191 Servatii
2463 4136 2747 4189 abbatiam
2789 4136 2880 4189 hic
2922 4136 3113 4188 minus
3161 4139 3313 4188 recte
3362 4134 3631 4202 intelligit

1941 4210 2250 4268 Browerus,
2284 4207 2487 4259 Annal.
2524 4212 2663 4260 tom.
2718 4209 2756 4260 l.
2791 4207 2889 4259 lib.
2932 4222 3005 4271 χι,
3040 4223 3096 4258 n.
3135 4208 3216 4271 16,
3251 4222 3306 4274 p.
3353 4206 3473 4257 507.
3506 4205 3629 4257 Non

1942 4279 2095 4332 enim
2141 4278 2418 4331 abbatiam
2468 4278 2716 4331 Trichire
2762 4277 2899 4329 dicit
2928 4278 3261 4345 imperator,
3305 4275 3404 4327 sed
3467 4277 3631 4328 sitam

1941 4352 1999 4402 in
2030 4364 2171 4416 pago
2222 4349 2490 4413 Trichire;
2520 4348 2579 4400 in
2610 4364 2722 4417 quo
2754 4347 3024 4400 Trichirze
3068 4363 3215 4415 pago
3274 4345 3631 4399 Confluentia

1942 4435 2069 4472 cum
2101 4420 2225 4488 ipsa
2255 4418 2479 4470 abbatia
2516 4420 2843 4486 quaerenda.
2875 4418 3097 4470 Scilicet
3130 4417 3218 4468 hic
3248 4432 3431 4488 pagus
3460 4431 3630 4468 omne

1942 4489 2083 4542 illud
2128 4487 2424 4541 terrarum
2494 4489 2740 4556 spatium
2823 4492 3076 4557 occupat,
3140 4487 3293 4555 quod
3361 4487 3630 4557 Hunnes-

1943 4559 2141 4636 ruckio
2174 4559 2437 4636 Rhenum
2481 4561 2627 4636 inter
2646 4565 2714 4636 et
2735 4556 3019 4636 Mosellam
3036 4558 3117 4636 _ad
3148 4558 3270 4636 ipsa
3302 4572 3493 4635 usque.
3522 4556 3624 4636 hu-

1937 4631 2033 4698 jus
2084 4629 2241 4682 ﬂuvii
2293 4629 2437 4681 ostia
2492 4629 2805 4698 interjacet.
2861 4628 2988 4693 Sed,
3031 4625 3253 4696 inquis,
3288 4642 3417 4696 quae
3478 4625 3632 4698 intra

1942 4695 2363 4754 Conﬂuentiam
2396 4695 2660 4751 abbatia‘?
2700 4699 3074 4767 Respondeo:
3115 4695 3375 4750 Ecclesia
3431 4701 3486 4748 et
3524 4695 3631 4767 col-

1942 4770 2158 4839 legium
2197 4769 2250 4822 S.
2284 4769 2555 4835 Floriaui,
2589 4770 2761 4838 quod,
2812 4765 2964 4821 teste
2997 4769 3247 4839 ipsomet
3271 4765 3627 4839 Browero._l_.

1942 4836 2062 4907 cit.,
2102 4857 2159 4910 p.
2205 4841 2327 4903 504,
2361 4856 2418 4892 n.
2479 4841 2531 4905 4,
2585 4836 2652 4890 iis
2706 4836 3066 4910 temporibus
3095 4837 3402 4910 vocabatur
3452 4837 3512 4888 B.

1948 4914 2014 4965 V.
2046 4905 2451 4973 monasterium,
2500 4924 2633 4961 voce
2676 4925 2742 4961 eo
2793 4905 2913 4961 aevo
2968 4907 3387 4961 cathedralibus
3414 4910 3469 4955 et
3517 4905 3631 4955 col-

1943 4981 2168 5061 legiat'is
2252 4972 2502 5059 ecclesiis
2562 4980 2679 5058 fere
2725 4979 3033 5061 communi.
3082 4972 3632 5061 Nempe'canonicis

1944 5042 2081 5104 olim
2112 5051 2170 5103 in
2211 5049 2501 5122 communi
2550 5049 2873 5122 viventibus
2914 5052 3199 5118 praeerant
3228 5042 3482 5122 ’abbjates,
3521 5042 3632 5122 _s_ed

1944 5122 2239 5174 saeculares
2272 5136 2284 5172 :
2319 5120 2387 5172 de
2420 5135 2667 5188 quorum
2712 5113 2931 5173 ofﬁcio'
2961 5124 3016 5171 et
3059 5114 3458 5191 praerogativis
3491 5113 3634 5191 __Mo-

1945 5193 2106 5244 Ianus
2138 5192 2216 5243 De
2265 5183 2554 5243 canonicis
2589 5191 2683 5243 lib.
2733 5208 2794 5255 ιι,
2826 5206 2947 5257 cap.
2985 5192 3033 5240 5.
3061 5183 3136 5237 Et
3173 5184 3321 5254 apud
3358 5183 3632 5257 Leodieu-

1945 5278 2033 5314 ses
2082 5261 2349 5332 quidem,
2410 5261 2683 5332 aliosque,
2748 5254 2867 5326 ejus
2894 5254 3005 5310 levi
3056 5271 3213 5332 more
3242 5261 3298 5332 et
3326 5255 3490 5332 stylo.
3524 5254 3634 5332 col-

1947 5324 2117 5400 legia'
2152 5324 2843 5383 canonicorum'abbatias
2872 5331 3230 5400 nuncupatas
3259 5326 3430 5400 fuisse
3458 5324 3634 5400 tradi-

1944 5397 2039 5455 tur
2066 5417 2097 5452 a
2136 5402 2345 5465 Mirmo,
2384 5402 2631 5469 Diplom.
2684 5400 2889 5466 Belgic.
2924 5398 3021 5449 lib.
3067 5414 3121 5455 ll,
3154 5413 3275 5465 cap.
3312 5398 3549 5469 19,_not.
3584 5397 3631 5446 1.

2020 5470 2165 5539 (174)
2199 5472 2327 5525 Cum
2359 5465 2595 5524 theloneo
2631 5476 2694 5542 _e_t
2730 5465 2939 5542 moneta
2986 5472 3035 5542 et
3093 5482 3222 5542 cum
3266 5465 3510 5542 omnibus
3557 5479 3637 5542 eo:

1947 5557 2071 5595 rum
2095 5536 2465 5610 pertinentiis,
2498 5545 2601 5593 etc.
2631 5538 2729 5592 His
2758 5538 2989 5591 demum
3020 5537 3338 5607 imperialis
3367 5536 3636 5605 praecepti
