3914 6190
351 273 461 327 339

1648 267 1704 321 8.
1748 267 2023 323 ΗΕΝΒΙΟΪ

2208 265 2554 322 ERATORIS
3703 271 3784 324 340

350 407 461 463 que
518 405 699 456 sexus,
762 388 936 459 agris,
991 387 1239 459 pascuis,
1313 386 1520 453 vineis,
1596 387 1794 458 pratis,
1866 387 2042 455 silvis,
2072 388 2120 442 A
2155 391 2365 442 nostra:
2417 386 2682 441 videlicet
2731 383 3024 440 servitutis
3093 383 3480 455 paratissimus
3547 389 3786 459 praesidet,

351 477 774 541 venationibus,
810 476 974 546 aquis
1024 492 1376 546 aquarumve
1432 474 1784 541 decursibus,
1828 476 2050 529 molen-

353 566 527 634 dinis,
561 565 668 618 viis
696 569 754 618 et
783 564 970 631 inviis,
998 565 1244 617 exitibus
1277 569 1331 616 et
1386 563 1686 625 reditibus,
1739 563 2051 617 mobilibus

361 661 420 711 et
478 653 896 721 immobilibus,
938 669 1037 706 seu
1091 668 1218 706 cum
1252 651 1410 706 omni
1446 652 1688 705 utilitate
1728 667 1856 721 quas
1902 652 2054 706 ulla-

349 749 519 799 tenus
548 747 647 797 aut
705 741 874 795 scribi
923 749 1021 796 aut
1070 741 1256 796 notari
1305 741 1508 811 possit,
1551 741 1830 794 tradimus
1884 745 2054 812 atque

360 833 606 889 ﬁrmiter
672 831 970 885 donamus.
1036 830 1100 882 Et
1151 833 1214 882 ut
1263 830 1386 883 haec
1431 832 1643 882 nostras
1699 830 2056 884 auctoritatis

353 923 566 994 pagina
607 917 825 974 stabilis
851 922 908 970 et
928 917 1266 970 inconvulsa
1308 916 1468 970 omni
1518 921 1858 987 permaneat
1911 933 2050 985 aevo,

359 1025 487 1064 eam
544 1022 721 1061 manu
766 1005 1001 1077 propria
1057 1004 1412 1074 roborantes,
1446 1004 1621 1075 sigilli
1675 1004 2056 1076 impressione

355 1096 630 1170 jussimus
661 1093 952 1163 insigniri.

431 1185 657 1252 Signum
713 1181 921 1235 domini
977 1181 1218 1236 Henrici
1267 1183 1629 1236 Romanorum
1705 1182 2060 1238 invictissimi

357 1256 704 1324 imperatoris
727 1253 991 1320 Augusti.

433 1341 786 1397 Guntherius
859 1339 1233 1394 cancellarius
1275 1339 1397 1394 vice
1448 1339 1824 1396 Erchenbaldi
1881 1339 2060 1395 archi-

359 1430 639 1502 capellaui
666 1428 998 1498 recognovi.

435 1523 597 1573 Anno
669 1516 1082 1571 incarnationis
1158 1514 1385 1569 Domini
1446 1514 1625 1569 nostri
1665 1516 1797 1569 Jesu
1852 1514 2060 1572 Christi

365 1611 524 1675 1018,
559 1605 759 1660 indict.
799 1623 837 1667 ι,
881 1620 1031 1658 anno
1063 1603 1229 1674 regni
1260 1603 1482 1658 domini
1513 1603 1744 1659 Henrici
1777 1605 2062 1658 Romano-

2163 476 2268 530 sub
2323 476 2543 530 honore
2617 473 2763 545 agite
2849 471 2950 527 Dei
3010 471 3302 542 genitricis
3333 473 3513 526 Mariae
3547 478 3790 548 sanctique

2164 564 2415 618 martiris
2472 563 2684 617 Kiliani
2715 577 2957 616 necnon
2987 565 3044 614 et
3088 559 3399 615 beatissimi
3457 563 3792 620 couiessorum

2165 651 2345 708 sancti
2385 651 2596 705 Liborii
2644 648 2900 721 episcopi
2939 651 3277 702 constructas
3329 652 3491 718 atque
3547 650 3794 721 dedicatae,

2164 741 2277 794 tale
2308 739 2593 810 praedium
2619 739 2787 809 quale
2821 736 2988 790 Willa
3015 751 3119 808 per
3139 751 3374 790 manum
3411 736 3566 791 nobis
3596 739 3730 793 dedit
3751 748 3795 796 et

2163 844 2508 884 consensum
2549 826 2812 896 conjugis
2840 828 2897 880 et
2952 823 3207 879 advocati
3230 824 3317 878 sui
3345 824 3572 893 Ottonis,
3606 825 3660 881 in
3698 829 3795 884 loco

2165 917 2606 986 Siburgohusun
2635 913 2955 976 nominato,
2990 913 3051 966 in
3085 911 3361 966 comitatu
3408 913 3607 967 Udonis
3652 919 3792 970 comi-

2163 1006 2254 1070 tis,
2289 1005 2347 1059 in
2371 1019 2536 1076 'pago
2565 1001 3070 1069 Hemmerveldun,
3095 1015 3226 1054 cum
3263 1000 3523 1055 omnibus
3549 1003 3796 1072 pertinen-

2163 1095 2257 1148 tiis
2283 1093 2417 1157 suis,
2467 1090 2942 1163 possessionibus,
2981 1088 3283 1159 mancipiis
3328 1089 3613 1161 utriusque
3648 1107 3794 1160 sexus,

2165 1182 2337 1254 agris,
2364 1181 2640 1246 aediﬁciis,
2668 1178 2836 1233 terris
2864 1178 3033 1232 cultis
3085 1182 3142 1232 et
3180 1178 3429 1244 incultis,
3477 1179 3626 1249 aquis
3659 1195 3792 1252 aqua-

2164 1285 2410 1340 rumque
2442 1267 2794 1332 decursibus,
2818 1265 3020 1337 pratis,
3051 1266 3278 1336 pascuis
3314 1267 3428 1319 sive
3480 1270 3788 1338 compascuis,

2165 1357 2531 1425 molendinis,
2562 1355 2994 1426 piscationibus,
3029 1353 3212 1420 silvis,
3245 1354 3354 1407 viis
3375 1359 3431 1407 et
3465 1353 3638 1415 inviis,
3686 1371 3793 1409 cuu-

2167 1446 2385 1518 ctisque
2408 1444 2665 1516 quassith
2694 1442 2782 1498 vel
2827 1442 3210 1514 inquirendis,
3274 1443 3335 1495 in
3381 1442 3659 1513 proprium
3701 1445 3794 1513 jure

2167 1535 2410 1606 perenni
2432 1533 2795 1590 tradidimus.
2831 1533 2896 1586 Et
2925 1536 2989 1586 ut
3017 1532 3139 1585 haec
3168 1531 3407 1585 tradicio
3435 1531 3684 1602 praecepti
3725 1548 3796 1585 uo-

2169 1624 2272 1678 stri
2293 1623 2461 1677 ﬁrma
2499 1626 2557 1676 et
2604 1621 2936 1676 inconvulsa
2992 1623 3351 1691 permaneat,
3400 1621 3540 1674 hanc
3581 1620 3796 1690 paginam

516 1672 521 1675 .
653 1686 659 1694 ,
1139 1672 1150 1674 -
2170 1672 2461 1678 _,______
2506 1672 2556 1676 η
2993 1672 3208 1691 τηε--
3250 1672 3264 1674 _
3401 1672 3437 1674 ,ἡ
3583 1672 3604 1690 ε

363 1712 492 1750 rum
525 1693 1296 1782 ίηνίοῒίεδίαιίγίηῖρθΐέίοήε
1354 1691 1761 1782 Αίξεᾳδῗίίχνην
1825 1692 2060 1763 imperii
2091 1672 2132 1725 Β
2169 1713 2306 1767 inde
2357 1710 2740 1782 conscriptam
2793 1725 2971 1763 manu
3017 1709 3256 1779 propria
3312 1707 3633 1762 roborantes
3666 1708 3797 1778 sigilli

369 1787 560 1838 autem
580 1799 632 1836 v.
666 1784 870 1835 Actum
897 1780 1388 1834 Boderebrunnen
1410 1779 1668 1835 feliciter.
1701 1781 1913 1835 Amen.

367 1924 424 1978 S.
472 1923 756 1976 Henricus
822 1922 1074 1992 ecclesia
1101 1921 1527 1976 Paderbornensi
1578 1921 1849 1991 praedium
1891 1921 2061 1992 quod-

1044 1991 1172 2045 dam
1201 1993 1385 2046 donat.

1009 2061 1197 2133 (Anno
1253 2061 1429 2131 1018.)

655 2132 786 2204 [Cod
813 2131 1037 2202 diplom.
1080 2135 1224 2187 Hist.
1271 2132 1513 2202 Westph.
1540 2149 1612 2204 7p.
1647 2131 1764 2204 '75.]

438 2206 497 2260 C.
549 2205 613 2258 In
657 2202 900 2258 "nomine
987 2208 1196 2257 sancta:
1259 2208 1316 2257 et
1370 2202 1681 2258 individuus
1741 2202 2060 2271 Trinitatis,

370 2295 646 2348 Haumcus
671 2292 862 2346 divina
887 2291 1113 2346 favente
1144 2291 1449 2346 clementia
1508 2292 1897 2347 Romanorum
1953 2293 2064 2346 im-

368 2387 599 2452 perator
625 2383 939 2451 Augustus.

446 2469 680 2524 Noverit
705 2469 964 2523 omnium
990 2467 1094 2522 Dei
1135 2467 1392 2523 ﬁdelium
1448 2474 1892 2540 nostrorumque
1949 2473 2066 2523 tam

373 2558 746 2630 prensantium
789 2574 962 2628 quam
997 2556 1469 2628 subsequentium
1518 2555 1799 2611 industria
1825 2557 2069 2627 qualiter

372 2662 499 2711 nos,
528 2646 854 2700 interventu
895 2646 1116 2700 dilectae
1150 2645 1410 2717 conjugis
1441 2649 1677 2713 nostras,
1710 2645 2068 2716 Cunigundaa

375 2734 632 2788 videlicet
656 2734 1037 2805 imperatricis
1081 2739 1363 2806 augustaz,
1422 2733 1794 2805 ﬁdeliumque
1839 2740 2066 2789 nostro-

372 2839 524 2891 rum,
603 2824 894 2892 Popponis
947 2823 1310 2879 Treverensis
1365 2822 1799 2893 archiepiscopi,
1858 2823 2070 2877 Erkan—

2168 1801 2354 1856 nostri
2383 1799 2791 1854 subterbullari
2809 1799 3088 1868 jussimus
3111 1797 3507 1868 impressione.

2242 1891 2466 1955 Signum
2514 1888 2699 1941 damni
2734 1885 2966 1940 Henrici
3022 1886 3398 1940 Romanorum
3444 1884 3522 1955 (L.
3553 1885 3637 1950 Μ.)
3683 1885 3795 1937 invi-

2170 1963 2397 2016 ctissimi
2424 1960 2770 2028 imperatoris
2800 1959 3058 2025 Augusti.

2241 2047 2590 2104 Guntherius
2621 2046 2993 2100 cancellarius
3028 2044 3149 2100 vice
3178 2043 3533 2100 Ercambaldi
3591 2044 3795 2098 archica-

2169 2136 2386 2210 pellani
2415 2135 2765 2206 recognovit.

2243 2228 2386 2281 Data
2417 2242 2434 2279 1
2464 2225 2546 2280 Id.
2587 2226 2750 2295 Apr.,
2781 2222 3091 2278 indictione
3122 2239 3163 2291 ι,
3219 2237 3372 2276 anno
3419 2221 3700 2276 Dominicis
3741 2220 3801 2275 iu-

2172 2313 2522 2369 carnationis
2564 2314 2722 2380 1018,
2751 2329 2903 2366 anno
2933 2327 3068 2366 vero
3123 2310 3326 2365 domui
3376 2310 3590 2366 Henrici
3618 2308 3799 2363 secundi

2172 2401 2468 2474 regnantis
2505 2417 2618 2469 xvr,
2641 2401 2874 2471 imperii
2904 2403 3097 2525 auéflm
3121 2415 3172 2454 v.
3231 2402 3438 2454 Actum
3491 2399 3801 2467 Noviomago.

2174 2545 2232 2600 S.
2277 2545 2560 2609 Henricus,
2627 2544 2943 2611 imperator,
3003 2543 3451 2609 Aquisgranense
3493 2540 3806 2594 canonicorum

2314 2615 2376 2667 S.
2402 2615 2680 2669 Adelbcrti
2727 2613 3006 2677 collegium
3034 2612 3238 2678 fundat
3269 2628 3332 2666 ac
3375 2613 3522 2666 dolat
3553 2611 3696 2680 (175).

2810 2682 3000 2752 (Anno
3050 2683 3232 2753 1018.)

2503 2753 2769 2823 Mirans,
2818 2750 2958 2822 Opp.
3015 2750 3269 2822 diplom.,
3311 2754 3378 2819 I.,
3411 2750 3547 2821 149.)

2246 2817 2524 2890 Quoniam
2571 2817 2966 2878 indubitaritér
3013 2817 3225 2877 scimus
3259 2817 3372 2878 'in'
3407 2817 3686 2892 conspectu
3735 2817 3808 2872 Dei

372 2910 530 2966 baldi
556 2912 873 2981 Mogontini
902 2911 1345 2982 archiepiscopi,
1389 2910 1702 2965 Eberhardi
1742 2912 2069 2966 Babenber-
2100 2953 2141 3009 Ο
2176 2915 2399 2984 placere
2430 2916 2757 2966 sanctorum
2790 2912 2914 2965 loca
2948 2911 3246 2966 instituere
3278 2916 3337 2966 et
3382 2911 3685 2973 sublimare,
3735 2922 3809 2976 spe

376 2999 568 3070 gensis
635 2999 911 3070 episcopi,
985 3000 1287 3054 Adelbaldi
1350 2999 1720 3070 Trajectensis
1797 2999 2066 3070 episcopi,

376 3087 514 3140 item
565 3087 854 3157 Poppouis
903 3086 1121 3141 abbatis
1179 3087 1484 3152 Vultensis,
1544 3086 1834 3141 Godefridi
1886 3087 2066 3155 ducis,

379 3175 691 3229 Bernhardi
735 3175 914 3241 ducis,
970 3175 1216 3229 Becelini
1272 3173 1526 3241 comitis,
1587 3173 1837 3228 ecclesias
1876 3175 2068 3228 Pater-

378 3265 718 3334 brunnensi,
781 3265 872 3318 cui
935 3264 1298 3318 venerandus
1360 3263 1659 3334 episcopus
1709 3264 2071 3318 Meinwercus

377 3404 564 3459 verbis
609 3404 965 3460 Conﬂuentia
1016 3403 1447 3474 archiepiscopo
1478 3403 1734 3474 subjecta
1779 3405 1907 3465 fuit,
1953 3405 2070 3460 imo

379 3492 452 3531 ne
516 3491 668 3529 nunc
724 3476 958 3546 quidem
1010 3475 1091 3528 ita
1138 3480 1204 3528 ut
1259 3475 1446 3528 omnis
1512 3476 1697 3546 adhuc
1735 3475 2069 3531 ofﬁcialium

378 3547 609 3616 imperii
640 3545 892 3616 potestas
917 3546 976 3598 in
1025 3561 1091 3598 ea
1116 3551 1378 3599 cessaret.
1415 3545 1575 3600 Conf.
1627 3545 2073 3602 instrumentum

377 3616 728 3672 fundationis
744 3615 1178 3672 Arusteinianac.
1209 3631 1303 3670 an.
1339 3619 1389 3672 1.
1427 3619 1513 3672 56.
1545 3620 1662 3669 not.
1687 3616 1762 3670 ia.
1798 3618 2074 3672 Eauidem

381 3633 728 3671 runaauoms
744 3633 1178 3681 Arnswinianae,
1209 3633 1303 3670 an.
1339 3633 1389 3680 ι,
1427 3633 1513 3678 eo,
1545 3633 1662 3669 nct.
1687 3633 1762 3670 ια.
1798 3633 2074 3687 nquiaem

381 3687 604 3757 legitur
636 3687 694 3758 in
726 3686 1128 3758 Gestiqurevq
1162 3686 1572 3758 cap.746,_edit.
1611 3686 1854 3758 Lebnit.,
1920 3691 2075 3758 quod

379 3755 652 3840 Henricus
676 3757 746 3827 (Il
779 3755 1341 3840 imp.).Megingaudo
1379 3755 1710 3840 ‘(Popponis
1767 3755 2074 3822 decessori)

379 3832 746 3897 episcopatum
787 3828 1220 3895 (Trevireusem)
1266 3827 1628 3897 conﬁrmavit,
1686 3843 1844 3896 quem
1903 3844 2076 3898 usque

379 3899 454 3953 ad
505 3902 664 3967 ﬁnem
705 3903 829 3952 vitae
884 3913 995 3954 suae
1039 3901 1096 3952 in
1155 3899 1464 3952 castello....
1511 3899 1847 3965 Conﬂuentia
1894 3899 2074 3953 admi-

379 3916 453 3953 aa
505 3916 664 3967 [mem
705 3916 829 3952 vitae
884 3916 995 3954 suae
1039 3916 1096 3952 in
1155 3916 1464 3952 casteuo....
1511 3916 1847 3965 oon/ruentia
1894 3916 2074 3953 aamz-

378 3972 655 4023 nistravit.
692 3970 835 4023 Item
891 3969 1043 4037 apud
1093 3969 1399 4040 Abericum
1457 3968 1526 4022 ad
1585 3985 1675 4021 an.
1722 3969 1880 4031 1003,
1935 3986 1995 4040 p.
2036 3987 2076 4024 ιι

379 4041 600 4105 Chron.,
633 4056 690 4108 p.
719 4041 787 4092 42
841 4055 855 4092 :
908 4041 1298 4092 Dissensio.....
1349 4038 1445 4090 diu
1475 4040 1605 4105 fuit,
1656 4042 1706 4092 et
1751 4038 2073 4107 Meginaau-

381 4111 484 4164 dus
513 4125 719 4178 semper
774 4109 925 4178 apud
953 4110 1340 4176 Conﬂuentiam
1378 4112 1601 4161 mansit.
1636 4110 1701 4162 Et
1749 4111 2074 4178 expressius

382 4180 627 4246 Ditmar,
655 4180 868 4233 Chron.
903 4179 1002 4232 lib.
1037 4195 1128 4244 vn,
1178 4195 1236 4246 p.
1288 4179 1392 4232 406
1426 4194 1439 4231 :
1487 4179 1882 4245 Megingaudus
1941 4181 2073 4235 obiit

2179 3003 2388 3057 divinae
2411 2999 2916 3066 remunerationis,
2945 3015 3050 3070 pro
3082 3001 3346 3055 remedio
3378 2999 3576 3053 animae
3623 3000 3806 3058 nostrae,

2178 3090 2555 3161 conjugisque
2584 3093 2792 3143 nostras
2810 3089 3052 3143 dilectas.
3077 3088 3449 3160 Cunegundis
3477 3085 3711 3142 videlicet
3734 3083 3808 3137 im-

2176 3177 2474 3250 peratricis
2502 3180 2793 3247 Augustas,
2843 3192 2949 3230 nec
3003 3192 3118 3230 non
3167 3180 3476 3246 parentum
3519 3177 3804 3232 nostrorum,

2177 3272 2313 3322 tunc
2342 3265 2516 3320 etiam
2555 3281 2663 3332 pro
2705 3264 3098 3319 conﬁrmando
3130 3265 3238 3319 sub
3271 3264 3462 3319 divina
3511 3258 3803 3334 proiectione

2177 3410 2287 3472 rat,
2337 3405 2589 3460 residere
2643 3405 2840 3459 voluit.
2901 3405 3102 3458 Dotem
3126 3408 3326 3475 postea
3357 3404 3507 3477 auxit
3549 3402 3679 3464 Otto,
3718 3397 3806 3477 pri-

2181 3493 2309 3532 mus
2357 3478 2652 3537 Caesar,nt
2703 3482 2760 3530 et
2831 3472 3144 3529 numerum'
3181 3475 3578 3529 canonicorum
3617 3472 3807 3539 amplio-

2181 3563 2301 3601 rem
2351 3547 2486 3600 fecit
2544 3547 2821 3616 Notgerus
2878 3546 3238 3617 Leodicernsis
3283 3547 3593 3617 episcopus,
3633 3543 3683 3595 in
3723 3553 3808 3609 qua

2183 3617 2557 3688 dimcesisitas
2587 3621 2720 3669 sunt
2746 3620 2922 3688 Aquae
2955 3616 3148 3688 Grani.

2255 3687 2534 3741 Palatium
2624 3681 2830 3756 porro'
2874 3687 3339 3757 Aquisgranense
3410 3682 3712 3741 Godefridus
3744 3681 3807 3757 et

2184 3758 2517 3828 Sigefridus
2553 3754 2716 3828 reges
2775 3754 3089 3812 anno'882
3144 3757 3527 3811 incenderunt
3571 3754 3804 3828 et_vast_a-

2184 3819 2338 3893 runt,
2390 3833 2456 3882 ut
2502 3819 2830 3897 Sigebertus
2883 3828 2942 3880 in
2997 3828 3280 3882 Chronico
3342 3831 3590 3881 testatur.
3609 3819 3807 3897 _Cap_ella

2186 3891 2376 3952 autem
2433 3913 2532 3971 seu
2564 3891 2943 3971 “basilicaLa
2993 3897 3394 3971 fundamentis
3448 3912 3550 3967 per
3579 3891 3807 3971 _Ca_rolum

2185 3985 2315 4023 cum
2389 3968 2696 4039 peristyliis
2760 3967 3102 4022 solidissime
3185 3962 3522 4033 constructa,
3579 3962 3808 4039 hodieque

2184 4031 2420 4110 praestat
2447 4031 2634 4092 forma
2687 4040 2953 4105 rotunda,
3005 4039 3288 4092 columnis
3347 4031 3679 4110 marmoreis,
3726 4031 3808 4108 for-

2187 4108 2313 4164 nice
2377 4115 2794 4174 concamerato,
2858 4125 2989 4163 cum
3043 4110 3310 4164 cancellis
3359 4115 3415 4163 et
3463 4108 3646 4179 portis
3667 4115 3807 4179 aerem.

2188 4181 2426 4250 aliisque
2477 4171 2844 4244 ornamentis,
2912 4195 3040 4250 quas
3119 4171 3550 4249 Eginharus'in
3604 4171 3806 4250 ejusdem

377 4252 438 4303 in
467 4225 627 4321 urbe,
654 4265 755 4303 sm
811 4225 1128 4317 Cophelenci
1170 4225 1336 4302 dicta.
1400 4225 1733 4302 Undeacu‘in
1785 4251 2067 4318 Browero,
2099 4225 2143 4280 Β
2183 4251 2269 4304 sui
2301 4225 2573 4321 principis
2612 4256 2669 4304 et
2725 4225 2850 4304 heri
2891 4225 3014 4304 illita
3069 4225 3360 4317 describit,
3414 4253 3477 4303 ut
3529 4225 3697 4321 coram
3736 4239 3808 4293 ali-

379 4319 587 4373 Annal.
619 4321 780 4373 Trev.
811 4323 951 4372 tom.
984 4320 1029 4382 Ι,
1063 4321 1098 4372 l.
1133 4334 1188 4385 x,
1235 4335 1294 4372 n.
1353 4320 1471 4382 100,
1529 4335 1586 4388 p.
1616 4320 1740 4385 502,
1780 4322 2070 4376 concludit

382 4390 568 4455 Hahn,
624 4390 762 4443 Hist.
820 4390 959 4458 imp.
1005 4405 1154 4459 p.11,
1215 4405 1336 4458 cap.
1375 4389 1480 4459 6,§
1536 4392 1587 4443 6.
1642 4396 1760 4445 not.
1811 4407 1879 4458 e.,
1924 4393 2067 4447 Con-

380 4460 676 4514 ﬂuentiam
715 4460 837 4530 jam
869 4465 1001 4514 ante
1030 4475 1246 4513 annum
1282 4462 1416 4514 1018
1469 4459 1640 4513 fuisse
1684 4461 1833 4530 juris
1873 4463 2063 4517 Trevi-

381 4530 584 4585 rensis.
638 4531 744 4585 Sed
777 4531 824 4583 is
853 4547 999 4584 unus
1079 4530 1319 4584 Ditmari
1377 4531 1534 4584 locus
1583 4531 1676 4584 vix
1723 4531 1948 4588 efficiet.
2009 4534 2066 4589 Si

382 4600 559 4666 enim,
591 4601 744 4671 quod
773 4616 927 4655 suam
949 4601 1099 4654 dicat
1121 4601 1559 4663 Conﬂuentiam,
1595 4601 1664 4655 de
1696 4604 1847 4656 civili
1892 4606 2066 4658 etiam

373 4672 504 4742 jure
527 4672 933 4737 intelligamus,
994 4676 1052 4724 et
1079 4671 1243 4726 facile
1281 4677 1364 4725 est
1420 4678 1486 4725 ut
1531 4672 1784 4741 prolepsi
1813 4688 1950 4728 usus
1995 4676 2066 4728 sit

380 4743 676 4812 episcopus
699 4743 1266 4812 Merseburgenstsin
1322 4743 1621 4810 Chronico,
1688 4743 1842 4812 quod
1884 4745 2066 4798 serius

376 4813 623 4883 scripsit,
660 4818 717 4866 et
753 4813 824 4866 ad
857 4829 1073 4866 annum
1118 4815 1246 4866 1021
1297 4813 1582 4882 perduxit.
1626 4813 1909 4868 therum
1958 4817 2067 4870 Me-

376 4883 735 4953 gingaudum
772 4899 888 4936 non
917 4888 1114 4954 sponte
1161 4883 1575 4938 Conﬂuentiam
1619 4884 1935 4950 secessisse,
1969 4885 2065 4940 sed

374 4955 752 5009 Adalberonis
808 4954 1101 5024 praepositi
1158 4954 1442 5007 violentiis
1489 4955 1773 5017 adactum,
1823 4961 2061 5023 constat,

377 5025 499 5079 Vid.
535 5026 698 5079 Gesta
757 5025 957 5087 Trev.;
995 5025 1160 5086 l.cit.,
1194 5025 1318 5077 Vita
1352 5025 1411 5077 Β.
1461 5024 1796 5092 Meinwerci,
1826 5026 1854 5091 §
1889 5029 1974 5092 10,
2006 5028 2062 5080 iu

373 5097 495 5165 Act.
529 5095 622 5150 SS.
654 5095 1045 5164 Antwerpien.
1074 5094 1285 5147 mensis
1313 5091 1488 5159 Junii,
1543 5100 1678 5148 tom.
1740 5097 1781 5160 l,
1822 5111 1872 5165 ρ.
1935 5097 2058 5164 534,

375 5164 461 5217 lit.
483 5181 573 5231 a.;
603 5165 868 5218 Alberius
895 5165 934 5218 l.
967 5165 1060 5218 cit.
1113 5165 1591 5234 Chronographus
1641 5165 1782 5220 Saxo
1827 5164 1910 5220 ad
1967 5183 2060 5221 an.

381 5235 642 5309 lOp_8.__p.
666 5238 808 5309 22ος
841 5236 1202 5309 Ditmarusp.
1240 5237 1362 5289 384.

446 5303 962 5376 (175)Αᾳυίεςι·ειηὶ
994 5306 1107 5359 duo
1144 5303 1277 5358 sunt
1330 5303 1736 5376 canonicorum
1802 5305 2056 5376 collegia,

373 5373 734 5446 Marianum,
762 5382 817 5428 et
838 5376 1313 5446 iAdelbertinum.
1344 5376 1511 5429 Prius
1555 5375 1786 5430 Carolus
1826 5373 2062 5446 Magnus

369 5443 687 5517 imperator
714 5444 992 5517 fundavit,
1026 5446 1172 5517 etin
1217 5445 1450 5500 basilica
1493 5445 1761 5517 rotunda,
1794 5443 1968 5517 quam
1999 5448 2061 5501 in

370 5514 582 5585 palatio
626 5531 729 5568 suo
761 5515 975 5570 ibidem
999 5517 1059 5570 in
1089 5516 1369 5572 honorem
1421 5516 1679 5586 Deiparae
1733 5514 2060 5572 construxe-

2179 4316 2428 4402 quando,
2485 4316 2646 4374 'cum
2733 4321 3110 4375 admiratione
3180 4316 3518 4391 spectantes,
3596 4316 3806 4370 observa-

2175 4407 2382 4446 VlmllS.

2246 4461 2602 4516 Adelbertini
2632 4460 2854 4531 templi,
2890 4461 3213 4532 quondam
3269 4466 3453 4529 extra,
3502 4473 3641 4532 nunc
3692 4453 3806 4532 intra

2175 4548 2372 4587 muros
2449 4524 2958 4602 Aquisgranensis'
2985 4532 3044 4585 in
3120 4548 3262 4603 rupe
3336 4524 3450 4598 siti,
3480 4524 3806 4603 fundamenta

2176 4604 2305 4658 Otto
2364 4604 2432 4656 lll
2472 4594 2663 4657 Caesar
2698 4602 2884 4672 (cujus
2939 4594 3212 4658 tumulus.
3238 4603 3300 4656 in
3358 4594 3802 4673 Marina__Basilica

2169 4675 2287 4744 jam
2340 4674 2568 4727 laudata
2622 4669 2846 4743 visitur)
2901 4689 3003 4726 suo
3057 4689 3169 4727 aere
3222 4675 3432 4743 posuit.
3476 4672 3530 4744 S.
3580 4669 3804 4744 Henrifzys

2174 4733 2482 4798 aediﬁcium
2539 4744 2794 4813 perfecit,
2830 4733 2914 4797 let
2981 4733 3284 4797 canonicos
3363 4741 3559 4813 amplis
3613 4733 3802 4813 praediis

2173 4814 2407 4880 dotavit,
2469 4807 2788 4884 ex-quibus'
2825 4814 3004 4867 multa
3060 4815 3120 4867 in
3177 4807 3492 4868 conﬁnibus
3543 4807 3804 4884 Barbari“?

2175 4890 2232 4938 et
2258 4876 2561 4951 Zelandiaa,
2585 4876 2756 4938 tertio
2800 4884 2989 4954 lapide
3035 4884 3104 4937 ab
3139 4885 3491 4954 Antwerpia,
3509 4883 3653 4954 circa
3701 4876 3803 4952 Bal-

2173 4960 2442 5020 zentoren,
2465 4955 2638 5026 aquis
2659 4953 2926 5026 absorpta
2943 4955 3272 5024 perierunt;
3301 4953 3441 5008 utet
3465 4953 3604 5026 dicta
3632 4954 3800 5026 turris;

2175 5041 2304 5096 quae
2352 5014 2558 5079 mediis
2617 5025 2677 5096 in
2736 5014 3105 5094 aquis-haud
3147 5014 3433 5096 procula
3476 5021 3641 5077 Lilloa
3685 5014 3802 5096 velet

2173 5086 2404 5166 specula
2429 5095 2736 5160 eminebat,
2780 5086 2876 5166 sed
2908 5086 3168 5149 'marinis
3209 5095 3474 5149 ﬂuctibus
3502 5105 3653 5146 exesa
3700 5086 3803 5166 ante

2171 5153 2382 5236 p‘aucos
2413 5182 2594 5219 annos
2638 5153 2932 5236 concidit,
2971 5166 3086 5219 Erit
3133 5172 3348 5229 tamen,
3416 5170 3477 5218 ut
3511 5153 3806 5236 sper0,.all‘

2171 5233 2422 5307 quando,
2456 5252 2585 5289 cum
2615 5238 2872 5305 amplum
2920 5235 3069 5307 istud
3128 5237 3267 5290 olim
3322 5241 3530 5307 terram
3575 5233 3800 5307 spattgﬂlj

2170 5293 2551 5360 alluvionibus
2582 5293 2831 5372 auctum,
2862 5306 3164 5377 posteritas
3221 5307 3290 5360 ab
3320 5304 3522 5377 Oceani
3585 5293 3802 5377 ﬁuctibuf

2169 5377 2501 5442 vindicabit,
2562 5364 3138 5448 Aquisgranensium,
3203 5373 3708 5446 Antwerpiensium,
3758 5364 3802 5412 ei

2169 5448 2412 5502 aliorum
2444 5448 2615 5501 bono.
3765 5499 3773 5508 ,

2238 5519 2292 5572 S.
2362 5517 2734 5589 Cunegundis
2778 5519 3058 5589 Augusta,
3112 5517 3168 5573 S.
3232 5516 3456 5574 Henrici
3511 5513 3555 5567 ll
3607 5510 3798 5565 Caesaris

2515 4337 2646 4374 cum
2733 4321 3110 4375 admiratione
3180 4325 3518 4391 spectantes,
