4016 6202
115 256 203 310 ait
1408 256 1807 319 DIPLOMATA
1846 265 2399 325 ECCLESIASTICA.
3581 302 3682 357 342

111 380 276 475 regni
317 376 499 475 lnios“;
531 380 717 474 stam,
748 374 1055 475 eqcleeiam
1108 374 1171 429 in
1196 376 1430 475 honore
1465 379 1520 434 S.
1557 383 1852 475 adelberti
1887 390 1934 442 A
1965 392 2190 445 mannis
2212 392 2354 446 duas
2384 394 2603 459 partes,
2633 407 2773 463 qum
2798 399 2909 457 sita
2936 412 3019 461 est
3060 408 3119 464 in
3168 414 3460 470 territorio
3508 418 3679 475 Sues-

112 469 381 537 martyris
438 473 494 520 et
556 466 855 563 episcopi,
885 465 1009 563 .inn
1049 468 1247 563 mpnte
1306 471 1670 524 contermino
1728 475 1848 528 sedi
1958 478 2193 535 sionico.
2241 524 2253 535 .
2305 521 2318 533 .
2371 518 2384 533 .
2434 518 2445 530 .
2489 479 2648 533 Hanc
2699 485 3029 550 Alemannis
3079 515 3143 552 ex
3195 465 3675 563 donationevCie-

114 561 323 664 ιξοδιῗω
367 552 950 664 AquepAsinafiob-is‘
973 552 1501 664 inﬁdatim,f‘m_ni
1584 559 1846 657 libertate
1956 568 2188 664 phontis
2236 567 2496 664 ejusdem
2541 567 2669 664 loci.
2716 575 2963 649 abbatis,
3024 589 3124 656 qui
3154 552 3674 664 fuit—propinquus

118 646 430 708 donamus,
464 642 777 711 eidemque
838 640 1093 694 ecclesiae
1152 656 1389 695 omnem
1421 648 1848 712 possessionem
1957 653 2141 708 Caroli
2199 656 2371 726 regis,
2430 653 2501 707 ab
2552 658 2800 730 antiquo
2849 640 3671 751 possidethareditaifiougure

134 750 173 751 ﬂ,
196 748 233 751 _.
305 748 321 751 -
340 737 386 751 ,Α
453 731 595 751 ΖΑΒ..-
661 745 895 751 _...--__-...
984 744 1107 751 ---μ
1178 729 1385 751 ΔΞ-ΣΑ--..
1456 733 1540 751 τμη
1604 735 1639 751 In
1958 741 1969 751 ι
1993 743 2008 751 -
2282 750 2285 751 ,
2412 744 2433 751 -
2522 745 2549 751 _

121 748 242 803 qua:
298 737 389 785 est
430 731 602 825 intra
661 745 949 825 murum,”
979 744 1111 825 qua:
1172 729 1385 825 dicitur
1448 733 1658 800 Bruell,
1714 753 1845 792 cum
1955 741 2106 797 idem
2137 750 2383 797 sanctus.
2412 744 2477 796 In
2508 729 2714 800 Durnoi
2733 729 3027 813 ecclesiam
3060 729 3671 825 unam,inV—I_.ismdoiite

117 819 278 879 areis,
330 818 613 883 aediﬁciis,
648 817 826 887 agris,
885 816 1061 883 silvis,
1114 816 1319 885 pratis,
1376 822 1629 888 pascuis,
1681 826 1846 895 aquis
1953 830 2250 884 ecclesiam
2282 846 2482 884 unam,
2529 871 2541 883 ,
2588 874 2601 885 ,
2651 874 2663 886 ,
2712 876 2725 891 ο
2776 804 3027 813 mm“-
3062 804 3252 830 ww"

114 923 518 979 aquarumque
577 906 939 968 decursibus,
1006 903 1277 971 exitibus,
1358 907 1663 978 reditibus,
1738 914 1844 968 viis
2022 920 2155 973 Haec
2184 935 2321 979 ergo
2364 917 2521 973 omni

110 1002 164 1050 et
211 996 413 1061 inviis,
441 1011 536 1048 seu
566 1010 697 1047 cum
743 997 909 1047 omni
955 992 1203 1047 utilitate
1260 1009 1389 1063 quae
1432 996 1726 1052 ullatenus
1753 1002 1842 1055 vel

106 1085 407 1139 nominari
434 1084 514 1136 vel
544 1082 715 1135 scribi
746 1087 969 1151 posset,
1006 1080 1307 1135 tradimus.
1354 1124 1366 1136 .
1414 1124 1426 1135 .
1476 1128 1487 1138 .
1537 1125 1549 1137 .

176 1178 353 1227 Anno
404 1171 815 1226 Incarnationis
851 1169 1081 1224 Domini
1136 1169 1449 1223 millesimo
1482 1172 1708 1227 decimo
1745 1192 1838 1229 oc-

109 1268 263 1327 tavo,
322 1260 627 1313 indictione
704 1258 929 1328 prima,
996 1257 1161 1327 regni
1211 1259 1391 1312 nostri
1472 1260 1700 1316 decimo
1748 1280 1840 1318 se-

113 1351 314 1421 ptimo,
359 1348 576 1418 imperii
611 1352 815 1400 autem
851 1348 1072 1417 quinto.

174 1442 387 1492 Actum
418 1436 764 1508 Aquisgrani
799 1435 1064 1489 feliciter.
1099 1436 1305 1490 Amen.

912 1542 1046 1596 CIII.

1950 1109 2060 1185 que
2094 1095 2466 1165 praecipimus
2496 1101 2554 1185 ut
2585 1102 2781 1157 nullus
2813 1108 2944 1174 dux,
2977 1112 3254 1179 marchio,
3286 1095 3495 1185 comes,
3540 1120 3659 1174 sive

1948 1182 2142 1251 aliqua
2209 1185 2394 1274 major
2460 1183 2723 1245 minorve
2770 1193 3075 1262 judiciaria
3140 1216 3384 1269 persona
3461 1182 3654 1274 ipsum

1946 1270 2363 1325 monasterium
2406 1273 2754 1343 inquietare,
2799 1287 2898 1335 aut
2929 1283 3218 1354 aliquibus
3245 1288 3313 1342 de
3344 1270 3513 1345 rebus
3545 1294 3654 1347 sibi

1949 1358 2377 1449 pertinentibus
2424 1362 2656 1449 auferre
2686 1376 3019 1434 praesumat.
3076 1374 3140 1425 Et
3171 1379 3230 1427 ut
3260 1381 3456 1431 nostra
3485 1380 3651 1449 inge-

1945 1447 2185 1499 nuitatis
2216 1448 2525 1503 auctoritas
2557 1453 2776 1506 stabilis
2843 1460 2898 1508 et
2931 1457 3262 1515 inconvulsa
3303 1466 3463 1518 omni
3517 1447 3653 1536 post

1942 1534 2080 1587 hinc
2110 1541 2445 1604 permaneat
2471 1540 2756 1610 tempore,
2789 1542 2895 1596 hoc
2924 1551 3280 1616 praeceptum
3329 1550 3464 1605 inde
3510 1534 3649 1607 con-

108 1632 159 1686 S.
186 1631 491 1715 “Henricus
529 1630 861 1715 imperator
930 1630 1290 1715 possessiones
1344 1631 1584 1715 abigatiz
1640 1635 1819 1691 Sancta

1986 1620 2220 1690 :riptum
2277 1639 2454 1678 manu
2526 1627 2759 1696 propria
2814 1630 3294 1702 conﬁrmavimus,
3353 1640 3407 1690 et
3471 1637 3647 1707 sigilli

180 1702 401 1754 Gislem‘
439 1703 495 1753 in
524 1702 823 1754 Hannonia
868 1704 1175 1768 conﬁrmat,
1226 1702 1478 1757 Gerardo
1530 1706 1586 1770 Ι,
1641 1706 1826 1761 Came-

172 1773 395 1824 racensi
446 1773 709 1839 cpisc0po,
795 1775 848 1825 et
893 1772 1168 1837 Roginero
1224 1773 1324 1828 IV.
1376 1775 1687 1829 Hannonis:
1747 1794 1834 1831 co-

172 1844 325 1909 mite,
362 1842 783 1912 postulantibus.

756 1928 952 2000 (Anno
1002 1930 1181 2001 1018.)

566 2016 815 2084 (Mirseus
864 2018 962 2071 ubi
992 2034 1179 2087 supra,
1206 2018 1352 2091 508.]

172 2110 235 2162 In
282 2107 524 2161 nomine
556 2111 767 2159 sanctas
813 2109 870 2159 et
896 2106 1211 2160 individuae
1263 2108 1586 2176 Trinitatis,
1614 2112 1827 2166 Hamu-

111 2214 193 2251 cus
224 2196 381 2266 (176)
407 2194 599 2249 divina
627 2194 853 2248 favente
876 2194 1180 2249 clementia
1209 2196 1613 2252 Romanorum
1642 2201 1826 2269 impe-

108 2290 258 2337 rator
282 2287 600 2353 Augustus.

171 2372 512 2442 Ubicunque
579 2372 835 2425 locorum
897 2369 1157 2425 ecclesias
1213 2387 1247 2425 a
1289 2372 1508 2427 Christi
1560 2373 1824 2431 ﬁdelibus

105 2462 439 2516 constitutas
473 2460 520 2514 si
551 2460 639 2514 vel
691 2459 914 2530 aliquid
974 2459 1234 2513 addendo
1298 2462 1389 2515 vel
1431 2462 1627 2516 addito
1655 2465 1821 2532 juva-

104 2568 218 2605 mus
266 2549 693 2611 conﬁrmando,
752 2547 918 2602 nobis
951 2547 1011 2601 id
1044 2548 1330 2619 regnique
1375 2551 1561 2604 nostri
1591 2553 1818 2607 stabili-

106 2641 199 2693 tati
227 2639 501 2710 prodesse
536 2654 652 2690 non
682 2636 1034 2691 dubitamus.

167 2728 538 2796 Quapropter
586 2724 813 2779 noverit
862 2723 1127 2777 omnium
1170 2722 1431 2778 ﬁdelium
1484 2730 1817 2783 nostrorum

109 2818 450 2869 universitas
479 2814 728 2885 qualiter
787 2829 889 2865 nos
927 2828 1035 2881 pro
1058 2813 1314 2865 remedio
1344 2813 1551 2867 animae
1582 2820 1813 2883 nostrae,

108 2905 461 2974 seniorisque
494 2910 549 2956 et
599 2902 827 2973 nepotis
868 2900 1071 2969 nostri,
1118 2901 1267 2953 tertii
1302 2901 1566 2956 videlicet
1596 2903 1815 2959 Ottonis
1846 2934 1888 2989 ρ

110 2993 469 3065 imperatoris
520 2991 785 3059 Augusti,
820 2989 922 3061 qui
955 2989 1147 3058 ipsum
1177 2991 1565 3044 venerabilem
1599 2992 1809 3056 locum,

110 3084 172 3135 ad
213 3082 323 3136 Dei
378 3079 676 3135 servitium
722 3079 803 3132 ibi
860 3077 1342 3145 conﬁrmandum,
1393 3079 1451 3133 in
1508 3080 1813 3137 tuitionem

111 3189 213 3225 sua
272 3169 669 3240 imperatorias
728 3166 1082 3221 auctoritatis
1141 3167 1415 3236 suscepit:
1486 3168 1813 3225 interventu

107 3262 267 3313 etiam
301 3258 599 3313 Reinharii
639 3256 887 3320 comitis,
922 3271 986 3307 ac
1016 3253 1299 3323 petitione
1331 3256 1567 3310 Gcrardi
1605 3258 1811 3312 Came—

108 3349 350 3402 racensis
408 3347 670 3399 Ecclesiae
718 3343 1033 3397 venerandi
1091 3343 1371 3411 praesulis,
1405 3345 1646 3414 pauperi
1686 3362 1807 3401 mo-

111 3438 373 3501 nasterio,
411 3435 468 3490 in
517 3435 735 3487 honore
783 3433 836 3486 S.
896 3430 1051 3485 Petri
1111 3432 1502 3500 apostolorum
1533 3434 1809 3505 principis

110 3530 446 3588 constructo,
504 3523 601 3577 ubi
660 3522 944 3593 pretiosus
988 3519 1276 3574 confessor
1308 3521 1512 3574 Christi
1545 3522 1806 3579 Gislenus

110 3615 477 3687 corporaliter
530 3614 719 3683 jacere
759 3609 1004 3676 videtur,
1058 3607 1275 3678 praedia
1306 3625 1339 3661 a
1371 3609 1577 3663 Christi
1616 3610 1808 3666 ﬁdeli-

109 3703 201 3755 bus
255 3716 548 3767 concessa,
604 3699 695 3752 vel
765 3698 950 3751 adhuc
989 3696 1376 3765 concedenda,
1434 3698 1805 3767 praecinctum

109 3794 264 3845 etiam
297 3790 409 3844 loci
442 3789 620 3859 ipsius
652 3788 713 3841 in
755 3802 917 3858 gyro,
950 3802 984 3839 a
1042 3784 1279 3839 ﬂumine
1309 3785 1570 3839 videlicet
1606 3787 1805 3857 Wamy

110 3896 281 3949 usque
312 3880 382 3932 ad
438 3878 590 3931 viam
640 3876 739 3929 ubi
768 3891 977 3944 magna
1007 3890 1144 3928 crux
1186 3876 1398 3927 statuta
1433 3879 1535 3940 est,
1585 3880 1639 3929 et
1668 3876 1803 3930 inde

109 3968 170 4021 ad
198 3969 442 4022 alterum
511 3965 810 4019 ﬁuviolum
859 3964 960 4034 qui
1015 3963 1229 4017 Aneton
1284 3964 1621 4033 appellatur,
1657 3968 1712 4017 et
1741 3970 1805 4019 ut

109 4054 288 4123 ipsum
321 4056 699 4126 praecinctum
756 4053 815 4106 in
846 4051 1088 4106 circuitu
1118 4049 1230 4104 loci
1278 4055 1462 4105 totum
1515 4069 1643 4105 cum
1688 4054 1803 4107 dis-

110 4145 259 4198 tricto
311 4149 368 4198 et
424 4142 701 4196 comitatu
760 4145 971 4207 teneat,
1031 4156 1146 4210 quo
1220 4155 1402 4210 usque
1459 4141 1526 4194 ad
1585 4142 1797 4196 ﬂumen

111 4249 376 4303 magnum
407 4234 657 4295 Hagnam
678 4230 994 4300 perveniat.

175 4322 233 4374 In
259 4321 398 4373 villa
448 4318 713 4386 Homud,
748 4334 876 4388 quas
924 4318 1077 4371 infra
1130 4314 1501 4393 przecinctum
1534 4317 1797 4372 eumdem

113 4424 219 4461 esse
277 4406 654 4478 dignoscitur,
690 4422 863 4476 quam
914 4404 1218 4473 largitione
1279 4404 1585 4474 Dagoberti
1650 4406 1800 4475 regis

110 4493 295 4548 beatus
345 4494 607 4548 Gislenus
638 4497 916 4562 perpetuo
947 4490 1220 4561 possidet,
1263 4491 1414 4543 omni
1469 4496 1671 4560 quarta
1718 4492 1797 4544 fe-

112 4584 183 4634 ria
235 4585 554 4636 mercatum
601 4598 741 4646 esse,
791 4596 894 4651 per
949 4581 1099 4633 hanc
1150 4582 1404 4633 nostram
1440 4579 1797 4649 imperialem

112 4673 373 4741 paginam
423 4669 853 4735 conﬁrmamus,
908 4685 1014 4722 nec
1063 4684 1180 4721 non
1233 4667 1405 4721 etiam
1464 4668 1611 4721 villa!
1665 4669 1800 4721 Ale—

114 4796 305 4863 conjux
357 4798 413 4846 et
464 4792 643 4860 virgo,
707 4808 858 4846 anno
922 4793 1080 4858 1040,
1140 4791 1213 4845 ad
1268 4791 1567 4863 meliorem
1624 4790 1798 4844 vitam

114 4862 344 4929 transiit,
397 4864 725 4933 Bambergee
755 4863 981 4916 condita
1040 4862 1099 4915 in
1152 4862 1647 4933 Benedictinarum
1689 4878 1797 4915 coe-

118 4936 272 4988 nobio
304 4951 338 4987 a
370 4950 427 4987 se
460 4932 712 4987 condito.
752 4935 829 4986 De
882 4938 1148 5003 utroque,
1182 4936 1245 4985 ut
1272 4933 1339 4986 de
1395 4932 1456 4987 S.
1496 4933 1797 5003 Adelberto

118 5003 165 5055 in
194 5005 583 5071 martyrologii
618 5005 779 5058 Rom.
841 5004 998 5056 fastis
1024 5002 1262 5069 legitur:
1314 5005 1541 5057 Festum
1578 5002 1630 5055 S.
1685 5004 1795 5055 Cu-

121 5076 385 5139 negundis
410 5075 545 5127 colit
610 5074 857 5127 Ecclesia
887 5075 980 5127 die
1027 5077 1056 5127 3
1088 5074 1300 5140 Martii;
1359 5074 1412 5128 S.
1450 5072 1675 5128 Henrici
1708 5073 1796 5126 die

124 5147 351 5211 t5Julii;
386 5151 444 5199 et
470 5145 520 5198 S.
552 5145 847 5198 Adelberti
869 5148 936 5198 25
967 5144 1137 5198 Junii.

178 5216 321 5286 (1‘76)
370 5216 662 5277 Henricus,
701 5232 785 5286 ire
819 5220 875 5268 et
920 5218 1301 5283 cognomento
1341 5218 1588 5276 sanctus,
1623 5229 1795 5286 _anno

121 5286 206 5355 972
257 5283 534 5339 Abudiaci
591 5285 712 5355 (qui
740 5285 897 5338 vicus
938 5292 1023 5339 est
1062 5290 1119 5339 et
1150 5289 1396 5355 castrum
1420 5299 1593 5352 supra
1622 5283 1798 5355 Batia-

121 5353 331 5419 bonam,
386 5356 568 5409 millia
603 5353 889 5421 passuum
924 5356 1144 5421 decem,
1193 5354 1261 5407 ad
1294 5354 1477 5423 ripam
1526 5353 1796 5421 Danubii)

122 5430 269 5479 natus
301 5432 404 5492 est,
434 5432 597 5495 patre
620 5426 861 5480 Henrico
892 5427 1101 5479 Rixoso
1145 5424 1390 5495 Bavariae
1418 5425 1579 5489 duce,
1617 5429 1797 5495 matre

125 5495 291 5550 Gisala
340 5494 585 5551 Conradi
644 5496 991 5565 Burgundim
1042 5494 1193 5566 regis
1222 5494 1361 5561 ﬁlia,
1410 5511 1513 5548 avo
1555 5494 1796 5548 Henrico

1830 4206 1874 4259 D

1947 1710 2127 1764 nostri
2159 1710 2537 1780 impressione
2566 1716 2938 1785 praecipimus
2962 1719 3249 1790 insigniri.

2016 1798 2245 1863 Signum
2305 1799 2513 1854 domini
2584 1805 2805 1857 Πρηηοί
2859 1808 3222 1862 Romanorum
3290 1812 3647 1868 invictissimi

1943 1888 2288 1954 imperatoris
2317 1888 2577 1956 Augusti.

2014 1975 2362 2030 Guntherius
2425 1979 2817 2045 cancellarius,
2880 1982 2999 2036 vice
3061 1985 3401 2040 Ercanboldi
3456 1990 3640 2044 archi-

1940 2063 2245 2133 capellani,
2267 2066 2597 2131 recognovi.

2010 2152 2152 2205 Data
2199 2152 2508 2208 indictione
2564 2155 2771 2225 prima,
2817 2174 2967 2212 anno
3019 2160 3330 2214 Dominicae
3372 2161 3635 2220 incarna-

1936 2239 2111 2293 tionis
2167 2240 2473 2296 millesimo
2520 2243 2742 2296 decimo
2791 2250 3006 2311 octavo,
3064 2263 3213 2300 anno
3252 2263 3386 2301 vero
3418 2249 3637 2306 domini

1936 2326 2163 2382 Henrici
2194 2330 2429 2383 secundi
2459 2331 2749 2400 regnantis
2768 2348 2879 2400 xvr,
2920 2332 3150 2403 imperii
3179 2338 3372 2389 autem
3402 2352 3455 2391 v.

2004 2418 2209 2470 Actum
2260 2418 2612 2488 Noviomago
2652 2419 2911 2475 feliciter.
2942 2422 3143 2487 Amen,
3203 2438 3393 2490 amen,
3437 2440 3628 2483 amen.

2718 2508 2846 2563 CIV.

1930 2595 2069 2661 Imp.
2120 2594 2392 2667 Henricus
2435 2596 2601 2649 donat
2649 2597 2819 2651 locum
2855 2600 3045 2665 Berga,
3083 2602 3181 2667 qui
3227 2601 3354 2653 olim
3388 2602 3461 2654 ad
3489 2608 3631 2658 vete-

1999 2679 2111 2717 rem
2140 2666 2406 2732 capellam
2436 2667 2733 2734 spectabat.
2769 2671 3019 2723 Ecclesia
3046 2666 3500 2737 Babenbergensi.

2428 2754 2612 2826 (Anno
2646 2756 2804 2818 1019,
2857 2758 2921 2809 10
2959 2757 3131 2826 Maii.)

2218 2822 2400 2889 [Ried,
2425 2824 2551 2879 Cod.
2570 2828 2733 2892 episc.
2762 2827 3067 2891 Ratisbon.,
3102 2822 3140 2892 Ι,
3194 2827 3341 2901 133.]

1997 2911 2063 2964 In
2111 2910 2346 2964 nomine
2404 2916 2611 2965 sanctas
2654 2917 2709 2966 et
2759 2914 3069 2968 individnaa
3098 2915 3408 2983 Trinitatis,
3451 2918 3627 2972 Ham-

1924 3015 2078 3053 mccs
2108 3000 2291 3069 gratia
2327 3000 2423 3053 Dei
2454 3001 2843 3055 Romanorum
2874 3002 3189 3072 imperator
3205 3007 3518 3074 Augustus.

1994 3087 2183 3141 Gloria
2208 3103 2453 3156 praesens
2504 3088 2744 3158 fugitiva
2794 3096 2851 3143 et
2879 3091 3063 3144 inanis
3093 3097 3198 3154 est,
3249 3093 3387 3147 dum
3438 3094 3626 3163 possi-

1920 3172 2106 3237 detur,
2138 3172 2249 3225 nisi
2301 3173 2516 3244 aliquid
2547 3175 2605 3226 in
2663 3191 2729 3228 ea
2760 3175 2828 3229 de
2867 3178 3079 3231 caelesti
3120 3178 3438 3233 aeternitate
3476 3181 3627 3250 cogi-

1919 3264 2093 3314 tetur.
2128 3261 2233 3315 Sed
2268 3262 2369 3314 Dei
2400 3262 2691 3316 miseratio
2739 3263 2992 3318 humano
3042 3267 3239 3336 generi
3296 3267 3433 3321 utile
3481 3285 3623 3338 pro-

1918 3349 2060 3401 vidit
2122 3350 2462 3411 rcmedium,
2549 3352 2779 3420 quando
2848 3358 3069 3423 partem
3121 3354 3365 3409 caelestis
3421 3358 3622 3427 patriae

1915 3442 2163 3492 terrenae
2194 3437 2526 3491 substantias
2586 3438 2719 3492 fecit
2776 3457 2895 3493 esse
2951 3442 3221 3510 pretium.
3273 3443 3454 3512 Hujus
3484 3461 3622 3514 ergo

1916 3542 2019 3579 nos
2063 3525 2381 3578 clementiae
2433 3541 2721 3579 memores
2779 3528 3069 3598 quendam
3116 3529 3465 3585 hmreditatis
3511 3549 3617 3587 no-

1915 3618 2048 3667 strae
2080 3613 2267 3665 locum
2304 3613 2628 3666 Babenberc
2657 3615 2872 3669 dictum
2928 3620 3267 3670 auctoritate
3309 3621 3619 3687 apostolica

1912 3700 2229 3765 ﬁrmatum,
2284 3716 2388 3754 nec
2446 3717 2560 3754 non
2593 3701 2814 3757 dilectae
2866 3703 3195 3756 contectalis
3225 3711 3433 3759 nostrae
3464 3707 3614 3762 Chu-

1914 3788 2207 3859 nignnda',
2286 3793 2342 3841 et
2412 3789 2754 3842 venerabilis
2815 3790 3064 3843 Heinrici
3142 3790 3615 3862 Wirciburgensis

1913 3876 2187 3945 episcopi,
2215 3890 2280 3929 ac
2304 3876 2565 3929 omnium
2612 3876 2871 3931 ﬁdelium
2917 3882 3260 3943 nostrorum,
3312 3880 3613 3951 episcopo-

1913 3981 2062 4031 rum,
2124 3962 2413 4028 abbatum,
2474 3964 2764 4034 totiusque
2832 3964 2996 4034 regni
3048 3964 3226 4017 nostri
3284 3966 3613 4036 principum

1910 4050 2177 4106 concordi
2209 4050 2513 4104 devotione
2544 4052 2952 4121 collaudatum,
2993 4053 3049 4105 in
3075 4052 3304 4107 culmen
3334 4059 3389 4108 et
3419 4056 3611 4111 sedem

1912 4142 2275 4211 episcopatus
2305 4139 2687 4209 proveximus,
2732 4142 2801 4193 ad
2831 4142 3110 4195 honorem
3141 4141 3405 4195 videlicet
3431 4144 3613 4196 omni-

1912 4227 2159 4299 potentis
2190 4226 2309 4292 Dei,
2357 4230 2411 4280 et
2440 4226 2619 4297 beatae
2681 4228 2870 4282 Mariae
2922 4243 3149 4297 semper
3187 4228 3443 4297 virginis,
3478 4246 3609 4284 san-

1911 4322 2249 4385 ctorumque
2271 4317 2664 4385 apostolorum
2698 4317 2849 4370 Petri
2879 4322 2936 4370 et
2968 4316 3150 4380 Pauli,
3183 4332 3288 4369 nec
3335 4333 3449 4371 non
3479 4336 3611 4372 san-

1912 4409 2136 4457 ctorum
2165 4408 2482 4473 martyrum
2505 4404 2716 4457 Kiliani
2747 4408 2919 4474 atque
2947 4404 3197 4472 Georgii,
3247 4409 3304 4458 et
3344 4406 3607 4461 omnium

1910 4495 2237 4546 sanctorum
2271 4493 2367 4562 pia
2392 4494 2757 4546 veneratione
2789 4492 3177 4556 fundavimus,
3208 4497 3272 4545 ut
3300 4492 3443 4547 inibi
3491 4499 3609 4549 tam

1908 4597 2014 4651 pro
2069 4580 2440 4634 antecesseris
2498 4582 2699 4647 nostri,
2751 4580 2906 4633 tertii
2958 4580 3220 4633 videlicet
3252 4581 3473 4634 Ottonis
3507 4581 3609 4635 im-

1907 4668 2210 4740 peratoris,
2274 4685 2447 4739 quam
2492 4685 2597 4738 pro
2651 4668 2909 4722 omnium
2943 4668 3199 4722 ﬁdelium
3244 4668 3503 4722 vivorum
3554 4674 3611 4723 at

1911 4791 2160 4845 Bavarias
2218 4792 2414 4846 itidem
2457 4792 2619 4857 duce,
2662 4791 2946 4845 OttonioI
2994 4790 3354 4860 imperatoris
3409 4790 3604 4850 fratre,

1908 4868 1974 4915 ut
2035 4863 2392 4915 Hermannus
2436 4866 2757 4915 contractus
2811 4863 3044 4914 illorum
3078 4859 3427 4928 temporum
3462 4859 3607 4912 scri-

1907 4936 2058 5002 ptor,
2119 4932 2373 5001 itemque
2426 4933 2777 5002 genealogiaa
2835 4932 2888 4985 S.
2953 4930 3174 4984 Arnulﬁ
3217 4930 3607 5002 concinnator

1911 4999 2121 5056 diserte
2184 4999 2448 5056 traduntf
2487 5003 2642 5065 Quod
2675 4999 2795 5055 'hic
2826 5002 3144 5055 notandum
3202 4999 3357 5064 duxi,
3406 5003 3603 5051 contra

1910 5074 2285 5126 Raderumin
2332 5089 2434 5125 sua
2482 5073 2717 5126 Bavaria
2776 5075 2966 5124 sancta
3018 5070 3182 5123 aliter
3239 5069 3601 5122 sentientem.

1911 5143 2188 5197 Henricus
2243 5158 2437 5212 porro,
2492 5142 2761 5196 Ottonisl
2815 5140 3176 5212 imperatoris
3212 5138 3404 5212 frater,
3446 5139 3605 5212 duxit

1907 5214 2097 5266 Jutam
2152 5209 2255 5265 seu
2312 5212 2605 5266 Juditham
2664 5209 2910 5265 Aruoldi
2960 5210 3087 5263 Mali
3150 5210 3397 5263 Bavariee
3444 5209 3603 5263 ducis

1907 5283 2119 5336 ﬁliam:
2166 5299 2233 5336 ex
2264 5299 2377 5352 qua
2406 5288 2574 5335 natus
2626 5281 2898 5335 Henricus
2945 5281 3205 5352 Rixosus,
3237 5280 3333 5352 qui
3396 5296 3461 5333 ex
3503 5280 3601 5333 Gi-

1908 5355 2025 5405 sala
2050 5354 2170 5422 jam
2220 5350 2515 5405 nominata
2546 5352 2764 5422 genuit_
2786 5352 2841 5422 S.
2869 5350 3213 5422 AHenri‘cum,
3272 5351 3599 5422 Brunonem

1909 5419 2243 5492 episcopum
2284 5419 2681 5492 Augustanum
2711 5420 3007 5492 Cisalamq
3040 5420 3093 5473 S.
3140 5420 3418 5492 Stephani
3450 5419 3600 5488 regis

1912 5490 2216 5563 Hungariaa
2246 5490 2505 5556 uxorem,
2536 5498 2593 5545 et
2632 5490 2929 5559 Brigittam
2963 5490 3324 5543 abbatissam.
