4016 6202
369 306 470 360 343

1658 295 1712 349 S.
1758 292 2049 350 HENRICI
2088 290 2160 346 1M
2174 288 2567 346 PERATORIS

3763 293 3855 346 344

370 442 480 496 que
523 423 920 477 defunctorum
955 417 1234 471 memoria
1275 414 1494 486 iugiter
1545 414 1730 468 hostia
1784 420 2060 468 macmre‘
2093 415 2139 466 Α
2177 429 2427 495 incultis,
2476 426 2672 498 pratis,
2724 423 2966 496 pascuis,
2996 423 3164 490 silvis,
3218 425 3325 479 viis
3372 430 3428 480 et
3463 425 3663 495 inviis,
3713 427 3860 480 exiti-

369 520 464 566 tur
493 509 774 563 salutaris.
825 506 1072 560 Proinde
1115 503 1337 558 noverit
1388 502 1644 556 omnium
1706 503 1806 556 Dei
1867 502 2068 556 nostri-

371 616 482 671 que
539 597 795 651 ﬁdelium
855 599 970 648 tam
1033 609 1287 662 praesens
1335 597 1470 644 aetas
1518 606 1688 660 quam
1739 605 2069 644 successura

371 687 671 760 posteritas
723 683 969 754 qualiter
1025 697 1143 746 nos,
1199 695 1302 749 pro
1355 678 1456 732 Dei
1515 694 1706 731 amore
1747 684 2069 748 nostrasque

373 775 569 830 salutis
621 771 1012 842 acquisitione,
1047 769 1298 839 praefata:
1355 767 1497 831 sedi,
1540 771 1624 820 tot
1654 766 2070 819 venerabilium

374 867 628 919 virorum
659 860 1014 916 attestatione
1061 858 1332 922 fundatae,
1369 855 1658 926 quendam
1699 854 1879 908 nostri
1923 854 2073 924 juris

377 954 564 1007 locum
617 951 797 1017 Berga
828 947 1064 1010 dictum,
1100 944 1159 997 in
1190 959 1337 1014 pago
1385 943 1775 1012 Tuonocgowe
1807 942 1976 1007 dicto,
2020 943 2078 993 et

379 1041 438 1093 in
461 1037 727 1092 comitatu
785 1033 1074 1088 Adalberti
1108 1030 1330 1085 comitis
1383 1030 1575 1090 situm,
1627 1029 1727 1098 qui
1769 1044 1801 1080 a
1832 1027 2084 1098 quibus:

382 1129 513 1182 dam
535 1124 760 1178 abbatis
784 1125 1165 1190 nuncupatur,
1205 1120 1307 1172 bac
1332 1117 1620 1186 imperiali
1666 1121 1723 1170 et
1751 1115 2079 1186 praeceptali

381 1215 614 1286 pagina,
656 1211 771 1264 sive
803 1209 1032 1263 abbatia
1061 1208 1175 1260 sive
1198 1206 1306 1260 alio
1330 1205 1589 1276 quolibet
1611 1205 1779 1258 modo
1799 1204 2079 1274 prtedium

383 1303 475 1367 sit,
509 1317 637 1355 cum
684 1298 952 1353 omnibus
1008 1296 1175 1349 rebus
1221 1294 1436 1362 ibidem
1486 1293 1922 1362 pertinentibus,
1963 1308 2082 1345 mo-

383 1391 594 1446 bilibus
625 1390 707 1441 vel
768 1385 1180 1448 immobilibus,
1211 1381 1379 1436 cultis
1427 1383 1512 1434 vel
1553 1382 1804 1444 incultis,
1849 1386 1906 1434 et
1943 1398 2080 1434 cun-

387 1481 510 1546 ctis,
539 1494 665 1548 quer
696 1476 814 1529 ullo
847 1473 1018 1527 modo
1049 1471 1217 1525 scribi
1249 1475 1344 1524 aut
1366 1469 1653 1524 nominari
1688 1475 1948 1540 possunt,
1973 1469 2083 1522 uti-

389 1566 666 1632 litatibus,
718 1566 888 1632 prout
917 1559 1137 1613 ﬁrmius
1187 1574 1508 1628 possumus,
1563 1558 1947 1620 concedimus,
1983 1559 2084 1612 do-

2177 518 2284 571 bus
2309 521 2364 569 et
2390 515 2687 577 reditibus,
2714 513 2879 585 aquis
2910 530 3257 584 aquarumve
3297 515 3586 580 cursibus,
3613 516 3862 584 piscatio-

2182 607 2368 669 nibus,
2427 604 2679 675 quaesitis
2739 608 2795 656 et
2851 602 3239 673 inquirendis:
3277 608 3567 674 quatenus
3625 604 3866 673 ejusdem

2181 693 2439 764 praedicti
2475 690 2805 745 monasterii
2853 691 3028 745 abbas
3055 692 3126 745 ad
3175 692 3485 746 utilitatem
3521 690 3734 746 ibidem
3766 695 3868 746 Deo

2183 780 2552 853 servientium
2599 780 2837 832 liberam
2869 779 3077 832 habeat
3117 783 3455 849 potestatem
3489 782 3872 835 commutandi

2182 874 2356 939 atque
2384 867 2708 933 ordinandi,
2734 867 2892 920 omni
2922 867 3366 922 contradictione
3397 871 3646 921 remota.

2257 957 2312 1012 Si
2366 957 2494 1027 quis
2519 956 2696 1026 igitur
2727 956 2872 1009 hanc
2898 956 3078 1009 nostri
3110 957 3381 1026 praecepti
3430 957 3710 1027 paginam
3758 959 3868 1011 vio-

2187 1046 2305 1099 lare
2334 1047 2422 1098 vel
2471 1059 2740 1114 spernere
2772 1044 3219 1114 praesumpserit,
3251 1046 3394 1099 sciat
3435 1062 3498 1098 se
3531 1045 3868 1101 redditurum

2191 1135 2464 1187 rationem
2499 1133 3048 1203 Omnipotenti'Deo
3106 1133 3164 1186 iu
3201 1133 3292 1187 die
3326 1133 3564 1204 judicii,
3621 1138 3678 1186 et
3715 1138 3868 1188 nostri

2191 1223 2428 1292 gratiam
2455 1221 2512 1274 in
2544 1220 2814 1290 praesenti
2838 1221 3041 1274 saeculo
3094 1237 3391 1292 nunquam
3423 1226 3862 1276 consecuturum.

2191 1311 2258 1363 Et
2285 1314 2350 1364 ut
2381 1311 2502 1363 hanc
2520 1309 2710 1362 verius
2741 1309 3066 1376 credantur,
3125 1309 3582 1380 diligentiusque
3615 1310 3685 1363 ab
3715 1312 3866 1364 omni-

2193 1400 2298 1453 bus
2321 1399 2712 1463 observentur,
2748 1412 2921 1451 manu
2951 1397 3181 1469 prOpria
3224 1398 3691 1464 corroborantes,
3725 1399 3866 1470 sigilli

2195 1487 2378 1540 nostri
2410 1485 2788 1555 impressione
2813 1486 3088 1555 jussimus
3121 1485 3406 1556 insigniri.

2268 1577 2494 1642 Signum
2554 1573 2763 1627 domini
2830 1576 3051 1627 Henrici
3115 1577 3481 1629 Romanorum
3548 1577 3866 1644 imperatoris

391 1671 594 1710 namus
625 1657 681 1706 et
737 1650 1173 1721 prOprietamus,
1221 1647 1478 1700 omnium
1525 1647 1974 1700 contradictione
1995 1662 2080 1700 re-

2231 1664 2441 1730 tugusti
2458 1661 2806 1716 invictissimi
2834 1667 2884 1715 et
2920 1665 3267 1718 serenissimi.

393 1747 565 1797 mota.
629 1739 996 1808 Praecipimus
1043 1735 1221 1805 igitur
1268 1739 1332 1788 ut
1375 1734 1543 1788 nobis
1586 1735 1645 1787 in
1699 1735 1812 1788 Deo
1853 1735 2090 1790 dilectus

396 1829 772 1892 Eberhardus,
834 1825 1089 1894 ejusdem
1159 1823 1305 1877 sedis
1337 1823 1560 1892 primus
1600 1821 1918 1892 episcopus,
1952 1822 2099 1891 ejus-

397 1936 506 1990 que
529 1930 883 1969 successores
910 1913 1166 1982 .liberam
1219 1910 1428 1964 dehinc
1457 1910 1704 1963 habeant
1758 1914 2097 1978 potestatem

397 2009 466 2062 de
498 2005 767 2076 praedicta
796 2017 896 2055 seu
944 2000 1190 2064 abbatia,
1221 2015 1316 2051 seu
1347 1998 1564 2068 praedio
1608 1999 1860 2064 tenendi,
1911 1998 2097 2067 possi-

399 2095 591 2158 dendi,
641 2088 1050 2153 commutandi,
1100 2103 1218 2148 seu,
1254 2086 1529 2156 quicquid
1562 2085 1670 2139 sibi
1719 2086 1875 2148 libet,
1910 2085 2100 2139 modis

400 2182 664 2238 omnibus
719 2180 775 2231 in
818 2193 982 2230 usum
1039 2175 1408 2244 Episcopatus
1465 2173 1728 2228 faciendi.
1790 2175 1859 2228 Ut
1909 2178 2100 2228 autem

401 2271 523 2323 haec
571 2272 774 2321 nostra:
818 2263 1190 2334 ingenuitatis
1240 2263 1469 2316 traditio
1527 2262 1744 2316 stabilis
1803 2266 1858 2314 et
1915 2262 2104 2315 incon-

404 2357 562 2410 vulsa
591 2353 923 2425 permaneat
952 2367 1106 2414 nunc
1154 2354 1209 2404 et
1239 2350 1298 2403 in
1327 2349 1607 2416 futurum,
1657 2349 1804 2402 banc
1833 2349 2103 2419 paginam

407 2446 542 2499 inde
599 2442 980 2510 conscriptam
1035 2455 1207 2492 manu
1254 2437 1488 2508 propria
1520 2437 1876 2503 roborantes,
1931 2437 2104 2508 sigilli

407 2531 584 2587 nostri
614 2528 990 2599 impressione
1023 2526 1290 2597 insigniri
1324 2526 1619 2596 jussimus.

476 2621 704 2687 Signum
761 2617 946 2670 damni
1015 2613 1274 2669 Heinrici
1338 2615 1687 2667 invictissimi
1760 2615 2104 2683 imperatoris

407 2711 647 2774 Augusti
672 2705 1148 2776 (Monogramma.)

481 2795 827 2850 Guntherius
881 2791 1253 2847 cancellarius
1313 2791 1432 2845 vice
1489 2789 1863 2844 Erchanbaldi
1915 2791 2103 2845 archi-

410 2883 692 2955 capellani
718 2881 1039 2952 recognovi.

2278 1751 2624 1803 Guntherius
2713 1749 3082 1803 cancellarius
3126 1751 3197 1804 ad
3269 1749 3456 1805 vicem
3527 1751 3873 1806 Erchenbaldi

2209 1837 2622 1909 archiepiscopi
2652 1843 2706 1892 et
2728 1839 3166 1908 archicapellani
3191 1839 3522 1910 recognovi.

2283 1930 2488 1982 Datum
2531 1943 2680 1979 anno
2734 1927 3041 1980 Dominicae
3086 1927 3501 1981 incarnationis
3530 1928 3876 1992 10l9,indict.

2209 2032 2331 2083 u,v
2385 2016 2515 2068 ldus
2561 2015 2836 2080 Januarii,
2898 2031 3047 2070 anno
3075 2032 3206 2070 vero
3253 2016 3475 2071 domini
3539 2016 3760 2072 Heurici
3813 2033 3879 2070 re-

2209 2107 2437 2175 gnantis
2468 2119 2610 2170 xvn,
2644 2102 2870 2173 imperii
2903 2120 3036 2157 vero
3064 2105 3187 2173 ejus
3211 2121 3262 2160 v.

2281 2193 2480 2246 Actum
2515 2191 2843 2260 Chuofunge
2873 2191 3124 2247 feliciter.
3158 2195 3363 2248 Amen.

2992 2282 3124 2336 CVI.

2213 2369 2580 2434 Privilegiwm
2626 2370 2970 2438 imperatoris
3013 2371 3256 2424 Heinrici
3297 2385 3400 2439 pro
3447 2369 3663 2426 duobus
3710 2372 3882 2425 mansis

2744 2442 2865 2493 sitis
2896 2441 3067 2507 jumta
3106 2442 3377 2509 Ltupana.

2870 2530 3056 2593 (Anno
3095 2530 3269 2595 l0l9.)

2539 2615 2813 2688 [Ludwig,
2867 2618 3040 2686 Scrip.
3079 2634 3185 2671 rer.
3221 2620 3430 2685 Germ,
3463 2618 3598 2691 336]

2287 2707 2348 2760 In
2380 2705 2613 2758 nomine
2645 2711 2853 2759 sanctas
2898 2710 2953 2759 et
2982 2705 3292 2760 individum
3340 2707 3663 2769 Trinitatis,
3695 2708 3887 2763 Ηεικειο

2215 2811 2310 2850 cus
2345 2794 2444 2848 Dei
2467 2793 2646 2864 gratia
2674 2795 3062 2848 Romanorum
3096 2795 3409 2865 imperator
3428 2796 3743 2866 Augustus.

2286 2883 2340 2938 Si
2383 2883 2570 2952 dignis
2612 2888 2942 2936 nostrorum
3001 2883 3256 2938 ﬁdelium
3313 2885 3694 2955 petitionibus
3722 2902 3884 2940 assen-

483 2971 624 3024 Data
655 2985 709 3021 vi
769 2969 902 3022 ldus
945 2967 1092 3034 Maii,
1139 2983 1288 3020 anno
1344 2966 1651 3021 Dominicaa
1696 2965 2106 3020 incarnationis
2145 2967 2186 3022 C
2216 2987 2340 3025 sum
2373 2973 2626 3042 praebere
2659 2971 3099 3040 decreverimus,
3134 2972 3221 3026 bis
3242 2973 3455 3027 scilicet
3485 2974 3610 3045 qui,
3642 2991 3740 3046 pro
3760 2979 3880 3028 statu

417 3059 573 3123 1019,
605 3056 800 3110 indict.
864 3073 921 3120 ιι,
957 3071 1108 3108 anno
1159 3071 1292 3108 vero
1352 3055 1548 3109 domni
1607 3054 1832 3109 Henrici
1875 3055 2107 3111 secundi

414 3160 573 3214 regn.
598 3161 730 3210 xvu,
755 3143 981 3213 imperii
1005 3147 1192 3196 autem
1216 3159 1270 3195 v.

485 3236 686 3286 Actum
717 3231 940 3286 Altsteti
969 3230 1228 3283 feliciter.

839 3320 969 3374 Cum
997 3319 1176 3386 sigillo
1215 3319 1361 3370 intus
1399 3318 1679 3386 impresso.

1213 3404 1316 3457 CV.

418 3480 475 3533 S.
539 3478 756 3532 Henrici
832 3476 1091 3543 diploma,
1152 3489 1255 3542 quo
1341 3477 1660 3527 monasterio

489 3548 621 3601 duos
668 3547 876 3614 regales
922 3559 1154 3606 mansos,
1206 3547 1264 3596 in
1297 3545 1552 3614 Liupana
1595 3560 1687 3599 seu
1716 3545 1927 3599 Leuben
1955 3548 2109 3607 sitos,

490 3619 774 3672 condonat.

1059 3686 1243 3755 (Anno
1299 3687 1476 3748 1019.)

493 3775 645 3847 [Pez,
681 3773 859 3831 Codea:
888 3773 1480 3841 diplom.-hist.-epist.,
1501 3788 1568 3827 ea:
1599 3773 1723 3827 bibl.
1766 3775 2036 3842 Tegerns.]

488 3865 551 3916 In
594 3863 827 3916 nomine
859 3865 1067 3914 sanctas
1099 3867 1153 3914 et
1206 3860 1518 3914 individuus
1558 3861 1873 3927 Trinitatis,
1908 3864 2110 3916 Heum-

419 3968 516 4006 cus
541 3951 639 4004 Dei
670 3950 854 4020 gratia
883 3949 1270 4001 Romanorum
1306 3948 1622 4018 imperator
1650 3953 1956 4018 Augustus.

489 4039 547 4092 Si
576 4039 765 4107 dignis
821 4041 1145 4088 nostrorum
1185 4035 1445 4088 ﬁdelium
1490 4035 1864 4104 petitionibus
1915 4053 2114 4089 assen-

419 4141 546 4180 sum
614 4125 872 4194 praebere
934 4122 1370 4185 decreverimus,
1436 4121 1526 4174 his
1574 4121 1783 4176 scilicet
1842 4123 1958 4192 qui,
2010 4140 2113 4193 pro

419 4217 569 4266 statu
612 4211 776 4282 regni
858 4210 1232 4278 omniumque
1290 4209 1663 4261 Ecclesiarum
1741 4209 1838 4263 Dei
1907 4214 1963 4263 et
2007 4228 2109 4280 pro

421 4303 632 4354 nostra:
694 4296 900 4350 animae
933 4296 1185 4348 remedio
1238 4300 1410 4365 atque
1438 4301 1760 4351 nostrorum
1807 4304 2109 4368 parentum

419 4390 672 4440 nostram
703 4385 977 4437 adeuntes
1003 4383 1390 4449 clementiam,
1422 4384 1803 4454 deprecantur
1831 4391 2113 4457 quatenus

422 4473 684 4527 ecclesias
755 4471 1231 4525 monasteriorum
1309 4471 1408 4524 Dei
1478 4473 1805 4537 sublimare,
1865 4477 2113 4530 exaltare

420 4566 591 4630 atque
635 4560 817 4612 ditare
851 4559 1200 4625 studeamus,
1262 4575 1376 4612 non
1407 4561 1591 4614 solum
1623 4577 1727 4614 nos
1761 4562 1830 4614 ab
1869 4562 1992 4630 ipso
2024 4580 2110 4618 re-

420 4649 792 4703 tributionem
838 4652 1165 4716 accepturos
1196 4663 1511 4718 speramus,
1571 4649 1669 4702 sed
1701 4649 1874 4703 etiam
1903 4655 2112 4706 statum

418 4737 584 4807 regni
605 4734 901 4789 sublimari
923 4740 1210 4803 putamus.

489 4825 732 4879 Proinde
787 4828 1120 4876 cunctorum
1175 4827 1384 4876 sanctas
1442 4823 1538 4876 Dei
1597 4824 1856 4878 Ecclesiae
1887 4830 2110 4880 nostro-

413 4927 660 4984 rumque
722 4910 976 4964 ﬁdelium
1045 4915 1415 4979 recognoscat
1476 4912 1798 4978 auctoritas,
1868 4914 2114 4982 qualiter

415 5020 518 5073 per
544 5002 928 5055 interventum
959 5015 1021 5052 ac
1068 4999 1408 5068 petitionem
1449 5000 1855 5067 Chunegundw,
1902 5007 2111 5055 nostra;

417 5089 796 5143 dilectissimus
830 5085 1091 5156 conjugis
1122 5092 1178 5139 et
1197 5087 1594 5156 imperatricis,
1621 5093 1787 5158 atque
1811 5089 2113 5145 Gotehardi

415 5175 592 5227 nostri
637 5173 824 5227 dilecti
874 5172 1116 5236 abbatis,
1170 5173 1512 5225 monasterio
1567 5175 1621 5227 S.
1677 5176 1920 5240 Quirini,
1958 5178 2109 5245 quod

417 5261 588 5314 situm
637 5266 722 5313 est
780 5261 837 5312 in
894 5262 1014 5312 loco
1087 5259 1184 5329 qui
1236 5260 1570 5313 nominatur
1630 5264 1936 5328 Tegernsee,
1966 5263 2110 5318 duos

412 5348 633 5416 regales
663 5362 910 5410 mansos,
961 5348 1095 5400 sitos
1144 5349 1203 5400 in
1252 5349 1376 5401 loco
1431 5347 1528 5416 qui
1592 5349 1799 5403 dicitur
1830 5352 2105 5420 Liupana,

411 5435 564 5488 inter
593 5435 737 5487 duos
784 5435 998 5502 lapides
1053 5436 1320 5489 Watstein
1369 5439 1426 5490 et
1453 5437 1791 5504 Hollinstein,
1825 5439 2108 5494 donamus

413 5528 470 5578 et
497 5521 729 5592 proprio
770 5520 900 5590 jure
953 5524 1337 5591 concedimus,
1369 5540 1499 5578 cum
1549 5524 1823 5591 aediﬁciis,
1857 5527 2027 5580 cultis
2053 5532 2109 5582 et

1740 3476 2113 3542 Tegernseensi

2143 4250 2184 4302 D

2215 3061 2378 3131 regni
2427 3060 2801 3130 omniumque
2869 3059 3244 3114 Ecclesiarum
3299 3060 3400 3114 Dei
3449 3067 3509 3115 et
3558 3079 3660 3133 pro
3706 3067 3882 3117 nostra

2217 3149 2425 3204 animae
2465 3149 2720 3202 remedio
2745 3153 2914 3219 atque
2943 3153 3276 3202 nostrorum
3322 3156 3635 3220 parentum
3663 3157 3878 3205 nostram

2219 3239 2491 3293 adeuntes
2547 3236 2933 3306 clementiam,
2979 3237 3362 3307 deprecantur
3409 3245 3697 3310 quatenus
3743 3242 3882 3294 eccle-

2219 3327 2327 3380 sias
2383 3325 2865 3380 monasteriorum
2898 3325 2997 3378 Dei
3035 3327 3361 3392 sublimare,
3440 3330 3688 3383 exaltare
3739 3334 3880 3400 atque

2221 3415 2400 3469 ditare
2442 3413 2808 3480 studeamus;
2868 3429 2985 3467 non
3038 3415 3221 3468 solum
3251 3431 3352 3469 nos
3391 3416 3461 3470 ab
3513 3418 3639 3487 ipso
3672 3417 3894 3471 retribu-.

2218 3506 2434 3557 tionem
2465 3508 2796 3572 accepturos
2825 3518 3139 3572 speramus,
3164 3504 3260 3558 sed
3292 3504 3464 3558 etiam
3497 3512 3709 3560 statum
3746 3504 3878 3576 regni

2221 3590 2515 3643 sublimari
2564 3595 2850 3660 putamus.
2913 3592 3158 3645 Proinde
3185 3597 3526 3647 cunctorum
3560 3600 3757 3648 sanctae
3797 3593 3874 3646 Dei

2221 3679 2480 3732 Ecclesiae
2547 3683 2989 3750 nostrorumque
3056 3680 3314 3734 ﬁdelium
3389 3687 3752 3753 recognoscat
3806 3682 3876 3734 in-

2223 3767 2458 3832 dustria,
2520 3767 2785 3836 qualiter,
2856 3783 2961 3838 per
3012 3768 3396 3822 interventum
3457 3787 3527 3825 ac
3582 3771 3877 3842 petitionem

2224 3855 2608 3920 Chunigundae
2640 3859 2850 3908 nostra:
2883 3855 3265 3910 dilectissima:
3305 3857 3568 3930 conjugis
3591 3863 3647 3913 et
3671 3859 3879 3928 impera-

2223 3944 2399 4011 tricis,
2451 3948 2622 4013 atque
2669 3943 2984 3999 Godehardi
3040 3944 3216 3998 nostri
3275 3945 3464 3999 dilecti
3515 3945 3746 4007 abbatis,
3785 3956 3878 3995 mo-

2224 4032 2472 4085 nasterio
2517 4035 2694 4086 sancti
2725 4031 2963 4099 Quirini,
3016 4033 3170 4103 quod
3212 4032 3384 4086 situm
3426 4037 3513 4087 est
3555 4035 3614 4087 in
3648 4033 3760 4085 loco
3800 4025 3877 4098 qui

2226 4119 2558 4173 nominatur
2615 4119 2889 4186 Tegrinse,
2951 4119 3095 4174 duos
3147 4121 3366 4190 regales
3409 4137 3657 4187 mansos,
3690 4119 3810 4172 sitos
3833 4115 3875 4166 in

2227 4209 2346 4262 loco
2403 4208 2502 4278 qui
2548 4206 2754 4260 dicitur
2782 4209 3053 4276 Liupano,
3103 4208 3252 4262 inter
3303 4209 3447 4263 duos
3493 4209 3709 4280 lapides
3752 4206 3875 4256 Wat-

2223 4298 2360 4349 stein
2385 4300 2440 4348 et
2495 4296 2815 4359 Holinstein,
2857 4295 3136 4349 donamus
3183 4300 3239 4348 et
3269 4297 3500 4367 proprio
3547 4297 3676 4367 jure
3711 4305 3874 4347 conce-

2223 4384 2432 4449 dimus,
2481 4399 2611 4436 cum
2651 4382 2927 4452 azdiﬁciis,
2969 4383 3135 4438 cultis
3183 4388 3237 4437 et
3269 4385 3518 4452 incultis,
3579 4383 3765 4455 pratis,
3792 4393 3874 4448 pa-

2223 4473 2388 4538 scuis,
2449 4472 2622 4535 silvis,
2685 4472 2787 4524 viis
2844 4477 2900 4525 et
2977 4471 3164 4537 inviis,
3207 4473 3452 4527 exitibus
3506 4479 3563 4527 et
3611 4469 3872 4528 reditibus,

2223 4562 2386 4630 aquis
2425 4575 2772 4630 aquarumve
2820 4559 3171 4628 decursibus,
3221 4561 3658 4632 piscationibus,
3697 4553 3868 4630 quaesi-

2221 4649 2294 4701 tis
2325 4653 2381 4701 et
2409 4645 2792 4717 inquirendis:
2855 4653 3134 4717 quatenus
3167 4648 3425 4717 ejusdem
3471 4647 3725 4720 praedicti
3774 4657 3872 4696 mo-

2221 4736 2457 4790 nasterii
2478 4735 2650 4788 abbas
2678 4735 2747 4788 ad
2795 4735 3099 4788 utilitatem
3138 4736 3354 4790 ibidem
3399 4738 3509 4790 Deo
3541 4732 3872 4790 servientium

2221 4824 2460 4877 liberam
2506 4822 2712 4876 habeat
2740 4826 3078 4892 potestatem
3117 4825 3506 4879 commutandi
3541 4829 3705 4893 atque
3756 4815 3875 4872 ordi-

2221 4911 2415 4977 nandi,
2460 4910 2618 4963 omni
2673 4911 3121 4964 contradictione
3184 4917 3426 4966 remota.
3503 4912 3686 4983 Siquis
3730 4906 3874 4978 igitur

2222 5000 2367 5052 hanc
2397 4998 2574 5052 nostri
2625 4999 2896 5068 praecepti
2937 4999 3209 5069 paginam
3250 5001 3462 5054 violare
3513 5001 3599 5054 vel
3641 5005 3874 5068 spernere

2219 5086 2670 5156 praesumpserit,
2703 5085 2842 5138 sciat
2869 5103 2928 5139 se
2973 5086 3328 5141 redditurum
3377 5087 3654 5141 rationem
3713 5077 3872 5137 omni-

2220 5173 2438 5245 potenti
2473 5175 2586 5228 Deo
2618 5174 2677 5227 in
2723 5173 2813 5227 die
2872 5175 3068 5244 judicii
3096 5180 3153 5228 et
3183 5175 3358 5229 nostri
3388 5176 3628 5246 gratiam
3677 5173 3732 5225 in
3757 5182 3874 5240 pra:-

2221 5263 2363 5316 senti
2421 5262 2628 5316 saeculo
2695 5278 2994 5332 nunquam
3043 5269 3499 5318 consecuturum.
3563 5265 3625 5317 Et
3669 5265 3724 5313 ut
3771 5257 3872 5310 haec

2217 5350 2406 5404 verius
2435 5349 2759 5416 credantur,
2790 5350 3236 5422 diligentiusque
3283 5352 3350 5406 ab
3400 5353 3663 5406 omnibus
3703 5347 3868 5400 obser-

2219 5441 2443 5504 ventur,
2497 5451 2669 5488 manu
2718 5435 2951 5506 propria
3005 5438 3458 5505 corroborantes,
3506 5435 3673 5508 sigilli
3717 5425 3868 5486 nostri

2217 5523 2592 5594 impressione
2612 5523 2890 5593 jussimus
2908 5524 3191 5594 insigniri.
