4016 6202
146 341 240 393 3t5
362 294 365 295 ν
1399 326 1800 385 DIPLOMATA
1847 327 2413 387 ECCLESIASTICA.

207 453 543 510 Guntherius
592 446 1023 512 cancellarius,
1088 446 1157 500 ad
1233 446 1410 500 vicem
1465 446 1873 503 Erchanbaldi
1907 448 1953 498 Α

145 540 540 615 archiepiscopi
573 545 630 592 et
661 535 1125 606 archicapellani
1147 536 1466 606 recognovi.

206 636 409 687 Datum
450 645 596 683 anno
672 626 1005 680 Dominica
1070 624 1473 678 incarnationis
1535 626 1687 690 1019,

143 723 264 776 dict.
302 739 359 786 ιι,
416 738 446 772 v
484 719 558 772 Id.
605 719 760 784 Jan.,
798 730 963 767 anno
1012 728 1148 766 vero
1198 714 1425 768 Domini
1453 711 1694 768 Heinrici
1756 728 1864 765 re-

147 810 367 882 gnantis
391 825 513 872 xvu,
540 805 771 877 imperii
806 819 949 856 vero
984 802 1110 871 ejus
1157 819 1208 856 v.

212 903 413 952 Actum
444 896 779 963 Chuofunge
815 891 1091 947 feliciter.
1122 892 1341 948 Amen.

920 998 1079 1053 CVII.

149 1112 204 1163 S.
269 1108 490 1162 Henrici
542 1107 896 1178 privilegium
948 1118 1051 1174 pro
1102 1104 1355 1159 Ecclesia
1408 1105 1861 1175 Mimigardefor-

903 1192 1078 1245 densi.

782 1301 978 1371 (Anno
1010 1296 1199 1367 1019.)

426 1408 581 1480 [Οοά.
609 1407 836 1476 diplom.
869 1408 1011 1459 Hist.
1049 1403 1329 1472 Westph.,
1365 1420 1420 1473 p.
1455 1408 1565 1472 '77.]

218 1516 284 1569 In
311 1515 539 1569 nomine
567 1517 772 1566 sancta
806 1514 863 1565 et
896 1510 1213 1564 individua
1248 1509 1569 1579 Trinitatis,
1621 1514 1854 1565 Hamm-

150 1621 244 1657 ccs
272 1604 461 1657 divina
497 1603 714 1656 favente
745 1598 1059 1653 clementia
1086 1598 1489 1653 Romanorum
1541 1599 1859 1670 imperator

150 1695 459 1761 Augustus.

220 1781 324 1834 Ubi
356 1779 714 1832 ecclesiarum
746 1775 1104 1830 venerabilia
1157 1775 1282 1829 loca
1309 1791 1343 1828 a
1402 1777 1615 1829 nostris
1641 1779 1856 1846 prade-

148 1869 461 1923 cessoribus
512 1867 779 1920 nobiliter
835 1864 1083 1918 adaucta
1128 1868 1196 1916 ut
1248 1864 1309 1917 in
1342 1880 1445 1917 suo
1496 1865 1693 1935 vigore
1723 1883 1856 1936 per-

149 1958 369 2020 sistant,
422 1961 613 2009 nostra
681 1954 1028 2007 auctoritate
1072 1952 1383 2011 sancimus,
1462 1954 1533 2007 ab
1588 1955 1855 2026 omnipo-

150 2051 301 2098 tente
336 2047 470 2110 Deo,
503 2059 671 2113 quem
707 2045 766 2096 in
806 2042 925 2094 suis
958 2042 1173 2093 sanctis
1204 2041 1573 2110 honoramus,
1625 2048 1857 2097 aterna

148 2132 535 2187 retributionis
563 2131 867 2201 pramium
898 2128 1166 2198 recipere
1199 2128 1449 2182 ﬁdeliter
1476 2136 1533 2184 et
1583 2132 1861 2185 veraciter

150 2237 461 2293 speramus.
496 2220 765 2284 Quocirca
799 2223 1018 2271 sancta
1057 2216 1159 2269 Dei
1192 2218 1440 2270 ecclesia
1474 2220 1858 2291 omniumque

149 2311 398 2365 ﬁdelium
444 2315 758 2362 nostrorum
814 2305 1201 2378 praesentium
1236 2305 1492 2360 videlicet
1523 2313 1579 2360 et
1631 2309 1859 2364 futuro-

150 2416 271 2452 rum
316 2398 663 2453 universitati
720 2397 992 2449 volumus
1044 2398 1237 2465 pateat
1268 2394 1514 2463 qualiter
1572 2398 1862 2451 Tliiederi-

148 2504 263 2553 cus,
295 2493 502 2541 sancta
535 2484 1177 2555 Mimigardevordensis
1215 2483 1465 2537 ecclesia
1516 2487 1860 2540 venerabilis

147 2578 466 2647 episcopus,
531 2580 738 2628 nostra
804 2572 1161 2627 celsitudine
1240 2570 1380 2624 adiit
1465 2572 1857 2640 clementiam,

147 2670 349 2736 petens
381 2669 443 2716 ut
471 2680 584 2716 sua
619 2663 867 2717 ecclesia
901 2677 1011 2732 per
1036 2659 1218 2714 nostri
1248 2661 1520 2729 pracepti
1574 2663 1850 2730 paginam

148 2752 591 2807 concederemus
644 2756 700 2804 et
769 2750 1261 2804 coutirmaremur
1331 2762 1507 2800 unam
1568 2750 1859 2804 abbatiam

153 2842 423 2896 Liesbern
460 2840 827 2905 nominatam,
864 2854 1045 2910 quam
1072 2840 1241 2889 antea
1295 2835 1535 2905 prafata
1566 2838 1859 2909 Mimigar-

149 2930 520 2984 devordeusis
549 2929 777 2982 ecclesia
809 2928 1025 2981 habere
1060 2924 1358 2977 videbatur
1378 2924 1485 2977 etsi
1528 2926 1649 2979 sine
1712 2927 1855 2980 scri-

150 3025 268 3090 pto,
292 3018 467 3073 sitam
510 3019 569 3071 in
606 3034 750 3089 pago
784 3016 957 3071 Dreni
993 3032 1059 3069 ac
1111 3013 1172 3067 in
1211 3012 1488 3067 comitatu
1520 3013 1859 3069 Herimanni
1891 3006 1930 3058 Ο

149 3108 399 3161 comitis.
434 3107 605 3176 Cujus
636 3105 1021 3176 peticionibus
1050 3104 1348 3171 utjustum
1382 3106 1467 3154 est
1515 3109 1854 3168 annuentes,

146 3196 479 3249 interventu
518 3196 683 3247 etiam
718 3211 777 3247 ac
799 3193 1083 3263 petitione
1132 3188 1483 3259 Cunigunda
1530 3190 1857 3260 imperatri-

146 3286 225 3337 cis
305 3287 581 3352 Augusta:
642 3287 969 3351 nostraque
1047 3276 1380 3332 contectalis
1450 3278 1855 3344 dilectissima,

148 3373 523 3442 aliorumque
557 3370 808 3424 ﬁdelium
855 3375 1190 3423 nostrorum
1218 3366 1318 3437 qui
1347 3365 1491 3420 inibi
1548 3374 1859 3437 prasentes

148 3463 411 3523 fuerunt,
492 3460 794 3513 Everliardi
856 3455 1349 3523 Bavenbergensis
1423 3458 1479 3508 et
1534 3456 1858 3511 Meinwerki

150 3549 691 3613 Podilbrunneusis,
752 3546 1051 3602 Adalboldi
1124 3544 1496 3613 Trajectensis
1555 3546 1855 3616 episcopo-

147 3654 309 3701 rum,
356 3636 628 3706 ducisque
668 3634 989 3699 Godefridi;
1041 3648 1142 3702 per
1174 3632 1321 3685 hanc
1369 3632 1551 3685 nostri
1584 3633 1858 3703 pracepti

146 3724 789 3796 paginam,pralibata
824 3721 943 3775 sedi
982 3720 1293 3790 episcopali
1349 3720 1573 3790 sibique
1627 3722 1858 3791 suisque

148 3812 585 3867 successoribus
642 3812 698 3864 in
730 3814 1076 3881 perpetuum
1123 3807 1529 3861 conﬁrmamus
1579 3813 1635 3862 et
1674 3826 1859 3863 corro-

148 3903 459 3965 boramns,
499 3905 560 3952 ut
590 3899 649 3951 in
694 3898 1029 3968 prascripto
1062 3896 1185 3949 loco
1223 3894 1490 3948 Liesbern
1544 3895 1694 3949 dicto
1752 3912 1860 3950 no—

150 3995 275 4043 stra
340 3988 627 4057 imperiali
681 3986 1017 4039 auctoritate
1062 3984 1269 4038 dehinc
1324 3983 1562 4037 liberam
1612 3984 1861 4039 habeant

151 4078 491 4132 facultatem
524 4076 813 4128 servitium
848 4074 946 4127 Dei
1004 4072 1306 4126 ordinandi
1364 4088 1540 4141 penes
1599 4073 1856 4127 divinum

152 4182 424 4220 amorem
457 4170 627 4234 atque
654 4165 943 4217 timorem.
981 4164 1192 4215 Prater
1212 4161 1334 4214 hac
1364 4162 1536 4215 etiam
1578 4161 1647 4215 de
1696 4163 1859 4215 advo-

148 4256 299 4308 catis
335 4256 393 4307 in
425 4254 692 4323 pradicto
724 4253 847 4305 loco
874 4249 1158 4320 episcopis
1200 4249 1363 4302 liceat
1403 4264 1569 4319 agere
1601 4254 1657 4302 et
1714 4251 1859 4304 ordi-
1894 4290 1934 4343 Β

152 4359 302 4396 nare
337 4341 647 4394 secundum
694 4354 894 4392 eorum
937 4338 1288 4391 voluntatem
1321 4337 1745 4391 advocationem
1801 4339 1860 4392 in

150 4432 426 4501 ipsorum
458 4429 680 4492 militia,
708 4429 869 4497 juxta
900 4426 1053 4497 quod
1093 4426 1202 4479 illis
1242 4425 1446 4479 melius
1478 4426 1660 4479 visum
1694 4427 1866 4480 fuerit

152 4519 230 4571 ad
267 4518 577 4570 utilitatem
612 4515 860 4569 ecclesia
888 4514 1269 4584 pratitulata.
1306 4514 1369 4567 Et
1398 4518 1462 4567 ut
1508 4513 1629 4566 hac
1656 4519 1863 4568 nostra

150 4604 572 4676 praeceptionis
645 4604 954 4657 auctoritas
998 4602 1158 4655 omni
1218 4607 1476 4671 tempore
1530 4602 1750 4655 stabilis
1808 4608 1865 4656 et

151 4693 499 4748 iuconvulsa
531 4696 878 4762 permaneat,
912 4690 1058 4743 hanc
1088 4689 1359 4760 paginam
1403 4705 1579 4743 manu
1628 4690 1865 4761 propria

150 4781 597 4846 conﬁrmantes,
622 4780 792 4851 sigilli
820 4779 1000 4833 nostri
1048 4779 1423 4848 impressione
1450 4778 1727 4848 jussimus
1773 4778 1863 4832 in-

152 4869 397 4941 signiri.

230 4960 467 5023 Signum
528 4958 709 5011 damni
760 4957 982 5010 Henrici
1002 4957 1331 5009 serenissimi
1384 4952 1468 5022 (L.
1529 4956 1623 5022 Μ.)
1681 4960 1731 5009 et
1775 4958 1861 5009 in-

152 5049 463 5102 victissimi
482 5049 826 5115 imperatoris
853 5046 1113 5111 Augusti.

233 5136 547 5188 Guntarius
601 5135 970 5188 cancellarius
1034 5134 1152 5187 vice
1208 5133 1589 5188 Archenbaldi
1649 5134 1865 5189 archie-

150 5224 383 5295 piSCOpi
418 5230 472 5277 et
536 5223 975 5293 archicapellani
1005 5223 1350 5291 recognovit.

238 5314 449 5365 Datum
511 5329 657 5364 anno
708 5311 1012 5364 Dominica
1054 5310 1461 5363 incarnationis
1512 5313 1668 5375 lOl9,
1722 5310 1863 5365 indi-

148 5402 352 5454 ctione
410 5417 469 5459 ιι.
551 5417 698 5453 anno
758 5399 954 5453 domni
1016 5398 1263 5452 Heinrici
1338 5401 1634 5467 regnantis
1706 5416 1859 5467 xvm,

150 5487 400 5558 imperii
426 5503 556 5541 vero
590 5489 711 5557 ejus
732 5505 803 5555 vt,
834 5504 941 5540 xvu
976 5487 1097 5541 Kal.
1131 5486 1362 5557 Aprilis.

231 5578 441 5629 Actum
469 5576 735 5629 Goslaria
757 5575 1013 5629 feliciter.

1755 624 1869 677 in-

3560 334 3661 387 346

2724 454 2904 508 CVIII.

1983 536 2041 589 S.
2094 540 2347 595 Henricus
2401 543 2648 596 Ecclesia
2696 543 3090 597 Padcrbonensi
3167 542 3443 597 abbatiam
3508 544 3654 598 Scel-

2661 632 2776 684 dice
2802 631 2985 684 donat.

2572 719 2756 787 (Anno
2811 720 3058 788 eodem.)

2609 808 2797 880 [Ibid.,
2824 808 3017 878 13.78.]

2044 894 2100 948 C.
2160 896 2223 949 In
2279 895 2512 949 nomine
2571 902 2779 949 sancta
2846 900 2900 948 et
2956 896 3268 949 individua
3338 894 3661 962 Trinitatis,

1974 986 2265 1039 Hsmmcrs
2318 985 2416 1039 Dei
2473 984 2657 1053 gratia
2690 986 3077 1037 Romanorum
3120 985 3434 1054 imperator
3462 989 3660 1057 Augu-

1968 1076 2107 1126 stus.

2037 1162 2315 1225 Quoniam
2373 1161 2820 1230 pradecessorcs
2870 1166 3092 1213 nostros
3121 1177 3286 1230 reges
3341 1162 3427 1214 vel
3484 1162 3663 1232 impe-

1966 1254 2182 1303 ratores
2240 1255 2503 1319 operatos
2558 1265 2676 1302 esse
2733 1248 2790 1301 in
2850 1265 3074 1301 summo
3132 1249 3314 1317 capite
3369 1250 3521 1318 quod
3582 1255 3665 1303 cst

1967 1338 2221 1391 Christus
2252 1355 2367 1391 non
2393 1338 2745 1406 ignoramus,
2790 1353 2930 1407 quos
2962 1338 3167 1389 scimus
3200 1338 3257 1388 in
3305 1336 3425 1405 ejus
3474 1354 3665 1391 mem—

1964 1427 2083 1480 bris
2113 1442 2216 1496 per
2246 1427 2419 1480 fidem
2452 1431 2718 1495 operatos
2752 1424 2949 1478 haberi
2999 1426 3425 1494 augmentaudo
3484 1427 3661 1479 eccle-

1967 1515 2077 1567 sias
2125 1516 2238 1568 Deo
2294 1515 2379 1568 vel
2430 1514 2639 1567 sanctis
2691 1518 2954 1579 sacratas,
3024 1517 3078 1565 et
3136 1528 3239 1581 pro
3297 1529 3361 1564 ea
3414 1512 3537 1582 ipsa
3603 1530 3663 1566 re

1968 1609 2197 1657 aterna
2230 1602 2779 1673 recompensationis
2810 1601 3048 1672 pramia
3080 1600 3314 1669 adeptos
3353 1601 3494 1665 fore,
3547 1617 3665 1654 non

1890 1728 1931 1781 Β
1971 1708 2131 1745 secus
2159 1693 2204 1745 si
2233 1698 2488 1745 sanctam
2548 1691 2647 1745 Dei
2679 1690 2982 1745 Ecclesiam
3016 1690 3083 1742 ad
3126 1689 3407 1742 honorem
3440 1693 3665 1742 sancto-

1971 1796 2100 1833 rum
2175 1797 2409 1834 suorum
2484 1796 2733 1833 crescere
2791 1783 2847 1833 et
2921 1777 3306 1848 multiplicare
3358 1777 3521 1831 donis
3575 1778 3667 1830 vel

1968 1869 2293 1939 augmentis
2348 1868 2757 1933 studuerimus,
2818 1872 3112 1937 perpetua
3184 1865 3666 1919 remunerationis

1968 1958 2377 2011 exultationem
2436 1973 2542 2010 nos
2630 1956 2878 2009 nancisci
2936 1971 3249 2025 speramus.
3309 1955 3669 2025 Quapropter

1966 2046 2277 2099 universali
2306 2045 2565 2098 Ecclesia
2610 2045 2880 2115 prasenti
2910 2045 3170 2097 videlicet
3197 2050 3252 2097 et
3282 2044 3490 2097 futura
3542 2058 3666 2096 ma-

1967 2135 2239 2188 nifestum
2292 2140 2377 2188 est
2435 2134 2687 2203 optando
2739 2132 3132 2186 desideramus
3192 2133 3436 2201 qualiter
3490 2131 3667 2201 Megi-

1966 2224 2261 2276 nwerchus
2322 2221 2835 2276 Paterbrunnensis
2889 2221 3210 2290 episcopus,
3270 2226 3481 2274 nostra
3550 2220 3667 2273 im-

1967 2312 2169 2381 periali
2226 2310 2577 2364 excellentia
2630 2308 3047 2375 dilectissimus,
3103 2308 3516 2361 sublimitatem
3557 2323 3669 2360 no-

1969 2405 2145 2453 stram
2238 2400 2523 2464 convenit,
2613 2398 2908 2468 postulans
2989 2397 3239 2450 ecclesia
3320 2414 3437 2449 sua
3492 2410 3671 2449 unam

1969 2488 2255 2542 abbatiam
2310 2487 2557 2541 Sceldice
2608 2493 2863 2540 vocatam
2916 2486 3059 2550 dari,
3133 2488 3297 2555 cujus
3381 2483 3668 2538 continuis

1968 2576 2343 2645 petitionibus
2421 2593 2537 2629 non
2618 2576 2907 2629 immerito
2990 2575 3262 2640 faventes,
3341 2574 3670 2627 interventu

1971 2665 2370 2735 Chunigunda
2402 2664 2783 2734 imperatricis
2818 2669 3029 2717 nostra
3067 2664 3327 2717 videlicet
3364 2662 3669 2716 dilectissi-

1970 2770 2079 2806 ma
2119 2752 2399 2822 conjugis,
2442 2754 2839 2822 episcoporum
2874 2769 3104 2822 quoque
3138 2752 3392 2811 Geronis,
3421 2749 3667 2815 Unuani,

1968 2841 2227 2907 Arnoldi,
2293 2841 2537 2894 Dietrici.
2592 2840 2905 2894 Hiltiwardi
2953 2846 3009 2893 et
3062 2840 3229 2903 Erici,
3290 2840 3668 2910 optimatum-

1969 2946 2077 2999 que
2112 2930 2290 2982 nostri
2330 2930 2517 3000 regni,
2552 2930 2864 2983 Pernhardi
2904 2930 3080 2996 ducis,
3134 2928 3387 2998 Sigifridi
3419 2928 3668 2995 comitis,

1971 3017 2306 3071 Herimanni
2340 3022 2395 3070 et
2423 3018 2729 3087 Eggihardi
2761 3018 2987 3071 consilii
3020 3018 3407 3071 ventilatione.
3470 3033 3669 3087 supra-

1972 3105 2176 3157 dictam
2210 3105 2494 3158 abbatiam
2550 3106 2716 3158 sitam
2758 3105 2817 3158 in
2866 3122 3012 3175 pago
3057 3108 3318 3175 Wessaga
3352 3112 3407 3159 et
3462 3105 3518 3158 in
3559 3122 3661 3158 co-

1971 3193 2171 3247 mitatu
2204 3194 2471 3248 Friderici
2506 3194 2730 3248 comitis
2783 3194 2888 3247 sibi
2922 3210 3025 3248 nec
3073 3211 3189 3248 non
3244 3210 3359 3248 sua
3418 3194 3669 3247 ecclesia

1970 3282 2453 3335 Paterbrunnensi
2512 3282 2743 3351 suisque
2803 3283 3225 3336 successoribus
3266 3284 3422 3336 omni
3474 3299 3669 3336 conce-

1972 3369 2160 3423 dimus
2219 3372 2347 3439 jure
2408 3371 2676 3440 deinceps
2737 3371 3163 3440 possidendam.
3224 3374 3293 3425 Ut
3349 3388 3481 3425 vero
3548 3373 3669 3425 hac

1970 3458 2239 3527 pracepti
2299 3460 2509 3527 pagina
2565 3458 2784 3511 stabilis
2844 3463 2901 3511 et
2948 3458 3277 3512 inconvulsa
3323 3459 3527 3513 futuris
3575 3460 3662 3512 vel

1972 3546 2349 3617 prasentibus
2372 3546 2729 3615 temporibus
2780 3562 3120 3616 permanere
3180 3550 3383 3608 valeat.
3419 3549 3667 3618 propria

1973 3649 2175 3687 manus
2205 3634 2466 3686 cautione
2498 3634 2818 3697 firmamus,
2852 3638 2907 3686 et
2937 3636 3119 3688 nostri
3177 3637 3354 3705 sigilli
3414 3636 3654 3706 impres-

1972 3721 2130 3774 sione
2154 3726 2338 3773 ratum
2372 3721 2641 3773 ducentes
2666 3720 2885 3788 signari
2927 3721 3231 3788 jussimus.

2039 3810 2270 3874 Signum
2326 3809 2509 3861 damni
2560 3810 2805 3861 Heinrici
2845 3812 3182 3863 screnissimi
3218 3812 3301 3876 (L.
3338 3811 3425 3878 Μ.)
3485 3816 3533 3864 et
3581 3814 3666 3864 in-

1970 3898 2256 3951 victissimi
2284 3899 2648 3965 imperatoris.

2041 3986 2389 4039 Guntlierius
2440 3983 2811 4037 cancellarius
2870 3983 2991 4037 vice
3054 3985 3427 4040 Erchanbaldi
3475 3987 3665 4041 archi-

1972 4074 2251 4143 capellani
2284 4073 2630 4143 recognovit.

2046 4163 2247 4214 Datum
2288 4178 2439 4214 anno
2481 4160 2791 4214 Dominica
2848 4160 3260 4214 incarnationis
3306 4163 3455 4225 1018,
3516 4162 3664 4217 indi-

1973 4249 2160 4301 ctione
2192 4265 2251 4313 ιι,
2302 4265 2452 4302 anno
2498 4250 2692 4303 domni
2729 4248 2973 4302 Heinrici
3022 4250 3316 4320 regnantis
3364 4267 3499 4319 xvu,
3560 4251 3664 4305 im-

1975 4337 2117 4408 perii
2148 4353 2282 4390 vero
2300 4339 2420 4407 ejus
2446 4354 2521 4405 vi,
2545 4354 2662 4392 xm.
2692 4339 2815 4391 Kal.
2850 4342 2983 4408 Apr.

2043 4429 2245 4480 Actum
2277 4427 2344 4480 ad
2378 4427 2624 4480 Gosilare
2657 4426 2915 4481 feliciter.
2950 4428 3147 4482 Amen.

2754 4515 2882 4569 CIX.

2044 4605 2183 4657 Item
2216 4624 2243 4651 «
2276 4604 2570 4672 quamdam
2598 4606 2796 4657 nostris
2826 4606 3179 4672 proprietatis
3199 4607 3467 4671 forestim.
3496 4625 3520 4656 ι)

2610 4695 2796 4757 (Anno
2850 4692 3028 4759 1019.)

2257 4780 2409 4852 [ϐοά.
2442 4781 2664 4849 diplom.
2688 4782 2827 4833 Hist.
2868 4781 3135 4848 Westph.,
3160 4797 3216 4849 p.
3246 4785 3315 4835 ‘78
3355 4779 3375 4851 ]

2041 4871 2098 4925 C.
2161 4871 2223 4923 In
2279 4869 2513 4923 nomine
2572 4872 2778 4921 sancta
2858 4873 2913 4921 et
2975 4868 3283 4921 individua
3349 4866 3661 4933 Trinitatis,

1974 4962 2269 5013 Hemmcus
2351 4958 2544 5011 divina
2612 4957 2835 5010 favente
2901 4956 3205 5010 clementia
3275 4957 3663 5009 Romanorum

1970 5048 2283 5117 imperator
2310 5048 2618 5114 Augustus.

2045 5136 2394 5203 Ubicumque
2422 5138 2615 5186 sancta
2645 5132 2743 5186 Dei
2767 5133 2891 5186 loca
2920 5131 3086 5185 bonis
3113 5130 3273 5184 nobis
3306 5147 3337 5183 a
3388 5132 3502 5184 Deo
3560 5131 3661 5185 do-

1971 5224 2117 5277 natis
2144 5223 2486 5285 extollimus,
2516 5238 2629 5274 non
2664 5222 2845 5274 solum
2878 5220 3006 5272 vita
3055 5224 3263 5272 nostra
3320 5220 3663 5290 longanimi-

1970 5315 2166 5378 tatem,
2198 5326 2393 5363 verum
2426 5310 2597 5363 etiam
2632 5308 2794 5377 regni
2821 5324 2922 5360 nos
2964 5308 3401 5377 prosperitatem
3453 5326 3663 5378 augere

1970 5416 2285 5469 speramus.
2392 5399 2751 5467 Quapropter
2825 5396 3045 5447 noverit
3112 5397 3372 5449 omnium
3458 5398 3663 5451 Christi

1970 5493 2413 5557 nostrorumque
2448 5487 2701 5539 ﬁdelium
2737 5484 3072 5537 universitas
3116 5486 3360 5555 qualiter
3398 5502 3522 5551 nos,
3557 5502 3661 5555 pro

1968 5576 2221 5630 remedio
2252 5576 2459 5629 anima
2491 5578 2699 5627 nostra
2725 5577 3267 5645 antecessorumque
3309 5579 3658 5639 nostrorum,
