4016 6202
375 337 478 391 347

1682 332 1737 388 S.
1779 330 2053 388 HENRIC]

2171 331 2574 389 [rammers
2746 286 2760 299 ’
3655 299 3669 315 ’
3740 343 3820 398 348

376 479 478 515 nec
501 477 617 515 non
650 476 754 530 pro
803 462 984 514 salute
1052 460 1273 514 dilectie
1318 460 1580 530 conjugis
1629 463 1858 527 nostras,
1903 461 2136 516 Cuni-A
2174 461 2406 528 nentiis,
2437 466 2494 516 et
2523 478 2650 516 cum
2690 478 2894 534 campo
2944 462 3178 526 Arsicio,
3236 466 3386 534 quod
3443 468 3706 537 praedium
3749 470 3822 523 Gi-

371 551 579 620 gundm
644 549 1026 619 imperatricis
1085 548 1344 601 videlicet
1408 553 1687 617 augustas,
1741 553 1913 618 atque
1967 565 2070 619 per

367 638 755 691 interventum
805 637 1043 690 Gcronis
1097 637 1634 706 Magedeburgensis
1686 635 2066 705 archiepisco-

371 725 448 794 pi,
477 725 916 794 Dotichonisque
951 725 1194 788 comitis,
1231 725 1520 794 quandam
1553 729 1764 777 nostra:
1809 723 2065 794 proprie-

370 813 502 866 tatis
526 812 864 866 forestimin
899 813 1172 865 comitatu
1205 813 1464 881 ejusdem
1499 812 1827 865 Doticlionis
1866 813 2063 876 sitam;

375 917 525 972 quae,
577 901 892 954 terminum
933 900 1090 968 juxta
1146 901 1440 954 ﬂuviolum
1487 901 1661 954 Fulda
1705 900 2064 954 nominatum

371 1005 623 1053 sumens,
653 975 831 1059 prope
855 989 1399 1058 Reginliereshuson
1435 994 1492 1042 et
1514 989 1849 1043 Utenhuson
1893 994 2065 1058 atque

373 1077 684 1131 Biberbach
717 1081 773 1130 et
806 1077 1358 1143 Rotbrehteshuson,
1401 1077 1460 1130 in
1508 1077 1795 1147 quoddam
1849 1076 2066 1131 flumen

373 1166 587 1219 Wisera
641 1174 904 1219 vocatum
966 1182 1146 1235 usque
1197 1165 1596 1235 protenditur;
1645 1165 1779 1218 inde
1837 1181 2064 1219 sursum

373 1254 607 1318 directa,
643 1255 931 1325 quandam
964 1254 1154 1306 villam
1186 1254 1421 1306 nomine
1456 1252 1770 1306 Gimundin
1800 1253 2061 1323 attingit;

372 1342 602 1406 abinde,
642 1342 920 1396 circulum
964 1346 1282 1410 prosecuta,
1337 1341 1545 1394 iterum
1582 1341 1644 1394 in
1698 1341 1956 1408 Fuldam,
2008 1345 2065 1394 et

370 1430 448 1483 sic
479 1446 707 1483 sursum
741 1429 1052 1499 usquejam
1093 1429 1428 1499 praedictam
1460 1429 1656 1482 villam
1697 1429 1912 1483 scilicet
1954 1430 2064 1483 Bc-

369 1518 822 1588 ginhereshuson
892 1517 1239 1586 pergiratur,
1299 1521 1506 1570 sancta:
1562 1517 2065 1571 Paderbrunnensi

370 1605 640 1668 ecclesiae,
701 1605 792 1658 cui
842 1604 1180 1658 venerabilis
1239 1609 1294 1658 et
1349 1605 1512 1658 nobis
1563 1605 1799 1660 dilectus
1855 1606 2064 1676 praisul

369 1693 734 1748 Meinwercus
799 1709 1041 1763 praeesse
1084 1692 1328 1761 videtur,
1359 1693 1427 1746 ad
1463 1694 1637 1746 altare
1693 1697 1750 1746 et
1791 1693 2062 1764 reliquias

370 1786 581 1835 sanctas
634 1780 733 1834 Dei
772 1781 1064 1851 genitricis
1113 1781 1323 1848 Mariae,
1373 1781 1666 1852 sanctique
1711 1782 1978 1851 martyris
2007 1787 2064 1836 et

370 1869 625 1940 episcopi
655 1869 867 1922 Kiliani
921 1872 976 1922 et
1031 1869 1212 1922 sancti
1249 1869 1456 1923 Liborii
1514 1870 1876 1936 confessoris,
1933 1887 2064 1924 cum

370 1959 531 2012 omni
589 1957 832 2011 utilitate
878 1974 1005 2028 quae
1054 1958 1124 2012 ab
1177 1959 1375 2012 eadem
1426 1959 1725 2028 provenire
1779 1959 2064 2012 ullatenus

365 2046 564 2118 possit,
633 2045 876 2100 ﬁrmiter
923 2050 978 2100 et
1051 2050 1328 2116 perpetuo
1409 2046 1736 2101 habendam
1787 2047 2063 2100 tradimus

369 2141 540 2206 atque
596 2134 978 2188 concedimus.
1031 2136 1095 2187 Et
1151 2138 1216 2187 ut
1288 2135 1412 2188 haec
1487 2139 1683 2189 nostra
1756 2136 2063 2190 auctoritas

371 2222 587 2276 stabilis
608 2226 664 2275 et
693 2222 1025 2275 inconvulsa
1044 2226 1402 2292 permaneat,
1461 2239 1588 2276 eam
1618 2239 1796 2276 manu
1826 2223 2063 2293 prOpria

367 2311 724 2377 roborantes,
744 2309 919 2379 sigilli
958 2310 1136 2364 nostri
1173 2310 1550 2380 impressione
1601 2311 1877 2382 jussimus
1921 2311 2060 2364 insi-

367 2398 540 2470 gniri.

437 2488 662 2552 Signum
726 2486 911 2540 damni
962 2489 1208 2540 Heinrici
1257 2489 1618 2542 Romanorum
1687 2486 1769 2558 (L.
1803 2487 1928 2557 Μ.)
1972 2490 2058 2540 in-

368 2577 657 2628 victissimi
675 2577 1018 2643 imperatoris
1048 2576 1313 2640 Augusti.

438 2663 782 2716 Guntherius
830 2663 1201 2716 cancellarius
1253 2662 1372 2715 vice
1427 2661 1825 2718 Erchembaldi
1876 2661 2058 2715 archi-

369 2749 621 2819 episcopi
641 2765 704 2801 ac
731 2748 1212 2818 arcliicappellani
1244 2749 1591 2818 recognovit.

433 2840 596 2891 Anno
634 2838 943 2891 Dominicaz
976 2836 1386 2891 incarnationis
1422 2839 1574 2902 1018,
1644 2837 1953 2892 indictione
1990 2856 2052 2904 II,

364 2941 518 2978 anno
548 2942 682 2978 vero
714 2925 911 2979 domui
942 2925 1193 2981 Heinrici
1251 2927 1643 2980 Romanorum
1691 2927 2056 2997 imperatoris

2177 550 2307 603 nizo
2339 551 2613 603 hactenus
2634 551 2840 616 tenuit,
2877 556 2960 617 ut,
2995 551 3478 621 quemadmodum
3529 555 3620 608 ille
3673 557 3825 609 domi-

2178 654 2308 691 nam
2351 645 2604 692 nostram
2651 644 2905 693 sanctam
2961 640 3192 694 Mariam
3239 642 3528 695 constituit
3577 644 3827 698 heredem

2176 727 2245 781 de
2279 727 2530 797 proprio,
2559 727 2638 780 ita
2672 732 2729 780 et
2771 743 2874 780 nos
2905 728 3144 782 facimus
3175 729 3243 782 de
3276 734 3466 783 nostro
3499 730 3828 786 ministeriolo

2174 814 2425 884 publico,
2473 830 2544 868 ne
2591 815 2755 882 forte,
2805 815 2853 868 si
2909 816 3084 869 alieni
3129 817 3385 870 saeculari
3432 819 3826 874 concederemus

2174 903 2334 968 illud,
2367 919 2434 956 ea
2463 903 2759 957 occasione
2790 903 3088 972 przedictas
3141 905 3473 958 invaderent
3509 922 3613 959 res.
3671 909 3726 960 Et
3775 908 3823 960 in

2173 991 2445 1060 praedicto
2473 991 2748 1044 comitatu
2792 1008 2954 1044 nova:
2993 993 3147 1046 Casa:
3193 994 3510 1059 castellum,
3551 995 3690 1062 quod
3739 996 3826 1048 sibi

2177 1078 2418 1132 contulit
2446 1080 2575 1132 Atto
2606 1079 2758 1132 ﬁlius
2806 1079 3076 1147 Aderadi,
3126 1097 3252 1134 cum
3311 1081 3426 1134 suis
3483 1083 3824 1151 pertinentiis,

2172 1164 2349 1217 veluti
2376 1163 2436 1217 in
2466 1165 2662 1218 charta
2716 1164 3094 1218 concessionis
3131 1164 3287 1218 illius
3337 1167 3630 1236 leguntur,
3686 1173 3735 1219 et
3783 1169 3825 1220 in

2174 1252 2285 1306 alio
2334 1253 2458 1306 loco
2519 1252 2699 1323 ipsius
2737 1253 3012 1306 comitatu
3069 1254 3365 1307 castellum
3421 1254 3491 1308 de
3530 1255 3824 1323 Anganello,

2173 1341 2260 1394 vel
2295 1341 2404 1394 alia
2450 1342 2572 1394 loca
2621 1357 2749 1410 qua:
2803 1339 2883 1392 ibi
2939 1340 3283 1395 condonavit
3333 1342 3598 1395 Alkerius
3651 1358 3823 1406 comes,

2173 1433 2455 1500 quatenus
2480 1428 2540 1482 in
2570 1445 2671 1482 sua
2693 1428 2887 1482 charta
2937 1429 3213 1494 referunt,
3275 1431 3362 1483 vel
3411 1429 3540 1483 alia:
3595 1445 3679 1482 res
3726 1446 3824 1500 quae

2172 1518 2453 1572 moderno
2483 1522 2742 1587 tempore
2787 1517 2848 1571 in
2896 1518 3019 1587 ipso
3063 1518 3338 1572 comitatu
3387 1518 3678 1589 acquisita:
3705 1522 3824 1570 sunt.

2171 1607 2236 1659 In
2275 1606 2544 1660 comitatu
2602 1606 2924 1671 Sabinensi,
2980 1607 3039 1660 in
3071 1607 3195 1660 loco
3229 1607 3464 1673 Ortelle,
3500 1611 3556 1660 et
3584 1623 3669 1661 res
3716 1623 3826 1677 quas

2172 1694 2414 1748 contulit
2442 1694 2520 1747 ibi
2566 1695 2812 1748 Joannes
2842 1694 3139 1764 presbyter
3170 1710 3296 1748 cum
3330 1695 3449 1747 suis
3486 1694 3824 1747 consortibus.

2174 1785 2239 1837 Et
2270 1800 2411 1854 quas
2441 1783 2782 1838 Octavianus
2803 1799 2933 1837 cum
2964 1785 3180 1853 Rogata
3213 1785 3460 1854 conjuge
3499 1800 3599 1836 sua
3646 1784 3699 1836 in
3732 1783 3827 1852 jam

2173 1872 2321 1927 dicto
2369 1871 2640 1926 comitatu
2686 1872 2985 1942 smpedicto
3041 1872 3386 1926 monasterio
3446 1872 3651 1927 obtulit
3693 1871 3827 1924 utin

2174 1977 2277 2014 sua
2321 1960 2685 2014 concessione
2715 1960 2978 2014 habetur.
3009 1961 3072 2014 Et
3100 1977 3241 2031 quas
3271 1962 3380 2014 Leo
3403 1959 3558 2014 ﬁlius
3622 1958 3828 2013 Rezonis

2172 2049 2514 2104 condonavit
2542 2049 2602 2102 in
2633 2048 2875 2118 Mojano.
2930 2050 3171 2118 Insuper
3202 2052 3258 2102 et
3295 2048 3588 2118 imperiali
3644 2063 3826 2117 prame-

2170 2137 2659 2206 ptionejubemus
2715 2136 2819 2189 sub
2876 2137 3034 2189 omni
3086 2136 3499 2190 contestatione
3548 2142 3610 2190 ut
3668 2135 3828 2188 omnia

2172 2226 2381 2296 scripta
2437 2241 2567 2296 quas
2631 2224 2956 2292 Gratianus,
3033 2225 3260 2279 invasor
3333 2241 3532 2279 rerum
3615 2223 3826 2277 ecclesiae

2170 2318 2381 2367 sancta:
2413 2314 2602 2368 Marias
2635 2315 2704 2367 de
2734 2313 3004 2380 Minione,
3039 2315 3191 2383 quod
3247 2313 3506 2384 pertinet
3533 2313 3603 2368 ad
3655 2313 3826 2383 praefa-

2169 2407 2295 2455 tum
2316 2401 2748 2466 monasterium,
2793 2401 2950 2468 fecit,
2999 2402 3437 2472 confringantur
3468 2406 3525 2455 et
3568 2401 3826 2455 annullen-

2169 2495 2282 2552 tur,
2317 2493 2372 2544 et
2403 2490 2474 2544 ad
2500 2489 2690 2560 ipsum
2720 2491 3130 2544 monasterium
3171 2490 3410 2544 redeant
3470 2489 3591 2544 sine
3645 2490 3828 2559 obliga-

2168 2579 2344 2633 tione.

2239 2668 2302 2720 In
2337 2666 2607 2721 comitatu
2642 2682 2870 2738 quoque
2912 2667 3170 2721 Balbensi
3203 2667 3474 2722 ecclesias
3519 2666 3691 2721 sancti
3747 2668 3830 2720 Pe-

2167 2754 2386 2825 regrini
2416 2758 2473 2808 et
2499 2761 2708 2809 sanctae
2734 2756 2942 2822 Mariae,
2971 2771 3102 2808 cum
3135 2756 3507 2825 pertinentiis
3538 2771 3743 2819 earum,
3782 2753 3831 2805 in

2167 2844 2379 2914 quibus
2419 2859 2608 2897 comes
2670 2843 2960 2898 Oderisius
3009 2843 3231 2896 noviter
3279 2844 3592 2897 monachos
3636 2842 3830 2905 locavit,

2166 2949 2294 3002 qum
2327 2931 2640 3002 antiquitus
2671 2931 2850 3001 ipsius
2888 2933 3221 2986 monasterii
3271 2933 3534 2994 fuerunt,
3584 2938 3638 2985 et
3686 2931 3830 2984 modo

363 3015 606 3084 Augusti
637 3015 872 3068 secundi
900 3016 1196 3084 regnantis
1253 3031 1405 3082 xvm,
1455 3015 1686 3085 imperii
1725 3019 1919 3069 autem
1977 3033 2052 3070 VI.
2087 3022 2127 3076 C
2165 3021 2522 3091 reacquisitas
2568 3027 2717 3086 sunt,
2770 3038 2911 3092 quas
2950 3021 3148 3076 ﬁdeles
3193 3021 3402 3076 Christi
3463 3020 3605 3075 inibi
3653 3023 3831 3074 contu-

434 3104 638 3155 Actum
694 3118 848 3156 xvm.
915 3104 1034 3157 Kal.
1079 3103 1334 3157 Januarii
1374 3104 1742 3160 Mulinbuson
1793 3104 2052 3158 feliciter.

362 3192 566 3244 Amen.

361 3403 417 3457 S.
450 3403 712 3456 Henricus
740 3404 1036 3471 imperator
1080 3405 1404 3456 monasterio
1453 3403 1709 3468 Farfensi
1745 3403 1802 3458 S.
1863 3406 2057 3458 Mariae

434 3488 522 3526 res
596 3477 804 3527 naviter
863 3473 930 3525 ab
970 3476 1107 3540 ipsis
1152 3475 1427 3527 monachis
1454 3476 1773 3542 acquisitas,
1825 3491 2057 3542 quarum

431 3547 652 3598 nomina
751 3550 1107 3605 recensentur,
1203 3560 1297 3599 suo
1387 3544 1682 3613 diplomate
1741 3545 2051 3615 conﬁrmat.

999 3632 1183 3702 (Anno
1237 3632 1414 3702 1019.)

583 3719 894 3791 [Muratori,
921 3722 1044 3774 Rcr.
1086 3722 1211 3774 Ital.
1247 3721 1446 3788 Script.
1490 3720 1558 3788 lI,
1604 3737 1662 3783 ιι,
1693 3720 1840 3791 513.]

430 3798 707 3862 HENRICUS
739 3809 926 3862 divina
961 3808 1265 3862 clementia
1321 3808 1634 3879 imperator
1663 3808 2052 3863 Romanorum

359 3896 666 3964 Augustus.

429 3983 637 4035 Notum
669 3981 740 4034 sit
768 3981 1038 4034 omnibus
1075 3981 1341 4034 ﬁdelibus
1391 3987 1600 4034 sanctae
1637 3983 1732 4035 Dei
1768 3984 2050 4049 Ecclesia),

356 4075 413 4124 et
443 4071 702 4123 omnium
738 4076 1084 4134 nostrorum,
1118 4070 1374 4123 fidelium
1408 4071 1779 4139 praesentium
1811 4089 1910 4124 seu
1972 4074 2054 4126 fu-

358 4160 639 4217 turorum.
676 4157 891 4209 noverit
926 4157 1263 4210 universitas
1295 4159 1539 4226 qualiter
1561 4159 1746 4228 Hugo,
1773 4166 2052 4214 monaste-

357 4245 425 4296 rii
477 4246 626 4313 quod
673 4245 880 4298 dicitur
917 4246 1204 4314 Pliarplia,
1267 4247 1604 4299 venerandae
1637 4248 1928 4314 genitricis
1988 4266 2051 4302 ac

355 4331 596 4399 virginis
662 4332 764 4384 Dei
821 4332 1029 4396 Mariae,
1116 4334 1455 4386 venerabilis
1527 4335 1722 4402 abbas,
1792 4342 2049 4391 nostram

360 4418 557 4471 adiens
615 4419 999 4487 clementiam,
1033 4420 1370 4489 deprecatus
1420 4426 1506 4475 est
1562 4429 1845 4492 quatenus
1870 4424 2049 4494 ipsius

357 4505 550 4560 effusis
638 4507 898 4576 precibus
973 4515 1181 4562 nostras
1261 4509 1486 4578 pietatis
1547 4513 2049 4566 accomodaremus

358 4611 544 4659 aures,
578 4596 791 4649 scilicet
837 4601 901 4649 ut
932 4613 1020 4649 res
1049 4597 1290 4656 noviter.
1348 4599 1460 4651 Deo
1515 4599 1760 4665 favente,
1805 4603 2048 4672 acquisi-

358 4689 464 4748 tas,
521 4700 616 4737 seu
671 4701 702 4736 a
748 4700 1058 4754 pravorum
1136 4685 1436 4739 hominum
1501 4687 1717 4741 ditione
1761 4705 2044 4754 excussas,

357 4777 548 4826 nostra
605 4772 887 4843 imperiali
921 4790 984 4826 ac.
1031 4774 1361 4844 praeceptali
1417 4775 1628 4845 pagina
1677 4777 2046 4832 conﬁrmare-

355 4874 502 4914 mus.
532 4860 643 4913 Nos
667 4876 801 4913 vero
824 4860 960 4930 quia
1000 4861 1216 4913 cunctis
1265 4861 1420 4930 justa
1470 4864 1840 4932 poscentibus
1897 4881 2043 4934 pric-

353 4947 487 5001 bere
508 4949 782 5002 debemus
822 4965 1138 5015 assensum,
1192 4955 1404 5003 nostra:
1449 4951 1707 5005 tuitionis
1760 4959 2046 5022 praecepto

355 5037 677 5089 nominatas
730 5043 785 5090 et
835 5037 1184 5105 subscriptus
1225 5043 1418 5090 sancto
1464 5039 1872 5093 conﬁrmamus
1921 5058 2044 5094 mo-

354 5124 620 5177 nasterio.
649 5126 756 5179 Res
786 5125 1001 5195 itaque,
1044 5142 1187 5194 quas
1244 5125 1435 5178 Ginizo
1487 5126 1640 5180 ﬁlius
1673 5129 2045 5198 l-lildeprandi

353 5211 578 5263 comitis
610 5213 850 5267 contulit
877 5214 1060 5266 eidem
1091 5215 1460 5279 monasterio,
1499 5215 1646 5267 sicut
1687 5217 1742 5269 in
1788 5217 2044 5272 chartula

355 5299 678 5351 donationis
711 5301 861 5354 illius
888 5302 1235 5366 continetur,
1262 5318 1389 5371 qua
1408 5303 1612 5356 suntin
1632 5304 1906 5358 comitatu
1931 5307 2044 5359 Fir-

354 5403 523 5440 mano
555 5387 625 5438 sit
655 5388 797 5455 (sic),
824 5391 1108 5460 simulque
1143 5392 1469 5445 addidimus
1499 5408 1603 5461 pro
1639 5393 2040 5464 redemptione

353 5475 563 5529 anima:
593 5481 882 5529 nostrmex
905 5485 1097 5532 nostra
1129 5480 1394 5549 largitate
1417 5479 1603 5534 eidem
1663 5487 1856 5535 sancto
1918 5484 2041 5538 loco

350 5563 677 5617 dictrictum
709 5567 1036 5619 monasterii
1083 5567 1356 5636 Spazzani
1393 5585 1522 5622 cum
1567 5569 1836 5623 omnibus
1871 5571 2044 5641 perti-

2166 3111 2385 3175 lerunt;
2427 3126 2526 3163 seu
2549 3125 2690 3180 quas
2728 3109 3037 3180 praedictus
3087 3109 3527 3179 quomodolibet
3558 3123 3828 3178 recupera-

2165 3198 2263 3252 vit.
2301 3199 2441 3251 ltem
2500 3197 2562 3251 in
2606 3197 2880 3251 comitatu
2925 3197 3221 3251 Sabinensi
3273 3199 3574 3251 castellum
3607 3197 3673 3250 de
3725 3194 3826 3248 Tri-

2163 3286 2333 3351 buco,
2376 3290 2433 3339 et
2497 3286 2739 3339 alterum
2800 3285 2869 3339 de
2919 3285 3261 3339 Bucciniauo
3309 3301 3442 3338 cum
3506 3286 3622 3339 suis
3674 3283 3828 3355 perti-

2163 3374 2393 3443 nentiis,
2420 3374 2897 3445 quemadmodem
2927 3374 3172 3428 domnus
3201 3374 3546 3428 Benedictus
3598 3387 3828 3426 summus

2164 3464 2454 3517 Romanus
2485 3462 2739 3532 pontifex
2768 3466 3075 3532 nosterque
3111 3462 3422 3532 spiritualis
3453 3467 3619 3532 pater
3667 3464 3830 3515 nostro

2161 3555 2369 3621 rogatu
2401 3551 2586 3604 eidem
2618 3550 2965 3604 monasterio
2996 3551 3261 3604 restituit.
3302 3550 3494 3604 Simili
3541 3550 3704 3604 modo
3751 3547 3829 3600 illa

2163 3639 2285 3692 loca
2313 3655 2442 3709 quae
2474 3638 2782 3708 prmdictus
2801 3654 2952 3708 papa
2974 3654 3078 3708 per
3121 3638 3452 3707 pontiﬁcale
3501 3641 3824 3709 prmeeptum

2161 3743 2267 3796 pro
2286 3727 2495 3781 animae
2527 3742 2643 3779 sua:
2674 3725 2928 3779 remedio
2969 3726 3228 3793 contulit,
3271 3742 3400 3796 quas
3438 3731 3573 3780 sunt
3614 3725 3669 3778 in
3715 3727 3826 3777 Assa

2161 3815 2230 3869 de
2251 3814 2571 3884 supradicto
2609 3813 2950 3867 Bucciniauo
3007 3828 3135 3867 cum
3192 3815 3312 3867 suis
3367 3815 3641 3868 omnibus
3681 3810 3829 3883 perti-

2161 3904 2395 3967 nentiis,
2447 3903 2515 3956 de
2554 3903 2789 3955 ecclesia
2835 3918 3067 3973 quoque
3129 3906 3336 3955 sanctae
3384 3903 3576 3956 Marias
3649 3901 3746 3954 sita
3783 3899 3828 3951 in

2163 3992 2340 4045 fundo
2369 3991 2562 4044 Massm
2593 3991 2661 4043 de
2690 3990 2984 4053 Vestiario,
3017 4006 3146 4043 cum
3207 3991 3436 4060 praediis
3471 3992 3587 4044 illis
3617 4005 3736 4061 qua!
3781 3987 3829 4040 in

2163 4081 2286 4149 ipso
2307 4079 2674 4133 continentur
2701 4084 3009 4149 praecepto.
3054 4079 3313 4132 Necnon
3345 4079 3640 4133 ecclesiam
3682 4075 3830 4130 sancti

2162 4167 2479 4222 Sebastiani
2507 4167 2565 4220 in
2599 4167 2818 4221 Collina
2847 4167 2915 4220 de
2949 4167 3242 4236 Flagiano,
3269 4183 3399 4220 cum
3443 4167 3615 4221 terris
3660 4170 3712 4219 et
3761 4162 3826 4214 vi-

2159 4257 2304 4320 neis,
2365 4255 2509 4308 sicut
2565 4255 2688 4325 ipse
2748 4257 2960 4324 praesul
2994 4255 3330 4309 universalis
3383 4255 3601 4325 aliique
3650 4257 3830 4305 sancta.

2164 4344 2263 4397 Dei
2285 4343 2548 4414 genitrici
2576 4360 2682 4413 per
2720 4344 3002 4397 chartulas
3024 4347 3444 4396 concesserunt.
3509 4343 3638 4397 Pari
3686 4337 3830 4393 modo

2160 4432 2572 4485 manasterium
2604 4431 2782 4485 sancti
2830 4431 3118 4486 Laurentii
3147 4431 3209 4484 in
3269 4431 3482 4485 ﬁnibus
3532 4427 3828 4500 Campanis.

2157 4520 2255 4573 ubi
2276 4520 2484 4574 dicitur
2508 4521 2716 4587 Mac...,
2760 4520 2910 4590 quod
2940 4521 3090 4574 idem
3143 4519 3492 4573 venerabilis
3545 4524 3703 4590 pater
3745 4513 3830 4565 sub

2157 4609 2305 4662 dicto
2338 4610 2457 4662 loco
2489 4609 2712 4661 obtulit.
2742 4610 2804 4662 Et
2835 4610 2893 4661 in
2924 4610 3198 4662 comitatu
3228 4609 3530 4663 Sabinensi
3556 4613 3703 4662 terra
3730 4602 3829 4668 (sic)

2157 4697 2369 4752 Ortella
2420 4698 2656 4750 Joannis
2723 4697 3039 4768 presbyteri
3113 4713 3245 4750 cum
3295 4697 3573 4762 ecclesiis,
3627 4691 3826 4748 olivetis

2155 4789 2325 4855 atque
2355 4785 2576 4838 vinetis.
2618 4786 2681 4837 ln
2712 4784 2985 4838 comitatu
3015 4785 3256 4839 Reatino
3282 4789 3435 4837 terra
3487 4784 3632 4853 (sic),
3679 4795 3827 4851 quam

2153 4872 2517 4927 Transaricus
2542 4878 2750 4926 sanctae
2785 4873 2973 4927 Marias
3031 4872 3269 4942 largitus
3318 4877 3421 4926 est.
3477 4874 3539 4926 In
3572 4869 3826 4925 suburba-

2155 4963 2244 5016 nis
2274 4961 2589 5015 Tiburtinas
2616 4961 2856 5015 civitatis
2904 4961 3337 5025 monasterium,
3389 4960 3567 5013 sancti
3614 4954 3829 5013 Adriani

2155 5065 2286 5102 cum
2318 5049 2586 5102 omnibus
2613 5048 2728 5102 suis
2761 5049 3147 5119 pertinentiis.
3181 5050 3245 5102 In
3277 5049 3551 5101 comitatu
3585 5047 3830 5100 Firmano

2153 5155 2241 5191 res
2271 5137 2494 5192 Ottonis
2524 5137 2628 5191 ﬁlii
2685 5138 2972 5191 Anderadi
3000 5153 3130 5190 cum
3162 5135 3398 5190 ecclesia
3443 5134 3673 5189 Domini
3717 5132 3830 5186 Sal-

2152 5225 2384 5289 vatoris,
2433 5230 2492 5278 et
2539 5243 2629 5279 res
2675 5242 2816 5296 quas
2862 5225 3206 5280 Adelmodus
3248 5224 3402 5278 ﬁlius
3470 5219 3829 5278 Hildemodis.

2153 5319 2208 5367 et
2234 5329 2592 5384 quaecunque
2623 5314 2694 5367 ab
2715 5314 3004 5384 aliquibus
3049 5313 3233 5367 eidem
3286 5316 3497 5365 sanctae
3547 5309 3732 5365 Mariae
3777 5306 3827 5358 in

2153 5400 2416 5470 Pharpha
2447 5400 2576 5453 data
2625 5405 2775 5454 sunt.
2811 5402 2876 5454 In
2922 5399 3149 5454 civitate
3193 5399 3403 5453 Ortana
3433 5394 3828 5450 monasterium

2153 5485 2333 5540 sancti
2363 5486 2647 5540 Theodori
2691 5502 2820 5540 cum
2869 5485 3118 5540 ecclesiis
3148 5490 3205 5540 et
3244 5485 3512 5538 omnibus
3551 5483 3827 5552 pertinen-

2150 5574 2246 5628 tiis
2307 5573 2445 5640 suis,
2495 5576 2908 5630 monasterium
2956 5578 3162 5628 sanctas
3221 5574 3410 5628 Maria:
3470 5571 3540 5624 de
3601 5569 3829 5624 Minione
