3914 6190
100 340 174 393 349

100 475 195 513 cum
214 454 447 511 omnibus
476 451 592 506 suis
646 451 1028 523 pertinentiis,
1068 453 1222 524 quod
1262 453 1445 508 beatae
1491 470 1718 508 memo-
1755 456 1797 507 A

96 549 169 601 ria
192 545 353 598 senior
376 546 564 595 noster
589 540 718 594 Otto
748 540 828 594 ibi
848 541 1114 595 restituit.
1146 542 1208 595 In
1226 542 1438 595 Assisio
1473 542 1601 595 duas
1627 559 1715 596 ec-

100 634 235 689 clesize
252 632 348 701 (sic)
375 646 497 700 quae
519 645 691 699 super
711 634 922 683 terram
954 630 1135 699 ipsius
1158 630 1489 683 monasterii
1511 630 1715 699 positae

97 728 207 777 sunt.
249 722 303 774 In
338 718 611 772 Summati
668 718 903 771 ecclesia
951 718 1070 788 (sic)
1105 718 1283 772 sancti
1336 718 1612 785 Silvestri,
1664 723 1719 773 et

97 816 233 864 curtes
258 809 317 862 de
345 806 577 860 ﬂumine
607 811 664 859 et
691 806 761 860 de
798 806 1206 860 monasteriolo
1240 812 1296 860 et
1350 806 1601 861 Porscia.
1654 808 1717 861 In

94 898 309 953 comitatu
338 894 592 949 Balbensi
620 895 1034 948 monasterium
1067 895 1244 948 sancti
1275 896 1717 966 Peregrinicum

93 985 301 1040 omnibus
366 983 479 1036 suis
534 982 919 1053 pertinentiis.
978 985 1109 1037 Haec
1175 984 1353 1053 igitur
1408 984 1621 1049 omnia,
1664 989 1719 1039 et

92 1087 387 1145 quaecunque
411 1071 593 1125 nostri
642 1072 1087 1141 praedecessores
1138 1088 1300 1141 reges
1346 1074 1431 1126 vel
1462 1072 1719 1143 impera-

92 1169 205 1215 tores
238 1159 403 1213 eidem
433 1159 684 1212 ecclesiae
721 1160 901 1213 beatas
926 1158 1111 1214 Mariae
1143 1160 1212 1213 de
1268 1160 1535 1228 Pllarpha
1590 1176 1720 1215 con-

93 1250 314 1314 tulerunt,
331 1264 430 1300 nos
456 1263 560 1316 per
581 1248 727 1301 hanc
748 1247 1020 1317 paginam
1045 1248 1474 1314 confirmamus,
1502 1254 1608 1303 etc.

142 1336 402 1406 Piligriuus
450 1336 914 1389 cancellariusin
946 1336 1124 1389 vicem
1182 1337 1495 1391 Eberhardi
1555 1339 1720 1392 Bam-

90 1425 329 1494 bergensis
353 1423 602 1493 episcopi
631 1428 685 1476 et
715 1424 1155 1494 archicapellani
1194 1425 1521 1495 recognovi.

140 1514 254 1566 Data
299 1528 442 1566 anno
500 1512 813 1566 Dominicaa
870 1512 1285 1567 incarnationis
1360 1515 1514 1579 1019,
1566 1530 1718 1568 anno

88 1600 241 1653 domui
257 1599 470 1655 Henrici
489 1600 779 1670 regnantis
798 1617 926 1666 xvu,
958 1600 1188 1672 imperii
1209 1618 1339 1655 vero
1358 1605 1411 1665 6,
1436 1602 1633 1657 indict.
1659 1619 1717 1667 II,

84 1688 177 1741 loco
205 1687 581 1758 Menesburgh,
618 1703 651 1739 v
682 1687 815 1741 Idus
845 1688 1078 1758 Aprilis.

805 1812 932 1866 CXI.

85 1918 126 1969 S.
166 1915 411 1971 Henricus
474 1916 794 1971 Godehardo
867 1918 1061 1973 abbati

620 1989 869 2058 quadam
897 1992 1123 2055 confert.

663 2097 847 2160 (Anno
900 2094 1083 2164 1019.)

252 2197 556 2271 [Ludewig
588 2201 765 2269 Scrip.
791 2216 896 2254 rer.
928 2199 1132 2265 Germ,
1166 2216 1227 2270 p.
1265 2201 1506 2271 337-38.)

1749 1731 1791 1785 Β

1138 1919 1427 1973 Altahensi
1505 1919 1720 1991 praedia

134 2305 183 2358 lu
209 2306 419 2360 nomine
453 2311 663 2360 sanctas
690 2312 745 2361 et
774 2306 1085 2361 individuam
1127 2306 1440 2374 Trinitatis,
1501 2309 1723 2364 Hermu-

86 2409 167 2459 crs,
193 2393 360 2448 divina
388 2396 691 2450 clementia
721 2396 966 2465 favente,
1022 2398 1413 2451 Romanorum
1465 2396 1721 2467 impera-

85 2486 150 2534 tor
170 2486 447 2552 Augustus.

132 2571 311 2643 Siquid
332 2573 608 2627 Ecclesias
642 2573 740 2627 Dei
769 2574 859 2628 vel
912 2573 973 2627 in
1015 2573 1229 2628 eisdem
1288 2573 1599 2627 servientes
1650 2575 1719 2629 de

83 2661 244 2713 nostris
271 2661 443 2715 ditare
480 2662 891 2727 studuerimus,
927 2663 1125 2731 procul
1154 2662 1328 2716 dubio
1386 2662 1717 2717 immarces-

83 2746 257 2801 sibilem
329 2749 637 2819 praemium
698 2749 755 2802 in
806 2749 999 2802 futuro
1065 2765 1359 2819 capessere
1415 2750 1719 2806 credimus.

84 2834 173 2896 Qua
195 2836 254 2889 de
278 2853 333 2889 re
366 2837 585 2891 cunctis
616 2836 882 2891 ﬁdelibus
913 2838 1123 2891 nostris
1168 2838 1547 2907 praesentibus
1607 2839 1719 2892 sci—

80 2921 177 2975 licet
208 2928 255 2977 et
306 2925 510 2979 futuris
564 2931 764 2979 notum
813 2942 934 2979 esse
973 2928 1236 2980 volumus
1291 2927 1536 2996 qualiter
1591 2944 1714 2992 nos,

81 3016 260 3066 aeternae
278 3014 400 3068 vita:
423 3014 709 3068 desiderio
758 3014 1263 3082 inflammati,tam
1304 3032 1410 3084 pro
1460 3016 1715 3069 remedio

83 3100 243 3155 animas
268 3108 467 3157 nostrae
501 3120 677 3173 quam
709 3108 1013 3173 parentum
1053 3108 1404 3170 nostrorum,
1439 3121 1545 3157 nec
1600 3120 1719 3158 non

81 3193 121 3240 et
163 3190 455 3244 interventu
489 3192 713 3244 dilectae
765 3190 1089 3245 contectalis
1128 3196 1339 3245 nostras
1374 3192 1719 3263 Chunigun—

82 3272 159 3337 de,
227 3280 278 3329 et
330 3294 432 3346 pro
508 3277 704 3331 dilecti
754 3277 1069 3331 Altabensis
1119 3277 1340 3331 abbatis
1399 3278 1720 3332 Godeliardi

80 3363 347 3430 gratissimo
423 3366 725 3435 obsequio,
801 3366 991 3419 eidem
1068 3366 1331 3420 Ecclesia:
1414 3366 1505 3419 cui
1596 3367 1718 3437 ipse

81 3465 276 3516 praesse
318 3454 561 3518 videtur,
625 3456 683 3508 in
738 3471 905 3508 usum
965 3456 1375 3509 monachorum
1426 3455 1568 3508 inibi
1606 3456 1719 3510 Deo

79 3536 451 3608 famulantium,
488 3544 549 3595 in
582 3543 814 3596 marcha
837 3548 891 3597 et
920 3544 1195 3597 comitatu
1226 3543 1515 3597 Adalberti
1568 3561 1716 3598 mar-

81 3624 269 3689 cbionis,
322 3629 518 3684 decem
550 3632 772 3700 regales
814 3647 1043 3685 mansos
1093 3631 1246 3684 inter
1282 3632 1385 3685 hos
1441 3633 1721 3686 terminos

80 3712 197 3780 sitos,
245 3717 307 3770 ab
358 3719 698 3772 occidentali
762 3719 1025 3773 videlicet
1082 3720 1253 3789 plaga
1305 3735 1477 3789 super
1526 3719 1719 3772 villam

79 3815 172 3869 quia
196 3805 414 3861 Abstorf
461 3812 850 3877 nuncupatur,
907 3809 976 3862 de
1034 3808 1225 3862 medio
1282 3808 1534 3861 Danubis
1557 3809 1719 3861 alveo

77 3902 217 3961 usque
242 3894 297 3947 in
336 3896 586 3950 rivulum
619 3895 717 3964 qui
769 3901 1000 3951 vocatur
1039 3896 1326 3960 Smidaha,
1361 3897 1720 3965 longitudine

78 3976 126 4028 ad
152 3980 462 4036 orientalem
496 3984 749 4053 plagam,
774 3983 1134 4053 longitudine
1167 3999 1301 4036 vero
1355 3986 1553 4036 contra
1594 3983 1715 4036 Wa-

78 4066 201 4130 grein
226 4077 483 4139 vergente
516 4072 577 4124 in
601 4071 736 4125 locis
763 4072 1158 4142 probabilibus
1213 4071 1457 4141 usuique
1494 4087 1721 4141 semper

76 4155 201 4221 aptis.
232 4158 465 4229 Insuper
494 4160 669 4214 etiam
704 4162 1002 4231 parvulam
1033 4161 1281 4214 insulam
1324 4160 1385 4213 in
1435 4161 1716 4227 Danubio,

77 4247 231 4296 contra
269 4249 529 4302 eamdem
586 4248 779 4302 villam
832 4251 1140 4318 jacentem,
1187 4265 1291 4318 per
1339 4250 1487 4301 hanc
1536 4249 1713 4302 nostri
1750 4258 1790 4309 D

75 4335 291 4403 precepti
318 4338 590 4406 paginam
625 4337 990 4390 concedimus
1020 4342 1193 4407 atque
1233 4337 1534 4407 largimur,
1587 4353 1714 4391 cum

76 4419 293 4474 omnibus
320 4424 677 4494 appendiciis
708 4425 778 4479 ad
810 4425 1041 4479 eosdem
1071 4425 1514 4494 pertinentibus,
1549 4426 1715 4488 areis,

74 4506 298 4576 (adiﬁciis,
355 4513 527 4566 terris
599 4514 764 4567 cultis
821 4519 877 4568 et
914 4514 1166 4581 incultis,
1235 4514 1432 4584 pratis,
1493 4514 1718 4585 pascuis

75 4598 114 4643 et
154 4602 509 4669 compascuis,
580 4602 684 4655 viis
734 4606 791 4656 et
862 4598 1069 4670 inviis,
1112 4603 1294 4673 aquis,
1368 4619 1719 4673 aquarumve

72 4680 374 4751 decursibus,
410 4690 777 4750 molendinis,
836 4691 1267 4761 piscationibus,
1320 4692 1721 4746 venationibus

73 4768 189 4824 silvis
239 4778 559 4848 exstirpatis
612 4779 699 4832 vel
762 4780 947 4833 adhuc
1004 4780 1403 4850 exstirpandis,
1446 4796 1546 4833 seu
1590 4796 1719 4834 cum

72 4860 291 4916 omnibus
314 4883 443 4935 qua:
467 4866 581 4920 dici
613 4868 697 4920 vel
725 4868 1009 4921 nominari
1060 4873 1299 4938 possunt
1356 4869 1718 4934 utensilibus,

1750 3008 1790 3062 C

72 4950 111 4996 et
133 4948 189 5001 de
208 4958 389 5008 nostro
412 4955 704 5024 imperiali
734 4957 863 5026 jure
906 4956 966 5009 in
997 4958 1120 5026 ejus
1141 4957 1237 5026 jus
1282 4972 1347 5009 ac
1397 4956 1717 5010 dominium
1798 4982 1803 4985 Α

73 5038 261 5093 omnino
291 5044 770 5110 transfundimus,
806 5061 868 5098 ea
907 5045 1124 5115 quippe
1181 5045 1401 5098 ratione
1447 5049 1509 5098 ut
1566 5062 1714 5115 pric-

75 5122 215 5179 dictus
266 5131 439 5185 abbas
530 5133 730 5203 suique
813 5150 1165 5187 successores
1219 5134 1421 5187 exinde
1477 5134 1719 5188 liberam

72 5206 268 5271 habeant
293 5223 639 5288 potestatem
676 5223 928 5289 tenendi,
964 5222 1378 5288 commutandi,
1411 5222 1499 5275 vel
1551 5222 1716 5292 quid-

72 5300 169 5364 quid
198 5305 269 5357 eis
298 5307 357 5360 iu
392 5324 564 5361 usum
592 5310 995 5379 praedictorum
1034 5310 1275 5364 fratrum
1311 5326 1478 5380 agere
1530 5310 1716 5363 libue-

71 5384 134 5440 rit.
158 5390 213 5444 Et
233 5399 290 5447 ut
317 5395 438 5449 haec
481 5402 691 5451 nostra:
750 5398 1073 5453 donationis
1106 5397 1416 5452 auctoritas
1450 5398 1709 5452 omnium

70 5470 323 5535 hominum
380 5485 834 5539 contradictione
882 5476 1124 5549 remota,
1184 5485 1401 5539 stabilis
1458 5490 1514 5540 et
1549 5485 1717 5538 ﬁrma

70 5571 260 5634 constet,
285 5570 429 5627 hanc
482 5572 738 5627 chartam
782 5589 849 5627 ex
906 5578 1105 5628 nostra
1149 5573 1412 5643 jussione
1464 5573 1714 5627 conscri-

1284 327 1684 385 DIPLOMATA
1723 327 2275 385 ECCLESIASTICA.

3415 337 3518 390 350

1830 458 1990 523 ptam
2048 469 2110 507 ac
2158 452 2440 522 signatam
2502 470 2675 508 manu
2731 456 2963 526 propria
3009 456 3208 511 subtus
3259 457 3517 514 ﬁrmavi-

1826 556 1972 593 mus.

1898 631 2037 683 Data
2059 647 2133 683 vii
2172 630 2305 685 Idus
2338 630 2569 700 Aprilis,
2627 632 2825 687 indict.
2890 651 2949 698 ιι,
3002 650 3151 687 anno
3211 635 3518 689 Dominicm

1824 717 2235 771 incarnationis
2288 720 2441 783 1019,
2480 736 2631 773 anno
2679 737 2813 775 vero
2878 722 3096 776 domini
3146 723 3370 776 Henrici
3426 740 3517 778 se-

1827 807 1996 861 cundi
2027 807 2321 875 regnantis
2343 824 2476 870 xvn,
2512 809 2740 879 imperii
2766 827 2917 863 anno
2947 826 3020 865 v1.

1896 896 2101 948 Actum
2125 896 2452 965 Merseburg
2473 896 2732 950 feliciter.
2766 899 2971 951 Amen.

2572 985 2727 1039 CXII.

2253 1070 2514 1125 Heinrici
2578 1074 2633 1125 II
2686 1075 3033 1195 imperatoris
3091 1073 3157 1127 de
3202 1080 3411 1130 moneta
3472 1080 3522 1130 et

2540 1158 2717 1195 mcrca
2746 1159 2799 1195 u.

2540 1158 2799 1196 mercatu.

2341 1210 2525 1280 (Anno
2568 1214 2720 1281 1019,
2756 1216 2775 1266 1
2826 1213 3005 1284 Julii.)

2077 1298 2349 1367 [Dronke,
2373 1301 2501 1355 Cod.
2526 1300 2749 1369 diplom.
2782 1303 2963 1366 Fuld.,
2994 1318 3052 1371 p.
3110 1300 3271 1373 346.]

1899 1387 1963 1439 In
1992 1386 2227 1441 nomine
2254 1393 2465 1441 sanctae
2522 1395 2575 1441 et
2624 1389 2938 1442 individua
2969 1391 3281 1455 Trinitatis,
3345 1394 3520 1445 llam-

1827 1490 1981 1529 nrcus
2018 1475 2209 1529 divina
2258 1476 2481 1530 favente
2535 1477 2838 1531 clementia
2894 1478 3279 1532 Romanorum
3340 1480 3521 1549 impe-

1831 1569 1988 1616 rator
2007 1567 2313 1633 Augustus.

1899 1652 2258 1706 Venerabilia
2337 1652 2545 1706 divinas
2614 1652 2907 1724 religionis
2989 1654 3248 1708 cmuobia
3330 1654 3521 1708 muni-

1832 1740 2076 1795 ﬁcentise
2127 1745 2337 1794 nostrae
2392 1741 2555 1795 donis
2632 1744 2899 1805 exaltare,
2961 1758 3025 1795 ac
3083 1759 3379 1796 servorum
3431 1742 3527 1796 dei

1832 1829 2048 1883 utilitas
2144 1830 2591 1884 misericorditer
2689 1831 2980 1885 attendere
3064 1831 3228 1885 nobis
3296 1836 3525 1885 aeterna:

1830 1918 2318 1972 remunerationis
2374 1935 2473 1989 spe
2578 1919 2958 1972 necessarium
3034 1935 3154 1972 esse
3232 1919 3515 1974 ducimus.

1831 2006 2079 2059 Proinde
2107 2006 2374 2059 omnibus
2421 2005 2627 2059 Christi
2660 2007 2952 2076 nostrique
3010 2006 3274 2061 ﬁdelibus
3320 2013 3523 2062 notum

1831 2109 1953 2147 esse
1980 2094 2242 2147 volumus
2293 2093 2541 2164 qualiter
2572 2110 2695 2156 nos,
2728 2110 2831 2163 per
2861 2095 3248 2148 interventum
3308 2095 3526 2147 dilectas

1831 2182 2093 2253 conjugis
2117 2186 2325 2236 nostra:
2356 2182 2753 2251 Chunigundas
2800 2182 3182 2252 imperatricis
3233 2185 3523 2253 Augustae,

1828 2272 1889 2325 in
1951 2272 2076 2324 loco
2137 2271 2235 2341 qui
2290 2271 2468 2325 Fulda
2515 2271 2743 2337 dicitur,
2804 2271 2902 2324 ubi
2950 2270 3364 2324 monasterium
3420 2272 3524 2324 sub

1830 2359 2030 2429 regula
2062 2359 2394 2412 monachica
2425 2360 2482 2412 in
2537 2359 2757 2413 honore
2810 2364 3017 2413 sanctas
3073 2359 3174 2413 Dei
3232 2358 3524 2429 genitricis

1832 2446 2018 2499 Marias
2044 2463 2109 2499 ac
2137 2446 2288 2499 beati
2320 2446 2607 2499 Bonefacii
2635 2447 2884 2500 martiris
2932 2448 2991 2500 in
3051 2462 3198 2517 pago
3238 2446 3527 2500 Pocbonia

1830 2540 2217 2588 constructum
2248 2541 2351 2601 est,
2404 2536 2493 2588 cui
2543 2536 2714 2588 etiam
2754 2535 3141 2589 venerabilem
3182 2551 3246 2588 ac
3302 2535 3527 2605 religio-

1830 2640 1956 2676 sum
1982 2623 2168 2677 virum
2202 2624 2549 2677 Richardum
2595 2624 2970 2694 praefecimus,
3032 2623 3348 2692 legitimam
3410 2639 3527 2676 mo-

1832 2717 2020 2765 netam
2043 2729 2107 2765 ac
2162 2712 2453 2780 publicum
2500 2717 2811 2764 mercatum
2871 2713 3235 2765 concedimus
3290 2729 3352 2765 ac
3406 2717 3524 2765 sta-

1829 2800 2067 2868 tuimus,
2092 2800 2477 2869 omnibusque
2498 2801 2706 2870 quibus
2726 2801 3204 2870 placetvendendi
3223 2801 3523 2854 etemendi

1830 2889 2155 2943 facultatem
2192 2893 2248 2942 et
2278 2893 2620 2958 potestatem
2648 2890 2978 2954 tribuimus,
3012 2890 3280 2943 omnibus
3333 2890 3525 2943 homi-

1832 2994 1972 3031 num
2004 2977 2452 3031 contradictione
2486 2982 2543 3031 et
2570 2977 2972 3047 inquietudine
3021 2981 3259 3031 remota.
3314 2978 3525 3031 Thelo—

1830 3083 2003 3120 neum
2035 3066 2207 3119 etiam
2244 3082 2305 3118 ac
2335 3066 2655 3119 districtum
2684 3066 2993 3136 omniaque
3023 3066 3091 3119 de
3119 3066 3319 3119 eodem
3369 3082 3519 3118 mer-

1827 3160 1955 3209 catu
1985 3159 2039 3207 et
2066 3158 2298 3207 moneta
2337 3170 2439 3206 nos
2479 3170 2542 3206 ex
2576 3154 2750 3221 regali
2800 3158 2856 3207 et
2914 3154 3203 3223 imperiali
3247 3154 3377 3222 jure
3433 3169 3521 3206 re-

1829 3242 2129 3313 spicientia
2158 3242 2591 3311 praenominatas
2621 3241 2891 3295 Fuldensi
2924 3242 3175 3295 ecclesiae
3229 3258 3333 3312 per
3377 3242 3525 3296 hanc

1828 3331 2185 3401 imperialem
2217 3330 2490 3400 paginam
2524 3330 2579 3383 in
2612 3330 2913 3400 proprium
2938 3331 3221 3384 donamus
3262 3334 3318 3385 et
3350 3330 3521 3401 largi-

1830 3436 1991 3484 mur;
2052 3435 2117 3472 ea
2174 3419 2389 3472 scilicet
2440 3418 2658 3471 ratione
2715 3424 2779 3471 ut
2838 3419 3145 3488 prcedictus
3210 3419 3521 3473 Richardus

1830 3509 2003 3561 abbas
2048 3507 2252 3577 suique
2312 3523 2665 3560 successores
2722 3507 2961 3560 liberam
3020 3507 3222 3561 exinde
3274 3508 3524 3561 habeant

1829 3601 2166 3666 potestatem
2199 3595 2477 3665 quidquid
2530 3595 2609 3647 eis
2659 3596 2938 3663 placuerit
2990 3595 3236 3649 faciendi
3266 3596 3335 3648 ad
3368 3595 3518 3648 utili-

1827 3690 2002 3739 tatem
2052 3684 2454 3737 tantummodo
2506 3683 2744 3735 fratrum
2778 3688 2834 3735 ct
2872 3684 3129 3736 Ecclesia:
3163 3684 3378 3737 ibidem
3417 3683 3521 3736 sub

1831 3774 2031 3841 regula
2053 3772 2232 3825 sancti
2264 3770 2551 3824 Benedicti
2585 3772 2696 3823 Deo
2756 3771 3150 3824 servientium.
3192 3773 3257 3823 Et
3309 3776 3371 3823 ut
3400 3772 3522 3824 haec

1829 3867 2040 3915 nostrae
2088 3859 2469 3913 concessionis
2501 3875 2563 3910 ac
2594 3858 2922 3911 donationis
2950 3857 3257 3910 auctoritas
3304 3856 3523 3909 stabilis

1830 3957 1887 4005 et
1915 3949 2246 4003 inconvulsa
2276 3947 2432 4001 omni
2462 3951 2796 4016 permaneat
2825 3962 2967 4009 arvo,
3015 3947 3123 3998 hoc
3172 3949 3522 4016 praeceptum

1829 4038 1962 4091 inde
1985 4036 2368 4106 conscriptum
2397 4034 2571 4105 sigilli
2601 4034 2778 4087 nostri
2827 4034 3204 4103 impressione
3247 4034 3523 4102 jussimus

1829 4124 2113 4194 insigniri.

1900 4216 2127 4281 Signum
2177 4214 2361 4267 domm’
2419 4214 2658 4267 Heinrici
2731 4214 3081 4265 invictissimi
3156 4214 3523 4266 Romanorum

1828 4305 2172 4372 imperatoris
2202 4308 2251 4355 et
2278 4304 2535 4368 Augusti.

1903 4391 2251 4445 Guntherius
2281 4388 2651 4443 cancellarius
2676 4389 2747 4441 ad
2798 4388 2976 4441 vicem
3036 4388 3379 4443 Erkenbaldi
3434 4404 3523 4441 ar-

1829 4479 2202 4549 chicapellani
2234 4478 2582 4548 recognovit.

1900 4570 2036 4622 Data
2067 4568 2184 4621 Kal.
2219 4568 2355 4629 Jul.,
2393 4583 2543 4620 anno
2576 4565 2886 4619 Dominicae
2917 4565 3328 4619 incarnationis
3364 4567 3514 4627 1014,

1830 4673 1983 4709 anno
2013 4672 2145 4709 vero
2176 4655 2371 4709 domui
2400 4654 2645 4708 Heinrici
2687 4655 3078 4708 Romanorum
3113 4653 3317 4723 imper.
3375 4656 3515 4722 Aug.

1830 4743 2124 4813 regnantis
2153 4759 2285 4796 xvm
2318 4742 2545 4811 imperii
2578 4757 2708 4793 vero
2740 4757 2811 4793 v1.

1898 4836 2101 4886 Actum
2129 4832 2379 4888 Colonia:
2412 4830 2677 4884 feliciter.
2717 4832 2921 4883 Amen.

2586 4918 2763 4972 CXIII.

1827 5011 1882 5065 S.
1943 5010 2222 5063 Heinricus
2285 5007 2532 5060 Ecclesia:
2588 5006 3015 5059 Padcrbornensi
3089 5006 3289 5055 curtem
3360 5002 3517 5053 Ham-

2429 5078 2695 5129 monstedi
2728 5077 2910 5127 donat.

2468 5149 2653 5211 (Anno
2706 5145 2886 5212 1020)

2114 5217 2266 5289 [Cod.
2297 5209 2520 5285 diplom.
2558 5220 2697 5270 Hist.
2738 5209 3003 5281 Westph.,
3038 5209 3237 5281 p.79.]

1898 5309 1956 5363 C.
2021 5308 2085 5360 In
2138 5306 2370 5359 nomine
2434 5311 2644 5358 sanctae
2709 5308 2768 5356 et
2837 5300 3150 5354 individuus
3203 5298 3515 5353 Trinitatis.

1825 5399 2139 5457 ﬂammeus,
2192 5394 2385 5448 divina
2452 5394 2673 5447 favente
2731 5388 3058 5453 clementia,
3127 5389 3521 5442 Romanorum

1824 5485 2135 5554 imperator
2165 5484 2475 5552 Augustus.

1893 5570 2295 5626 Saluberrimis
2345 5569 2489 5622 sacri
2546 5565 2763 5636 eloquii
2811 5565 3272 5620 institutionibus
3336 5562 3523 5619 erudi-

1896 1069 2169 1125 Concessio
