4016 6202
385 373 478 426 351

390 511 542 561 mur,
627 493 1017 563 exemplisque
1099 492 1496 563 religiosorum

386 585 768 638 admonemur
807 587 890 649 ut,
923 581 1257 652 temporalia
1289 586 1345 634 et
1365 585 1592 634 terrena
1617 595 1722 649 pro
1757 579 1856 632 Dei
1882 596 2076 632 amore

385 673 661 727 donantes
717 671 1038 734 commoda,
1090 674 1304 722 aeterna
1356 673 1412 721 et
1459 668 1579 720 sine
1621 667 1734 720 fine
1789 667 2080 720 manentia

387 760 717 813 studeamus
746 758 983 828 adipisci
1015 757 1180 810 bona.
1213 756 1573 826 Quapropter
1594 754 1855 808 noverint
1883 771 2082 808 omnes

389 847 592 902 Christi
624 847 820 899 fideles
849 850 1155 914 przesentes
1206 844 1421 897 scilicet
1471 848 1642 913 atque
1703 843 1880 898 futuri
1939 860 2080 913 qua-

386 937 518 991 liter
586 952 712 997 nos,
772 950 872 1004 per
911 935 1291 987 interventum
1343 933 1614 1002 spiritalis
1673 933 1850 1002 patris
1904 931 2082 985 nostri

391 1023 586 1079 domui
649 1023 910 1076 videlicet
977 1038 1138 1092 papa:
1206 1021 1513 1087 Benedicti,
1583 1020 2082 1090 dilectissimaeque

392 1111 654 1181 conjugis
702 1116 911 1164 nostra:
968 1111 1384 1181 Chnnigundm,
1434 1127 1539 1164 uec
1592 1127 1704 1163 non
1739 1109 2078 1162 venerabilis

389 1200 834 1269 Mogontineusis
915 1201 1166 1253 ecclesia
1210 1199 1618 1268 archiepiscopi
1686 1197 2080 1263 Erchanbaldi,

390 1288 742 1343 dilectissimi
801 1289 980 1341 nostri
1059 1287 1547 1356 Babcnbcrgensis
1608 1286 1860 1356 episcopi
1919 1286 2084 1339 Eber-

385 1377 570 1442 hardi,
638 1376 1016 1446 Frisingensis
1110 1392 1337 1446 quoque
1439 1375 1688 1444 episcopi
1792 1373 2080 1443 Egilberti,

386 1464 753 1534 maximeque
784 1465 856 1517 ob
879 1465 1017 1532 juge
1045 1469 1100 1515 et
1138 1462 1484 1516 indefessum
1553 1461 1851 1514 servicinm
1913 1477 2084 1514 vene-

387 1553 552 1607 randi
602 1551 993 1621 Meginwerchi
1047 1551 1320 1620 episcopi,
1374 1556 1436 1602 ut
1487 1550 1582 1603 ille
1636 1549 1848 1602 nullius
1891 1549 2086 1603 aemuli

389 1638 720 1709 obprobriis
773 1639 1080 1708 subjaceat,
1116 1639 1252 1709 quin
1287 1639 1416 1708 plus
1468 1638 1736 1691 omnibus
1769 1638 1930 1691 nobis
1976 1654 2087 1690 scr-

387 1727 566 1793 viens,
599 1727 839 1798 praemia
879 1728 1240 1797 honoresque
1285 1727 1478 1796 plures
1518 1743 1551 1779 a
1606 1725 1772 1779 nobis
1824 1725 2084 1794 accipiat,

387 1816 783 1886 exemplisque
816 1815 998 1869 nostri
1051 1813 1447 1878 emolumenti,
1508 1814 1647 1867 alios
1697 1815 1764 1868 ad
1825 1819 2082 1867 nostrum
2115 1797 2155 1850 Β

389 1905 558 1959 ﬁdele
580 1908 848 1974 provocet
869 1902 1190 1968 servicium,
1247 1903 1314 1956 ad
1345 1902 1872 1956 Paderbnrneusem
1907 1903 2082 1955 eccle-

390 1993 530 2048 siam
559 1992 617 2046 in
651 1992 868 2046 honore
923 2001 1131 2045 sanctas
1174 1991 1272 2044 Dei
1327 1990 1619 2059 genitricis
1661 1991 1848 2045 Mariae
1907 1991 2083 2043 sancti

392 2099 504 2152 que
551 2082 758 2135 Kiliani
808 2080 1092 2150 martyris,
1149 2096 1399 2133 necnon
1463 2080 1639 2132 sancti
1695 2079 1906 2133 Liborii
1955 2095 2086 2132 con-

389 2170 616 2224 fessoris
721 2173 1080 2235 constructae,
1167 2168 1258 2222 cui
1355 2167 1663 2238 praedictus
1747 2166 2085 2220 venerabilis

391 2258 866 2314 Mechiuwerchus
971 2257 1268 2327 episcopus
1383 2271 1624 2326 praeesse
1746 2255 2080 2310 dinoscitur.

392 2347 681 2419 quandam
710 2347 885 2400 nostri
911 2347 1058 2416 juris
1111 2350 1331 2399 curtem
1383 2344 1813 2398 Hammonstedi
1852 2344 2083 2411 dictam,

391 2434 449 2488 in
490 2450 640 2504 pago
671 2434 897 2504 Rittega
928 2439 985 2486 et
1010 2433 1067 2486 iu
1096 2433 1365 2486 comitatu
1399 2433 1597 2485 Utonis
1621 2431 1842 2485 comitis
1897 2432 2085 2500 sitam,

391 2539 508 2577 una
537 2539 666 2576 cum
700 2523 967 2576 omnibus
1001 2522 1123 2590 ejus
1153 2520 1514 2591 pertinentiis
1549 2521 1664 2574 sive
1697 2520 2086 2583 adhmrentiis,

396 2611 454 2686 in
496 2626 839 2681 quocunque
873 2624 1019 2678 pago
1050 2609 1135 2661 vel
1191 2610 1462 2662 comitatu
1499 2609 1606 2661 sita
1663 2607 1793 2672 sint,
1830 2607 2092 2660 videlicet

395 2715 522 2752 cum
557 2698 713 2762 vicis,
772 2697 938 2760 villis,
991 2696 1263 2763 ecclesiis,
1324 2697 1499 2750 servis
1530 2701 1587 2748 et
1629 2695 1870 2760 ancillis,
1919 2696 2088 2760 areis,

396 2786 670 2852 aedificiis,
720 2785 886 2838 terris
919 2785 1086 2838 cultis
1116 2791 1173 2838 et
1225 2785 1475 2849 incultis,
1506 2785 1634 2850 viis,
1693 2783 1879 2850 inviis,
1930 2785 2086 2837 exiti-

399 2875 504 2928 bus
536 2880 591 2928 et
622 2873 920 2939 reditibus,
969 2872 1225 2942 qumsitis
1276 2877 1332 2925 et
1381 2871 1760 2942 inquirendis,
1801 2870 1978 2938 silvis,
2013 2871 2094 2924 fo-

397 2963 660 3026 restibus,
709 2961 1128 3025 venationibus,
1179 2960 1360 3030 aquis.
1409 2960 1841 3031 piscationibus,
1898 2960 2089 3023 molis,

1677 369 1732 422 S.
1777 367 2070 423 HENRICI
2110 365 2586 422 IMPERATORIS

1594 491 2080 546 excellentissimis
2112 493 2157 546 A
2196 493 2312 544 Deo
2354 490 2576 545 donasti
2632 490 2867 546 ditando
2930 488 3276 555 extollimus,
3331 505 3448 544 non
3507 491 3692 546 solum
3756 495 3870 549 vita

3779 374 3869 424 352

2192 585 2401 634 nostra;
2477 579 2998 650 longanimitatem,
3083 595 3278 633 verum
3343 579 3515 632 etiam
3558 581 3720 651 regni
3783 599 3874 635 nos

2191 668 2626 739 prosperitatem
2657 685 2867 739 augere
2901 684 3218 739 speramus.
3253 669 3615 738 Quapropter
3671 672 3877 724 noverit

2190 757 2448 811 omnium
2480 763 2686 810 sanctas
2714 756 2814 810 Dei
2839 756 3088 810 ecclesia:
3129 756 3385 810 fidelium
3437 762 3874 828 nostrorumque

2193 846 2529 900 universitas
2561 846 2932 916 praesentium
2982 843 3196 897 scilicet
3241 860 3306 896 ac
3371 844 3703 898 futurorum
3745 862 3872 915 qua-

2192 936 2320 989 liter
2350 951 2476 1000 uos,
2515 951 2616 1004 pro
2646 934 2855 986 animae
2897 937 3105 986 nostrze
3139 933 3392 986 remedio
3435 937 3870 1004 nostrorumque

2190 1029 2638 1086 antecessorum,
2673 1038 2778 1076 nec
2818 1038 2928 1075 non
2970 1025 3025 1074 et
3051 1037 3155 1091 pro
3215 1022 3394 1074 salute
3426 1021 3653 1074 dilecta:
3686 1024 3867 1091 conju-

2192 1113 2279 1182 gis
2313 1116 2520 1164 nostrae
2571 1111 2926 1180 Cunigundae
2978 1109 3356 1179 imperatricis
3405 1109 3674 1163 videlicet
3711 1127 3871 1180 augu-

2193 1207 2314 1266 stm,
2349 1205 2522 1270 atque
2551 1215 2654 1270 per
2692 1200 3078 1252 interventum
3124 1198 3359 1251 Gcronis
3393 1197 3870 1267 Magedeburgeu-

2193 1290 2269 1344 sis
2315 1288 2731 1359 archiepiscopi
2796 1286 3243 1356 Dutichonisque
3300 1286 3546 1346 comitis.
3599 1288 3865 1356 quandam

2193 1381 2403 1430 nostra
2467 1374 2835 1444 proprietatis
2887 1373 3140 1427 forestim
3201 1373 3259 1425 iu
3308 1374 3589 1425 comitatu
3641 1375 3868 1442 ejusdem

2196 1464 2528 1519 Dutichonis
2560 1464 2748 1529 sitam,
2777 1479 2903 1533 quas
2937 1461 3173 1516 inicinm
3213 1462 3388 1515 sumit
3419 1461 3488 1514 de
3531 1462 3870 1515 Bothalmin-

2195 1554 2472 1621 gabnsun.
2513 1557 2783 1622 rectoque
2815 1551 3041 1604 tramite
3082 1550 3444 1621 protenditur
3492 1551 3550 1602 in
3602 1550 3872 1602 Vuisaram

2195 1641 2457 1708 fluvium,
2495 1640 2688 1710 sicque
2745 1655 3042 1692 ascensum
3101 1638 3257 1691 ducit
3301 1637 3361 1691 in
3421 1637 3667 1692 fluvium
3723 1638 3876 1691 Fulda

2195 1730 2432 1791 dictum,
2477 1729 2608 1782 inde
2648 1743 2782 1781 vero
2832 1727 3208 1780 continuatim
3247 1732 3433 1780 servat
3484 1726 3577 1780 sui
3618 1742 3864 1780 ascensus

2193 1823 2450 1873 tenorem
2474 1818 2640 1886 juxta
2665 1817 2911 1870 eundem
2930 1815 3170 1869 fluvium
3198 1815 3373 1869 Fulde
3396 1831 3583 1885 usque
3618 1814 3680 1868 in
3707 1815 3875 1868 rivum

2194 1907 2522 1978 quidicitur
2551 1904 2958 1969 Grumelbichi,
2996 1919 3096 1958 nec
3141 1919 3256 1957 non
3289 1905 3360 1956 ad
3409 1903 3696 1972 oppidum
3741 1902 3876 1974 quod

2194 1996 2516 2048 Holiliusun
2557 2000 2790 2047 vocatur
2845 1992 2995 2045 viam
3040 1992 3243 2056 tendit,
3295 1991 3467 2044 simul
3517 1992 3779 2060 graditur
3825 1992 3873 2044 iu

2192 2083 2558 2139 0thilanham
2617 2087 2671 2135 et
2728 2081 2786 2135 in
2817 2080 3379 2135 Rechinherishusun
3440 2084 3616 2150 atque
3667 2079 3738 2133 ad
3788 2081 3875 2134 lto.

2195 2171 2620 2238 tliiereshusuu,
2654 2187 2780 2224 mox
2822 2169 3010 2240 pergit
3037 2170 3108 2222 ad
3149 2168 3556 2222 Rikillahusun
3606 2173 3777 2236 atque
3819 2167 3877 2220 ad

2193 2260 2514 2324 Bevcrbiki,
2539 2261 2730 2330 sicque
2762 2258 3122 2329 protenditur
3161 2257 3220 2310 in
3250 2257 3400 2309 viam
3436 2271 3570 2327 quae
3610 2256 3794 2310 tendit
3820 2257 3878 2308 ad

2196 2348 2764 2411 Vulfrcdeskirchuu,
2819 2348 3073 2417 itemque
3157 2346 3213 2398 in
3272 2347 3512 2399 alteram
3564 2345 3718 2398 viam
3772 2359 3880 2414 quae

2197 2437 2522 2492 extenditur
2551 2438 2618 2490 ad
2647 2436 3050 2490 Guunesbnrin
3091 2439 3145 2487 et
3175 2434 3242 2488 ad
3295 2433 3881 2491 Vuicmonnesbusun,

2198 2528 2393 2597 sicque
2424 2527 2665 2597 girando
2697 2525 2900 2578 circuit
2943 2523 3229 2594 quandam
3280 2523 3432 2576 viam
3460 2537 3591 2592 quae
3648 2521 3888 2590 pervenit

2202 2633 2380 2687 usque
2421 2616 2490 2669 ad
2550 2613 2892 2686 praedictum
2941 2613 3215 2684 oppidum
3278 2611 3888 2679 Rotlialmiugahusun,

2200 2710 2406 2758 sancta!
2464 2701 2966 2758 Paderbrunnensi
3045 2700 3292 2754 ecclesim
3371 2702 3462 2753 cui
3553 2699 3892 2752 venerabilis

2199 2795 2478 2866 nobisque
2509 2794 2749 2847 dilectus
2801 2790 3011 2863 praesul
3052 2789 3456 2844 Meinwerchns
3521 2804 3773 2858 praeesse
3821 2787 3887 2838 vi-

2203 2883 2386 2950 detur,
2423 2882 2490 2935 ad
2523 2882 2700 2935 altare
2731 2884 2787 2933 et
2845 2878 3117 2949 reliquias
3174 2883 3381 2930 sanctae.
3435 2878 3537 2931 Dei
3605 2875 3892 2946 genitricis

2202 2971 2388 3026 Mariae.
2415 2971 2709 3040 sanctique
2742 2967 3009 3038 martyris
3038 2971 3092 3020 et
3125 2966 3373 3036 episcopi
3407 2965 3615 3019 Kiliani
3684 2981 3745 3018 ac
3774 2980 3891 3016 san-

403 3049 770 3112 molendinis,
854 3049 1022 3103 rebus
1070 3048 1380 3102 mobilibus
1447 3053 1504 3101 et
1563 3046 1975 3112 immobilibus,
2029 3063 2092 3100 ac

2319 3059 2526 3115 Liborii
2580 3057 2931 3124 confessoris,
2966 3072 3093 3110 cum
3141 3055 3296 3108 omni
3343 3054 3587 3107 utilitate
3650 3070 3780 3125 quae
3833 3053 3892 3105 ab

402 3139 623 3192 caeteris
662 3138 924 3191 omnibus
988 3153 1114 3207 quae
1176 3137 1278 3189 rite
1336 3137 1503 3190 scribi
1581 3137 1666 3188 vel
1720 3136 2096 3206 quoquolibet

401 3225 571 3280 modo
604 3225 714 3279 dici
743 3230 984 3295 possunt
1022 3224 1379 3284 utilitatibus,
1443 3223 1548 3276 hac
1597 3229 1811 3276 nostrae
1842 3223 2098 3276 auctori-

400 3313 532 3367 tatis
572 3313 882 3384 imperialis
913 3313 1120 3383 pagina
1157 3312 1438 3365 donamus
1471 3328 1533 3364 ac
1573 3311 1831 3365 omnium
1872 3316 2096 3365 contra-

401 3401 646 3456 dictione
694 3407 910 3456 remota
964 3401 1407 3472 proprietamus,
1472 3399 1867 3470 praecipientes
1926 3404 1988 3452 ut
2039 3400 2096 3453 in

402 3491 519 3544 Deo
543 3489 782 3543 dilectus
814 3489 978 3543 nobis
1004 3504 1156 3558 saepe
1183 3489 1366 3542 dictus
1403 3489 1470 3542 Μ.
1508 3487 1810 3557 episcopus
1857 3487 2096 3541 liberam

403 3577 608 3630 deliine
649 3578 855 3631 habeat
911 3577 1492 3647 potestatem,snique
1543 3591 1908 3639 successores,
1960 3591 2096 3628 ean-

405 3667 533 3721 dem
563 3672 781 3720 cnrtem
815 3665 1244 3719 llammonstedi
1275 3681 1401 3718 cum
1427 3665 1694 3718 omnibus
1743 3664 2097 3734 appendiciis

401 3754 518 3808 suis
590 3755 848 3821 tenendi,
901 3754 1226 3825 possidendi
1297 3770 1394 3807 seu
1454 3752 1730 3824 quicquid
1787 3753 1894 3806 sibi
1961 3752 2096 3806 inde

403 3843 577 3898 libeat
635 3843 695 3897 in
749 3859 917 3897 usum
985 3843 1346 3913 episcopatus
1399 3841 1662 3896 faciendi.
1725 3841 1792 3894 Et
1864 3845 1930 3894 ut
1977 3842 2098 3894 haec

402 3931 633 3988 traditio
682 3938 877 3986 nostra
931 3933 998 3985 ab
1062 3931 1330 3985 omnibus
1388 3931 1719 4000 incorrupta
1765 3933 2100 3999 permaneat

403 4021 550 4075 hanc
580 4021 834 4074 chartam
866 4019 1000 4073 inde
1023 4020 1404 4088 conscriptam
1428 4033 1600 4072 manu
1633 4017 1866 4087 propria
1892 4017 2096 4071 confir-

405 4112 649 4171 mantes,
711 4107 886 4177 sigilli
933 4107 1113 4160 nostri
1179 4105 1552 4176 impressione
1604 4104 1869 4174 insigniri
1920 4105 2096 4174 jussi-

403 4212 550 4250 mus.

475 4285 703 4352 Signum
735 4283 919 4337 damni
952 4283 1194 4336 Heinrici
1235 4285 1595 4336 Romanorum
1645 4280 1727 4347 (L.
1786 4281 1880 4347 M.)
1920 4283 2096 4349 impe-

406 4374 608 4426 ratoris
633 4372 887 4438 Augusti.

479 4459 825 4512 Guntherius
891 4458 1260 4512 cancellarius
1328 4457 1397 4511 ad
1459 4457 1635 4512 vicem
1723 4457 2098 4512 Erchanbaldi

407 4545 845 4616 archicapellaui
875 4550 1194 4616 recognovi.

482 4635 620 4689 Data
660 4651 730 4688 1x.
779 4636 902 4689 Kal.
963 4635 1112 4694 Maii,
1161 4635 1220 4688 iu
1281 4634 1586 4688 festivitate
1641 4634 1820 4688 sancti
1870 4634 2098 4704 Georgii

414 4723 697 4792 martyris,
731 4723 1040 4777 indictione
1068 4741 1147 4787 ni,
1210 4739 1361 4778 anno
1414 4723 1718 4777 Dominicm
1765 4723 2102 4776 incarnatio-

408 4813 498 4867 nis
524 4813 678 4876 1020,
711 4827 862 4866 anno
884 4827 1017 4865 vero
1053 4812 1250 4866 domui
1296 4812 1546 4866 Heinrici
1577 4811 1813 4864 secundi
1849 4825 2099 4880 regnan-

406 4901 480 4956 tis
508 4917 623 4966 xix,
652 4899 883 4971 imperii
924 4904 1112 4954 autem
1132 4917 1230 4955 vn.
1270 4902 1474 4955 Actum
1509 4899 1850 4954 Babenberc.

1163 4989 1337 5043 CXIV.

477 5079 608 5132 Item
645 5100 664 5126 ι
701 5078 996 5148 quamdam
1025 5083 1220 5132 nostra:
1248 5079 1602 5146 proprietatis
1630 5077 1896 5143 forestim.
1936 5095 1956 5121 ι

1015 5166 1201 5236 (Anno
1259 5165 1502 5235 eodem.)

1053 5253 1242 5323 [lbid.,
1271 5269 1327 5323 p.
1354 5253 1466 5321 80.]

481 5339 541 5393 C.
602 5341 666 5392 In
728 5343 962 5396 nomine
1021 5348 1229 5396 sanctae
1301 5346 1356 5396 et
1402 5341 1717 5394 individua:
1788 5339 2102 5405 Trinitatis,

413 5427 708 5481 HBINRICUS
782 5430 971 5483 divina
1043 5431 1266 5486 favente
1343 5430 1647 5484 clementia
1709 5430 2102 5483 Romanorum

413 5515 730 5584 imperator
752 5518 1058 5585 Augustus.

485 5602 544 5658 Si
573 5608 896 5658 sanctarum
932 5605 1028 5658 Dei
1059 5607 1420 5660 ecclesiarum
1465 5606 1590 5660 loca
1628 5605 1801 5660 bonis
1868 5603 2036 5657 nobis
2075 5619 2108 5656 a

2209 3150 2406 3204 eadem
2439 3149 2724 3201 ullatenus
2767 3145 3069 3217 provenire
3125 3144 3324 3214 possit,
3381 3144 3624 3196 firmiter
3689 3148 3744 3196 et
3774 3157 3890 3212 per-

2210 3243 2381 3310 petuo
2414 3237 2737 3310 habendam
2759 3234 3050 3288 tradimus
3075 3239 3246 3304 atque
3277 3233 3670 3298 concedimus,
3725 3247 3786 3284 ac
3832 3230 3889 3283 de

2211 3333 2402 3381 nostro
2426 3326 2556 3396 jure
2613 3329 2667 3378 et
2719 3323 2978 3377 dominio
3026 3323 3086 3376 in
3118 3324 3372 3392 ejusdem
3423 3328 3633 3375 sancta:
3700 3321 3890 3375 Pader-

2210 3414 2553 3468 bruunensis
2584 3412 2948 3481 ecclesiaejus
2989 3415 3044 3465 et
3069 3410 3387 3465 dominium
3446 3409 3894 3463 transfundimus

2208 3507 2264 3555 et
2295 3501 2657 3570 delegamus;
2699 3517 2766 3554 eo
2815 3500 3080 3553 videlicet
3111 3499 3306 3553 ordine
3344 3503 3409 3551 ut
3460 3499 3666 3552 nullus
3702 3499 3894 3567 episco-

2206 3606 2344 3660 pum
2367 3590 2488 3660 jam
2521 3589 2685 3643 dictas
2716 3588 2963 3656 ecclesia;
2986 3588 3226 3658 ejusque
3257 3603 3608 3640 successores
3638 3586 3714 3639 de
3753 3600 3890 3655 prae-

2205 3678 2354 3732 dicta
2382 3678 2577 3731 foresti
2629 3676 2926 3730 disvestire
2963 3677 3044 3729 vel
3081 3675 3399 3746 inquietare
3448 3679 3784 3744 prmsumat.
3841 3674 3894 3725 Et

2205 3772 2268 3821 ut
2297 3768 2416 3821 haec
2449 3771 2659 3820 nostras
2693 3765 3044 3821 auctoritatis
3075 3765 3284 3834 pagina
3327 3763 3546 3818 stabilis
3575 3768 3632 3817 et
3701 3763 3889 3816 incon-

2208 3856 2366 3909 vulsa
2411 3858 2767 3924 permaneat,
2825 3870 2952 3908 eam
3016 3869 3192 3907 manu
3258 3853 3494 3923 propria
3549 3852 3890 3913 roborantes,

2209 3944 2383 4014 sigilli
2405 3943 2585 3997 nostri
2617 3942 2994 4013 impressione
3033 3941 3297 4011 insigniri
3321 3941 3617 4010 jussimus.

2279 4035 2503 4100 Signum
2563 4031 2748 4084 domni
2817 4033 3037 4085 Henrici
3091 4032 3421 4084 serenissimi
3467 4034 3516 4082 et
3558 4028 3893 4083 invictissimi

2208 4125 2566 4178 Romanorum
2587 4121 2930 4188 imperatoris
2963 4119 3201 4186 Augusti
3223 4119 3306 4184 (L.
3341 4117 3454 4186 M.).

2281 4207 2590 4263 Guutarius
2635 4207 3009 4260 cancellarius
3056 4205 3178 4258 vice
3245 4204 3611 4259 Ercumbaldi
3694 4202 3891 4257 archie-

2212 4297 2433 4370 piscopi
2467 4301 2521 4351 et
2561 4295 3041 4350 archicancellarii
3069 4294 3418 4364 recognovit.

2127 4356 2169 4409 Β
2280 4389 2446 4440 Anno
2478 4383 3219 4439 Dominicaeiucarnationis
3267 4385 3420 4446 l020,
3462 4381 3780 4436 indictione
3820 4395 3900 4445 ιιι,

2211 4491 2362 4529 anno
2399 4490 2531 4528 vero
2587 4473 2782 4526 domui
2829 4471 3054 4527 Heurici
3095 4469 3459 4541 imperatoris
3512 4469 3758 4540 Augusti
3814 4483 3894 4519 se-

2210 4563 2381 4618 cundi
2403 4561 2700 4632 regnantis
2729 4577 2903 4624 xvnu,
2937 4559 3162 4630 imperii
3196 4563 3388 4611 autem
3415 4573 3512 4612 vn.

2281 4653 2483 4705 Actum
2516 4666 2590 4703 ιιι.
2623 4647 2746 4702 Kal.
2773 4648 2927 4702 Junii
2959 4647 3298 4716 Chuofunga
3318 4645 3591 4701 feliciter.
3632 4645 3816 4699 Amen

2985 4753 3130 4809 CXV.

2396 4845 2700 4913 Paeceptum
2731 4845 2963 4926 Ilenrici
2981 4843 3324 4926 imperatoris
3352 4854 3454 4908 pro
3512 4839 3738 4893 abbatia

2923 4915 3196 4967 Pratatize.

2535 4986 2722 5055 (Anno
2750 4985 2904 5050 1020,
2942 5000 2998 5037 ιιι
3055 4985 3175 5036 Kal.
3216 4981 3591 5050 Decembris.)

2718 5068 2777 5140 [Α
2790 5071 2940 5124 nnal.
2993 5069 3295 5125 Camaldul.
3342 5068 3410 5137 1.]

2286 5162 2349 5214 lu
2402 5158 2635 5213 nomine
2683 5163 2891 5212 sanctae
2921 5162 2978 5211 et
3033 5157 3343 5212 individuus
3400 5155 3714 5221 Trinitatis,
3775 5154 3905 5206 Hau-

2218 5265 2390 5313 mcus,
2419 5248 2610 5302 divina
2631 5247 2856 5302 favente
2890 5246 3213 5312 clementia,
3273 5246 3682 5300 Romanorum
3723 5243 3906 5310 impe-

2217 5340 2701 5406 ratorAugustus.

2286 5426 2343 5480 Si
2419 5425 2556 5478 locis
2627 5423 2865 5478 Domino
2924 5423 3248 5493 sanctisque
3301 5421 3426 5490 ejus
3501 5420 3702 5476 dicatis
3764 5419 3907 5472 bona

2217 5519 2412 5568 nostra
2467 5515 2688 5574 damus,
2755 5516 2811 5566 et
2866 5512 2935 5566 ab
3000 5511 3455 5565 antecessoribus
3522 5508 3730 5562 nostris
3783 5506 3909 5560 data

2219 5602 2647 5668 confirmamus,
2681 5601 2740 5655 in
2764 5604 3051 5655 aeternum
3079 5600 3287 5654 anima:
3316 5603 3526 5652 nostra
3548 5596 3907 5668 profuturum
