4016 6202
127 260 211 311 353
1378 236 1784 293 DIPLOMATA
1826 231 2384 290 ECCLESIASTICA.
3542 239 3646 291 354

129 394 227 433 non
270 372 607 428 dubitamus.
671 362 1042 434 QuaprOpter
1114 361 1325 412 notum
1375 375 1498 411 esse
1546 358 1901 412 volumusA
2005 356 2281 423 praedium
2356 354 2655 409 Butenhart
2736 354 3036 410 Hitderado
3068 355 3256 408 abbati
3308 355 3644 410 Prumiensis

130 464 364 522 omnibus
408 458 676 515 ﬁdelibus
724 450 959 515 nostris,
1012 447 1407 518 praesentibus
1468 446 1684 501 scilicet
1731 448 1827 498 at—
2016 446 2334 499 monasterii
2370 444 2629 497 concedit.

130 571 221 625 que
256 549 467 615 futuris,
503 545 767 616 qualiter,
804 541 1139 593 interventu
1170 533 1505 588 Theuzonis
1553 531 1831 587 monachi
2588 532 2772 601 (Anno
2832 530 3010 600 1020.)

131 619 507 700 riostritidelis,
541 650 648 703 pro
697 628 953 685 remedio
1008 624 1222 678 animm
1287 627 1507 675 nostras
1543 622 1832 691 largimur
1946 621 2231 687 [Marten.,
2338 621 2601 688 Ampliss.
2665 621 2876 675 Cottect.
2914 620 2974 686 ,1,
3031 619 3155 686 380,
3207 634 3274 671 ex
3364 619 3648 673 chartario

135 736 275 798 atque
304 724 691 787 concedimus,
723 716 1070 788 proutjuste
1104 708 1574 782 atquelegaliter
1619 723 1829 777 possu—
2616 707 2975 773 Prumiensi.)

140 833 263 881 IDUS,
315 810 664 866 monasterio
693 808 911 862 Sanctm
962 800 1148 857 Μείΐὶἱὲ
1199 802 1258 852 8t
1298 796 1505 852 Sancti
1572 793 1828 849 Benedi-
2018 797 2085 849 In
2142 796 2375 849 nomine
2407 801 2618 849 sanctze
2659 806 2716 849 et
2778 795 3091 849 iudividuce
3164 794 3459 849 Trinitatis
3498 796 3643 850 HEN-

138 905 214 972 cti,
237 902 377 973 quod
398 906 458 954 ut
474 897 598 969 [est]
628 897 801 949 situm
820 891 1076 963 Alpibus,
1096 887 1197 958 qui
1228 885 1519 973 dicuntur
1550 882 1828 946 Pratalia,
1944 899 2125 951 lucus,
2195 884 2390 938 divina
2453 884 2676 938 favente
2752 884 3077 950 clementia,
3129 883 3446 953 imperator
3521 888 3632 939 Au-

133 969 268 1063 juita
294 989 473 1042 rivum
503 984 739 1040 nomine
798 980 1118 1041 Bidentem,
1166 973 1235 1028 ad
1270 972 1541 1025 radicem
1586 969 1828 1034 montis,
1944 978 2177 1040 gustus,

140 1080 339 1135 Ποωίυθ
370 1075 554 1139 Acuti,
592 1072 695 1143 qui
726 1068 927 1124 diVidit
979 1063 1278 1120 ΤῙιυεοίδω
1347 1066 1405 1113 et
1443 1057 1830 1121 Romaniam.
2021 1060 2081 1114 Si
2122 1062 2331 1113 nostrae
2387 1060 2745 1114 liberalitatis
2810 1077 3047 1114 munere
3111 1061 3247 1113 locis
3290 1062 3404 1114 Deo
3457 1060 3660 1115 dicatis

142 1167 385 1241 quosdam
427 1178 657 1217 mansos
708 1158 929 1227 dejure
970 1152 1147 1208 nostri
1178 1146 1372 1219 regni,
1416 1161 1704 1199 mansum
1744 1144 1830 1197 vi-
1949 1147 2238 1209 quiddam
2272 1146 2535 1201 beneﬁcii
2585 1149 2952 1210 conferimus,
2990 1154 3046 1202 et
3078 1149 3439 1201 necessitates
3490 1150 3663 1201 eccle—

144 1233 319 1313 delicet
348 1269 544 1316 unum,
597 1248 698 1320 qui
741 1247 913 1315 vulgo
964 1242 1166 1296 dicitur
1220 1235 1375 1292 Niin
1432 1234 1518 1287 de
1565 1233 1711 1296 Soci,
1779 1237 1839 1285 et
1949 1233 2211 1286 siasticas
2250 1239 2444 1287 nostro
2471 1235 2788 1303 juvamine,
2824 1237 3166 1304 relevemus,
3206 1236 3261 1289 id
3292 1236 3456 1288 nobis
3488 1242 3542 1289 et
3591 1236 3665 1288 ad

144 1346 289 1399 aliam
319 1358 483 1414 quem
513 1318 673 1393 tenet
700 1336 847 1390 ﬁlius
890 1326 1205 1403 presbyteri
1235 1322 1530 1414 AlpranAdi
1565 1321 1634 1414 de
1675 1318 1835 1414 §oci,
1954 1322 2271 1374 mortalem
2320 1322 2492 1375 vitam
2547 1324 2941 1390 temporaliter
2985 1324 3415 1393 transigendam
3474 1329 3529 1376 et
3596 1324 3667 1377 ad

144 1439 189 1488 et
216 1433 312 1486 Leo
334 1408 405 1485 de
452 1427 600 1492 Soci,
654 1431 706 1481 et
746 1420 1049 1495 piscariam
1099 1423 1154 1471 et
1210 1411 1516 1469 Barricule
1565 1410 1635 1462 de
1675 1408 1836 1471 Soci,
1957 1414 2244 1461 aeternam
2305 1409 2478 1462 vitam
2545 1412 2789 1463 feliciter
2862 1410 3235 1463 obtinendam
3294 1412 3667 1481 profuturum

150 1538 299 1591 quem
326 1522 481 1590 Hugo
512 1514 764 1571 marchio
799 1528 900 1583 per
936 1508 1196 1563 libellum
1244 1502 1494 1557 dederat
1534 1496 1844 1591 praedicto
1961 1496 2192 1591 liquido
2222 1497 2525 1551 credimus.
2554 1500 2713 1552 Unde
2731 1504 2924 1568 pateat
2939 1498 3151 1551 notitiae
3176 1501 3435 1551 omnium
3458 1499 3672 1553 Christi

151 1608 492 1672 monasterio;
578 1604 819 1657 alterum
895 1613 1028 1651 vero
1100 1605 1385 1647 mansum,
1440 1588 1549 1658 qui
1617 1584 1843 1640 dicitur
1877 1632 1919 1684 Β
1962 1582 2252 1646 ﬁdelium,
2287 1585 2655 1654 praesentium
2697 1586 2911 1639 scilicet
2938 1591 3107 1655 atque
3126 1588 3475 1653 futurorum,
3520 1603 3671 1656 qua-

146 1696 429 1753 Theuzonis
477 1690 754 1752 Brussati,
813 1702 984 1759 quem
1042 1684 1202 1737 idem
1260 1676 1523 1731 marchio
1565 1673 1848 1727 similiter
1878 1671 1919 1684 "
1966 1671 2102 1724 liter
2133 1688 2381 1744 nos,pro
2412 1673 2670 1726 remedio
2704 1674 2913 1726 animae
2941 1681 3149 1727 nostra
3184 1690 3247 1727 ac
3283 1674 3506 1727 dilectae
3537 1690 3673 1726 ροη-

134 1786 291 1851 dedit;
327 1798 602 1836 mansum
640 1793 870 1850 quoque
901 1776 971 1829 de
1002 1776 1183 1834 sexta,
1239 1766 1389 1821 unde
1441 1762 1709 1818 marchio
1767 1762 1842 1816 li-
1958 1759 2123 1829 jugis
2157 1766 2364 1815 nostrae
2397 1761 2788 1831 Cunegundm,
2815 1767 2869 1815 et
2914 1776 3019 1830 per
3048 1762 3438 1815 interventum
3480 1762 3671 1815 Hilde-

131 1847 324 1930 bellum
347 1871 479 1927 fecit
512 1847 816 1921 W’in‘izoni
871 1861 1169 1918 Castaldo:
1233 1855 1369 1909 item
1426 1867 1699 1906 mansum
1771 1852 1844 1905 de
1966 1847 2095 1900 radi
2154 1849 2304 1918 (t7?)
2362 1850 2581 1903 abbatis
2611 1849 2794 1903 nostri
2824 1849 3037 1918 dilecti,
3095 1849 3378 1918 prmdium
3435 1850 3672 1903 nomine

147 1962 410 2026 Ventriua,
436 1974 621 2030 quem
653 1954 824 2015 Leoni
854 1949 1109 2005 marchio
1160 1960 1264 2016 per
1294 1942 1552 1997 libellum
1597 1939 1853 2030 dederat
1968 1935 2299 2030 Butenhart,
2350 1939 2412 1991 in
2480 1954 2629 2007 pago
2694 1937 2935 2007 Hulpim,
2983 1938 3043 1990 in
3097 1938 3372 1991 comitatu
3420 1938 3672 1991 Ηθκειίηι

154 2067 263 2105 cum
294 2024 477 2103 tribus
516 2044 731 2098 mansis
773 2041 840 2095 de
896 2041 1178 2108 Caprena,
1243 2044 1513 2085 mansum
1547 2026 1729 2081 etiam
1780 2026 1853 2080 de
1968 2024 2195 2077 comitis
2224 2026 2418 2091 situm,
2463 2024 2619 2095 quod
2671 2029 2799 2094 post
2846 2025 3069 2078 obitum
3130 2025 3378 2095 Epponis
3433 2025 3559 2091 viri,
3614 2031 3672 2079 et

156 2138 355 2198 Liuaro,
419 2150 600 2188 unum
671 2130 926 2184 libellum
995 2121 1205 2178 habuit
1252 2118 1499 2181 Bonizo;
1568 2129 1854 2167 mansum
1967 2110 2111 2179 legis
2156 2112 2287 2180 jure
2319 2117 2375 2165 et
2410 2113 2553 2181 lege,
2610 2111 2678 2164 ad
2728 2116 2952 2165 nostras
2982 2113 3202 2181 regales
3249 2118 3304 2165 et
3336 2113 3668 2180 imperiales

154 2239 358 2297 quoque
380 2223 448 2277 de
480 2221 716 2290 Tejano,
750 2231 919 2288 quem
942 2211 1163 2266 Winizo
1200 2207 1392 2271 habet,
1414 2219 1519 2274 per
1554 2201 1854 2267 libellum,
1968 2213 2172 2252 manus
2204 2200 2451 2265 devenit,
2512 2215 2643 2251 cum
2706 2199 3004 2269 utriusque
3053 2216 3216 2252 sexus
3263 2200 3563 2269 mancipiis
3614 2206 3672 2255 et

156 2286 449 2383 dumparte
482 2310 638 2362 illius
660 2286 841 2360 vinea:
902 2304 970 2357 de
1032 2297 1205 2368 regni
1234 2292 1419 2349 nostri
1443 2292 1577 2362 jure
1620 2305 1687 2342 ac
1744 2290 1856 2343 do-
1968 2286 2235 2341 omnibus
2286 2286 2649 2352 utensilibus,
2684 2286 2870 2353 terris,
2913 2286 3079 2339 cultis
3109 2294 3164 2339 et
3188 2287 3437 2354 incultis,
3492 2290 3667 2357 agris.

156 2402 316 2456 minio
346 2402 629 2455 donamus
676 2400 847 2465 atque
901 2386 1370 2446 transfundimus
1414 2381 1473 2433 in
1517 2380 1613 2449 jus
1666 2383 1858 2448 atque
1968 2375 2165 2444 pratis,
2225 2376 2468 2445 campis,
2533 2375 2780 2445 pascuis,
2846 2374 3021 2439 silvis,
3084 2375 3247 2445 aquis
3316 2391 3671 2444 aquarumve

160 2490 460 2543 dominium
508 2484 764 2556 praedicti
805 2477 1142 2534 monasterii
1213 2474 1281 2527 de
1336 2466 1585 2524 Pratalia
1630 2472 1858 2520 sanctae
1968 2463 2322 2525 decursibus,
2367 2462 2815 2533 piscationibus,
2848 2463 3215 2530 molendinis,
3254 2464 3357 2515 viis
3388 2469 3443 2516 et
3476 2462 3669 2530 inviis,

159 2548 597 2632 Marieetsancti
624 2565 1357 2633 Beuedicti,acBidentem,
1385 2558 1858 2625 inperpetuum,
1970 2551 2212 2605 exitibus
2264 2558 2320 2604 et
2385 2550 2682 2615 reditibus,
2774 2555 2830 2603 et
2873 2550 3141 2603 omnibus
3205 2548 3667 2619 appertinentiis,

159 2683 273 2720 cum
335 2665 609 2719 omnibus
669 2675 867 2713 eorum
916 2649 1305 2726 pertinentiis,
1367 2662 1494 2716 quae
1577 2643 1668 2695 vel
1745 2659 1860 2697 no-
1969 2638 2225 2708 quaesitis
2256 2644 2311 2691 et
2341 2638 2717 2711 inquirendis,
2753 2654 2880 2707 quae
2904 2637 3015 2690 dici
3046 2643 3314 2707 poterunt
3342 2643 3440 2691 aut
3474 2640 3673 2691 nomi-

163 2754 348 2808 minari
396 2755 662 2823 possunt,
712 2762 840 2800 cum
890 2743 1077 2803 terris,
1121 2735 1362 2807 campis,
1433 2731 1595 2796 casis,
1629 2729 1849 2796 vineis,
1971 2726 2195 2791 nari,ad
2222 2725 2639 2780 monasterium
2671 2726 2723 2779 S.
2784 2725 3095 2779 Salvatoris
3148 2726 3368 2791 mundi,
3403 2725 3577 2778 situm
3610 2726 3674 2780 in

162 2843 344 2913 pratis,
384 2838 637 2910 pascuis,
696 2834 869 2899 silvis,
922 2830 1086 2902 aquis
1144 2836 1542 2897 aquarumque
1591 2818 1860 2873 decursi-
1971 2816 2093 2868 loco
2125 2815 2224 2886 qui
2256 2816 2462 2868 dicitur
2495 2815 2762 2880 Prumea,
2792 2813 2853 2866 in
2891 2830 3055 2867 usum
3089 2813 3330 2867 fratrum
3380 2816 3495 2868 Deo
3528 2814 3674 2867 inibi

165 2901 276 2990 bus,
309 2935 364 2982 et
384 2901 662 2980 omnibus
688 2922 857 2976 rebus
881 2916 1194 2973 mobilibus
1217 2918 1272 2966 et
1297 2905 1723 2970 immobilibus;
1760 2905 1864 2959 tali
1898 2912 1937 2965 C
1976 2903 2080 2956 sub
2138 2904 2336 2971 regula
2365 2902 2417 2955 S.
2492 2901 2778 2954 Benedicti
2832 2901 3229 2964 servientium,
3282 2901 3673 2954 concessimus

165 3022 343 3070 tenore
378 3023 440 3069 ut
499 3013 811 3084 praedictus
850 3011 1038 3063 Teuzo
1075 3008 1263 3058 rector
1302 2996 1481 3069 ipsius
1520 2994 1865 3047 monasterii
1975 2996 2032 3043 et
2065 2991 2123 3043 in
2156 2990 2570 3059 proprietatem
2602 2988 2964 3055 donavimus,
3004 2995 3065 3043 ut
3099 3006 3201 3059 per
3231 2989 3426 3042 omnia
3476 3006 3671 3042 succe—

166 3106 349 3175 suique
381 3116 739 3156 successores
789 3098 1025 3151 abbates
1070 3092 1205 3147 inde
1238 3088 1578 3160 potestatem
1611 3081 1865 3134 habeant
1975 3078 2233 3132 dentium
2306 3084 2634 3148 temporum
2718 3079 3002 3131 curricula
3072 3079 3257 3131 eidem
3316 3078 3668 3131 monasterio

166 3193 229 3247 ad
258 3193 566 3246 utilitatem
599 3189 776 3257 ipsius
815 3180 1151 3239 monasterii
1181 3174 1431 3233 faciendi
1462 3168 1744 3241 quidquid
1778 3170 1863 3222 lex
1976 3167 2193 3235 absque
2224 3168 2485 3220 omnium
2553 3167 2882 3220 mortalium
2942 3166 3394 3220 contradictione
3436 3166 3671 3219 tirmum

166 3281 469 3351 praecipiat.
535 3254 935 3345 Praecipientes
994 3271 1188 3340 itaque
1237 3264 1512 3336 jubemus
1552 3264 1615 3311 ut
1669 3258 1862 3310 nullus
1975 3262 2147 3324 atque
2199 3255 2399 3309 stabile
2429 3256 2489 3308 in
2555 3259 2835 3308 aeternum
2891 3259 3244 3325 permaneat.
3307 3255 3368 3307 Et
3439 3260 3499 3307 ut
3549 3254 3672 3307 haec

168 3370 289 3437 dux,
338 3364 621 3431 marchio,
655 3379 868 3428 comes,
898 3361 1232 3421 vicecomes,
1291 3352 1611 3422 episcopus,
1662 3346 1862 3399 castal-
1980 3346 2189 3395 nostras
2221 3342 2605 3397 concessionis
2665 3343 2895 3396 traditio
2918 3343 3076 3395 omni
3144 3348 3402 3412 tempore
3450 3342 3670 3395 stabilis

168 3459 285 3525 dus,
306 3459 392 3510 vel
425 3456 627 3524 aliqua
651 3452 829 3505 nostri
849 3448 1013 3518 regni
1034 3462 1244 3516 magna
1271 3442 1357 3495 vel
1384 3453 1559 3509 parva
1589 3449 1858 3503 persona,
1975 3437 2031 3485 et
2071 3432 2403 3486 ineunvulsa
2433 3438 2784 3503 permaneat,
2832 3434 2977 3485 hanc
3034 3432 3353 3501 imperialis
3395 3432 3671 3502 praecepti

170 3544 413 3616 praedicti
476 3540 808 3595 monasterii
853 3542 1136 3591 rectorem
1196 3533 1285 3585 vel
1328 3544 1462 3582 suos
1518 3537 1863 3576 successores
1975 3519 2247 3589 paginam
2300 3520 2435 3574 inde
2466 3520 2767 3584 conscribi,
2800 3526 2876 3585 et,
2935 3536 3108 3574 manu
3169 3520 3406 3590 propria
3462 3520 3671 3572 contir-

170 3634 409 3699 abbates,
476 3631 549 3683 de
582 3628 852 3682 omnibus
901 3640 1033 3695 quae
1066 3637 1237 3691 supra
1269 3616 1482 3686 scripta
1516 3616 1650 3665 sunt
1687 3608 1865 3663 diver—
1975 3612 2220 3674 mantes,
2255 3611 2486 3679 propria
2529 3609 2703 3678 sigilli
2734 3609 2917 3663 nostri
2965 3608 3349 3678 impressione
3400 3609 3674 3677 jussimus

171 3722 267 3775 tire
297 3738 399 3775 seu
431 3717 760 3789 inquietare
813 3715 936 3768 sine
989 3711 1158 3781 legali
1195 3706 1409 3779 judicio
1440 3702 1767 3773 praesumat.
1804 3697 1861 3750 Si
1978 3694 2265 3763 insigniri.

170 3813 288 3882 quis
318 3811 499 3880 igitur
556 3807 729 3877 hujus
767 3802 948 3858 nostri
977 3799 1246 3872 praecepti
1277 3795 1520 3849 violator
1562 3786 1860 3854 exstiterit,
2046 3783 2284 3853 Signum
2341 3781 2537 3837 domui
2587 3783 2817 3838 Ilenrici
2867 3786 3262 3839 Romanorum
3317 3782 3676 3837 invictissimi

171 3900 303 3952 sciat
332 3916 392 3953 se
442 3873 903 3964 compositurum
957 3888 1082 3944 auri
1147 3884 1351 3957 optimi
1399 3882 1574 3936 libras
1605 3880 1859 3941 centum,
1975 3873 2337 3941 imperatoris
2376 3873 2635 3941 Augusti.

172 3988 537 4042 medietatem
570 3959 808 4037 camerae
840 3984 1068 4045 nostras,
1118 3981 1174 4029 et
1205 3972 1569 4029 medietatem
1626 3963 1861 4036 praefato
2050 3960 2353 4013 Witharius
2412 3959 2785 4014 cancellarius
2857 3961 2977 4015 vice
3049 3960 3426 4015 Erchanbaldi
3482 3959 3674 4014 archi—

172 4056 553 4130 monasterio;
599 4070 760 4135 Quod
802 4074 863 4121 ut
924 4067 1106 4120 verius
1173 4061 1457 4122 credatur,
1508 4060 1564 4108 et
1616 4052 1860 4121 diligen-
1976 4048 2228 4119 episcopi
2258 4048 2583 4119 recognovi.

173 4163 275 4216 tius
307 4163 375 4217 ab
406 4157 758 4215 omnibusin
790 4160 1067 4210 aeternum
1102 4152 1453 4211 observetur,
1486 4144 1630 4197 hanc
1649 4143 1861 4193 nostrae
1893 4196 1932 4217 η
2046 4138 2186 4189 Data
2217 4152 2246 4188 v
2278 4137 2559 4191 Kalendas
2591 4136 2871 4202 Octobris,
2907 4135 3219 4189 indictione
3252 4154 3330 4202 ιιι,
3388 4153 3538 4190 anno
3572 4137 3677 4189 Do-

177 4196 275 4216 uua
307 4196 375 4217 ιιυ
406 4196 677 4215 υωυιυυυ
699 4196 758 4210 ιιι
790 4196 1067 4210 μέμηνα...
1104 4196 1257 4205 νυ---
1281 4196 1453 4211 .--__,
1488 4196 1519 4197 η
2859 4196 2867 4202 Ι
3318 4196 3327 4202 ν

176 4250 494 4305 donationis
520 4248 790 4318 paginam
824 4260 999 4297 manu
1057 4238 1290 4311 propria
1341 4232 1743 4289 contirmantes
1784 4227 1860 4280 si-
1892 4196 1932 4248 θ
1976 4225 2203 4278 ιῐιὶιιὶρω
2252 4224 2660 4278 incarnationis
2694 4227 3018 4292 l0'20,anno
3054 4229 3247 4277 autem
3289 4225 3486 4279 domui
3519 4226 3677 4279 Hen-

178 4341 289 4411 gilli
322 4338 506 4393 nostri
538 4334 916 4405 impressione
940 4331 1215 4401 jussimus
1240 4322 1523 4393 insigniri.
1980 4313 2082 4367 rici
2114 4313 2349 4367 secundi
2381 4314 2671 4383 regnantis
2711 4330 2869 4378 XVIII,
2905 4313 3134 4382 imperii
3169 4330 3301 4367 vero
3330 4315 3455 4384 ejus
3507 4331 3601 4367 vn.

242 4432 473 4495 Signum
536 4402 721 4478 damni
791 4421 1028 4475 Henrici
1095 4420 1452 4472 Romanorum
1519 4402 1871 4462 invictissimi
2051 4405 2257 4455 Actum
2297 4402 2654 4455 Hamerstein
2686 4402 2947 4456 feliciter.
2976 4405 3176 4455 Amen.

180 4517 519 4587 imperatoris
551 4513 814 4578 Augusti.
1580 4583 1589 4587 _
1741 4580 1750 4587 _
1857 4585 1862 4587 Α
2732 4508 2930 4561 CXVII.

246 4604 556 4675 Piligrinus
594 4596 966 4654 cancellarius
996 4593 1117 4646 vice
1173 4587 1445 4661 Egerardi
1500 4580 1756 4655 episcopi
1816 4599 1832 4635 ε

1816 4585 1872 4635 et
2292 4596 2612 4650 Immunitas
2654 4598 2897 4650 Heinrici
2926 4598 2979 4650 II
2998 4597 3359 4666 imperatoris.

180 4688 661 4747 archicancellarii
701 4681 1055 4754 recognovit.
2517 4687 2696 4751 (Anno
2734 4685 2888 4749 1020,
2914 4686 2944 4737 3
2974 4684 3141 4750 Maii.)

249 4783 389 4835 Data
414 4777 581 4832 tertio
613 4774 734 4828 Kal.
773 4767 1106 4827 Novembris
1138 4763 1452 4819 indictione
1501 4758 1687 4824 tertia,
1720 4773 1834 4810 ann

1800 4771 1871 4810 [10
2266 4768 2537 4841 [Dronke,
2563 4771 2688 4827 Cod.
2721 4771 2946 4840 diplom.
2971 4773 3125 4826 Fuld.
3151 4788 3208 4825 n.
3244 4774 3386 4840 347.]

186 4868 493 4923 Dominicee
534 4860 944 4919 incarnationis
996 4860 1149 4924 1021,
1221 4870 1370 4909 anno
1428 4855 1622 4905 autem
1674 4846 1873 4901 domui
2054 4878 2116 4931 In
2148 4878 2380 4931 nomine
2412 4883 2619 4931 sanctae
2662 4883 2714 4931 et
2773 4877 3083 4932 individua;
3140 4877 3453 4945 Trinitatis,
3510 4877 3675 4932 Ham-

183 4958 408 5011 HenriCi
436 4954 675 5009 secundi
706 4949 1000 5021 regnantis
1039 4961 1192 5011 xvm’
1222 4940 1452 5013 imperii
1482 4938 1607 5010 ejus
1637 4952 1731 4991 ω’
1986 4981 2136 5019 RICUS
2167 4966 2356 5019 divina
2418 4966 2642 5019 favente
2703 4966 3007 5020 clementia
3056 4938 3451 5020 Romanorum
3498 4964 3676 5035 impe-

249 5052 455 5101 Actum
484 5046 804 5098 Amersten.

1985 5060 2141 5108 rator
2171 5058 2478 5125 Augustus.

934 5140 1106 5198 CXVI.
2055 5143 2287 5195 Constat
2346 5159 2469 5209 nos,
2530 5142 2724 5196 divina
2758 5144 3123 5213 dispensante
3177 5140 3378 5211 gratia,
3458 5142 3678 5196 caeteris

189 5261 517 5330 Prwceptum
573 5255 757 5309 domni
799 5249 1019 5305 Ilenrici
1046 5245 1389 5314 imperatoris
1456 5240 1717 5307 Augusti,
1771 5251 1875 5307 quo
1985 5230 2417 5299 superemiuere
2476 5232 2815 5286 mortalibus
2857 5248 2869 5285 :
2938 5232 3085 5285 unde
3125 5234 3347 5300 oportet
3396 5235 3477 5299 ut,
3519 5232 3680 5302 cujus

258 5439 404 5501 (177)
428 5430 795 5501 ililderadum
826 5442 887 5480 ex
909 5419 1251 5501 Burgundite
1269 5415 1875 5501 comitibusoriginem
1986 5412 2242 5501 ratori-in
2272 5412 2770 5501 primisnchai'um,
2810 5411 3017 5466 obiisse
3056 5417 3185 5483 post
3231 5428 3410 5467 annos
3442 5410 3676 5482 regimi-

189 5486 707 5563 traii—sseitradunt
768 5486 1127 5554 Prumienses
1178 5496 1367 5560 atque,
1415 5488 1655 5542 Henrico
1686 5487 1875 5555 impe-
1987 5486 2076 5539 nis
2098 5490 2242 5546 octo,
2275 5486 2599 5539 annol026.
