4016 6202
392 247 492 300 355

1682 244 1738 297 S.
1781 242 2066 297 HENRICI
2103 241 2578 297 IMPERATORIS

3748 253 3829 306 356

389 368 772 440 prmcellimus
805 383 1065 434 munere,
1091 367 1212 437 ejus
1243 365 1575 420 studeamus
1605 363 1792 418 modis
1821 364 2087 418 omnibus
2117 366 2160 418 A
2198 363 2290 433 (Μ)
2315 360 2676 433 imperatoris
2704 361 2968 433 Augusti.
3003 362 3085 433 (S)
3121 363 3460 418 Guntherius
3480 365 3595 420 vice
3649 369 3831 425 Erkau-

389 473 590 528 parere
634 456 937 510 voluntati.
1013 455 1375 524 Quapropter
1431 451 1747 522 comperiat
1803 452 2086 506 industria

390 551 562 615 atque
587 545 804 599 utilitas
834 544 1095 598 omnium
1136 543 1394 596 ﬁdelium
1452 546 1801 607 nostrorum,
1830 557 2081 612 praesen-

388 633 535 686 tium
590 632 802 686 scilicet
851 637 908 686 et
995 632 1340 695 futurorum,
1400 629 1533 700 quia
1595 629 1678 682 vir
1741 630 2084 683 venerabilis

390 720 704 774 Richardus
735 721 885 774 abba
934 735 1000 773 ex
1031 718 1381 772 monasterio
1442 718 1594 787 quod
1649 717 1854 770 dicitur
1886 719 2081 786 Fulda,

393 808 548 877 quod
573 814 657 862 est
713 808 885 861 situm
933 808 992 860 in
1023 824 1170 877 pago
1225 806 1513 875 Grapfeld,
1579 811 1970 859 constructum
2025 807 2084 859 in

388 898 606 952 honore
664 895 844 950 sancti
891 893 1166 948 Bonifacii
1219 895 1470 948 martiris
1506 894 1738 959 Christi,
1801 895 1899 948 ubi
1930 895 2084 948 idem

389 986 672 1056 gloriosus
703 987 920 1053 martyr
972 999 1208 1052 corpore
1249 981 1491 1052 quiescit
1549 982 1744 1036 adiens
1804 983 2083 1035 excellen-

388 1073 528 1127 tiam
557 1071 822 1126 culminis
853 1071 1053 1136 nostri,
1087 1071 1298 1123 obtulit
1327 1071 1489 1124 nobis
1517 1070 1804 1140 quandam
1837 1076 2085 1124 anteces-

389 1177 583 1214 sorum
641 1165 991 1220 nostrorum.
1080 1159 1274 1230 Pipini
1339 1159 1622 1230 videlicet,
1688 1159 1970 1213 Ludewici
2026 1165 2083 1214 et

389 1247 730 1311 Chuonradi,
768 1247 1036 1314 lleinrici,
1088 1264 1310 1301 necnon
1360 1253 1412 1301 et
1450 1247 1671 1300 Ottonis
1723 1248 2086 1318 imperatoris

383 1336 626 1406 Augusti
684 1337 1100 1402 auctoritatem,
1153 1336 1213 1389 in
1257 1352 1372 1406 qua
1414 1336 1813 1389 continebatur
1842 1337 2088 1406 qualiter

386 1424 541 1478 idem
593 1424 881 1494 principes
931 1423 1230 1478 clarissimi
1289 1424 1591 1493 praefatum
1672 1424 2085 1478 monasterium

387 1529 518 1566 cum
561 1512 860 1566 monachis
900 1512 1115 1566 ibidem
1176 1514 1292 1566 Deo
1350 1512 1783 1579 famulantibus,
1851 1518 1906 1566 et
1955 1529 2086 1566 cum

387 1601 558 1654 rebus
586 1601 675 1654 vel
706 1601 1043 1654 hominibus
1066 1600 1134 1654 ad
1177 1616 1234 1654 se
1273 1601 1427 1670 juste
1479 1599 1922 1671 pertinentibus,
1980 1601 2084 1654 sub

387 1705 491 1742 sua
515 1689 944 1743 constituissent
973 1689 1303 1743 defensione
1335 1693 1390 1742 et
1445 1688 1746 1743 munitatis
1804 1689 2077 1744 tuicinne.

388 1776 714 1831 Obsecravit
773 1794 1024 1848 namque
1083 1778 1449 1848 prmscriptus
1505 1778 1654 1831 abba
1702 1781 1763 1831 ut
1819 1778 2084 1832 similiter

387 1866 577 1936 ipsum
605 1865 1022 1920 monasterium
1053 1883 1183 1919 cum
1209 1866 1502 1920 monachis
1531 1866 1744 1920 ibidem
1767 1867 1880 1920 Deo
1902 1867 2084 1921 famu-

386 1953 641 2007 lantibus
671 1957 726 2008 et
773 1971 901 2008 cum
952 1953 1122 2008 rebus
1152 1959 1207 2008 et
1262 1954 1590 2007 hominibus
1649 1954 1756 2007 sibi
1811 1955 2084 2025 Jegaliter

385 2042 807 2111 pertinentibus
837 2043 941 2096 sub
967 2048 1159 2096 nostra
1203 2043 1680 2096 constitueremus
1723 2043 2080 2111 defensione,

386 2135 444 2184 et
475 2134 725 2201 paternae
758 2130 1084 2184 auctoritati
1117 2134 1368 2184 nostram
1390 2131 1766 2200 jungeremus
1827 2132 2081 2185 auctori-

382 2221 576 2271 tatem.
612 2218 785 2288 Cujus
817 2218 1158 2287 petitionem
1187 2218 1286 2289 qui
1332 2219 1548 2288 justam
1603 2218 1720 2271 imo
1768 2219 2080 2272 rationabi-

383 2307 497 2359 lem
529 2305 1067 2376 essejudicavimus,
1115 2306 1363 2359 libenter
1413 2305 1971 2359 accommodavimus
2029 2311 2084 2360 et

383 2393 662 2448 beneﬁcio
713 2393 863 2464 quod
889 2394 1197 2464 postulavit
1249 2410 1540 2447 assensum
1587 2394 1957 2464 praebuimus.
2020 2397 2084 2449 Et

291 2467 310 2481 ⁵
381 2481 508 2535 ideo
539 2482 686 2535 hanc
717 2481 1132 2548 auctoritatem,
1167 2487 1405 2551 propter
1451 2481 1705 2534 divinum
1733 2469 1986 2535 amorem
2028 2488 2084 2538 et

382 2570 812 2623 venerationem
871 2569 1051 2639 ipsius
1105 2570 1283 2623 sancti
1331 2570 1438 2623 loci
1489 2570 2080 2642 tranquillitatemque

382 2659 623 2713 fratrum
653 2659 865 2712 ibidem
898 2657 1353 2723 consistentium,
1396 2659 1543 2712 circa
1567 2659 1754 2728 ipsum
1790 2667 2080 2716 monaste—

383 2746 532 2800 rium
557 2747 679 2800 ﬁeri
711 2746 1084 2800 decrevimus.
1128 2747 1232 2800 Per
1260 2764 1432 2817 quam
1490 2748 1813 2802 int‘uturum
1869 2749 2078 2804 sancci-

383 2851 511 2888 mus
541 2841 712 2906 atque
737 2835 1007 2905 jubemus
1074 2839 1135 2888 ut
1191 2836 1382 2888 nullus
1437 2836 1614 2905 judex
1667 2836 1928 2906 publicus
1989 2839 2076 2892 vel

2193 452 2350 506 baldi
2380 451 2860 522 archicappellani
2889 452 3243 522 recognovit.

2267 542 2408 594 Data
2437 557 2470 593 v
2504 541 2647 594 Non.
2685 540 2829 608 Mai,
2875 539 3192 595 indictione
3245 558 3316 603 in,
3375 559 3523 596 anno
3571 544 3834 600 Dominica:

2193 628 2608 682 incarnationis
2658 631 2813 696 1020,
2877 645 3030 683 anno
3074 645 3208 684 vero
3255 630 3452 684 domui
3490 631 3721 686 Heinrici
3767 651 3838 687 se-

2193 718 2367 772 cundi
2405 717 2699 788 regnantis
2732 733 2842 785 xix,
2874 717 3104 788 imperii
3131 724 3321 774 autem
3351 735 3448 772 vn.

2262 809 2467 860 Actum
2500 805 2691 860 Fulda.

2192 1000 2248 1053 S.
2297 998 2580 1054 Henricus
2637 998 2868 1053 ecclesia
2912 910 3348 1053 Efﬁgornensi
3395 997 3605 1067 praedia
3633 1000 3843 1068 quaedam

2927 1089 3152 1153 confert.

2833 1191 3019 1263 (Anno
3068 1194 3190 1246 102t
3207 1194 3245 1260 .)

2446 1295 2603 1366 [Cod.
2651 1297 2876 1368 diplom.
2919 1299 3080 1352 Hist.
3125 1298 3394 1367 Westph.,
3427 1313 3486 1369 p.
3525 1299 3637 1372 80.]

2261 1404 2367 1458 XP.
2439 1404 2504 1457 In
2569 1403 2805 1458 nomine
2864 1408 3072 1459 sanctae
3128 1407 3184 1458 et
3227 1404 3541 1459 individua:
3574 1405 3842 1475 Trinitatis,

2191 1491 2504 1547 Hemmcus
2581 1492 2772 1546 divina
2849 1493 3032 1562 gratia.
3098 1493 3492 1547 Romanorum
3569 1493 3841 1564 imperator

2193 1583 2510 1650 Augustus.

2265 1669 2482 1723 Divina:
2521 1668 2752 1739 pietatis
2812 1668 3138 1738 clementia,
3189 1685 3321 1740 quae
3368 1685 3477 1724 nos
3529 1669 3602 1724 ad
3660 1671 3846 1725 culmen

2189 1757 2574 1828 imperatoriae
2615 1757 2927 1828 majestatis
2982 1759 3268 1828 perduxit,
3298 1758 3368 1812 ad
3420 1759 3534 1812 hoc
3572 1759 3740 1814 voluit
3761 1760 3846 1814 im-

2191 1863 2412 1918 perare,
2439 1851 2504 1900 ut
2526 1846 2894 1900 ecclesiarum
2924 1846 3112 1901 ordini
3162 1846 3453 1901 ﬁrmando
3482 1852 3648 1919 atque
3684 1865 3845 1904 corro-

2189 1935 2445 1990 borando
2496 1935 2921 2003 subveniamus,
3006 1935 3124 1989 Hiis
3176 1940 3369 1990 autem
3448 1937 3689 1991 maxime
3739 1938 3848 1991 locis

2191 2041 2338 2095 quae,
2373 2025 2443 2078 ab
2474 2023 2932 2079 antecessoribus
2970 2023 3177 2077 nostris
3205 2023 3441 2095 regibus
3483 2029 3539 2078 et
3575 2025 3848 2096 imperato-

2189 2113 2348 2166 ribus
2387 2113 2645 2180 fundata,
2697 2112 2794 2166 sed
2848 2113 2969 2182 jam
3036 2113 3280 2183 peccatis
3335 2113 3694 2183 exigentibus
3728 2130 3847 2184 pene

2189 2200 2534 2254 videbantur
2589 2201 2901 2254 annullata.
2935 2201 3289 2272 Quapropter
3324 2201 3589 2255 omnium
3629 2201 3847 2256 ﬁdelium

2191 2293 2520 2342 nostrorum
2568 2288 2942 2358 prazsentium
2972 2289 3183 2342 scilicet
3221 2306 3284 2343 ac
3319 2289 3650 2344 futurorum
3711 2291 3849 2345 indu-

2193 2377 2344 2430 striae
2367 2381 2568 2430 notum
2595 2393 2718 2430 esse
2748 2376 3014 2431 volumus
3044 2378 3292 2448 qualiter
3337 2395 3468 2447 nos,
3511 2379 3686 2434 divini
3720 2396 3850 2434 amo-

2192 2463 2271 2517 ris
2293 2465 2588 2534 instinctu,
2617 2481 2720 2536 pro
2744 2466 2998 2519 remedio
3039 2466 3250 2521 animae
3285 2474 3500 2522 nostrae
3539 2485 3633 2522 seu
3680 2485 3851 2539 paren-

2191 2560 2314 2608 tum
2359 2558 2709 2620 nostrorum,
2793 2570 2897 2607 nec
2944 2571 3060 2608 non
3129 2561 3187 2610 et
3238 2556 3392 2610 tertii
3450 2556 3671 2611 Ottonis
3714 2557 3854 2610 bonae

2192 2641 2491 2696 memoriae
2554 2641 2920 2712 imperatoris
2958 2643 3297 2714 dilectosque
3355 2646 3618 2715 conjugis
3680 2650 3858 2698 nostra:

2193 2730 2592 2800 Chunigundaa
2691 2734 2962 2802 Augusta:
3013 2732 3270 2800 inventu,
3331 2737 3504 2804 atque
3563 2734 3859 2803 Megiuwerc

2192 2824 2401 2873 sanctas
2495 2818 3024 2874 Padrebrunnensis
3084 2821 3337 2875 ecclesias
3376 2823 3712 2876 venerabilis
3762 2821 3859 2891 epi-

384 2905 635 2994 quilibet
669 2940 736 2978 ex
787 2922 1092 2993 judiciaria
1141 2929 1421 2992 potestate
1470 2924 1527 2977 in
1561 2905 1843 2991 ecclesias,
1894 2925 2063 2990 villas,

2208 2906 2347 2976 scopi
2377 2909 2601 2976 rogatu,
2630 2905 2735 2960 sibi
2785 2911 3111 2977 sanctasque
3151 2925 3268 2962 suae
3318 2909 3572 2963 ecclesite
3597 2925 3630 2961 a
3676 2909 3856 2961 Karolo

384 3011 520 3071 loca,
551 3012 638 3064 vel
670 3028 854 3080 agros,
893 3010 1296 3080 possessiones,
1327 3029 1468 3082 quas
1501 3013 1774 3066 moderno
1818 3019 2076 3084 tempore

378 3098 529 3167 juste
587 3102 642 3150 et
690 3098 1102 3152 rationabiliter
1140 3099 1288 3152 infra
1317 3116 1562 3170 regnum
1591 3101 1863 3155 divinitus
1913 3104 2076 3156 nobis

384 3202 716 3240 concessum
747 3188 1050 3257 praefatum
1080 3186 1336 3256 possidet
1368 3189 1802 3254 monasterium,
1830 3191 1917 3244 vel
1948 3208 2076 3262 qua:

385 3274 651 3344 deinceps
679 3275 738 3328 in
762 3275 858 3345 jus
889 3275 1066 3344 ipsius
1096 3276 1204 3328 loci
1231 3277 1476 3329 voluerit
1507 3277 1700 3331 divina
1748 3279 1929 3348 pietas
1969 3297 2076 3334 au-

384 3361 527 3430 geri,
561 3361 630 3415 ad
658 3362 1177 3430 causasjudiciario
1215 3379 1374 3418 more
1435 3365 1750 3419 audiendas
1801 3367 1885 3420 vel
1918 3367 2078 3421 freda

382 3451 783 3521 undecumque
840 3451 1117 3520 exigenda
1179 3457 1277 3505 aut
1334 3453 1660 3507 mansiones
1701 3454 1787 3507 vel
1851 3462 2076 3524 paratas

382 3538 667 3592 faciendas
697 3539 1169 3608 auttidejussores
1183 3541 1464 3594 tollendos
1489 3549 1585 3595 aut
1606 3542 1868 3596 homines
1898 3544 2077 3614 ipsius

384 3627 713 3681 monasterii
756 3632 869 3681 tam
899 3627 1179 3697 ingenuos
1212 3645 1381 3698 quam
1429 3633 1486 3683 et
1513 3646 1701 3684 servos
1746 3647 1919 3700 super
1960 3638 2076 3686 ter-

380 3731 503 3769 ram
537 3716 716 3784 ipsius
775 3723 1200 3769 commanentcs
1258 3716 1704 3788 distringendos,
1773 3735 1877 3772 nec
1932 3721 2078 3774 ullas

381 3803 754 3858 redibitiones
838 3809 934 3857 aut
995 3803 1240 3858 inlicitas
1289 3806 1611 3860 occasiones
1677 3808 2072 3878 requirendus,

380 3892 586 3947 nostris
607 3891 931 3962 futurisque
968 3892 1322 3962 temporibus
1347 3894 1570 3963 ingredi
1603 3895 1830 3960 audeat,
1863 3895 1950 3948 vel
2010 3913 2076 3949 ea

379 3998 508 4052 quae
541 3997 713 4050 supra
753 3986 1072 4033 memorata
1103 3985 1236 4033 sunt
1296 3980 1524 4050 exigere
1583 3989 1910 4051 praesumat.
1966 3983 2073 4038 Sed

377 4069 544 4123 liccat
571 4069 810 4139 praefato
844 4067 1033 4120 abbati
1065 4068 1296 4138 suisque
1329 4070 1747 4123 successoribus
1804 4087 1894 4123 res
1924 4087 2072 4139 prie-
2113 4083 2116 4088 '

378 4157 513 4210 dicti
566 4155 902 4210 monasterii
961 4171 1090 4208 cum
1150 4156 1417 4209 omnibus
1476 4156 1585 4209 sibi
1641 4157 1910 4226 subjectis
1967 4159 2071 4213 sub

377 4243 760 4297 immunitatis
799 4247 1010 4295 nostra:
1069 4242 1396 4296 defensione
1445 4243 1736 4314 possidere
1792 4251 1846 4299 et
1877 4252 2070 4300 nostro

376 4332 623 4385 ﬁdeliter
653 4347 854 4401 parere
886 4330 1149 4398 imperio.
1216 4331 1281 4383 Et
1336 4332 1606 4402 quicquid
1658 4332 1724 4386 de
1782 4335 2069 4403 prmdictis

376 4419 545 4474 rebus
575 4420 671 4489 jus
700 4418 818 4472 ﬁsci
850 4417 1075 4487 exigere
1131 4423 1369 4489 poterat,
1403 4437 1505 4490 pro
1539 4428 1753 4476 aeterna
1793 4439 2068 4477 remune-

376 4507 596 4561 ratione
627 4507 865 4577 praat'ato
883 4508 1231 4560 monasterio
1263 4511 1320 4561 et
1341 4510 1634 4563 monachis
1664 4511 2063 4566 concessimus.

378 4598 444 4652 Et
473 4596 519 4648 si
577 4595 803 4666 quando
851 4596 1046 4649 divina
1080 4597 1374 4650 vocatione
1400 4598 1520 4668 jam
1572 4599 1721 4652 fatus
1773 4599 1916 4653 abba
1978 4603 2066 4655 vel

377 4702 724 4740 successores
749 4684 872 4755 ejus
899 4684 967 4739 de
1016 4686 1121 4739 hac
1173 4686 1298 4739 luce
1348 4687 1740 4758 migraverint,
1788 4689 2064 4752 quamdiu

373 4767 482 4839 ipsi
540 4772 808 4826 monachi
863 4772 1014 4826 inter
1061 4789 1118 4826 se
1162 4774 1303 4827 tales
1351 4774 1611 4828 invenire
1695 4777 1915 4844 possint
1967 4778 2066 4848 qui

371 4857 556 4928 ipsam
612 4861 1122 4932 congregationem
1168 4863 1484 4917 secundum
1543 4863 1800 4934 regulam
1850 4863 1933 4934 pii
1971 4882 2066 4935 pa-

370 4945 470 4998 tris
529 4947 818 5001 Benedicti
876 4963 1072 5018 regere
1131 4949 1378 5015 valeant,
1460 4967 1562 5020 per
1611 4951 1759 5005 hanc
1807 4957 2064 5008 nostram

373 5034 763 5089 auctoritatem
813 5053 1158 5090 consensum
1195 5043 1252 5090 et
1302 5038 1594 5092 licentiam
1655 5038 1908 5093 habeant
1962 5041 2063 5094 eli-

372 5122 544 5190 gendi
581 5123 829 5177 abbates.
862 5125 990 5179 Haec
1023 5140 1155 5177 vero
1188 5125 1493 5178 auctoritas
1521 5130 1586 5178 ut
1632 5126 1952 5195 pleniorem
1996 5129 2064 5184 in

377 5209 476 5262 Dei
507 5210 736 5264 nomine
778 5213 1034 5283 optineat
1061 5211 1416 5277 ﬁrmitatem,
1451 5227 1625 5265 manu
1664 5214 1899 5283 propria
1937 5215 2065 5268 sul)-

373 5303 467 5351 tus
497 5314 622 5351 eam
653 5299 1027 5368 ﬁrmavimus,
1061 5300 1367 5370 sigilloque
1404 5305 1596 5353 nostro
1648 5301 1914 5371 insigniri
1936 5301 2061 5370 jus-

373 5385 571 5442 simus.

443 5472 686 5545 Signum
742 5474 940 5530 domui
983 5474 1232 5531 Heinrici
1287 5475 1681 5532 Romanorum
1701 5473 2063 5532 invictissimi

2189 3009 2400 3064 magno
2432 2995 2781 3064 imperatore
2812 2994 2950 3049 olim
3004 2995 3260 3050 fundatae
3299 2997 3512 3050 nostris
3561 3013 3691 3051 vero
3735 3002 3858 3050 tem-

2189 3083 2422 3152 poribus
2474 3081 2803 3136 incendium
2859 3099 3063 3154 passze,
3095 3083 3176 3154 [in
3226 3085 3446 3138 honore
3491 3086 3644 3138 enim
3683 3089 3859 3138 sancta:

2189 3167 2291 3220 Dei
2319 3167 2610 3238 genitricis
2661 3167 2852 3222 Maria:
2905 3185 3134 3238 semper
3165 3169 3404 3239 virginis
3447 3175 3506 3224 et
3558 3169 3730 3224 sancti
3777 3170 3860 3240 ΚΥ·

2187 3254 2324 3310 liani
2401 3255 2665 3327 martyris
2764 3257 3091 3328 Liboriique
3172 3258 3512 3313 confessoris
3591 3259 3856 3322 dedicata,

2187 3343 2518 3398 comitatum
2576 3361 2748 3415 quem
2795 3345 3006 3400 Dodico
3068 3362 3258 3401 comes
3316 3347 3456 3401 dum
3503 3348 3643 3402 vixit
3681 3347 3855 3411 ienuit,

2188 3433 2359 3486 situm
2384 3432 2597 3486 scilicet
2628 3433 2687 3487 in
2722 3433 2862 3488 locis
2893 3435 3148 3505 Hessiga,
3203 3437 3383 3506 Netga
3430 3437 3720 3507 Nihterga,
3749 3450 3858 3490 cum

2189 3521 2349 3575 omni
2382 3523 2668 3590 legalitate
2716 3523 2778 3576 in
2825 3523 3127 3594 proprium
3158 3524 3531 3578 concedimus
3565 3531 3728 3596 atque
3765 3525 3855 3577 lar-

2187 3610 2380 3680 gimur
2402 3626 2508 3680 per
2555 3611 2702 3664 hanc
2757 3618 3013 3666 nostram
3067 3613 3427 3683 imperialem
3475 3615 3769 3685 paginam;
3804 3627 3858 3664 eo

2186 3699 2451 3753 videlicet
2479 3704 2682 3752 tenore
2726 3699 2965 3754 rationis
3025 3706 3087 3754 ut
3143 3701 3415 3770 praefatus
3467 3703 3760 3772 episcopus
3802 3699 3857 3752 Μ.

2187 3787 2394 3858 suique
2427 3803 2780 3841 successores
2821 3787 3153 3859 prescriptie
3207 3789 3460 3843 ecclesiae
3507 3791 3859 3861 praesidentes

2185 3875 2645 3930 dehincliberam
2670 3875 2922 3931 habeant
2949 3881 3293 3948 potestatem
3331 3878 3403 3932 de
3428 3878 3634 3933 eodem
3707 3876 3858 3932 comi-

2185 3968 2310 4017 tatu
2374 3964 2611 4034 ejusque
2675 3964 3036 4020 utilitatibus
3113 3966 3392 4037 quicquid
3452 3967 3538 4021 eis
3612 3964 3862 4038 placuerit

2185 4051 2451 4116 faciendi,
2530 4051 2602 4106 ad
2669 4068 2873 4108 eorum
2944 4058 3136 4108 tamen
3218 4054 3536 4108 utilitatem
3609 4055 3860 4117 ecclesia,

2185 4140 2449 4194 omnium
2486 4139 2752 4195 videlicet
2797 4142 3196 4213 inquietudine
3259 4148 3499 4198 remota.
3534 4145 3606 4198 Et
3646 4148 3709 4198 ut
3759 4143 3861 4198 hac

2185 4233 2396 4282 nostra:
2476 4228 2801 4283 traditionis
2869 4247 2970 4285 seu
3022 4231 3476 4285 conﬁrmationis
3577 4231 3860 4286 auctoritas

2183 4316 2400 4369 stabilis
2422 4319 2476 4368 et
2519 4315 2855 4372 inconvulsa
2897 4319 3056 4372 omni
3112 4318 3395 4372 habeatur
3446 4325 3722 4390 tempore,
3770 4319 3862 4372 hoc

2177 4408 2532 4474 praaceptum
2563 4403 2696 4458 inde
2737 4406 3123 4477 conscriptum
3172 4422 3350 4461 manu
3413 4409 3651 4478 propria
3688 4408 3860 4462 ﬁrma-

2160 4491 2364 4566 yvimus
2415 4499 2471 4544 et
2527 4495 2722 4546 nostro
2779 4492 2967 4565 sigillo
3022 4510 3358 4566 repercusso
3401 4495 3672 4567 insigniri
3720 4493 3863 4566 jussi-

2181 4595 2329 4633 mus.

2246 4669 2474 4736 Signum
2538 4669 2723 4723 damni
2797 4671 3043 4726 Heinrici
3128 4672 3566 4727 victoriosissimi
3645 4673 3730 4739 (L.
3783 4669 3862 4737 Μ.)

2174 4757 2522 4825 imperatoris
2552 4760 2815 4826 Augusti.

2243 4846 2593 4901 Guntherius
2669 4847 3042 4901 cancellarius
3090 4847 3158 4901 ab
3213 4847 3398 4901 vicem
3472 4843 3862 4902 Herkembaldi

2174 4934 2494 5004 Mogontini
2521 4934 2945 5006 archiepiscopi
2991 4940 3049 4991 et
3101 4935 3543 5006 archicapellani
3596 4952 3860 5007 recogno-

2174 5021 2274 5075 vit.

2245 5111 2385 5164 Data
2424 5127 2513 5166 xw
2583 5111 2707 5165 Kal.
2776 5111 2991 5179 Marcii,
3036 5111 3353 5167 indictione
3406 5129 3480 5182 ιν,
3547 5129 3705 5168 anno
3771 5113 3865 5166 Do-

2173 5198 2400 5252 minicas
2431 5199 2845 5254 incarnationis
2907 5204 3059 5267 1021,
3095 5216 3243 5254 anno
3277 5217 3411 5255 vero
3458 5201 3658 5256 domni
3707 5201 3862 5255 Heiu-

2174 5287 2279 5340 rici
2325 5288 2562 5342 secundi
2622 5289 2922 5358 regnantis
2969 5305 3147 5357 xvnu,
3206 5288 3441 5360 imperii
3497 5295 3692 5345 autem
3756 5304 3862 5342 vui.

2242 5376 2448 5431 Actum
2469 5375 2802 5432 Podrebrun
2829 5376 3091 5433 feliciter.
3136 5366 3343 5433 Amen:
