3914 6190
134 242 225 293 357

870 357 1043 412 CXIX.

131 451 183 502 S.
214 449 463 501 Henricus
507 445 800 514 conﬁrmat
855 448 1175 500 monasterio
1232 448 1422 501 Sancti
1474 450 1801 501 Emmerami

192 521 363 571 omnia
389 517 520 569 bona
552 519 869 582 generatim,
907 517 1091 569 ablata
1122 520 1366 587 episcopo
1400 520 1639 587 aliisque
1674 522 1803 574 aliea

190 588 356 642 nandi
374 588 653 653 facultate.

640 660 827 722 (Anno
850 660 1006 725 1021,
1028 661 1057 711 3
1079 658 1269 728 Julii.)

360 744 547 815 [Ried,
577 744 760 798 Codea:
799 745 1022 814 diplom.
1061 746 1299 811 Ratisb.,
1325 747 1369 813 Ι,
1408 745 1551 817 135.]

190 834 245 885 In
273 832 503 884 nomine
560 838 767 885 sanctae
798 838 853 885 et
890 832 1203 886 individere
1261 833 1573 901 Trinitatis,
1624 835 1800 889 HEIN-

132 936 264 975 arcus
283 920 469 973 divina
485 920 708 973 favente
748 920 1054 974 clementia
1087 922 1249 974 Rom.
1272 920 1409 991 imp.
1438 925 1584 991 Aug.

192 1008 539 1076 lmperialem
590 1008 769 1060 nostri
801 1008 1050 1061 nominis
1080 1009 1476 1062 excellentiam
1534 1010 1643 1062 hoc
1694 1010 1797 1062 sci-

133 1114 240 1150 mus
295 1096 517 1166 exigere
570 1096 686 1148 imo
742 1098 809 1149 ad
854 1102 1067 1149 statum
1129 1097 1293 1166 regni
1340 1100 1397 1150 et
1440 1097 1512 1150 ad
1556 1098 1800 1151 salutem

132 1184 315 1237 animae
373 1190 583 1237 nostrae
632 1184 881 1237 multum
938 1184 1239 1254 proﬁcere,
1292 1201 1551 1256 quosque
1622 1186 1800 1239 divini

131 1272 321 1323 servitii
348 1276 653 1336 amatores,
687 1276 749 1324 ut
796 1273 917 1325 sine
950 1274 1185 1342 querela
1243 1273 1301 1325 in
1351 1273 1451 1326 Dei
1490 1274 1801 1343 persistant

130 1359 297 1426 laude,
343 1358 703 1412 liberalitatis
758 1365 965 1412 nostrm
1014 1362 1397 1414 sustentaculo
1454 1360 1798 1431 confortare,

129 1446 349 1499 maxime
379 1452 573 1501 autem
617 1462 711 1500 eos
769 1464 1016 1517 quorum
1064 1448 1271 1501 laboris
1323 1449 1546 1502 devotio
1605 1449 1796 1502 divino

128 1551 229 1605 prae
256 1536 474 1587 cmteris
496 1535 757 1604 invigilat
794 1536 1090 1605 obsequio.
1146 1536 1392 1589 Proinde
1423 1536 1641 1589 noverit
1668 1553 1796 1589 om-

130 1623 269 1675 nium
297 1623 507 1676 Christi
545 1623 839 1694 nostrique
878 1624 1140 1677 ﬁdelium
1176 1624 1516 1677 universitas
1553 1625 1799 1695 qualiter
1829 1636 1869 1689 Β

132 1727 220 1763 nos
248 1710 448 1763 divinae
502 1711 983 1764 remunerationis
1038 1728 1136 1781 spe
1181 1711 1420 1777 incitati,
1474 1712 1798 1764 interventu

129 1798 278 1851 etiam
298 1799 521 1852 dilectae
576 1799 837 1869 conjugis
876 1805 1087 1853 nostra!
1148 1799 1503 1869 Cunigundse
1548 1800 1793 1869 impera-

128 1886 260 1939 tricis
298 1890 571 1956 Augustae
618 1894 674 1941 et
706 1888 1015 1941 venerandi
1068 1887 1310 1941 Richolﬁ
1366 1887 1585 1942 abbatis
1639 1904 1793 1941 com-

127 1974 306 2027 moniti
360 1974 590 2028 cuidam
639 1975 900 2028 Ecclesim
958 1975 1056 2029 Dei
1104 1975 1253 2029 infra
1302 1975 1586 2029 civitatem
1633 1977 1795 2030 Hate-

128 2079 438 2132 sponeusem
474 2064 532 2116 in
581 2064 859 2116 hOilul‘i‘lll
894 2064 1127 2132 pretiosi
1164 2063 1263 2118 Dei
1292 2063 1559 2132 martyris
1611 2064 1795 2117 Helm-

126 2152 339 2203 merami
367 2156 727 2219 constructaa,
751 2152 851 2205 ubi
880 2152 1201 2205 venerabile
1233 2169 1438 2222 corpus
1462 2154 1582 2221 ejus
1618 2153 1790 2204 mira-

124 2238 242 2290 culis
274 2240 692 2293 declarantibus
717 2240 1073 2310 requiescere
1113 2241 1539 2309 comprobatur,
1574 2240 1788 2305 omnia,

124 2342 230 2394 qua:
256 2326 321 2379 ab
352 2327 805 2380 antecessoribus
850 2328 1074 2395 nostris,
1122 2329 1353 2398 regibus
1400 2329 1487 2381 vel
1536 2328 1789 2397 impera-

125 2414 331 2480 toribus,
365 2415 753 2486 omnibusque
780 2416 989 2471 Christi
1024 2417 1285 2470 ﬁdelibus
1314 2417 1403 2469 vel
1436 2416 1791 2487 infraipsam

124 2502 590 2572 Ratesponensem
622 2504 910 2557 civitatem
945 2505 1027 2558 vel
1076 2504 1137 2557 in
1196 2504 1467 2558 suburbio
1502 2504 1647 2574 ejus,
1701 2505 1790 2557 vel

122 2589 419 2662 ubicunque
452 2592 716 2645 locorum
747 2592 1021 2646 hactenus
1047 2592 1251 2646 tradita
1280 2598 1414 2646 sunt
1458 2597 1513 2646 et
1562 2593 1786 2659 collata,

121 2678 356 2745 perhanc
400 2679 766 2749 imperialem
794 2681 1065 2751 paginam
1105 2681 1163 2733 in
1213 2685 1556 2751 perpetuum
1590 2682 1791 2734 conﬁr-

123 2781 334 2835 mamus,
360 2774 417 2821 et
449 2769 667 2839 absque
696 2769 954 2822 omnium
984 2769 1285 2823 hominum
1337 2769 1787 2823 contradictione

121 2853 170 2905 in
195 2856 479 2925 proprium
530 2856 807 2927 largimus
842 2873 854 2910 :
890 2873 957 2910 ea
998 2856 1262 2911 videlicet
1301 2857 1520 2910 ratione
1570 2862 1633 2911 ut
1688 2874 1789 2910 nec

123 2943 389 3014 episcopus
438 2946 696 3016 ejusdsm
753 2945 883 3009 loci,
943 2946 1219 3017 nullaque
1248 2946 1554 3016 judiciaria
1579 2946 1665 2999 vel
1697 2962 1785 2999 ec-

121 3031 400 3087 clesiastica
429 3050 677 3104 persona
702 3034 953 3104 aliquam
985 3035 1192 3088 habeat
1240 3039 1581 3105 potestatem
1639 3050 1785 3104 prie-

121 3121 378 3176 nominata
405 3123 560 3176 bona
588 3123 841 3191 praefata:
872 3123 1123 3176 ecclesiae
1173 3125 1420 3189 auferre,
1453 3124 1541 3176 vel
1590 3123 1787 3176 usibus

119 3208 328 3265 fratrum
354 3211 572 3264 ibidem
605 3210 703 3264 sub
733 3212 1070 3264 monachica
1111 3211 1475 3265 institutione
1507 3212 1622 3265 Deo
1670 3227 1786 3264 ser-

120 3296 361 3351 vientium
392 3299 741 3365 abalienare,
785 3300 880 3353 sed
926 3299 1229 3371 praedictus
1290 3300 1585 3353 Richolfus
1642 3300 1787 3368 ejus—

120 3382 226 3436 dem
254 3386 356 3439 loci
405 3388 584 3441 abbas
640 3388 871 3457 suisque
924 3404 1274 3441 successores
1316 3388 1555 3441 liberam
1588 3387 1787 3440 exinde

120 3470 334 3527 habeant
360 3480 708 3544 potestatem
740 3476 1012 3546 quicquid
1070 3476 1152 3529 eis
1208 3477 1486 3545 placuerit
1516 3475 1782 3542 faciendi,

120 3560 174 3611 ad
200 3563 492 3616 utilitatem
516 3565 912 3618 tantummodo
943 3565 1184 3618 fratrum
1216 3564 1430 3618 ibidem
1471 3564 1575 3618 sub
1613 3580 1785 3633 regu-

121 3646 161 3698 la
181 3650 340 3703 sancti
383 3652 673 3705 Benedicti
725 3654 838 3706 Deo
890 3657 1197 3723 sanctoque
1230 3653 1652 3706 Heimmeramo
1701 3654 1783 3705 fa-

120 3738 450 3793 mulantium.
496 3741 564 3793 Et
590 3746 655 3793 ut
684 3741 806 3794 haec
837 3746 1047 3794 nostra)
1075 3740 1532 3794 conﬁrmationis
1562 3745 1617 3794 et
1664 3740 1783 3793 lar-

118 3824 317 3891 gitionis
348 3828 657 3881 auctoritas
703 3828 920 3881 stabilis
975 3835 1031 3882 et
1076 3829 1410 3883 inconvulsa
1442 3828 1599 3883 omni
1652 3845 1781 3899 per-

118 3919 316 3968 maneat
336 3933 476 3982 ievo,
510 3916 618 3970 hoc
645 3922 995 3987 praeceptum
1040 3917 1174 3971 inde
1232 3917 1620 3987 conscriptum
1658 3933 1783 3985 pro-

118 4000 222 4067 pria
245 4018 410 4057 manu
435 4005 891 4072 corroborantes,
952 4005 1126 4076 sigilli
1172 4005 1351 4060 nostri
1405 4006 1781 4076 impressione

116 4086 351 4155 jussimus
381 4092 667 4162 insigniri.
1404 4159 1425 4169 I

174 4178 374 4245 Signum
468 4181 655 4235 damni
728 4184 951 4235 Henrici
1018 4184 1364 4237 invictissimi
1407 4184 1778 4237 Romanorum
1809 4189 1850 4242 D

118 4264 422 4333 imperatoris
445 4272 705 4337 Augusti.
735 4272 1202 4337 (Monogramma.)

174 4354 501 4411 Guntherius
534 4358 904 4413 cancellarius
936 4360 1006 4413 ad
1038 4359 1220 4414 vicem
1280 4358 1628 4413 Erkenbaldi
1688 4375 1777 4412 ar-

118 4438 453 4512 chicapellani
484 4446 811 4516 recognovi.

175 4530 293 4585 Data
314 4550 343 4585 v
373 4536 564 4588 Nonas
594 4535 748 4601 Julii,
791 4534 1103 4589 indictione
1134 4553 1215 4602 III,
1260 4552 1409 4589 anno
1467 4534 1778 4589 Dominicee

117 4614 491 4677 incarnationis
528 4626 679 4690 1021,
705 4641 857 4677 anno
888 4641 1021 4678 vero
1064 4624 1271 4679 Domni
1298 4624 1524 4679 Henrici
1567 4640 1776 4678 secun-

119 4704 162 4757 di
186 4713 461 4779 regnantis
484 4728 576 4779 xx,
594 4712 926 4783 imperantis
947 4730 1063 4766 vm.

170 4796 353 4852 Actum
381 4799 631 4854 Coloniae
652 4800 908 4853 feliciter.
940 4802 1125 4854 Amen

171 4883 407 4951 Sigillum
428 4889 702 4957 majestat.
735 4890 1009 4957 integrum
1041 4893 1239 4943 earstat.

869 4977 1015 5032 CXX.

118 5057 165 5110 S.
203 5060 448 5133 Henricus
501 5068 781 5133 conﬁrmat
830 5066 1154 5119 monasterio
1201 5065 1391 5119 Sancti
1448 5066 1778 5118 Emmerami

172 5132 499 5206 traditionem
548 5138 716 5189 curtis
746 5138 929 5190 Ruita:
968 5136 1310 5206 (Vogtareut)
1356 5137 1565 5201 factam
1621 5151 1654 5189 a
1697 5151 1775 5189 eo-

171 5204 281 5256 mite
312 5205 665 5260 Warmundo.

617 5297 803 5363 (Anno
829 5298 979 5363 1021,
1012 5299 1040 5350 3
1062 5294 1243 5364 Julii.)

508 5382 676 5455 [Ried
721 5384 816 5437 ubi
856 5399 1046 5453 supra,
1097 5401 1160 5454 p.
1204 5383 1346 5454 136.]

173 5461 229 5515 1n
254 5468 480 5523 nomine
500 5475 707 5526 sanctas
728 5477 786 5526 et
831 5471 1145 5527 individuae
1194 5470 1508 5538 Trinitatis,
1564 5469 1776 5525 Hamu-

1366 240 1755 298 DlPLOMATA
1794 244 2351 301 ECCLESIASTICA.

1841 362 1887 414 Α
1912 378 2006 415 cus
2030 360 2222 415 divina
2249 361 2473 415 favente
2512 363 2819 417 clementia
2877 367 3038 420 Rom.
3103 368 3242 437 imp.
3290 371 3603 439 Augustus.

3504 258 3607 311 358

1984 449 2345 519 lmperialem
2374 450 2553 503 nostri
2580 452 2830 505 nominis
2848 454 3238 509 excellentiam
3262 458 3369 509 hoc
3400 460 3608 512 scimus

1913 538 2160 607 exigere,
2194 538 2311 591 imo
2344 539 2415 591 ad
2456 545 2668 592 statum
2718 542 2879 609 regni
2914 548 2967 595 et
3018 543 3081 595 ad
3131 546 3371 597 salutem
3398 547 3606 599 animus

1911 632 2120 678 nostrae
2174 626 2418 679 multum
2476 628 2774 696 proﬁcere,
2832 645 3089 699 quosque
3144 631 3321 683 divini
3395 634 3609 687 servitii

1912 719 2213 780 amatores,
2244 719 2306 766 ut
2333 714 2456 767 sine
2503 718 2737 784 querela
2786 717 2843 769 in
2897 718 2997 770 Dei
3048 718 3357 784 persistaut
3418 720 3604 787 laude,

1908 801 2270 854 liberalitatis
2303 808 2509 855 nostrae
2540 806 2923 858 sustentaculo
2973 807 3317 872 confortare,
3362 810 3605 863 maxime

1910 895 2101 943 autem
2133 906 2227 941 eos
2252 906 2496 959 quorum
2527 892 2738 944 laboris
2770 892 2995 945 devotio
3030 894 3220 947 divino
3265 912 3384 965 pra:
3435 903 3607 950 caete-

1909 977 1985 1030 ris
2014 977 2276 1047 invigilat
2307 978 2603 1048 obsequio.
2628 979 2873 1034 Proinde
2897 982 3121 1035 noverit
3151 984 3409 1036 omnium
3442 985 3603 1039 Chri-

1911 1064 1981 1117 sti
2004 1064 2300 1135 nostrique
2329 1066 2589 1119 ﬁdelium
2609 1067 2951 1121 universitas
2987 1071 3232 1138 qualiter
3256 1088 3377 1137 nos,
3400 1072 3605 1127 divinae

1908 1154 2392 1206 remunerationis
2436 1171 2534 1224 spe
2565 1155 2805 1221 incitati,
2848 1156 3173 1210 interventu
3225 1159 3399 1213 etiam
3457 1162 3604 1214 dile-

1908 1245 2011 1293 ctae
2042 1242 2302 1311 conjugis
2335 1248 2544 1295 nostra?
2601 1244 2993 1313 Chunigundee
3051 1246 3428 1314 imperatricis
3484 1248 3601 1302 Au-

1910 1333 2092 1397 gusta:
2181 1336 2236 1381 et
2294 1330 2605 1383 venerandi
2665 1330 2909 1383 Hicholﬁ
2967 1332 3184 1385 abbatis
3247 1336 3601 1399 commoniti,

1908 1416 2133 1469 cuidam
2170 1417 2428 1470 Ecclesiae
2456 1418 2554 1470 Dei
2585 1418 2732 1470 infra
2774 1418 3060 1472 civitatem
3119 1421 3489 1491 Ratisponen.
3542 1424 3604 1477 in

1907 1504 2184 1557 honorem
2215 1506 2448 1574 pretiosi
2466 1506 2566 1558 Dei
2596 1507 2857 1576 martyris
2880 1507 3285 1561 Heimmerami
3340 1516 3596 1564 constru-

1908 1592 2154 1660 ctae,ubi
2186 1594 2508 1647 venerabile
2542 1610 2746 1663 corpus
2786 1594 2909 1664 ejus
2952 1596 3240 1649 miraculis
3307 1597 3600 1652 declaran-

1910 1680 2062 1733 tibus
2128 1681 2484 1750 requiescere
2564 1682 2973 1751 comprobatur
3030 1684 3342 1753 quamdam
3416 1685 3599 1738 nostri

1900 1768 2047 1837 juris
2099 1774 2317 1822 curtem
2371 1770 2539 1823 ltiute
2569 1770 2800 1835 dictam,
2841 1770 2902 1824 in
2949 1787 3095 1841 pago
3155 1774 3596 1843 Chymengowe,

1905 1856 1964 1910 in
1995 1857 2271 1910 comitatu
2322 1858 2566 1911 Pabonis
2619 1860 2842 1912 comitis
2898 1860 3086 1926 sitam,
3145 1877 3318 1930 quam
3365 1862 3600 1931 quidam

1906 1945 2116 1998 nobilis
2147 1946 2317 1998 homo
2354 1948 2731 2000 Warmundus
2753 1964 2942 2000 comes
2964 1948 3151 2001 eidem
3174 1949 3433 2003 coenobio
3462 1966 3596 2004 con-

1904 2033 2055 2097 tulit,
2090 2048 2217 2086 cum
2244 2034 2509 2086 omnibus
2544 2035 2919 2103 appendiciis,
2952 2036 3098 2088 villis
3131 2036 3362 2103 scilicet,
3426 2038 3593 2105 areis,

1904 2122 2075 2190 agris,
2108 2121 2304 2190 pratis,
2337 2122 2581 2191 pascuis,
2612 2122 2773 2191 aquis
2832 2140 3181 2193 aquarumve
3236 2125 3595 2195 decursibus,

1904 2208 2055 2262 vadis
2099 2210 2459 2272 molendinis,
2512 2210 2941 2279 piscationibus,
3002 2212 3247 2265 exitibus
3303 2219 3361 2266 et
3405 2214 3596 2268 rediti-

1900 2296 2027 2362 bus,
2080 2298 2183 2349 viis
2237 2304 2293 2351 et
2350 2298 2537 2364 inviis,
2592 2299 2819 2368 quaestis
2864 2303 2919 2351 et
2974 2299 3352 2368 inquirendis,
3414 2302 3591 2369 silvis,

1900 2385 2321 2453 venationibus,
2354 2386 2586 2439 familiis
2626 2388 2797 2439 etiam
2831 2387 3126 2457 utriusque
3180 2404 3367 2453 sexus,
3418 2394 3589 2443 caete-

1900 2473 2112 2542 risque,
2146 2490 2275 2543 quin
2306 2474 2564 2544 quolibet
2618 2475 2784 2527 modo
2816 2475 2927 2527 dici
2958 2480 3056 2528 aut
3104 2477 3273 2528 scribi
3330 2483 3591 2546 possunt,

1903 2561 2242 2614 utilitatibus
2275 2563 2342 2614 ad
2369 2563 2629 2615 eamdem
2658 2564 3020 2632 curtemjure
3047 2568 3102 2615 et
3130 2564 3389 2631 legaliter
3410 2565 3593 2634 perti-

1899 2649 2187 2715 nentibus,
2219 2665 2321 2718 per
2351 2651 2496 2702 hanc
2525 2650 2885 2718 imperialem
2910 2651 3176 2720 paginam
3208 2652 3268 2704 in
3295 2653 3594 2721 proprium

1897 2736 2198 2805 largimur.
2234 2743 2289 2790 et
2312 2738 2588 2807 ejusdem,
2615 2739 2949 2791 Warmundi
2971 2740 3195 2791 comitis
3222 2740 3593 2793 traditionem

1900 2830 2177 2894 perpetuo
2204 2826 2333 2895 jure
2390 2826 2679 2895 praedictae
2724 2826 2972 2879 ecclesiae
3034 2828 3470 2893 conﬁrmamus;
3528 2845 3594 2880 ea

1823 2908 1862 2963 C
1901 2912 2161 2966 videlicet
2214 2914 2433 2967 ratione
2487 2921 2547 2967 ut
2618 2932 2723 2967 nec
2784 2916 3087 2985 episcopus
3138 2916 3391 2984 ejusdem
3465 2916 3593 2983 loci,

1894 3002 2169 3071 nullaque
2195 3002 2575 3056 ecclesiastica
2606 3004 2693 3056 vel
2719 3003 3025 3072 judiciaria
3060 3019 3308 3073 persona
3339 3004 3590 3074 aliquam

1894 3090 2099 3143 habent
2151 3096 2513 3159 potestatem,
2575 3092 3061 3160 przenominatum
3120 3097 3338 3145 curtem
3370 3108 3593 3161 prmno-

1894 3178 2126 3231 minutiae.
2164 3179 2421 3232 Ecclesia:
2482 3182 2706 3232 auferre
2756 3180 2839 3232 vel
2873 3180 3066 3233 usibus
3098 3180 3339 3234 fratrum
3379 3181 3591 3235 ibidem

1895 3267 2001 3319 sub
2026 3267 2362 3319 monachica
2390 3267 2755 3321 institutione
2793 3270 2905 3320 Deo
2945 3268 3314 3322 servientium
3381 3270 3591 3323 abalie-

1858 3364 2050 3421 ‘nare,
2086 3356 2181 3407 sed
2225 3355 2534 3425 praedictus
2594 3356 2885 3409 Richolfus
2943 3356 3199 3424 ejusdem
3260 3358 3367 3410 loci
3424 3358 3593 3410 abbas

1894 3442 2097 3513 suique
2150 3460 2496 3496 successores
2518 3443 2757 3497 liberam
2818 3444 3023 3497 exinde
3057 3445 3308 3499 habeant
3333 3451 3587 3516 potesta—

1892 3535 2005 3584 tem
2046 3532 2315 3602 quicquid
2380 3533 2459 3584 eis
2518 3532 2796 3602 placuerit
2854 3533 3121 3599 faciendi,
3166 3535 3231 3587 ad
3282 3534 3589 3587 utilitatem

1893 3622 2289 3673 tantummodo
2323 3620 2559 3672 fratrum
2592 3620 2808 3673 ibidem
2860 3621 2961 3673 sub
3022 3623 3219 3690 regula
3264 3623 3442 3677 sancti
3487 3624 3588 3676 Be-

1894 3706 2102 3760 nedicti
2154 3708 2269 3761 Deo
2319 3712 2624 3778 sanctoque
2696 3709 3115 3763 lleimmeramo
3163 3710 3585 3772 famulantium,

1893 3795 2153 3848 omnium
2194 3796 2493 3848 hominum
2524 3797 2969 3849 contradictione
3001 3802 3238 3849 remota.
3266 3799 3327 3849 Et
3360 3804 3419 3850 ut
3464 3799 3588 3850 haec

1890 3888 2101 3936 nostrae
2137 3883 2455 3953 largitionis
2512 3889 2567 3935 et
2621 3883 3074 3935 conﬁrmationis
3122 3884 3429 3936 auctoritas
3467 3889 3584 3936 sta-

1890 3971 2020 4024 bilis
2052 3976 2108 4024 et
2139 3972 2464 4024 inconvulse
2498 3971 2652 4024 omni
2701 3977 3033 4042 permaneat
3080 3988 3220 4038 £8V0,
3279 3972 3386 4025 hoc
3434 3988 3583 4041 prae-

1891 4060 2273 4128 ceptuminde
2298 4059 2682 4129 conscriptum
2714 4076 2886 4113 manu
2925 4061 3158 4129 propria
3211 4060 3584 4113 corroboran-

1890 4154 1997 4214 tes,
2023 4148 2197 4217 sigilli
2222 4148 2397 4200 nostri
2428 4148 3099 4218 impressionejussimus
3131 4147 3415 4217 insigniri.

1958 4237 2184 4302 Signum
2224 4237 2408 4289 damni
2443 4240 2661 4290 Henrici
2720 4239 3064 4291 invictissimi
3113 4239 3264 4291 Rom.
3298 4239 3431 4305 imp.
3476 4237 3587 4290 Au-

1888 4327 2036 4391 gusti
2071 4327 2538 4390 (Monogramma.)

1960 4414 2307 4466 Guntherius
2363 4412 2734 4467 cancellarius
2784 4413 2855 4466 ad
2895 4413 3071 4467 vicem
3106 4413 3449 4468 Erkenbaldi
3494 4429 3583 4466 ar-

1888 4500 2300 4571 chicappellani
2326 4501 2652 4570 recognovi.

1957 4589 2098 4641 Data
2121 4605 2151 4640 v
2184 4590 2382 4642 Nonas
2415 4589 2571 4654 Julii,
2614 4588 2812 4642 indict.
2848 4606 2927 4653 Ill,
2984 4604 3135 4642 anno
3178 4588 3591 4643 Dominicaein-

1886 4681 2097 4731 carnat.
2130 4679 2282 4741 1021,
2315 4694 2465 4731 anno
2500 4694 2632 4730 vero
2679 4677 2878 4730 domui
2918 4677 3147 4732 llenrici
3192 4694 3228 4730 ιι
3287 4675 3585 4745 regnantis

1885 4781 1977 4830 xx,
2013 4765 2351 4836 imperantis
2384 4782 2497 4832 vm,
2531 4770 2734 4819 Actum
2765 4766 3015 4820 Coloniae
3065 4766 3324 4819 feliciter.
3370 4768 3572 4817 Amen.

1956 4853 2213 4920 Sigillum
2237 4855 2489 4908 nonnihil
2520 4856 2701 4908 laesum
2727 4861 2923 4908 exstat.

2647 4944 2819 4997 CXXI.

1884 5031 1940 5086 S.
1980 5032 2243 5085 Henricus
2298 5032 2581 5097 conﬁrmat
2636 5031 2960 5084 monasterio
3021 5029 3197 5081 sancti
3255 5030 3585 5083 Emmerami

2430 5120 2630 5171 curtem
2686 5119 3025 5171 Eiterhoven.

2403 5208 2586 5271 (Anno
2623 5208 2777 5271 1021,
2813 5208 2841 5257 3
2881 5204 3064 5271 Julii.)

2313 5291 2498 5363 [Ried,
2540 5294 2635 5346 ubi
2685 5309 2874 5361 supra,
2916 5308 2970 5361 p.
3014 5290 3153 5359 137.]

1956 5381 2017 5433 In
2048 5380 2281 5433 nomine
2322 5388 2531 5434 sanctae
2580 5386 2637 5433 et
2661 5381 2972 5433 individuus
3010 5378 3324 5445 Trinitatis,
3386 5380 3581 5433 HENRI-

1887 5484 2011 5536 cus,
2039 5474 2170 5535 etc.,
2228 5465 2288 5522 ut
2325 5484 2472 5523 num.
2516 5482 2676 5536 pravo.
2731 5495 2797 5507 —
2845 5466 3155 5537 quamdam
3212 5466 3391 5521 nostri
3433 5466 3580 5535 juris
