3920 6190
381 224 484 276 359
1680 215 1735 269 S.
1781 216 2067 270 HENRICI
2108 213 2580 271 IMPERATORIS
3695 230 3771 281 350

377 349 619 409 curtem,
675 341 1039 395 Eitterhoven
1069 339 1277 394 dictam
1332 339 1393 392 in
1423 353 1571 408 pago
1617 337 1956 408 Tunegowe,
2016 339 2075 391 in
2117 341 2160 391 A
2190 337 2367 392 sancti
2420 334 2806 392 Hemmerami
2836 334 2992 388 ducit.
3017 335 3087 389 ad
3135 335 3563 408 ecclesiam,qua3
3585 345 3776 413 vulgari-

375 433 647 486 comitatu
694 429 986 484 Adalberti
1041 427 1387 481 marchionis
1436 427 1626 492 sitam,
1687 441 1860 494 quam
1931 442 2068 478 avus
2180 429 2264 480 ter
2294 426 2667 479 Abachiricha
2721 423 2947 489 dicitur,
2999 423 3150 477 intra
3177 424 3445 479 civitatem
3490 427 3541 480 in
3583 431 3778 502 longitu-

377 525 570 574 noster
598 519 710 589 piae
739 517 1154 570 recordationis
1184 516 1293 570 dux
1340 515 1611 568 Henricus
1663 513 1850 566 eidem
1885 530 2070 568 cceno-
2179 514 2313 568 dine
2339 514 2646 567 habentem
2678 511 2924 582 porticas
2955 527 3049 577 xx,
3111 517 3167 564 et
3223 512 3277 564 in
3320 512 3607 581 latitudine,
3651 521 3779 574 aliam

374 607 467 662 bio
491 611 659 660 antea
697 606 958 673 contulit,
1008 621 1134 659 cum
1172 604 1438 658 omnibus
1485 601 1858 672 appendiciis,
1922 602 2069 655 villis
2177 618 2329 667 vero,
2363 602 2511 654 foras
2543 615 2773 654 murum
2798 599 3059 669 proxime
3083 599 3443 668 adjacentem,
3473 602 3537 654 in
3586 604 3780 674 longitu-

374 697 607 763 scilicet,
668 694 834 759 areis,
878 694 1045 763 agris,
1107 693 1302 763 pratis,
1363 691 1606 761 pascuis,
1661 690 1842 760 aquis,
1893 707 2068 760 aqua-
2180 690 2311 743 dine
2341 689 2606 742 similiter
2633 688 2937 742 habentem
2971 687 3212 758 perticas
3242 703 3328 753 xx,
3360 689 3498 742 etin
3546 691 3784 748 latitudine

373 799 571 838 rumve
602 782 956 846 decursibus,
1000 779 1370 844 molendinis,
1430 778 1860 848 piscationibus,
1905 777 2066 831 exiti-
2180 795 2293 844 vni,
2317 777 2376 830 in
2408 777 2685 831 comitatu
2717 776 3033 846 Ruodperti
3070 776 3310 838 comitis,
3343 791 3438 846 per
3470 777 3596 831 hanc
3643 780 3783 850 impe-

376 872 483 927 bus
514 876 568 924 et
597 869 894 933 reditibus,
931 867 1185 938 quaesitis
1217 872 1271 920 et
1301 866 1684 937 inquirendis,
1740 866 1915 931 silvis,
1971 882 2068 919 vc-
2178 867 2377 920 rialem
2427 865 2697 936 paginam
2732 880 2862 918 cum
2918 864 3078 918 omni
3131 863 3408 933 legalitate
3449 864 3502 918 in
3547 868 3784 937 proprium

377 958 726 1025 nationibus,
755 955 986 1010 familiis
1018 955 1189 1008 etiam
1248 954 1550 1024 utriusque
1573 970 1758 1019 sexus,
1811 954 2059 1006 caeteris-
2177 955 2454 1024 largimus
2489 958 2658 1024 atque
2701 953 3095 1018 concedimus;
3154 968 3219 1005 ea
3273 952 3476 1006 scilicet
3518 954 3705 1008 ratione
3742 966 3785 1008 ut

379 1063 514 1117 que,
570 1061 696 1115 qua:
745 1043 998 1114 quolibet
1059 1042 1230 1096 modo
1279 1041 1391 1095 dici
1437 1047 1537 1094 aut
1591 1040 1761 1093 scribi
1807 1047 2066 1109 possunt,
2178 1043 2452 1114 praedicta
2483 1041 2767 1096 abbatissa
2796 1048 2851 1094 et
2879 1056 3079 1094 omnes
3109 1057 3236 1110 quae
3284 1040 3388 1093 sibi
3421 1039 3606 1094 inloco
3634 1042 3785 1096 eodem

379 1133 717 1187 utilitatibus
756 1131 823 1184 ad
857 1130 1119 1184 eamdem
1149 1135 1370 1183 curtem
1395 1129 1526 1198 jure
1559 1134 1613 1181 et
1642 1128 1903 1198 legaliter
1946 1144 2067 1197 per-
2180 1131 2380 1184 ordine
2402 1135 2458 1184 et
2497 1128 2773 1199 dignitate
2832 1128 3166 1195 succedunt,
3216 1127 3444 1180 liberam
3500 1128 3673 1182 exinde
3713 1131 3785 1183 ha-

376 1220 708 1283 tinentibus,
739 1235 841 1289 per
860 1217 1377 1288 hancimperialem
1399 1216 1672 1286 paginam
1696 1216 1750 1268 in
1772 1216 2069 1285 proprium
2179 1219 2350 1273 beant
2377 1222 2718 1289 potestatem
2767 1216 3044 1288 quidquid
3103 1216 3182 1269 eis
3234 1215 3455 1269 libuerit
3495 1216 3704 1270 faciendi
3741 1219 3786 1272 ad

374 1307 670 1378 largimus,
704 1307 1065 1360 concedimus
1101 1311 1156 1358 et
1177 1304 1588 1376 perpetualiter
1631 1304 2068 1370 conlirmanius;
2179 1306 2483 1359 utilitatem
2515 1304 2923 1374 praenominati
2952 1303 3284 1357 monasterii
3335 1318 3396 1356 ac
3433 1319 3661 1356 sororum
3708 1305 3782 1356 ibi-

376 1411 442 1450 ea
471 1395 735 1449 videlicet
765 1395 982 1447 ratione
1027 1399 1089 1446 ut
1145 1409 1246 1446 nec
1281 1380 1585 1462 Episcopus
1637 1392 1889 1462 ejusdem
1923 1393 2052 1456 loci,
2179 1393 2306 1446 dem
2340 1393 2651 1447 monastice
2702 1392 3184 1445 conversantium.
3244 1391 3327 1458 Et,
3395 1396 3456 1443 ut
3500 1391 3606 1444 haec
3633 1398 3786 1444 nostra

375 1483 650 1553 nullaque
713 1482 956 1536 Ecclesia
1006 1482 1097 1534 vel
1152 1480 1456 1550 judiciaria
1509 1496 1752 1550 persona
1815 1480 2068 1548 aliquam
2179 1480 2532 1534 auctoritatis
2562 1481 2758 1533 charta
2777 1479 2996 1532 stabilis
3026 1483 3082 1532 et
3137 1478 3459 1531 inconvulsa
3511 1478 3648 1531 omni
3695 1496 3787 1548 per-

375 1569 586 1624 habeat
619 1572 978 1638 potestatem,
1020 1567 1496 1637 praenominatam
1527 1573 1746 1621 curtem
1808 1567 2066 1621 Ecclesiae
2105 1620 2140 1638 η
2179 1572 2403 1622 maneat
2433 1584 2573 1633 aevo,
2597 1567 2706 1620 boc
2738 1571 3086 1638 praaceptum
3134 1565 3268 1619 inde
3307 1564 3655 1634 conscriptum
3694 1581 3787 1634 pro-

376 1657 630 1728 prtefatae
661 1657 909 1722 auferre,
942 1657 1030 1708 vel
1063 1655 1257 1708 usibus
1286 1655 1526 1708 fratrum
1566 1655 1779 1708 ibidem
1809 1655 1912 1708 sub
1952 1671 2069 1706 mo-
2103 1620 2141 1672 Β
2178 1656 2302 1726 pria
2341 1672 2516 1709 manu
2543 1655 2970 1720 conﬁrmantes,
3011 1653 3184 1725 sigilli
3237 1653 3414 1707 nostri
3466 1653 3790 1723 impresssione

376 1744 614 1798 nachica
642 1742 995 1796 institutione
1030 1744 1142 1795 Deo
1179 1741 1546 1795 servientium
1596 1741 1918 1794 abalienare
1975 1741 2070 1794 sed
2170 1744 2446 1815 jussimus
2478 1743 2760 1813 insigniri.

377 1831 686 1903 praedictus
718 1831 1009 1886 Richolfus
1033 1830 1290 1900 ejusdem
1325 1829 1431 1883 loci
1488 1829 1660 1882 abbas
1712 1829 1914 1899 suique
1954 1845 2070 1882 suc-
2251 1835 2482 1898 Signum
2541 1833 2726 1885 domui
2777 1832 2997 1903 Henrici
3044 1819 3392 1885 invictissimi
3441 1833 3790 1886 Romanunorum

379 1901 628 1974 cessores
657 1919 894 1973 liberam
951 1919 1151 1972 exinde
1211 1917 1459 1971 habeant
1504 1921 1844 1986 potestatem
1903 1935 1927 1987 q

1431 1921 1459 1970 t
1504 1921 1844 1986 potestatem
1903 1917 2070 1987 quid-
2181 1901 2979 1973 imp-Aug-(Monogmmma-I

379 2007 516 2078 quid
535 2008 616 2061 eis
648 2007 925 2078 placuerit
957 2005 1217 2073 faciendi,
1245 2007 1315 2060 ad
1340 1985 1647 2059 utilitatem
1667 1985 1927 2058 tantumn

2251 1991 2600 2044 Guntherius
2643 1990 3014 2045 cancellarius
3045 1989 3116 2044 ad
3159 1988 3340 2043 vicem
3381 1987 3623 2042 Aribonis
3659 1985 3793 2040 archi-

378 2096 620 2149 fratrum
673 2095 887 2148 ibidem
947 2093 1050 2147 sub
1124 2095 1321 2163 regula
1383 2093 1560 2146 sancti
1609 2092 1892 2146 Benedicti

1257 2095 1321 2146 la
1383 2093 1560 2146 sancti
1609 2092 1892 2146 Benedicti
1957 2094 2071 2146 Deo
2179 2078 2805 2150 Capellanil‘eCOSDOVi.

378 2188 689 2254 sanctoque
714 2183 1140 2237 Heimmeramo
1163 2181 1589 2246 famulantium,
1614 2181 1872 2234 omnium
1892 2181 1926 2234 h

2253 2168 2391 2220 Data
2431 2183 2467 2220 ιι
2499 2166 2628 2220 Idus
2670 2165 3003 2220 Novembris
3056 2181 3208 2219 anno
3266 2162 3560 2219 Dominicaz
3605 2161 3797 2216 incarnao

374 2287 513 2324 num
543 2250 991 2324 contradictione
1016 2276 1254 2324 remota.
1293 2271 1354 2322 Et
1385 2274 1451 2322 ut
1483 2269 1604 2322 haec
1646 2275 1858 2322 nostrae
1897 2270 1922 2322 l;

2249 2255 2350 2308 nnis
2385 2257 2542 2322 1021,
2593 2270 2745 2308 anno
2783 2270 2917 2308 vero
2977 2254 3182 2307 Domni
3234 2252 3457 2309 Ilenrici
3506 2250 3797 2322 imperatoris

374 2359 566 2424 tionis,
653 2358 1034 2412 concessionis
1106 2363 1164 2412 et
1255 2357 1707 2411 conﬁrmationis
1759 2363 1922 2410 aucto

1759 2357 2068 2410 auctoritas
2179 2343 2472 2413 regnantis
2503 2359 2635 2410 χιιι,
2662 2343 2895 2412 imperii
2925 2348 3120 2396 autem
3151 2359 3267 2396 vni.

377 2447 594 2500 stabilis
653 2451 708 2500 et
760 2447 1093 2500 inconvulsa
1170 2445 1328 2498 omni
1380 2450 1714 2515 permaneat
1765 2460 1907 2511 aevo,

1765 2460 1907 2511 ωνο,
1966 2444 2072 2496 huc
2259 2435 2465 2485 Actum
2495 2437 2766 2500 Augusta:
2797 2431 3054 2485 feliciter.
3084 2435 3296 2485 Amen.

375 2540 725 2604 praeceptum
774 2534 906 2588 inde
962 2533 1345 2604 conscriptum
1401 2533 1635 2604 propria
1680 2549 1855 2586 manu
1887 2549 1923 2586 ci

2250 2520 2513 2589 Sigillum
2534 2521 2814 2588 majestat.
2843 2519 3022 2573 media
3052 2525 3210 2587 parte
3231 2524 3311 2573 cst
3336 2519 3666 2589 deperditum.

374 2622 642 2676 borantes
685 2621 857 2693 sigilli
934 2622 1116 2676 nostri
1165 2621 1542 2691 impressione
1586 2621 1866 2690 jussimus
1927 2620 2068 2672 insi-
2183 2679 2217 2693 η
2293 2681 2340 2693 η
2447 2681 2510 2691 Η
2576 2678 2617 2693 τ’
2667 2679 2678 2693 Ι
2919 2607 3145 2662 CXXIII.
3261 2679 3274 2693 ι
3391 2681 3404 2693 ⁸
3491 2679 3530 2693 η

377 2711 530 2782 sum
735 2676 768 2693 υ
1250 2676 1269 2691 ⁸
1586 2676 1607 2690 “’
2179 2679 2235 2734 S.
2288 2681 2510 2733 Henrici
2555 2678 2800 2746 diploma
2873 2693 3176 2732 concessum
3236 2679 3434 2732 Amata
3485 2679 3530 2730 II
3587 2676 3802 2742 archiepi-

539 2751 551 2764 °
2250 2765 2432 2782 anan-nn
2489 2748 2839 2782 inamaifnnn
2915 2764 3012 2782 non
3051 2749 3198 2782 num)
3251 2751 3300 2782 οἱ
3359 2748 3623 2782 ρηηιΙῖο-ηιηέ
3668 2746 3802 2782 nmm'n

931 2802 938 2810 .
1167 2801 1177 2811 .
1221 2800 1230 2810 .
1293 2800 1304 2811 .
1389 2800 1400 2810 .
1467 2799 1477 2810 .
1519 2799 1556 2824 ,.
1622 2799 1632 2810 .
2247 2765 2433 2818 scoopo
2485 2748 2860 2815 Salernitano,
2910 2764 3012 2818 per
3051 2749 3198 2818 quod
3250 2751 3300 2802 ei
3359 2748 3623 2818 conﬁrmat
3668 2748 3807 2799 omnia

444 2800 672 2866 Signum
754 2799 936 2853 domm
1006 2801 1229 2853 IIennct
1282 2803 1631 2852 invictissimi
1705 2799 2069 2852 Romanorum
2241 2821 2394 2889 jura.

375 2888 508 2955 imp.
543 2888 802 2953 Augusti.
839 2888 1308 2956 (Monam-anima.)
2101 2891 2142 2944 C
2246 2888 2254 2889 7
2817 2892 3001 2958 (Anno
3053 2889 3234 2959 1022.)

443 2974 788 3028 Guntherius
815 2975 1185 3028 cancellarius
1211 2975 1282 3028 ad
1327 2975 1508 3028 vicem
1555 2973 1903 3028 Erkeubaldi
1958 2975 2066 3026 Ar-
2505 2977 2821 3051 [Mnratori,
2874 2979 3068 3046 Antiq.
3103 2980 3254 3041 Ital.,
3302 2979 3345 3042 I,
3382 2978 3518 3046 l93.]

377 3060 747 3131 chicapellani
779 3063 1103 3131 recognovi.
2254 3067 2317 3120 In
2343 3066 2576 3120 nomine
2625 3072 2835 3120 sanctae
2889 3072 2945 3120 et
2993 3066 3310 3120 individuae
3369 3063 3662 3130 Trinitatis,
3701 3063 3806 3116 Has-

451 3151 588 3202 Data
629 3167 656 3202 v
684 3151 871 3204 Nonas
899 3150 1056 3216 Julii,
1081 3149 1278 3204 indict.
1309 3166 1390 3215 ιιι,
1435 3166 1582 3204 anno
1622 3149 1931 3204 Dominicaa
1979 3149 2068 3202 in-
2181 3169 2352 3221 mons,
2382 3154 2574 3208 divina
2600 3154 2824 3208 favente
2867 3153 3192 3220 clementia,
3248 3153 3628 3208 Romanorum
3663 3149 3807 3218 impe-

374 3237 718 3292 carnationis
779 3241 935 3306 lO'2l,
991 3254 1139 3291 anno
1199 3253 1332 3290 vero
1364 3238 1560 3292 domni
1612 3237 1836 3292 Henrici
1887 3239 1934 3291 II
1977 3254 2069 3291 re-
2182 3248 2337 3296 rator
2366 3246 2673 3311 Augustus.

372 3325 602 3394 gnantis
632 3341 723 3390 xx,
779 3325 1114 3395 imperantis
1161 3328 1356 3378 autem
1416 3342 1530 3379 vui.
1563 3329 1767 3379 Actum
1816 3325 2064 3380 Coloniae
2251 3331 2308 3385 Si
2380 3331 2549 3401 justis
2621 3332 2850 3402 Deoque
2935 3329 3142 3385 divinis
3232 3331 3376 3384 locis
3471 3345 3581 3384 non
3668 3326 3809 3380 solum

371 3413 631 3468 feliCilef-
683 3417 882 3468 Amen.
2181 3435 2426 3489 praeesse
2502 3420 2598 3473 sed
2663 3419 2834 3472 etiam
2913 3419 3186 3489 prodesse
3247 3417 3643 3482 studuerimus,
3695 3428 3808 3484 pra:-

443 3503 700 3568 Sigillum
727 3503 940 3570 majest.
977 3504 1248 3569 integrum
1277 3507 1474 3557 exstat.
2179 3509 2357 3562 sentis
2425 3509 2556 3562 vitae
2612 3507 2951 3578 suﬁ‘ragium
3009 3511 3066 3560 et
3122 3512 3358 3561 aeternae
3415 3505 3705 3560 remedium
3746 3501 3811 3553 in-

1120 3609 1321 3662 CXXII.
2179 3595 2374 3648 venire
2432 3611 2547 3648 non
2598 3595 2940 3660 titubamus;
2991 3598 3046 3647 et
3075 3593 3122 3646 si
3152 3594 3211 3647 in
3265 3594 3570 3664 pristinum
3621 3589 3810 3661 gradum

374 3696 432 3751 S.
481 3697 748 3750 Henricus
807 3695 972 3750 donat
1024 3698 1348 3749 monasterio
1406 3697 1676 3764 superiori
1710 3696 1847 3750 duas
1895 3701 1922 3749 τι

2267 3698 2399 3752 gere
2432 3699 2727 3748 conamur,
2763 3683 2945 3735 nostri
2999 3681 3230 3752 imperii
3278 3683 3509 3736 culmen
3559 3679 3809 3734 sublimare

443 3766 698 3835 (plaetze)
719 3771 866 3820 intra
898 3773 948 3840 et
995 3773 1155 3820 eartra
1185 3769 1380 3820 mantia
1428 3757 1670 3821 civitatis
1701 3767 2064 3821 Ratisboneu-
2178 3771 2376 3840 procul
2427 3769 2600 3824 dubio
2653 3769 2959 3822 credimus.
3001 3769 3366 3838 Quapropter
3418 3765 3663 3820 omnium
3712 3757 3810 3812 lide-

439 3841 515 3893 δίε
545 3853 729 3893 versus
756 3839 1056 3892 πῖθνῖάίθῖη·
1411 3927 1449 3928 η
1553 3925 1560 3928 ξ
2177 3859 2316 3912 lium
2350 3874 2521 3912 sacra:
2562 3858 2661 3912 Dei
2695 3857 2973 3923 Ecclesiae,
3005 3862 3470 3928 nostrorumque,
3497 3848 3810 3925 praesentium

866 3930 1051 3993 (Anno
1087 3928 1241 3991 l02l,
1281 3929 1363 3980 12.
1408 3925 1568 3993 Nov.)
2178 3963 2242 4000 ac
2312 3947 2414 4000 fut.

2312 3947 2658 4011 futurorum,
2707 3945 3157 4015 comprehendat
3205 3944 3548 3998 universitas
3597 3937 3808 4010 qualiter,

800 4012 988 4084 lmed:
1019 4014 1116 4067 ubi
1160 4029 1351 4082 supra:
1395 4029 1454 4084 P-
1490 4011 1670 4086 ‘38-l.
2177 4033 2501 4088 interventu
2539 4051 2602 4087 ac
2633 4011 2908 4104 petitione
2941 4032 3276 4087 Theoderici
3311 4030 3490 4086 nostri
3520 4025 3691 4084 dilecti
3716 4037 3812 4075 can-

439 4121 501 4174 In
536 4120 772 4175 nomine
813 4124 1021 4174 sanctae
1054 4129 1109 4174 et
1143 4120 1455 4174 individua:
1511 4119 1821 4187 Trinitatis,
1859 4121 2061 4175 HENRI-
2096 4181 2133 4192 ἢ
2177 4122 2414 4186 cellarii,
2445 4137 2547 4192 per
2575 4122 2724 4175 hanc
2752 4121 2930 4174 nostri
2985 4120 3256 4190 prascepti
3309 4123 3643 4190 praesentem
3687 4107 3814 4183 pasi-

373 4222 488 4273 cus,
518 4207 909 4260 Romanorum
935 4207 1246 4277 imperator
1277 4211 1582 4278 Augustus.
2093 4181 2137 4234 Ι)
2175 4227 2328 4276 nam,
2387 4213 2558 4280 prout
2621 4210 2774 4279 juste
2829 4214 2884 4263 et
2946 4208 3206 4279 legaliter
3263 4222 3583 4278 possumus,
3653 4203 3816 4255 sancta!

441 4293 498 4347 Si
531 4293 865 4348 Christianae
898 4295 1196 4365 religionis
1225 4301 1280 4349 et
1308 4296 1579 4366 angelicas
1617 4296 2064 4351 conversationis
2176 4299 2326 4353 sedis
2366 4298 2621 4352 ecclesiae
2643 4299 2702 4351 in
2744 4297 2897 4352 beati
2929 4297 3172 4367 apostoli
3199 4296 3453 4350 Matthaai
3485 4295 3601 4348 sitae
3647 4294 3817 4344 honore

375 4385 659 4434 amatores
688 4389 896 4436 nostra
926 4383 1280 4437 liberalitatis
1307 4384 1606 4450 beneﬁcio,
1652 4401 1768 4455 quo
1811 4386 2066 4439 securius
2176 4387 2273 4441 ubi
2295 4386 2557 4457 quotidie
2585 4402 2825 4440 summae
2880 4384 3138 4439 Trinitati
3192 4385 3404 4438 debitas
3430 4385 3694 4437 canuntur
3726 4376 3815 4430 lau-

376 4470 488 4523 Deo
523 4471 734 4524 servire
762 4471 1002 4541 possint,
1046 4472 1327 4526 consolari
1357 4473 1764 4537 studuerimus,
1804 4479 1860 4527 et
1907 4479 2066 4528 aater-
2172 4475 2290 4540 des,
2322 4480 2492 4545 atque
2523 4474 2933 4528 inviolabiliter
2963 4478 3020 4526 et
3071 4473 3488 4543 perpetualiter
3516 4473 3702 4524 Amato
3754 4463 3818 4530 ip-

369 4559 1092 4628 norumprasmiorumuna
1113 4560 1800 4632 cumillisnospart‘cipes
1818 4562 1940 4615 fieri
1967 4579 2065 4632 spe
2171 4563 2286 4616 sius
2360 4564 2613 4634 praefatae
2691 4561 2953 4616 Ecclesiae
3023 4561 3482 4631 archiepiscopo,
3558 4560 3818 4620 nostroque

367 4649 524 4698 certa
557 4645 922 4712 conlidimus,
947 4645 1194 4716 proinde
1226 4648 1493 4701 omnibus
1524 4647 1731 4701 Christi
1770 4649 2065 4719 nostrique
2169 4651 2339 4715 tideli,
2377 4651 2446 4706 de
2502 4667 2650 4704 novo
2699 4649 3063 4704 concedimus
3113 4655 3168 4703 et
3227 4650 3634 4703 conﬁrmamus
3662 4652 3821 4696 omnes

367 4732 632 4787 ﬁdelibus
655 4733 1368 4804 innotescatqualiternos,
1391 4751 1492 4805 per
1513 4733 1899 4788 interventum
1924 4738 2068 4790 Hen-
2174 4755 2264 4792 res
2298 4743 2357 4792 et
2422 4738 2805 4808 proprietates
2855 4736 2924 4790 ab
2968 4736 3220 4806 antiquis
3280 4735 3632 4806 principibus
3681 4727 3824 4799 ipsius

366 4821 471 4876 rici
501 4822 658 4876 ducis
691 4822 953 4876 Bawariaa
980 4823 1208 4877 cuidam
1241 4824 1492 4877 ecclesia;
1521 4823 1581 4876 in
1615 4824 1898 4877 honorem
1943 4841 2066 4877 san-
2172 4824 2413 4880 civitatis
2469 4824 2760 4895 praedictae
2829 4823 2963 4878 huic
3022 4839 3318 4877 concessas
3351 4822 3613 4881 ecclesiae,
3650 4832 3732 4871 seu
3777 4826 3826 4864 ea

365 4915 469 4965 cla:
500 4911 598 4965 Dei
621 4911 919 4980 genitricis
943 4927 1285 4982 semperque
1321 4911 1558 4982 virginis
1581 4913 1768 4966 Mariae
1789 4911 1938 4966 infra
1963 4914 2071 4967 Ra-
2172 4931 2302 4985 quas
2331 4913 2579 4968 Gisulfus
2628 4912 2900 4982 Princeps
2957 4928 3085 4965 cum
3144 4927 3314 4965 uxore
3372 4928 3477 4965 sua
3523 4911 3738 4964 Gemma
3766 4897 3826 4952 ibi

368 4999 761 5070 tisponensem
797 4999 1086 5053 civitatem
1116 5004 1487 5062 ‘constructm,
1549 5017 1678 5070 qua:
1727 5002 1895 5070 vulgo
1954 5000 2062 5055 οι]-
2175 5003 2382 5056 obtulit
2412 5017 2516 5072 pro
2548 5017 2782 5054 suarum
2814 5000 3073 5054 remedio
3110 5000 3466 5068 animarum,
3501 5003 3614 5052 tam
3647 5011 3708 5048 ea
3731 5001 3828 5060 qui!

369 5095 772 5143 renmuusture
853 5087 1091 5153 dicitur,
1183 5087 1283 5141 ubi
1363 5089 1702 5143 venerabilis
1781 5088 2067 5143 abbatissa
2174 5091 2325 5144 intra
2354 5089 2616 5144 eamdem
2647 5089 2931 5143 civitatem
2980 5089 3192 5142 habere
3243 5088 3514 5141 videntur
3567 5097 3722 5156 quam
3762 5090 3829 5128 8!-

366 5174 673 5245 Wichpurg
756 5175 1078 5246 virginibus
1150 5175 1254 5229 sub
1301 5177 1501 5245 regula
1568 5178 1899 5232 monachica
1951 5178 2064 5230 Deo
2172 5183 2279 5246 tra,
2309 5195 2439 5232 cum
2489 5178 2656 5232 terris
2722 5177 2835 5232 illis
2869 5195 2997 5247 quae
3037 5179 3187 5232 ultra
3238 5176 3481 5230 tluvium
3532 5171 3831 5229 Tuscianum

367 5262 746 5317 servientibus
776 5281 1020 5334 praeesse
1054 5264 1296 5331 videtur,
1354 5265 1665 5334 quamdam
1722 5266 1872 5319 infra
1919 5282 2064 5336 ιιι-ω·
2173 5266 2428 5337 praefatae
2455 5265 2706 5320 ecclesiae
2737 5266 3026 5336 pertinere
3072 5265 3345 5319 videntur
3406 5279 3586 5334 usque
3640 5258 3702 5312 ad
3745 5256 3830 5306 llu-

370 5347 584 5402 dictum
618 5353 1025 5406 monasterium
1055 5359 1288 5419 terram,
1324 5354 1662 5406 conlinalem
1717 5355 1862 5408 atrio
1921 5354 2064 5423 ejus,
2173 5354 2329 5408 vium
2361 5355 2460 5425 qui
2487 5354 2694 5409 dicitur
2725 5354 2892 5419 Siler,
2940 5369 3040 5407 seu
3089 5354 3149 5406 in
3187 5351 3470 5406 comitatu
3518 5342 3742 5419 Capuaci
3791 5341 3834 5390 εἴ

367 5441 426 5492 et
455 5436 605 5491 infra
626 5439 912 5509 publicam
943 5442 1192 5512 plateam
1239 5442 1548 5513 jacentem,
1593 5457 1722 5512 qua:
1779 5442 1848 5497 de
1902 5446 2068 5512 porta
2178 5442 2462 5497 Dulicaria
2521 5441 2664 5497 etin
2691 5441 2910 5497 caeteris
2944 5440 3081 5496 locis
3103 5441 3227 5512 jam
3249 5440 3421 5495 dictas
3461 5435 3698 5492 ecclesia:
3724 5441 3832 5500 per-
