  <div class='ocr_page' id='page_1' title='image "/cluster/home/n/w/nwhite01/storage/ocr_20150623/140/hvd.32044054760004/186.png"; bbox 0 0 4016 6202; ppageno 0'>
   <div class='ocr_carea' id='block_1_1' title="bbox 144 309 3621 382">
    <p class='ocr_par' dir='ltr' id='par_1_1' title="bbox 144 309 3621 382">
     <span class='ocr_line' id='line_1_1' title="bbox 144 309 3621 382; baseline -0.003 -11"><span class='ocrx_word' id='word_1_1' title='bbox 144 321 216 373; x_wconf 75' lang='grc'>361</span> <span class='ocrx_word' id='word_1_2' title='bbox 1348 312 1747 370; x_wconf 77' lang='lat' dir='ltr'>DIPLOMATA</span> <span class='ocrx_word' id='word_1_3' title='bbox 1790 309 2348 371; x_wconf 79' lang='lat' dir='ltr'>ECCLESIASTICA.</span> <span class='ocrx_word' id='word_1_4' title='bbox 3518 332 3621 382; x_wconf 58' lang='lat'>362</span> 
     </span>
    </p>
   </div>
   <div class='ocr_carea' id='block_1_2' title="bbox 144 430 3617 513">
    <p class='ocr_par' dir='ltr' id='par_1_2' title="bbox 144 430 3617 513">
     <span class='ocr_line' id='line_1_2' title="bbox 144 430 3617 513; baseline 0.003 -20"><span class='ocrx_word' id='word_1_5' title='bbox 144 436 424 501; x_wconf 88' lang='lat' dir='ltr'>tinentibus,</span> <span class='ocrx_word' id='word_1_6' title='bbox 457 450 579 503; x_wconf 79' lang='lat' dir='ltr'>quae</span> <span class='ocrx_word' id='word_1_7' title='bbox 622 432 735 486; x_wconf 90' lang='lat' dir='ltr'>dici</span> <span class='ocrx_word' id='word_1_8' title='bbox 790 433 880 486; x_wconf 86' lang='lat' dir='ltr'>vel</span> <span class='ocrx_word' id='word_1_9' title='bbox 910 430 1199 486; x_wconf 89' lang='lat' dir='ltr'>nominari</span> <span class='ocrx_word' id='word_1_10' title='bbox 1244 440 1505 504; x_wconf 88' lang='lat' dir='ltr'>possunt.</span> <span class='ocrx_word' id='word_1_11' title='bbox 1550 439 1795 505; x_wconf 84' lang='lat' dir='ltr'>Insuper</span> <span class='ocrx_word' id='word_1_12' title='bbox 1834 438 1879 489; x_wconf 84' lang='grc' dir='ltr'><strong>Α</strong></span> <span class='ocrx_word' id='word_1_13' title='bbox 1910 431 2185 504; x_wconf 83' lang='lat' dir='ltr'>episcopii</span> <span class='ocrx_word' id='word_1_14' title='bbox 2228 440 2576 508; x_wconf 89' lang='lat' dir='ltr'>regentibus.</span> <span class='ocrx_word' id='word_1_15' title='bbox 2612 442 2771 505; x_wconf 88' lang='lat' dir='ltr'>Quod</span> <span class='ocrx_word' id='word_1_16' title='bbox 2818 449 2880 497; x_wconf 93' lang='lat' dir='ltr'>ut</span> <span class='ocrx_word' id='word_1_17' title='bbox 2911 445 3097 498; x_wconf 86' lang='lat' dir='ltr'>verius</span> <span class='ocrx_word' id='word_1_18' title='bbox 3144 448 3427 513; x_wconf 81' lang='lat' dir='ltr'>credatur,</span> <span class='ocrx_word' id='word_1_19' title='bbox 3482 450 3617 502; x_wconf 91' lang='lat' dir='ltr'>dili-</span> 
     </span>
    </p>
   </div>
   <div class='ocr_carea' id='block_1_3' title="bbox 141 520 3617 607">
    <p class='ocr_par' dir='ltr' id='par_1_3' title="bbox 141 520 3617 607">
     <span class='ocr_line' id='line_1_3' title="bbox 141 520 3617 607; baseline 0.003 -28"><span class='ocrx_word' id='word_1_20' title='bbox 141 528 280 579; x_wconf 87' lang='lat' dir='ltr'>etiam</span> <span class='ocrx_word' id='word_1_21' title='bbox 336 521 685 575; x_wconf 83' lang='lat' dir='ltr'>concedimus</span> <span class='ocrx_word' id='word_1_22' title='bbox 754 526 1007 575; x_wconf 90' lang='lat' dir='ltr'>castrum</span> <span class='ocrx_word' id='word_1_23' title='bbox 1075 520 1278 576; x_wconf 86' lang='lat' dir='ltr'>Libani</span> <span class='ocrx_word' id='word_1_24' title='bbox 1341 541 1471 578; x_wconf 90' lang='lat' dir='ltr'>cum</span> <span class='ocrx_word' id='word_1_25' title='bbox 1521 526 1795 579; x_wconf 89' lang='lat' dir='ltr'>omnibus</span> <span class='ocrx_word' id='word_1_26' title='bbox 1906 528 2222 594; x_wconf 83' lang='lat' dir='ltr'>genterque</span> <span class='ocrx_word' id='word_1_27' title='bbox 2286 529 2357 581; x_wconf 92' lang='lat' dir='ltr'>ab</span> <span class='ocrx_word' id='word_1_28' title='bbox 2424 530 2691 584; x_wconf 87' lang='lat' dir='ltr'>omnibus</span> <span class='ocrx_word' id='word_1_29' title='bbox 2745 533 3097 600; x_wconf 80' lang='lat' dir='ltr'>observetur,</span> <span class='ocrx_word' id='word_1_30' title='bbox 3151 552 3324 589; x_wconf 89' lang='lat' dir='ltr'>manu</span> <span class='ocrx_word' id='word_1_31' title='bbox 3378 540 3617 607; x_wconf 85' lang='lat' dir='ltr'>propria</span> 
     </span>
    </p>
   </div>
   <div class='ocr_carea' id='block_1_4' title="bbox 142 608 3617 695">
    <p class='ocr_par' dir='ltr' id='par_1_4' title="bbox 142 608 3617 695">
     <span class='ocr_line' id='line_1_4' title="bbox 142 608 3617 695; baseline 0.003 -27"><span class='ocrx_word' id='word_1_32' title='bbox 142 612 471 682; x_wconf 85' lang='lat' dir='ltr'>adjacentibus</span> <span class='ocrx_word' id='word_1_33' title='bbox 526 610 653 675; x_wconf 86' lang='lat' dir='ltr'>sibi,</span> <span class='ocrx_word' id='word_1_34' title='bbox 716 608 1215 680; x_wconf 86' lang='lat' dir='ltr'>quemadmodum</span> <span class='ocrx_word' id='word_1_35' title='bbox 1271 612 1415 666; x_wconf 88' lang='lat' dir='ltr'>illud</span> <span class='ocrx_word' id='word_1_36' title='bbox 1468 614 1794 683; x_wconf 87' lang='lat' dir='ltr'>antiquitus</span> <span class='ocrx_word' id='word_1_37' title='bbox 1907 611 2246 667; x_wconf 89' lang='lat' dir='ltr'>roborantes</span> <span class='ocrx_word' id='word_1_38' title='bbox 2304 617 2452 671; x_wconf 90' lang='lat' dir='ltr'>hanc</span> <span class='ocrx_word' id='word_1_39' title='bbox 2512 619 2787 688; x_wconf 82' lang='lat' dir='ltr'>paginam</span> <span class='ocrx_word' id='word_1_40' title='bbox 2859 626 3053 675; x_wconf 90' lang='lat' dir='ltr'>nostro</span> <span class='ocrx_word' id='word_1_41' title='bbox 3105 624 3291 693; x_wconf 89' lang='lat' dir='ltr'>sigillo</span> <span class='ocrx_word' id='word_1_42' title='bbox 3347 625 3617 695; x_wconf 91' lang='lat' dir='ltr'>insigniri</span> 
     </span>
    </p>
   </div>
   <div class='ocr_carea' id='block_1_5' title="bbox 141 697 2205 772">
    <p class='ocr_par' dir='ltr' id='par_1_5' title="bbox 141 697 2205 772">
     <span class='ocr_line' id='line_1_5' title="bbox 141 697 2205 772; baseline -0.001 -16"><span class='ocrx_word' id='word_1_43' title='bbox 141 705 235 772; x_wconf 87' lang='lat' dir='ltr'>ipsa</span> <span class='ocrx_word' id='word_1_44' title='bbox 257 700 469 754; x_wconf 82' lang='lat' dir='ltr'>ecclesia</span> <span class='ocrx_word' id='word_1_45' title='bbox 504 698 687 752; x_wconf 77' lang='lat' dir='ltr'>tenuit</span> <span class='ocrx_word' id='word_1_46' title='bbox 719 705 778 751; x_wconf 90' lang='lat' dir='ltr'>et</span> <span class='ocrx_word' id='word_1_47' title='bbox 825 697 1122 752; x_wconf 83' lang='lat' dir='ltr'>dominata</span> <span class='ocrx_word' id='word_1_48' title='bbox 1153 704 1239 752; x_wconf 91' lang='lat' dir='ltr'>est</span> <span class='ocrx_word' id='word_1_49' title='bbox 1284 717 1390 770; x_wconf 88' lang='lat' dir='ltr'>per</span> <span class='ocrx_word' id='word_1_50' title='bbox 1416 708 1705 772; x_wconf 71' lang='lat' dir='ltr'>prazcepta</span> <span class='ocrx_word' id='word_1_51' title='bbox 1739 705 1796 753; x_wconf 88' lang='lat' dir='ltr'>et</span> <span class='ocrx_word' id='word_1_52' title='bbox 1899 697 2205 768; x_wconf 88' lang='lat' dir='ltr'>jussimus.</span> 
     </span>
    </p>
   </div>
   <div class='ocr_carea' id='block_1_6' title="bbox 142 787 3611 871">
    <p class='ocr_par' dir='ltr' id='par_1_6' title="bbox 142 787 3611 871">
     <span class='ocr_line' id='line_1_6' title="bbox 142 787 3611 871; baseline 0.004 -29"><span class='ocrx_word' id='word_1_53' title='bbox 142 805 451 860; x_wconf 86' lang='lat' dir='ltr'>quascunque</span> <span class='ocrx_word' id='word_1_54' title='bbox 501 787 862 857; x_wconf 78' lang='lat' dir='ltr'>scriptiones,</span> <span class='ocrx_word' id='word_1_55' title='bbox 923 791 1172 840; x_wconf 87' lang='lat' dir='ltr'>castrum</span> <span class='ocrx_word' id='word_1_56' title='bbox 1234 788 1505 843; x_wconf 78' lang='lat' dir='ltr'>videlicet</span> <span class='ocrx_word' id='word_1_57' title='bbox 1564 789 1791 851; x_wconf 87' lang='lat' dir='ltr'>Libani,</span> <span class='ocrx_word' id='word_1_58' title='bbox 1974 789 2203 855; x_wconf 83' lang='lat' dir='ltr'>Signum</span> <span class='ocrx_word' id='word_1_59' title='bbox 2267 792 2453 847; x_wconf 87' lang='lat' dir='ltr'>domm&#39;</span> <span class='ocrx_word' id='word_1_60' title='bbox 2548 796 2769 849; x_wconf 77' lang='lat' dir='ltr'>Henrici</span> <span class='ocrx_word' id='word_1_61' title='bbox 2850 800 3185 853; x_wconf 78' lang='lat' dir='ltr'>serenissimi</span> <span class='ocrx_word' id='word_1_62' title='bbox 3260 803 3611 871; x_wconf 70' lang='lat' dir='ltr'>imperatoris</span> 
     </span>
    </p>
   </div>
   <div class='ocr_carea' id='block_1_7' title="bbox 141 875 2172 949">
    <p class='ocr_par' dir='ltr' id='par_1_7' title="bbox 141 875 2172 949">
     <span class='ocr_line' id='line_1_7' title="bbox 141 875 2172 949; baseline 0 -19"><span class='ocrx_word' id='word_1_63' title='bbox 141 879 253 949; x_wconf 89' lang='lat' dir='ltr'>quod</span> <span class='ocrx_word' id='word_1_64' title='bbox 291 894 318 930; x_wconf 89' lang='lat' dir='ltr'>a</span> <span class='ocrx_word' id='word_1_65' title='bbox 345 875 656 929; x_wconf 80' lang='lat' dir='ltr'>Grimoaldo</span> <span class='ocrx_word' id='word_1_66' title='bbox 701 880 759 928; x_wconf 90' lang='lat' dir='ltr'>et</span> <span class='ocrx_word' id='word_1_67' title='bbox 786 875 992 929; x_wconf 85' lang='lat' dir='ltr'>Alfano</span> <span class='ocrx_word' id='word_1_68' title='bbox 1026 876 1324 945; x_wconf 80' lang='lat' dir='ltr'>germanis</span> <span class='ocrx_word' id='word_1_69' title='bbox 1352 878 1564 947; x_wconf 85' lang='lat' dir='ltr'>injuste</span> <span class='ocrx_word' id='word_1_70' title='bbox 1623 878 1792 931; x_wconf 89' lang='lat' dir='ltr'>inva-</span> <span class='ocrx_word' id='word_1_71' title='bbox 1902 876 2172 944; x_wconf 78' lang='lat' dir='ltr'>Augusti.</span> 
     </span>
    </p>
   </div>
   <div class='ocr_carea' id='block_1_8' title="bbox 138 962 3612 1051">
    <p class='ocr_par' dir='ltr' id='par_1_8' title="bbox 138 962 3612 1051">
     <span class='ocr_line' id='line_1_8' title="bbox 138 962 3612 1051; baseline 0.005 -33"><span class='ocrx_word' id='word_1_72' title='bbox 138 982 233 1019; x_wconf 83' lang='lat' dir='ltr'>sum</span> <span class='ocrx_word' id='word_1_73' title='bbox 266 970 356 1017; x_wconf 78' lang='lat' dir='ltr'>est.</span> <span class='ocrx_word' id='word_1_74' title='bbox 400 963 769 1017; x_wconf 87' lang='lat' dir='ltr'>Concedimus</span> <span class='ocrx_word' id='word_1_75' title='bbox 822 962 1074 1033; x_wconf 88' lang='lat' dir='ltr'>denique</span> <span class='ocrx_word' id='word_1_76' title='bbox 1126 968 1182 1016; x_wconf 91' lang='lat' dir='ltr'>et</span> <span class='ocrx_word' id='word_1_77' title='bbox 1234 967 1647 1020; x_wconf 72' lang='lat' dir='ltr'>confirmamus</span> <span class='ocrx_word' id='word_1_78' title='bbox 1698 966 1792 1019; x_wconf 88' lang='lat' dir='ltr'>ei-</span> <span class='ocrx_word' id='word_1_79' title='bbox 1974 967 2363 1021; x_wconf 87' lang='lat' dir='ltr'>Theodericus</span> <span class='ocrx_word' id='word_1_80' title='bbox 2411 971 2784 1026; x_wconf 88' lang='lat' dir='ltr'>cancellarius</span> <span class='ocrx_word' id='word_1_81' title='bbox 2838 972 2959 1027; x_wconf 87' lang='lat' dir='ltr'>vice</span> <span class='ocrx_word' id='word_1_82' title='bbox 3018 976 3290 1032; x_wconf 89' lang='lat' dir='ltr'>Eberardi</span> <span class='ocrx_word' id='word_1_83' title='bbox 3357 980 3612 1051; x_wconf 86' lang='lat' dir='ltr'>episcopi</span> 
     </span>
    </p>
   </div>
   <div class='ocr_carea' id='block_1_9' title="bbox 137 1052 2788 1124">
    <p class='ocr_par' dir='ltr' id='par_1_9' title="bbox 137 1052 2788 1124">
     <span class='ocr_line' id='line_1_9' title="bbox 137 1052 2788 1124; baseline 0.002 -17"><span class='ocrx_word' id='word_1_84' title='bbox 137 1056 241 1107; x_wconf 87' lang='lat' dir='ltr'>dem</span> <span class='ocrx_word' id='word_1_85' title='bbox 280 1052 507 1105; x_wconf 68' lang='lat' dir='ltr'>ecclesiae</span> <span class='ocrx_word' id='word_1_86' title='bbox 551 1067 753 1105; x_wconf 90' lang='lat' dir='ltr'>omnes</span> <span class='ocrx_word' id='word_1_87' title='bbox 819 1054 1183 1105; x_wconf 88' lang='lat' dir='ltr'>mortuorum</span> <span class='ocrx_word' id='word_1_88' title='bbox 1233 1069 1324 1107; x_wconf 88' lang='lat' dir='ltr'>res</span> <span class='ocrx_word' id='word_1_89' title='bbox 1376 1070 1505 1123; x_wconf 70' lang='lat' dir='ltr'>quae</span> <span class='ocrx_word' id='word_1_90' title='bbox 1552 1054 1608 1107; x_wconf 89' lang='lat' dir='ltr'>in</span> <span class='ocrx_word' id='word_1_91' title='bbox 1661 1055 1793 1124; x_wconf 91' lang='lat' dir='ltr'>ipso</span> <span class='ocrx_word' id='word_1_92' title='bbox 1904 1058 1960 1106; x_wconf 92' lang='lat' dir='ltr'>et</span> <span class='ocrx_word' id='word_1_93' title='bbox 1985 1054 2487 1111; x_wconf 89' lang='lat' dir='ltr'>archicancellarii.</span> <span class='ocrx_word' id='word_1_94' title='bbox 2523 1100 2537 1113; x_wconf 97' lang='lat'>.</span> <span class='ocrx_word' id='word_1_95' title='bbox 2575 1099 2586 1111; x_wconf 98' lang='lat'>.</span> <span class='ocrx_word' id='word_1_96' title='bbox 2626 1099 2638 1111; x_wconf 92' lang='lat'>.</span> <span class='ocrx_word' id='word_1_97' title='bbox 2674 1104 2684 1115; x_wconf 92' lang='lat'>.</span> <span class='ocrx_word' id='word_1_98' title='bbox 2724 1101 2736 1114; x_wconf 93' lang='lat'>.</span> <span class='ocrx_word' id='word_1_99' title='bbox 2776 1100 2788 1112; x_wconf 97' lang='lat'>.</span> 
     </span>
    </p>
   </div>
   <div class='ocr_carea' id='block_1_10' title="bbox 137 1139 3612 1213">
    <p class='ocr_par' dir='ltr' id='par_1_10' title="bbox 137 1139 3612 1213">
     <span class='ocr_line' id='line_1_10' title="bbox 137 1139 3612 1213; baseline 0.005 -18"><span class='ocrx_word' id='word_1_100' title='bbox 137 1141 372 1212; x_wconf 87' lang='lat' dir='ltr'>episcopio</span> <span class='ocrx_word' id='word_1_101' title='bbox 401 1142 479 1194; x_wconf 91' lang='lat' dir='ltr'>vel</span> <span class='ocrx_word' id='word_1_102' title='bbox 529 1140 584 1192; x_wconf 92' lang='lat' dir='ltr'>in</span> <span class='ocrx_word' id='word_1_103' title='bbox 624 1140 800 1194; x_wconf 88' lang='lat' dir='ltr'>rebus</span> <span class='ocrx_word' id='word_1_104' title='bbox 831 1139 947 1193; x_wconf 88' lang='lat' dir='ltr'>suis</span> <span class='ocrx_word' id='word_1_105' title='bbox 990 1144 1129 1193; x_wconf 83' lang='lat' dir='ltr'>sunt</span> <span class='ocrx_word' id='word_1_106' title='bbox 1175 1146 1274 1195; x_wconf 89' lang='lat' dir='ltr'>aut</span> <span class='ocrx_word' id='word_1_107' title='bbox 1313 1148 1484 1195; x_wconf 86' lang='lat' dir='ltr'>erunt</span> <span class='ocrx_word' id='word_1_108' title='bbox 1522 1143 1592 1196; x_wconf 91' lang='lat' dir='ltr'>ad</span> <span class='ocrx_word' id='word_1_109' title='bbox 1624 1143 1794 1196; x_wconf 83' lang='lat' dir='ltr'>futu-</span> <span class='ocrx_word' id='word_1_110' title='bbox 1979 1145 2120 1197; x_wconf 86' lang='lat' dir='ltr'>Data</span> <span class='ocrx_word' id='word_1_111' title='bbox 2172 1146 2357 1213; x_wconf 87' lang='lat' dir='ltr'>pridie</span> <span class='ocrx_word' id='word_1_112' title='bbox 2428 1149 2711 1201; x_wconf 84' lang='lat' dir='ltr'>Kalendas</span> <span class='ocrx_word' id='word_1_113' title='bbox 2765 1152 2939 1212; x_wconf 86' lang='lat' dir='ltr'>Junii,</span> <span class='ocrx_word' id='word_1_114' title='bbox 2996 1169 3146 1206; x_wconf 89' lang='lat' dir='ltr'>anno</span> <span class='ocrx_word' id='word_1_115' title='bbox 3204 1154 3612 1211; x_wconf 82' lang='lat' dir='ltr'>incarnationis</span> 
     </span>
    </p>
   </div>
   <div class='ocr_carea' id='block_1_11' title="bbox 137 1228 3613 1305">
    <p class='ocr_par' dir='ltr' id='par_1_11' title="bbox 137 1228 3613 1305">
     <span class='ocr_line' id='line_1_11' title="bbox 137 1228 3613 1305; baseline 0.005 -22"><span class='ocrx_word' id='word_1_116' title='bbox 137 1247 254 1295; x_wconf 87' lang='lat' dir='ltr'>rum,</span> <span class='ocrx_word' id='word_1_117' title='bbox 283 1245 572 1298; x_wconf 88' lang='lat' dir='ltr'>omnesque</span> <span class='ocrx_word' id='word_1_118' title='bbox 605 1244 693 1281; x_wconf 88' lang='lat' dir='ltr'>res</span> <span class='ocrx_word' id='word_1_119' title='bbox 729 1229 974 1282; x_wconf 87' lang='lat' dir='ltr'>mobiles</span> <span class='ocrx_word' id='word_1_120' title='bbox 1021 1228 1143 1281; x_wconf 86' lang='lat' dir='ltr'>sive</span> <span class='ocrx_word' id='word_1_121' title='bbox 1177 1229 1509 1284; x_wconf 87' lang='lat' dir='ltr'>immobiles</span> <span class='ocrx_word' id='word_1_122' title='bbox 1557 1246 1687 1300; x_wconf 73' lang='lat' dir='ltr'>quas</span> <span class='ocrx_word' id='word_1_123' title='bbox 1722 1230 1795 1283; x_wconf 90' lang='lat' dir='ltr'>ab</span> <span class='ocrx_word' id='word_1_124' title='bbox 1908 1231 2140 1285; x_wconf 90' lang='lat' dir='ltr'>Domini</span> <span class='ocrx_word' id='word_1_125' title='bbox 2169 1234 2236 1286; x_wconf 84' lang='lat' dir='ltr'>M.</span> <span class='ocrx_word' id='word_1_126' title='bbox 2276 1276 2287 1287; x_wconf 96' lang='lat'>.</span> <span class='ocrx_word' id='word_1_127' title='bbox 2321 1274 2334 1287; x_wconf 96' lang='lat'>.</span> <span class='ocrx_word' id='word_1_128' title='bbox 2376 1275 2389 1288; x_wconf 93' lang='lat'>.</span> <span class='ocrx_word' id='word_1_129' title='bbox 2427 1277 2438 1289; x_wconf 93' lang='lat'>.</span> <span class='ocrx_word' id='word_1_130' title='bbox 2480 1276 2491 1287; x_wconf 97' lang='lat'>.</span> <span class='ocrx_word' id='word_1_131' title='bbox 2529 1276 2544 1289; x_wconf 96' lang='lat'>.</span> <span class='ocrx_word' id='word_1_132' title='bbox 2602 1238 2915 1293; x_wconf 82' lang='lat' dir='ltr'>indictione</span> <span class='ocrx_word' id='word_1_133' title='bbox 2950 1257 2998 1305; x_wconf 87' lang='lat' dir='ltr'>v,</span> <span class='ocrx_word' id='word_1_134' title='bbox 3049 1258 3198 1295; x_wconf 87' lang='lat' dir='ltr'>anno</span> <span class='ocrx_word' id='word_1_135' title='bbox 3231 1261 3362 1298; x_wconf 86' lang='lat' dir='ltr'>vero</span> <span class='ocrx_word' id='word_1_136' title='bbox 3406 1246 3613 1299; x_wconf 89' lang='lat' dir='ltr'>Domni</span> 
     </span>
    </p>
   </div>
   <div class='ocr_carea' id='block_1_12' title="bbox 137 1315 3366 1399">
    <p class='ocr_par' dir='ltr' id='par_1_12' title="bbox 137 1315 3366 1399">
     <span class='ocr_line' id='line_1_12' title="bbox 137 1315 3366 1399; baseline 0.005 -28"><span class='ocrx_word' id='word_1_137' title='bbox 137 1317 399 1387; x_wconf 87' lang='lat' dir='ltr'>antiquitus</span> <span class='ocrx_word' id='word_1_138' title='bbox 448 1317 619 1369; x_wconf 89' lang='lat' dir='ltr'>Deum</span> <span class='ocrx_word' id='word_1_139' title='bbox 670 1316 1014 1369; x_wconf 85' lang='lat' dir='ltr'>timentibus</span> <span class='ocrx_word' id='word_1_140' title='bbox 1070 1315 1410 1372; x_wconf 89' lang='lat' dir='ltr'>hominibus</span> <span class='ocrx_word' id='word_1_141' title='bbox 1473 1318 1685 1372; x_wconf 72' lang='lat' dir='ltr'>oblatas</span> <span class='ocrx_word' id='word_1_142' title='bbox 1711 1316 1797 1370; x_wconf 90' lang='lat' dir='ltr'>ibi</span> <span class='ocrx_word' id='word_1_143' title='bbox 1907 1319 2138 1373; x_wconf 88' lang='lat' dir='ltr'>Henrici</span> <span class='ocrx_word' id='word_1_144' title='bbox 2166 1322 2212 1373; x_wconf 91' lang='lat' dir='ltr'><strong>II</strong></span> <span class='ocrx_word' id='word_1_145' title='bbox 2236 1323 2549 1391; x_wconf 81' lang='lat' dir='ltr'>regnantis.</span> <span class='ocrx_word' id='word_1_146' title='bbox 2588 1365 2599 1377; x_wconf 93' lang='lat'>.</span> <span class='ocrx_word' id='word_1_147' title='bbox 2642 1365 2653 1377; x_wconf 94' lang='lat'>.</span> <span class='ocrx_word' id='word_1_148' title='bbox 2693 1369 2704 1379; x_wconf 93' lang='lat'>.</span> <span class='ocrx_word' id='word_1_149' title='bbox 2745 1368 2755 1379; x_wconf 93' lang='lat'>.</span> <span class='ocrx_word' id='word_1_150' title='bbox 2795 1367 2807 1380; x_wconf 92' lang='lat'>.</span> <span class='ocrx_word' id='word_1_151' title='bbox 2847 1367 2858 1381; x_wconf 93' lang='lat'>.</span> <span class='ocrx_word' id='word_1_152' title='bbox 2888 1328 3117 1399; x_wconf 90' lang='lat' dir='ltr'>imperii</span> <span class='ocrx_word' id='word_1_153' title='bbox 3147 1347 3277 1386; x_wconf 88' lang='lat' dir='ltr'>vero</span> <span class='ocrx_word' id='word_1_154' title='bbox 3317 1336 3366 1386; x_wconf 88' lang='lat'>9.</span> 
     </span>
    </p>
   </div>
   <div class='ocr_carea' id='block_1_13' title="bbox 136 1404 2917 1479">
    <p class='ocr_par' dir='ltr' id='par_1_13' title="bbox 136 1404 2917 1479">
     <span class='ocr_line' id='line_1_13' title="bbox 136 1404 2917 1479; baseline 0.003 -20"><span class='ocrx_word' id='word_1_155' title='bbox 136 1412 255 1471; x_wconf 90' lang='lat' dir='ltr'>sunt,</span> <span class='ocrx_word' id='word_1_156' title='bbox 300 1421 355 1458; x_wconf 88' lang='lat' dir='ltr'>ac</span> <span class='ocrx_word' id='word_1_157' title='bbox 392 1420 581 1457; x_wconf 86' lang='lat' dir='ltr'>omnes</span> <span class='ocrx_word' id='word_1_158' title='bbox 619 1404 1021 1458; x_wconf 90' lang='lat' dir='ltr'>concessiones</span> <span class='ocrx_word' id='word_1_159' title='bbox 1062 1404 1330 1474; x_wconf 87' lang='lat' dir='ltr'>ejusdem</span> <span class='ocrx_word' id='word_1_160' title='bbox 1369 1412 1575 1459; x_wconf 71' lang='lat' dir='ltr'>sanctae</span> <span class='ocrx_word' id='word_1_161' title='bbox 1607 1406 1796 1459; x_wconf 86' lang='lat' dir='ltr'>eccle-</span> <span class='ocrx_word' id='word_1_162' title='bbox 1978 1410 2182 1462; x_wconf 86' lang='lat' dir='ltr'>Actum</span> <span class='ocrx_word' id='word_1_163' title='bbox 2212 1410 2393 1479; x_wconf 80' lang='lat' dir='ltr'>Trojae</span> <span class='ocrx_word' id='word_1_164' title='bbox 2423 1411 2681 1466; x_wconf 87' lang='lat' dir='ltr'>feliciter.</span> <span class='ocrx_word' id='word_1_165' title='bbox 2715 1417 2917 1468; x_wconf 87' lang='lat' dir='ltr'>Amen.</span> 
     </span>
    </p>
   </div>
   <div class='ocr_carea' id='block_1_14' title="bbox 135 1491 2868 1575">
    <p class='ocr_par' dir='ltr' id='par_1_14' title="bbox 135 1491 2868 1575">
     <span class='ocr_line' id='line_1_14' title="bbox 135 1491 2868 1575; baseline -0 -28"><span class='ocrx_word' id='word_1_166' title='bbox 135 1496 209 1547; x_wconf 53' lang='lat' dir='ltr'>sive</span> <span class='ocrx_word' id='word_1_167' title='bbox 241 1509 506 1546; x_wconf 90' lang='lat' dir='ltr'>concessas</span> <span class='ocrx_word' id='word_1_168' title='bbox 552 1509 582 1546; x_wconf 89' lang='lat' dir='ltr'>a</span> <span class='ocrx_word' id='word_1_169' title='bbox 622 1491 988 1562; x_wconf 86' lang='lat' dir='ltr'>principibus</span> <span class='ocrx_word' id='word_1_170' title='bbox 1019 1497 1080 1546; x_wconf 89' lang='lat' dir='ltr'>et</span> <span class='ocrx_word' id='word_1_171' title='bbox 1118 1493 1365 1549; x_wconf 90' lang='lat' dir='ltr'>ducibus</span> <span class='ocrx_word' id='word_1_172' title='bbox 1395 1510 1494 1549; x_wconf 91' lang='lat' dir='ltr'>seu</span> <span class='ocrx_word' id='word_1_173' title='bbox 1533 1494 1795 1563; x_wconf 83' lang='lat' dir='ltr'>regibus.</span> <span class='ocrx_word' id='word_1_174' title='bbox 2650 1520 2868 1575; x_wconf 47' lang='lat' dir='ltr'>cxxw.</span> 
     </span>
    </p>
   </div>
   <div class='ocr_carea' id='block_1_15' title="bbox 135 1581 3612 1687">
    <p class='ocr_par' dir='ltr' id='par_1_15' title="bbox 135 1581 3612 1687">
     <span class='ocr_line' id='line_1_15' title="bbox 135 1581 3612 1687; baseline 0.005 -16"><span class='ocrx_word' id='word_1_175' title='bbox 135 1582 337 1687; x_wconf 33' lang='lat' dir='ltr'>callings</span> <span class='ocrx_word' id='word_1_176' title='bbox 385 1597 884 1687; x_wconf 57' lang='lat' dir='ltr'>9aqu°,°m,&quot;°3</span> <span class='ocrx_word' id='word_1_177' title='bbox 934 1581 1191 1687; x_wconf 40' lang='lat' dir='ltr'>ejuf’dlem</span> <span class='ocrx_word' id='word_1_178' title='bbox 1242 1584 1521 1687; x_wconf 44' lang='lat' dir='ltr'>Ecclesi?’</span> <span class='ocrx_word' id='word_1_179' title='bbox 1562 1588 1620 1637; x_wconf 63' lang='lat' dir='ltr'>ut</span> <span class='ocrx_word' id='word_1_180' title='bbox 1656 1598 1799 1653; x_wconf 65' lang='lat' dir='ltr'>pars</span> <span class='ocrx_word' id='word_1_181' title='bbox 1910 1617 1973 1671; x_wconf 92' lang='lat' dir='ltr'>S.</span> <span class='ocrx_word' id='word_1_182' title='bbox 2027 1619 2288 1674; x_wconf 67' lang='lat' dir='ltr'>Henricus</span> <span class='ocrx_word' id='word_1_183' title='bbox 2360 1623 2430 1675; x_wconf 92' lang='lat' dir='ltr'>D.</span> <span class='ocrx_word' id='word_1_184' title='bbox 2504 1625 2825 1687; x_wconf 81' lang='lat' dir='ltr'>Romualdo,</span> <span class='ocrx_word' id='word_1_185' title='bbox 2900 1628 3252 1683; x_wconf 74' lang='lat' dir='ltr'>cremitarum</span> <span class='ocrx_word' id='word_1_186' title='bbox 3317 1632 3612 1687; x_wconf 84' lang='lat' dir='ltr'>Camaldu-</span> 
     </span>
    </p>
   </div>
   <div class='ocr_carea' id='block_1_16' title="bbox 132 1667 1718 1765">
    <p class='ocr_par' dir='ltr' id='par_1_16' title="bbox 132 1670 1718 1740">
     <span class='ocr_line' id='line_1_16' title="bbox 132 1670 1718 1740; baseline 0.001 -19"><span class='ocrx_word' id='word_1_187' title='bbox 132 1670 590 1740; x_wconf 69' lang='lat' dir='ltr'>prmfatiepiseopii</span> <span class='ocrx_word' id='word_1_188' title='bbox 620 1670 975 1736; x_wconf 88' lang='lat' dir='ltr'>dominetur,</span> <span class='ocrx_word' id='word_1_189' title='bbox 1021 1670 1323 1739; x_wconf 88' lang='lat' dir='ltr'>jubemus,</span> <span class='ocrx_word' id='word_1_190' title='bbox 1370 1673 1523 1725; x_wconf 90' lang='lat' dir='ltr'>nullo</span> <span class='ocrx_word' id='word_1_191' title='bbox 1562 1676 1718 1725; x_wconf 82' lang='lat' dir='ltr'>conti</span> 
     </span>
    </p>
   </div>
   <div class='ocr_carea' id='block_1_17' title="bbox 2028 1667 3614 1765">
    <p class='ocr_par' dir='ltr' id='par_1_17' title="bbox 2028 1667 3614 1765">
     <span class='ocr_line' id='line_1_17' title="bbox 2028 1667 3612 1685; baseline 0.011 -15"><span class='ocrx_word' id='word_1_192' title='bbox 2028 1667 2284 1674; x_wconf 43' lang='lat'>__-.----&quot;-</span> <span class='ocrx_word' id='word_1_193' title='bbox 2360 1667 2430 1675; x_wconf 62' lang='grc' dir='ltr'>ν.</span> <span class='ocrx_word' id='word_1_194' title='bbox 2504 1667 2800 1678; x_wconf 44' lang='lat' dir='ltr'>“suum”...</span> <span class='ocrx_word' id='word_1_195' title='bbox 2900 1667 3252 1683; x_wconf 42' lang='lat' dir='ltr'>“suum...”</span> <span class='ocrx_word' id='word_1_196' title='bbox 3358 1667 3503 1685; x_wconf 69' lang='grc' dir='ltr'>ιιιηιιι</span> <span class='ocrx_word' id='word_1_197' title='bbox 3588 1667 3612 1672; x_wconf 96' lang='grc'><strong><em>-</em></strong></span> 
     </span>
     <span class='ocr_line' id='line_1_18' title="bbox 2028 1667 3614 1765; baseline 0.01 -24"><span class='ocrx_word' id='word_1_198' title='bbox 2028 1692 2211 1765; x_wconf 49' lang='lat' dir='ltr'>ossium</span> <span class='ocrx_word' id='word_1_199' title='bbox 2311 1693 2596 1765; x_wconf 61' lang='lat' dir='ltr'>conditori,</span> <span class='ocrx_word' id='word_1_200' title='bbox 2689 1667 2967 1751; x_wconf 65' lang='lat' dir='ltr'>abbcitiam</span> <span class='ocrx_word' id='word_1_201' title='bbox 3045 1701 3100 1754; x_wconf 91' lang='lat' dir='ltr'>S.</span> <span class='ocrx_word' id='word_1_202' title='bbox 3199 1667 3472 1756; x_wconf 33' lang='lat' dir='ltr'>Bendidictz&#39;</span> <span class='ocrx_word' id='word_1_203' title='bbox 3508 1667 3614 1758; x_wconf 55' lang='lat' dir='ltr'>min</span> 
     </span>
    </p>
   </div>
   <div class='ocr_carea' id='block_1_18' title="bbox 134 1758 3148 1837">
    <p class='ocr_par' dir='ltr' id='par_1_18' title="bbox 134 1758 3148 1837">
     <span class='ocr_line' id='line_1_19' title="bbox 134 1758 3148 1837; baseline 0.004 -26"><span class='ocrx_word' id='word_1_204' title='bbox 134 1758 330 1825; x_wconf 88' lang='lat' dir='ltr'>dicente,</span> <span class='ocrx_word' id='word_1_205' title='bbox 400 1759 536 1812; x_wconf 90' lang='lat' dir='ltr'>sicut</span> <span class='ocrx_word' id='word_1_206' title='bbox 590 1758 919 1828; x_wconf 91' lang='lat' dir='ltr'>antiquitus</span> <span class='ocrx_word' id='word_1_207' title='bbox 976 1758 1209 1813; x_wconf 84' lang='lat' dir='ltr'>fecerat.</span> <span class='ocrx_word' id='word_1_208' title='bbox 1283 1760 1485 1813; x_wconf 80' lang='lat' dir='ltr'>Nostra</span> <span class='ocrx_word' id='word_1_209' title='bbox 1536 1774 1798 1829; x_wconf 86' lang='lat' dir='ltr'>namque</span> <span class='ocrx_word' id='word_1_210' title='bbox 1839 1758 1878 1765; x_wconf 66' lang='grc'><strong>⁷</strong></span> <span class='ocrx_word' id='word_1_211' title='bbox 1984 1758 2225 1828; x_wconf 76' lang='lat' dir='ltr'>Alpibus</span> <span class='ocrx_word' id='word_1_212' title='bbox 2252 1762 2326 1816; x_wconf 88' lang='lat' dir='ltr'>ad</span> <span class='ocrx_word' id='word_1_213' title='bbox 2346 1763 2634 1832; x_wconf 75' lang='lat' dir='ltr'>Btfurcum</span> <span class='ocrx_word' id='word_1_214' title='bbox 2658 1768 2825 1820; x_wconf 77' lang='lat' dir='ltr'>sitam</span> <span class='ocrx_word' id='word_1_215' title='bbox 2851 1772 3148 1837; x_wconf 82' lang='lat' dir='ltr'>conﬁrmat.</span> 
     </span>
    </p>
   </div>
   <div class='ocr_carea' id='block_1_19' title="bbox 133 1846 2961 1923">
    <p class='ocr_par' dir='ltr' id='par_1_19' title="bbox 133 1846 2961 1923">
     <span class='ocr_line' id='line_1_20' title="bbox 133 1846 2961 1923; baseline 0.004 -24"><span class='ocrx_word' id='word_1_216' title='bbox 133 1846 367 1915; x_wconf 86' lang='lat' dir='ltr'>imperiali</span> <span class='ocrx_word' id='word_1_217' title='bbox 407 1846 734 1901; x_wconf 87' lang='lat' dir='ltr'>auctoritate</span> <span class='ocrx_word' id='word_1_218' title='bbox 777 1846 832 1900; x_wconf 89' lang='lat' dir='ltr'>ei</span> <span class='ocrx_word' id='word_1_219' title='bbox 874 1846 1257 1901; x_wconf 86' lang='lat' dir='ltr'>concedimus</span> <span class='ocrx_word' id='word_1_220' title='bbox 1304 1848 1795 1913; x_wconf 78' lang='lat' dir='ltr'>conﬁrmationes,</span> <span class='ocrx_word' id='word_1_221' title='bbox 2565 1856 2747 1921; x_wconf 79' lang='lat' dir='ltr'>(Anno</span> <span class='ocrx_word' id='word_1_222' title='bbox 2784 1858 2961 1923; x_wconf 78' lang='grc'>1022.)</span> 
     </span>
    </p>
   </div>
   <div class='ocr_carea' id='block_1_20' title="bbox 135 1934 3244 2018">
    <p class='ocr_par' dir='ltr' id='par_1_20' title="bbox 135 1934 3244 2018">
     <span class='ocr_line' id='line_1_21' title="bbox 135 1934 3244 2018; baseline 0.004 -30"><span class='ocrx_word' id='word_1_223' title='bbox 135 1942 183 1988; x_wconf 88' lang='lat' dir='ltr'>ut</span> <span class='ocrx_word' id='word_1_224' title='bbox 205 1951 313 2005; x_wconf 88' lang='lat' dir='ltr'>pars</span> <span class='ocrx_word' id='word_1_225' title='bbox 358 1935 604 2005; x_wconf 87' lang='lat' dir='ltr'>ejusdem</span> <span class='ocrx_word' id='word_1_226' title='bbox 649 1934 912 2005; x_wconf 89' lang='lat' dir='ltr'>episcopi</span> <span class='ocrx_word' id='word_1_227' title='bbox 958 1935 1162 1989; x_wconf 88' lang='lat' dir='ltr'>habeat</span> <span class='ocrx_word' id='word_1_228' title='bbox 1218 1939 1563 2005; x_wconf 88' lang='lat' dir='ltr'>potestatem</span> <span class='ocrx_word' id='word_1_229' title='bbox 1608 1936 1677 1989; x_wconf 91' lang='lat' dir='ltr'>ad</span> <span class='ocrx_word' id='word_1_230' title='bbox 1712 1952 1799 1988; x_wconf 89' lang='lat' dir='ltr'>ec-</span> <span class='ocrx_word' id='word_1_231' title='bbox 2282 1938 2554 2010; x_wconf 90' lang='lat' dir='ltr'>[Ughelli,</span> <span class='ocrx_word' id='word_1_232' title='bbox 2585 1944 2753 1995; x_wconf 79' lang='lat' dir='ltr'>Italia</span> <span class='ocrx_word' id='word_1_233' title='bbox 2782 1959 2962 2013; x_wconf 87' lang='lat' dir='ltr'>sacra,</span> <span class='ocrx_word' id='word_1_234' title='bbox 2988 1946 3055 2012; x_wconf 91' lang='grc' dir='ltr'>ΙΙ,</span> <span class='ocrx_word' id='word_1_235' title='bbox 3088 1947 3244 2018; x_wconf 69' lang='lat'>493.]</span> 
     </span>
    </p>
   </div>
   <div class='ocr_carea' id='block_1_21' title="bbox 135 2020 3610 2107">
    <p class='ocr_par' dir='ltr' id='par_1_21' title="bbox 135 2020 3610 2107">
     <span class='ocr_line' id='line_1_22' title="bbox 135 2020 3610 2107; baseline 0.004 -30"><span class='ocrx_word' id='word_1_236' title='bbox 135 2020 253 2078; x_wconf 71' lang='lat' dir='ltr'>lesire</span> <span class='ocrx_word' id='word_1_237' title='bbox 305 2024 541 2094; x_wconf 88' lang='lat' dir='ltr'>ejusdem</span> <span class='ocrx_word' id='word_1_238' title='bbox 585 2025 681 2095; x_wconf 89' lang='lat' dir='ltr'>jus</span> <span class='ocrx_word' id='word_1_239' title='bbox 728 2024 1007 2079; x_wconf 72' lang='lat' dir='ltr'>ordinare</span> <span class='ocrx_word' id='word_1_240' title='bbox 1058 2024 1215 2078; x_wconf 85' lang='lat' dir='ltr'>infra</span> <span class='ocrx_word' id='word_1_241' title='bbox 1273 2024 1537 2078; x_wconf 89' lang='lat' dir='ltr'>eamdem</span> <span class='ocrx_word' id='word_1_242' title='bbox 1588 2023 1797 2077; x_wconf 90' lang='lat' dir='ltr'>civita-</span> <span class='ocrx_word' id='word_1_243' title='bbox 1979 2023 2043 2076; x_wconf 93' lang='lat' dir='ltr'>In</span> <span class='ocrx_word' id='word_1_244' title='bbox 2118 2026 2351 2080; x_wconf 90' lang='lat' dir='ltr'>nomine</span> <span class='ocrx_word' id='word_1_245' title='bbox 2407 2028 2604 2091; x_wconf 90' lang='lat' dir='ltr'>Patris,</span> <span class='ocrx_word' id='word_1_246' title='bbox 2664 2035 2721 2084; x_wconf 91' lang='lat' dir='ltr'>et</span> <span class='ocrx_word' id='word_1_247' title='bbox 2790 2032 2935 2097; x_wconf 86' lang='lat' dir='ltr'>Filii,</span> <span class='ocrx_word' id='word_1_248' title='bbox 2990 2040 3047 2087; x_wconf 89' lang='lat' dir='ltr'>et</span> <span class='ocrx_word' id='word_1_249' title='bbox 3102 2036 3348 2105; x_wconf 89' lang='lat' dir='ltr'>Spiritus</span> <span class='ocrx_word' id='word_1_250' title='bbox 3407 2039 3610 2107; x_wconf 87' lang='lat' dir='ltr'>sancti,</span> 
     </span>
    </p>
   </div>
   <div class='ocr_carea' id='block_1_22' title="bbox 135 2111 3306 2192">
    <p class='ocr_par' dir='ltr' id='par_1_22' title="bbox 135 2111 3306 2192">
     <span class='ocr_line' id='line_1_23' title="bbox 135 2111 3306 2192; baseline 0.004 -28"><span class='ocrx_word' id='word_1_251' title='bbox 135 2116 222 2165; x_wconf 87' lang='lat' dir='ltr'>tem</span> <span class='ocrx_word' id='word_1_252' title='bbox 260 2111 490 2182; x_wconf 87' lang='lat' dir='ltr'>quinque</span> <span class='ocrx_word' id='word_1_253' title='bbox 531 2111 960 2178; x_wconf 88' lang='lat' dir='ltr'>macellatores,</span> <span class='ocrx_word' id='word_1_254' title='bbox 1004 2111 1105 2166; x_wconf 88' lang='lat' dir='ltr'>ubi</span> <span class='ocrx_word' id='word_1_255' title='bbox 1149 2112 1429 2177; x_wconf 88' lang='lat' dir='ltr'>voluerit,</span> <span class='ocrx_word' id='word_1_256' title='bbox 1484 2111 1554 2165; x_wconf 90' lang='lat' dir='ltr'>ad</span> <span class='ocrx_word' id='word_1_257' title='bbox 1595 2126 1797 2164; x_wconf 87' lang='lat' dir='ltr'>carnes</span> <span class='ocrx_word' id='word_1_258' title='bbox 1909 2113 2195 2166; x_wconf 80' lang='lat' dir='ltr'>HENRICUS</span> <span class='ocrx_word' id='word_1_259' title='bbox 2228 2115 2619 2169; x_wconf 84' lang='lat' dir='ltr'>Romanorum</span> <span class='ocrx_word' id='word_1_260' title='bbox 2647 2117 2967 2188; x_wconf 85' lang='lat' dir='ltr'>imperator</span> <span class='ocrx_word' id='word_1_261' title='bbox 2995 2124 3306 2192; x_wconf 82' lang='lat' dir='ltr'>Augustus.</span> 
     </span>
    </p>
   </div>
   <div class='ocr_carea' id='block_1_23' title="bbox 136 2199 3609 2277">
    <p class='ocr_par' dir='ltr' id='par_1_23' title="bbox 136 2199 3609 2277">
     <span class='ocr_line' id='line_1_24' title="bbox 136 2199 3609 2277; baseline 0.004 -25"><span class='ocrx_word' id='word_1_262' title='bbox 136 2201 419 2255; x_wconf 79' lang='lat' dir='ltr'>vendendas.</span> <span class='ocrx_word' id='word_1_263' title='bbox 471 2202 803 2256; x_wconf 88' lang='lat' dir='ltr'>Statuentes</span> <span class='ocrx_word' id='word_1_264' title='bbox 850 2202 1135 2273; x_wconf 88' lang='lat' dir='ltr'>siquidem</span> <span class='ocrx_word' id='word_1_265' title='bbox 1186 2200 1278 2254; x_wconf 91' lang='lat' dir='ltr'>illi</span> <span class='ocrx_word' id='word_1_266' title='bbox 1330 2201 1697 2255; x_wconf 90' lang='lat' dir='ltr'>concedimus</span> <span class='ocrx_word' id='word_1_267' title='bbox 1741 2204 1798 2254; x_wconf 92' lang='lat' dir='ltr'>et</span> <span class='ocrx_word' id='word_1_268' title='bbox 1978 2199 2229 2269; x_wconf 88' lang='lat' dir='ltr'>Dignum</span> <span class='ocrx_word' id='word_1_269' title='bbox 2277 2203 2504 2256; x_wconf 89' lang='lat' dir='ltr'>videtur</span> <span class='ocrx_word' id='word_1_270' title='bbox 2548 2210 2755 2259; x_wconf 79' lang='lat' dir='ltr'>nostrae</span> <span class='ocrx_word' id='word_1_271' title='bbox 2805 2207 3092 2277; x_wconf 87' lang='lat' dir='ltr'>imperiali</span> <span class='ocrx_word' id='word_1_272' title='bbox 3124 2211 3441 2265; x_wconf 84' lang='lat' dir='ltr'>clementiae</span> <span class='ocrx_word' id='word_1_273' title='bbox 3470 2215 3609 2267; x_wconf 85' lang='lat' dir='ltr'>reli-</span> 
     </span>
    </p>
   </div>
   <div class='ocr_carea' id='block_1_24' title="bbox 138 2286 3612 2369">
    <p class='ocr_par' dir='ltr' id='par_1_24' title="bbox 138 2286 3612 2369">
     <span class='ocr_line' id='line_1_25' title="bbox 138 2286 3612 2369; baseline 0.004 -28"><span class='ocrx_word' id='word_1_274' title='bbox 138 2290 481 2345; x_wconf 84' lang='lat' dir='ltr'>contirmarnus</span> <span class='ocrx_word' id='word_1_275' title='bbox 526 2307 727 2345; x_wconf 91' lang='lat' dir='ltr'>omnes</span> <span class='ocrx_word' id='word_1_276' title='bbox 769 2291 902 2344; x_wconf 89' lang='lat' dir='ltr'>illas</span> <span class='ocrx_word' id='word_1_277' title='bbox 940 2308 1030 2345; x_wconf 91' lang='lat' dir='ltr'>res</span> <span class='ocrx_word' id='word_1_278' title='bbox 1061 2306 1194 2360; x_wconf 70' lang='lat' dir='ltr'>qua:</span> <span class='ocrx_word' id='word_1_279' title='bbox 1244 2290 1314 2343; x_wconf 91' lang='lat' dir='ltr'>ab</span> <span class='ocrx_word' id='word_1_280' title='bbox 1366 2290 1623 2360; x_wconf 88' lang='lat' dir='ltr'>ejusdem</span> <span class='ocrx_word' id='word_1_281' title='bbox 1667 2288 1797 2358; x_wconf 90' lang='lat' dir='ltr'>epi-</span> <span class='ocrx_word' id='word_1_282' title='bbox 1905 2286 2199 2357; x_wconf 90' lang='lat' dir='ltr'>giosorum</span> <span class='ocrx_word' id='word_1_283' title='bbox 2273 2291 2528 2345; x_wconf 89' lang='lat' dir='ltr'>virorum</span> <span class='ocrx_word' id='word_1_284' title='bbox 2594 2296 2861 2363; x_wconf 84' lang='lat' dir='ltr'>congruis</span> <span class='ocrx_word' id='word_1_285' title='bbox 2916 2298 3284 2365; x_wconf 86' lang='lat' dir='ltr'>petitionibus</span> <span class='ocrx_word' id='word_1_286' title='bbox 3336 2301 3487 2369; x_wconf 90' lang='lat' dir='ltr'>juste</span> <span class='ocrx_word' id='word_1_287' title='bbox 3547 2319 3612 2356; x_wconf 89' lang='lat' dir='ltr'>ac</span> 
     </span>
    </p>
   </div>
   <div class='ocr_carea' id='block_1_25' title="bbox 137 2376 3612 2454">
    <p class='ocr_par' dir='ltr' id='par_1_25' title="bbox 137 2376 3612 2454">
     <span class='ocr_line' id='line_1_26' title="bbox 137 2376 3612 2454; baseline 0.004 -25"><span class='ocrx_word' id='word_1_288' title='bbox 137 2378 388 2447; x_wconf 86' lang='lat' dir='ltr'>scopijure</span> <span class='ocrx_word' id='word_1_289' title='bbox 415 2380 532 2433; x_wconf 88' lang='lat' dir='ltr'>sine</span> <span class='ocrx_word' id='word_1_290' title='bbox 564 2380 794 2434; x_wconf 86' lang='lat' dir='ltr'>ratione</span> <span class='ocrx_word' id='word_1_291' title='bbox 828 2378 1149 2449; x_wconf 89' lang='lat' dir='ltr'>etjustitia,</span> <span class='ocrx_word' id='word_1_292' title='bbox 1184 2383 1316 2448; x_wconf 91' lang='lat' dir='ltr'>post</span> <span class='ocrx_word' id='word_1_293' title='bbox 1337 2378 1557 2432; x_wconf 91' lang='lat' dir='ltr'>obitum</span> <span class='ocrx_word' id='word_1_294' title='bbox 1587 2381 1797 2432; x_wconf 64' lang='lat' dir='ltr'>sancta:</span> <span class='ocrx_word' id='word_1_295' title='bbox 1903 2376 2319 2430; x_wconf 86' lang='lat' dir='ltr'>rationabiliter</span> <span class='ocrx_word' id='word_1_296' title='bbox 2367 2380 2755 2450; x_wconf 88' lang='lat' dir='ltr'>acquiescere.</span> <span class='ocrx_word' id='word_1_297' title='bbox 2808 2384 3168 2454; x_wconf 84' lang='lat' dir='ltr'>Quapropter</span> <span class='ocrx_word' id='word_1_298' title='bbox 3211 2387 3433 2440; x_wconf 89' lang='lat' dir='ltr'>noverit</span> <span class='ocrx_word' id='word_1_299' title='bbox 3480 2406 3612 2443; x_wconf 91' lang='lat' dir='ltr'>om-</span> 
     </span>
    </p>
   </div>
   <div class='ocr_carea' id='block_1_26' title="bbox 133 2463 3606 2544">
    <p class='ocr_par' dir='ltr' id='par_1_26' title="bbox 133 2463 3606 2544">
     <span class='ocr_line' id='line_1_27' title="bbox 133 2463 3606 2544; baseline 0.003 -26"><span class='ocrx_word' id='word_1_300' title='bbox 133 2467 478 2521; x_wconf 87' lang='lat' dir='ltr'>recordationis</span> <span class='ocrx_word' id='word_1_301' title='bbox 531 2468 705 2536; x_wconf 91' lang='lat' dir='ltr'>Petri,</span> <span class='ocrx_word' id='word_1_302' title='bbox 783 2468 1049 2537; x_wconf 87' lang='lat' dir='ltr'>ejusdem</span> <span class='ocrx_word' id='word_1_303' title='bbox 1125 2466 1380 2519; x_wconf 81' lang='lat' dir='ltr'>ecclesiae</span> <span class='ocrx_word' id='word_1_304' title='bbox 1450 2463 1797 2518; x_wconf 86' lang='lat' dir='ltr'>venerabilis</span> <span class='ocrx_word' id='word_1_305' title='bbox 1905 2465 2065 2518; x_wconf 91' lang='lat' dir='ltr'>nium</span> <span class='ocrx_word' id='word_1_306' title='bbox 2119 2467 2379 2520; x_wconf 61' lang='lat' dir='ltr'>Ecclesiae</span> <span class='ocrx_word' id='word_1_307' title='bbox 2428 2474 2638 2523; x_wconf 67' lang='lat' dir='ltr'>sanctae</span> <span class='ocrx_word' id='word_1_308' title='bbox 2688 2472 2785 2523; x_wconf 88' lang='lat' dir='ltr'>Dei</span> <span class='ocrx_word' id='word_1_309' title='bbox 2844 2479 3285 2544; x_wconf 88' lang='lat' dir='ltr'>nostrorumque</span> <span class='ocrx_word' id='word_1_310' title='bbox 3326 2476 3606 2543; x_wconf 80' lang='lat' dir='ltr'>ﬁdelium,</span> 
     </span>
    </p>
   </div>
   <div class='ocr_carea' id='block_1_27' title="bbox 132 2552 3612 2639">
    <p class='ocr_par' dir='ltr' id='par_1_27' title="bbox 132 2552 3612 2639">
     <span class='ocr_line' id='line_1_28' title="bbox 132 2552 3612 2639; baseline 0.004 -34"><span class='ocrx_word' id='word_1_311' title='bbox 132 2554 333 2625; x_wconf 84' lang='lat' dir='ltr'>episcopi</span> <span class='ocrx_word' id='word_1_312' title='bbox 377 2558 575 2611; x_wconf 72' lang='lat' dir='ltr'>ablatas</span> <span class='ocrx_word' id='word_1_313' title='bbox 630 2562 770 2611; x_wconf 89' lang='lat' dir='ltr'>sunt</span> <span class='ocrx_word' id='word_1_314' title='bbox 819 2573 929 2626; x_wconf 91' lang='lat' dir='ltr'>per</span> <span class='ocrx_word' id='word_1_315' title='bbox 954 2557 1235 2609; x_wconf 85' lang='lat' dir='ltr'>Joannem</span> <span class='ocrx_word' id='word_1_316' title='bbox 1289 2555 1650 2639; x_wconf 78' lang='lat' dir='ltr'>episcopum,</span> <span class='ocrx_word' id='word_1_317' title='bbox 1696 2552 1795 2622; x_wconf 89' lang='lat' dir='ltr'>qui</span> <span class='ocrx_word' id='word_1_318' title='bbox 1902 2553 2275 2622; x_wconf 79' lang='lat' dir='ltr'>praesentium</span> <span class='ocrx_word' id='word_1_319' title='bbox 2331 2556 2593 2609; x_wconf 79' lang='lat' dir='ltr'>videlicet</span> <span class='ocrx_word' id='word_1_320' title='bbox 2647 2564 2703 2612; x_wconf 89' lang='lat' dir='ltr'>et</span> <span class='ocrx_word' id='word_1_321' title='bbox 2759 2560 3106 2621; x_wconf 81' lang='lat' dir='ltr'>futurorum,</span> <span class='ocrx_word' id='word_1_322' title='bbox 3155 2562 3433 2616; x_wconf 85' lang='lat' dir='ltr'>industria</span> <span class='ocrx_word' id='word_1_323' title='bbox 3473 2581 3612 2634; x_wconf 81' lang='lat' dir='ltr'>qua-</span> 
     </span>
    </p>
   </div>
   <div class='ocr_carea' id='block_1_28' title="bbox 129 2639 3610 2719">
    <p class='ocr_par' dir='ltr' id='par_1_28' title="bbox 129 2639 3610 2719">
     <span class='ocr_line' id='line_1_29' title="bbox 129 2639 3610 2719; baseline 0.004 -25"><span class='ocrx_word' id='word_1_324' title='bbox 129 2639 395 2698; x_wconf 87' lang='lat' dir='ltr'>inordinate</span> <span class='ocrx_word' id='word_1_325' title='bbox 443 2645 704 2699; x_wconf 87' lang='lat' dir='ltr'>eamdem</span> <span class='ocrx_word' id='word_1_326' title='bbox 758 2644 952 2699; x_wconf 90' lang='lat' dir='ltr'>tenuit</span> <span class='ocrx_word' id='word_1_327' title='bbox 999 2643 1215 2695; x_wconf 86' lang='lat' dir='ltr'>sedem.</span> <span class='ocrx_word' id='word_1_328' title='bbox 1271 2640 1337 2696; x_wconf 86' lang='lat' dir='ltr'>Ut</span> <span class='ocrx_word' id='word_1_329' title='bbox 1386 2642 1431 2695; x_wconf 89' lang='lat' dir='ltr'>si</span> <span class='ocrx_word' id='word_1_330' title='bbox 1486 2656 1607 2713; x_wconf 89' lang='lat' dir='ltr'>qua</span> <span class='ocrx_word' id='word_1_331' title='bbox 1660 2647 1793 2694; x_wconf 88' lang='lat' dir='ltr'>ante</span> <span class='ocrx_word' id='word_1_332' title='bbox 1902 2639 2036 2692; x_wconf 88' lang='lat' dir='ltr'>liter</span> <span class='ocrx_word' id='word_1_333' title='bbox 2066 2656 2190 2704; x_wconf 91' lang='lat' dir='ltr'>nos,</span> <span class='ocrx_word' id='word_1_334' title='bbox 2227 2658 2329 2710; x_wconf 91' lang='lat' dir='ltr'>pro</span> <span class='ocrx_word' id='word_1_335' title='bbox 2371 2644 2627 2698; x_wconf 88' lang='lat' dir='ltr'>remedio</span> <span class='ocrx_word' id='word_1_336' title='bbox 2678 2646 2885 2700; x_wconf 66' lang='lat' dir='ltr'>animas</span> <span class='ocrx_word' id='word_1_337' title='bbox 2928 2654 3135 2701; x_wconf 68' lang='lat' dir='ltr'>nostra:</span> <span class='ocrx_word' id='word_1_338' title='bbox 3168 2667 3265 2702; x_wconf 90' lang='lat' dir='ltr'>seu</span> <span class='ocrx_word' id='word_1_339' title='bbox 3302 2660 3610 2719; x_wconf 87' lang='lat' dir='ltr'>parentum</span> 
     </span>
    </p>
   </div>
   <div class='ocr_carea' id='block_1_29' title="bbox 129 2729 3604 2803">
    <p class='ocr_par' dir='ltr' id='par_1_29' title="bbox 129 2729 3604 2803">
     <span class='ocr_line' id='line_1_30' title="bbox 129 2729 3604 2803; baseline 0.003 -21"><span class='ocrx_word' id='word_1_340' title='bbox 129 2730 311 2801; x_wconf 84' lang='lat' dir='ltr'>scriptio</span> <span class='ocrx_word' id='word_1_341' title='bbox 338 2749 433 2803; x_wconf 90' lang='lat' dir='ltr'>per</span> <span class='ocrx_word' id='word_1_342' title='bbox 479 2750 688 2787; x_wconf 91' lang='lat' dir='ltr'>manus</span> <span class='ocrx_word' id='word_1_343' title='bbox 739 2732 1003 2803; x_wconf 90' lang='lat' dir='ltr'>ejusdem</span> <span class='ocrx_word' id='word_1_344' title='bbox 1055 2729 1292 2783; x_wconf 85' lang='lat' dir='ltr'>Joannis</span> <span class='ocrx_word' id='word_1_345' title='bbox 1341 2730 1507 2799; x_wconf 85' lang='lat' dir='ltr'>facta,</span> <span class='ocrx_word' id='word_1_346' title='bbox 1559 2733 1793 2783; x_wconf 88' lang='lat' dir='ltr'>ostensa</span> <span class='ocrx_word' id='word_1_347' title='bbox 1903 2735 2255 2795; x_wconf 88' lang='lat' dir='ltr'>nostrorum,</span> <span class='ocrx_word' id='word_1_348' title='bbox 2308 2737 2619 2802; x_wconf 88' lang='lat' dir='ltr'>nostraque</span> <span class='ocrx_word' id='word_1_349' title='bbox 2674 2736 2853 2789; x_wconf 89' lang='lat' dir='ltr'>salute</span> <span class='ocrx_word' id='word_1_350' title='bbox 2906 2753 2970 2789; x_wconf 91' lang='lat' dir='ltr'>ac</span> <span class='ocrx_word' id='word_1_351' title='bbox 3021 2738 3409 2793; x_wconf 71' lang='lat' dir='ltr'>dilectissimus</span> <span class='ocrx_word' id='word_1_352' title='bbox 3468 2759 3604 2795; x_wconf 91' lang='lat' dir='ltr'>con-</span> 
     </span>
    </p>
   </div>
   <div class='ocr_carea' id='block_1_30' title="bbox 126 2816 3606 2898">
    <p class='ocr_par' dir='ltr' id='par_1_30' title="bbox 126 2816 3606 2898">
     <span class='ocr_line' id='line_1_31' title="bbox 126 2816 3606 2898; baseline 0.003 -27"><span class='ocrx_word' id='word_1_353' title='bbox 126 2818 274 2887; x_wconf 79' lang='lat' dir='ltr'>fuerit,</span> <span class='ocrx_word' id='word_1_354' title='bbox 310 2822 680 2893; x_wconf 89' lang='lat' dir='ltr'>dijudicamus</span> <span class='ocrx_word' id='word_1_355' title='bbox 706 2837 837 2875; x_wconf 89' lang='lat' dir='ltr'>eam</span> <span class='ocrx_word' id='word_1_356' title='bbox 868 2836 974 2890; x_wconf 94' lang='lat' dir='ltr'>pro</span> <span class='ocrx_word' id='word_1_357' title='bbox 1016 2834 1254 2871; x_wconf 88' lang='lat' dir='ltr'>munere</span> <span class='ocrx_word' id='word_1_358' title='bbox 1284 2818 1515 2873; x_wconf 90' lang='lat' dir='ltr'>irritam</span> <span class='ocrx_word' id='word_1_359' title='bbox 1566 2821 1626 2871; x_wconf 89' lang='lat' dir='ltr'>et</span> <span class='ocrx_word' id='word_1_360' title='bbox 1666 2816 1792 2871; x_wconf 88' lang='lat' dir='ltr'>ina-</span> <span class='ocrx_word' id='word_1_361' title='bbox 1895 2816 2052 2886; x_wconf 89' lang='lat' dir='ltr'>jugis</span> <span class='ocrx_word' id='word_1_362' title='bbox 2121 2822 2325 2871; x_wconf 68' lang='lat' dir='ltr'>nostrae</span> <span class='ocrx_word' id='word_1_363' title='bbox 2401 2820 2770 2890; x_wconf 88' lang='lat' dir='ltr'>Cunegundis</span> <span class='ocrx_word' id='word_1_364' title='bbox 2858 2824 3234 2893; x_wconf 86' lang='lat' dir='ltr'>imperatricis</span> <span class='ocrx_word' id='word_1_365' title='bbox 3309 2831 3606 2898; x_wconf 80' lang='lat' dir='ltr'>Augustae,</span> 
     </span>
    </p>
   </div>
   <div class='ocr_carea' id='block_1_31' title="bbox 126 2905 3611 2982">
    <p class='ocr_par' dir='ltr' id='par_1_31' title="bbox 126 2905 3611 2982">
     <span class='ocr_line' id='line_1_32' title="bbox 126 2905 3611 2982; baseline 0.003 -22"><span class='ocrx_word' id='word_1_366' title='bbox 126 2924 241 2973; x_wconf 88' lang='lat' dir='ltr'>nem,</span> <span class='ocrx_word' id='word_1_367' title='bbox 275 2927 331 2964; x_wconf 91' lang='lat' dir='ltr'>eo</span> <span class='ocrx_word' id='word_1_368' title='bbox 376 2912 525 2982; x_wconf 86' lang='lat' dir='ltr'>quod</span> <span class='ocrx_word' id='word_1_369' title='bbox 573 2916 775 2965; x_wconf 89' lang='lat' dir='ltr'>contra</span> <span class='ocrx_word' id='word_1_370' title='bbox 804 2906 1137 2962; x_wconf 88' lang='lat' dir='ltr'>canonicam</span> <span class='ocrx_word' id='word_1_371' title='bbox 1170 2906 1585 2963; x_wconf 87' lang='lat' dir='ltr'>auctoritatem</span> <span class='ocrx_word' id='word_1_372' title='bbox 1629 2924 1792 2960; x_wconf 86' lang='lat' dir='ltr'>suam</span> <span class='ocrx_word' id='word_1_373' title='bbox 1903 2911 2072 2974; x_wconf 88' lang='lat' dir='ltr'>atque</span> <span class='ocrx_word' id='word_1_374' title='bbox 2103 2921 2206 2975; x_wconf 90' lang='lat' dir='ltr'>pro</span> <span class='ocrx_word' id='word_1_375' title='bbox 2237 2905 2563 2961; x_wconf 88' lang='lat' dir='ltr'>interventu</span> <span class='ocrx_word' id='word_1_376' title='bbox 2604 2911 2856 2980; x_wconf 83' lang='lat' dir='ltr'>religiosi</span> <span class='ocrx_word' id='word_1_377' title='bbox 2898 2913 3003 2965; x_wconf 89' lang='lat' dir='ltr'>viri</span> <span class='ocrx_word' id='word_1_378' title='bbox 3039 2915 3099 2967; x_wconf 89' lang='lat' dir='ltr'>D.</span> <span class='ocrx_word' id='word_1_379' title='bbox 3137 2916 3441 2970; x_wconf 82' lang='lat' dir='ltr'>Romualdi</span> <span class='ocrx_word' id='word_1_380' title='bbox 3488 2935 3611 2972; x_wconf 87' lang='lat' dir='ltr'>mo-</span> 
     </span>
    </p>
   </div>
   <div class='ocr_carea' id='block_1_32' title="bbox 124 2990 3605 3066">
    <p class='ocr_par' dir='ltr' id='par_1_32' title="bbox 124 2990 3605 3066">
     <span class='ocr_line' id='line_1_33' title="bbox 124 2990 3605 3066; baseline 0.004 -20"><span class='ocrx_word' id='word_1_381' title='bbox 124 2993 322 3050; x_wconf 88' lang='lat' dir='ltr'>deseruit</span> <span class='ocrx_word' id='word_1_382' title='bbox 354 2998 564 3060; x_wconf 86' lang='lat' dir='ltr'>sedem,</span> <span class='ocrx_word' id='word_1_383' title='bbox 595 3002 649 3050; x_wconf 91' lang='lat' dir='ltr'>et</span> <span class='ocrx_word' id='word_1_384' title='bbox 688 2995 760 3049; x_wconf 91' lang='lat' dir='ltr'>ad</span> <span class='ocrx_word' id='word_1_385' title='bbox 809 2993 982 3047; x_wconf 90' lang='lat' dir='ltr'>aliam</span> <span class='ocrx_word' id='word_1_386' title='bbox 1026 2993 1256 3045; x_wconf 90' lang='lat' dir='ltr'>accessit</span> <span class='ocrx_word' id='word_1_387' title='bbox 1289 3009 1301 3045; x_wconf 91' lang='lat'>:</span> <span class='ocrx_word' id='word_1_388' title='bbox 1341 2996 1499 3062; x_wconf 90' lang='lat' dir='ltr'>quod</span> <span class='ocrx_word' id='word_1_389' title='bbox 1538 2992 1786 3047; x_wconf 90' lang='lat' dir='ltr'>omnino</span> <span class='ocrx_word' id='word_1_390' title='bbox 1829 2990 1868 3043; x_wconf 91' lang='lat' dir='ltr'>C</span> <span class='ocrx_word' id='word_1_391' title='bbox 1903 2994 2069 3047; x_wconf 88' lang='lat' dir='ltr'>nachi</span> <span class='ocrx_word' id='word_1_392' title='bbox 2103 2998 2158 3046; x_wconf 88' lang='lat' dir='ltr'>et</span> <span class='ocrx_word' id='word_1_393' title='bbox 2206 2996 2480 3061; x_wconf 72' lang='lat' dir='ltr'>eremitae,</span> <span class='ocrx_word' id='word_1_394' title='bbox 2517 3000 2826 3066; x_wconf 88' lang='lat' dir='ltr'>quamdam</span> <span class='ocrx_word' id='word_1_395' title='bbox 2875 3002 3161 3055; x_wconf 89' lang='lat' dir='ltr'>abbatiam</span> <span class='ocrx_word' id='word_1_396' title='bbox 3209 3004 3277 3057; x_wconf 88' lang='lat' dir='ltr'>ad</span> <span class='ocrx_word' id='word_1_397' title='bbox 3324 3005 3605 3059; x_wconf 85' lang='lat' dir='ltr'>honorem</span> 
     </span>
    </p>
   </div>
   <div class='ocr_carea' id='block_1_33' title="bbox 122 3080 3603 3156">
    <p class='ocr_par' dir='ltr' id='par_1_33' title="bbox 122 3080 3603 3156">
     <span class='ocr_line' id='line_1_34' title="bbox 122 3080 3603 3156; baseline 0.003 -21"><span class='ocrx_word' id='word_1_398' title='bbox 122 3082 215 3136; x_wconf 85' lang='lat' dir='ltr'>ﬁeri</span> <span class='ocrx_word' id='word_1_399' title='bbox 250 3101 352 3138; x_wconf 92' lang='lat' dir='ltr'>non</span> <span class='ocrx_word' id='word_1_400' title='bbox 393 3086 585 3156; x_wconf 89' lang='lat' dir='ltr'>potuit</span> <span class='ocrx_word' id='word_1_401' title='bbox 614 3082 929 3137; x_wconf 91' lang='lat' dir='ltr'>secundum</span> <span class='ocrx_word' id='word_1_402' title='bbox 963 3080 1313 3133; x_wconf 88' lang='lat' dir='ltr'>auctoritatis</span> <span class='ocrx_word' id='word_1_403' title='bbox 1355 3096 1665 3136; x_wconf 88' lang='lat' dir='ltr'>canonum</span> <span class='ocrx_word' id='word_1_404' title='bbox 1698 3080 1794 3133; x_wconf 84' lang='lat' dir='ltr'>in-</span> <span class='ocrx_word' id='word_1_405' title='bbox 1900 3081 1954 3136; x_wconf 93' lang='lat' dir='ltr'>S.</span> <span class='ocrx_word' id='word_1_406' title='bbox 2000 3082 2286 3135; x_wconf 90' lang='lat' dir='ltr'>Benedicti</span> <span class='ocrx_word' id='word_1_407' title='bbox 2333 3101 2503 3153; x_wconf 89' lang='lat' dir='ltr'>super</span> <span class='ocrx_word' id='word_1_408' title='bbox 2542 3102 2630 3137; x_wconf 89' lang='lat' dir='ltr'>res</span> <span class='ocrx_word' id='word_1_409' title='bbox 2678 3088 2858 3140; x_wconf 78' lang='lat' dir='ltr'>nostri</span> <span class='ocrx_word' id='word_1_410' title='bbox 2898 3090 3048 3156; x_wconf 90' lang='lat' dir='ltr'>juris</span> <span class='ocrx_word' id='word_1_411' title='bbox 3103 3096 3488 3146; x_wconf 88' lang='lat' dir='ltr'>constructam</span> <span class='ocrx_word' id='word_1_412' title='bbox 3542 3094 3603 3147; x_wconf 90' lang='lat' dir='ltr'>in</span> 
     </span>
    </p>
   </div>
   <div class='ocr_carea' id='block_1_34' title="bbox 124 3167 3606 3249">
    <p class='ocr_par' dir='ltr' id='par_1_34' title="bbox 124 3167 3606 3249">
     <span class='ocr_line' id='line_1_35' title="bbox 124 3167 3606 3249; baseline 0.004 -28"><span class='ocrx_word' id='word_1_413' title='bbox 124 3172 292 3226; x_wconf 85' lang='lat' dir='ltr'>stituta.</span> <span class='ocrx_word' id='word_1_414' title='bbox 329 3174 636 3228; x_wconf 89' lang='lat' dir='ltr'>Statuimus</span> <span class='ocrx_word' id='word_1_415' title='bbox 688 3177 754 3225; x_wconf 88' lang='lat' dir='ltr'>ut</span> <span class='ocrx_word' id='word_1_416' title='bbox 792 3186 924 3241; x_wconf 90' lang='lat' dir='ltr'>pars</span> <span class='ocrx_word' id='word_1_417' title='bbox 971 3167 1195 3238; x_wconf 66' lang='lat' dir='ltr'>praefati</span> <span class='ocrx_word' id='word_1_418' title='bbox 1242 3168 1507 3239; x_wconf 87' lang='lat' dir='ltr'>episcopi</span> <span class='ocrx_word' id='word_1_419' title='bbox 1547 3168 1792 3223; x_wconf 89' lang='lat' dir='ltr'>distrin-</span> <span class='ocrx_word' id='word_1_420' title='bbox 1901 3171 2042 3241; x_wconf 86' lang='lat' dir='ltr'>Alpe</span> <span class='ocrx_word' id='word_1_421' title='bbox 2071 3187 2200 3241; x_wconf 67' lang='lat' dir='ltr'>quas</span> <span class='ocrx_word' id='word_1_422' title='bbox 2232 3172 2437 3225; x_wconf 88' lang='lat' dir='ltr'>dicitur</span> <span class='ocrx_word' id='word_1_423' title='bbox 2482 3173 2723 3239; x_wconf 88' lang='lat' dir='ltr'>Bifurco,</span> <span class='ocrx_word' id='word_1_424' title='bbox 2760 3181 2986 3231; x_wconf 91' lang='lat' dir='ltr'>tantum</span> <span class='ocrx_word' id='word_1_425' title='bbox 3034 3179 3265 3248; x_wconf 83' lang='lat' dir='ltr'>regibus</span> <span class='ocrx_word' id='word_1_426' title='bbox 3301 3181 3386 3233; x_wconf 87' lang='lat' dir='ltr'>vel</span> <span class='ocrx_word' id='word_1_427' title='bbox 3419 3180 3606 3249; x_wconf 87' lang='lat' dir='ltr'>impe-</span> 
     </span>
    </p>
   </div>
   <div class='ocr_carea' id='block_1_35' title="bbox 124 3254 3605 3339">
    <p class='ocr_par' dir='ltr' id='par_1_35' title="bbox 124 3254 3605 3339">
     <span class='ocr_line' id='line_1_36' title="bbox 124 3254 3605 3339; baseline 0.003 -27"><span class='ocrx_word' id='word_1_428' title='bbox 124 3266 194 3327; x_wconf 68' lang='lat' dir='ltr'>gat</span> <span class='ocrx_word' id='word_1_429' title='bbox 223 3278 397 3316; x_wconf 82' lang='lat' dir='ltr'>omnes</span> <span class='ocrx_word' id='word_1_430' title='bbox 446 3265 706 3317; x_wconf 83' lang='lat' dir='ltr'>forenses</span> <span class='ocrx_word' id='word_1_431' title='bbox 748 3259 1113 3330; x_wconf 82' lang='lat' dir='ltr'>presbyteros</span> <span class='ocrx_word' id='word_1_432' title='bbox 1155 3254 1263 3308; x_wconf 89' lang='lat' dir='ltr'>sibi</span> <span class='ocrx_word' id='word_1_433' title='bbox 1308 3258 1681 3325; x_wconf 88' lang='lat' dir='ltr'>pertinentes</span> <span class='ocrx_word' id='word_1_434' title='bbox 1728 3274 1794 3311; x_wconf 91' lang='lat' dir='ltr'>ac</span> <span class='ocrx_word' id='word_1_435' title='bbox 1904 3260 2189 3314; x_wconf 89' lang='lat' dir='ltr'>ratoribus</span> <span class='ocrx_word' id='word_1_436' title='bbox 2254 3261 2482 3314; x_wconf 89' lang='lat' dir='ltr'>solitam</span> <span class='ocrx_word' id='word_1_437' title='bbox 2543 3262 2820 3330; x_wconf 80' lang='lat' dir='ltr'>investiri,</span> <span class='ocrx_word' id='word_1_438' title='bbox 2891 3267 3312 3333; x_wconf 88' lang='lat' dir='ltr'>constituimus,</span> <span class='ocrx_word' id='word_1_439' title='bbox 3363 3285 3605 3339; x_wconf 86' lang='lat' dir='ltr'>eamque</span> 
     </span>
    </p>
   </div>
   <div class='ocr_carea' id='block_1_36' title="bbox 126 3346 3602 3424">
    <p class='ocr_par' dir='ltr' id='par_1_36' title="bbox 126 3346 3602 3424">
     <span class='ocr_line' id='line_1_37' title="bbox 126 3346 3602 3424; baseline 0.003 -25"><span class='ocrx_word' id='word_1_440' title='bbox 126 3348 329 3415; x_wconf 84' lang='lat' dir='ltr'>clericos,</span> <span class='ocrx_word' id='word_1_441' title='bbox 378 3366 694 3421; x_wconf 86' lang='lat' dir='ltr'>omnesque</span> <span class='ocrx_word' id='word_1_442' title='bbox 740 3346 1078 3403; x_wconf 89' lang='lat' dir='ltr'>eorumdem</span> <span class='ocrx_word' id='word_1_443' title='bbox 1135 3346 1403 3410; x_wconf 87' lang='lat' dir='ltr'>familias,</span> <span class='ocrx_word' id='word_1_444' title='bbox 1454 3348 1681 3401; x_wconf 88' lang='lat' dir='ltr'>scilicet</span> <span class='ocrx_word' id='word_1_445' title='bbox 1730 3347 1794 3401; x_wconf 92' lang='lat' dir='ltr'>il-</span> <span class='ocrx_word' id='word_1_446' title='bbox 1902 3365 2238 3420; x_wconf 87' lang='lat' dir='ltr'>permanere</span> <span class='ocrx_word' id='word_1_447' title='bbox 2272 3349 2330 3401; x_wconf 90' lang='lat' dir='ltr'>in</span> <span class='ocrx_word' id='word_1_448' title='bbox 2389 3349 2619 3419; x_wconf 89' lang='lat' dir='ltr'>provisu</span> <span class='ocrx_word' id='word_1_449' title='bbox 2669 3357 2725 3405; x_wconf 80' lang='lat' dir='ltr'>et</span> <span class='ocrx_word' id='word_1_450' title='bbox 2770 3353 3074 3424; x_wconf 90' lang='lat' dir='ltr'>disciplina</span> <span class='ocrx_word' id='word_1_451' title='bbox 3124 3356 3383 3423; x_wconf 83' lang='lat' dir='ltr'>ejusdem</span> <span class='ocrx_word' id='word_1_452' title='bbox 3431 3373 3602 3411; x_wconf 87' lang='lat' dir='ltr'>vene-</span> 
     </span>
    </p>
   </div>
   <div class='ocr_carea' id='block_1_37' title="bbox 125 3433 3602 3513">
    <p class='ocr_par' dir='ltr' id='par_1_37' title="bbox 125 3433 3602 3513">
     <span class='ocr_line' id='line_1_38' title="bbox 125 3433 3602 3513; baseline 0.002 -23"><span class='ocrx_word' id='word_1_453' title='bbox 125 3436 185 3490; x_wconf 85' lang='lat' dir='ltr'>los</span> <span class='ocrx_word' id='word_1_454' title='bbox 230 3440 317 3509; x_wconf 86' lang='lat' dir='ltr'>qui</span> <span class='ocrx_word' id='word_1_455' title='bbox 366 3441 422 3494; x_wconf 92' lang='lat' dir='ltr'>in</span> <span class='ocrx_word' id='word_1_456' title='bbox 481 3438 716 3495; x_wconf 62' lang='lat' dir='ltr'>dioecesi</span> <span class='ocrx_word' id='word_1_457' title='bbox 782 3436 1041 3508; x_wconf 90' lang='lat' dir='ltr'>ejusdem</span> <span class='ocrx_word' id='word_1_458' title='bbox 1101 3433 1379 3504; x_wconf 88' lang='lat' dir='ltr'>episcopii</span> <span class='ocrx_word' id='word_1_459' title='bbox 1442 3435 1717 3490; x_wconf 86' lang='lat' dir='ltr'>habitant</span> <span class='ocrx_word' id='word_1_460' title='bbox 1776 3452 1789 3489; x_wconf 87' lang='lat'><strong>:</strong></span> <span class='ocrx_word' id='word_1_461' title='bbox 1900 3438 2096 3492; x_wconf 86' lang='lat' dir='ltr'>rabilis</span> <span class='ocrx_word' id='word_1_462' title='bbox 2126 3437 2229 3490; x_wconf 91' lang='lat' dir='ltr'>viri</span> <span class='ocrx_word' id='word_1_463' title='bbox 2263 3439 2324 3490; x_wconf 93' lang='lat' dir='ltr'>D.</span> <span class='ocrx_word' id='word_1_464' title='bbox 2362 3439 2667 3491; x_wconf 82' lang='lat' dir='ltr'>Romualdi</span> <span class='ocrx_word' id='word_1_465' title='bbox 2710 3458 3061 3513; x_wconf 89' lang='lat' dir='ltr'>suorumque</span> <span class='ocrx_word' id='word_1_466' title='bbox 3103 3459 3499 3498; x_wconf 87' lang='lat' dir='ltr'>successorum</span> <span class='ocrx_word' id='word_1_467' title='bbox 3542 3447 3602 3499; x_wconf 93' lang='lat' dir='ltr'>in</span> 
     </span>
    </p>
   </div>
   <div class='ocr_carea' id='block_1_38' title="bbox 128 3523 3605 3604">
    <p class='ocr_par' dir='ltr' id='par_1_38' title="bbox 128 3523 3605 3604">
     <span class='ocr_line' id='line_1_39' title="bbox 128 3523 3605 3604; baseline 0.004 -30"><span class='ocrx_word' id='word_1_468' title='bbox 128 3523 355 3581; x_wconf 74' lang='lat' dir='ltr'>Volumus</span> <span class='ocrx_word' id='word_1_469' title='bbox 400 3535 462 3583; x_wconf 90' lang='lat' dir='ltr'>ut</span> <span class='ocrx_word' id='word_1_470' title='bbox 517 3527 741 3598; x_wconf 89' lang='lat' dir='ltr'>judicet</span> <span class='ocrx_word' id='word_1_471' title='bbox 789 3531 847 3579; x_wconf 89' lang='lat' dir='ltr'>et</span> <span class='ocrx_word' id='word_1_472' title='bbox 898 3523 1207 3592; x_wconf 84' lang='lat' dir='ltr'>distringat</span> <span class='ocrx_word' id='word_1_473' title='bbox 1262 3523 1384 3576; x_wconf 90' lang='lat' dir='ltr'>sine</span> <span class='ocrx_word' id='word_1_474' title='bbox 1438 3525 1558 3578; x_wconf 90' lang='lat' dir='ltr'>ulla</span> <span class='ocrx_word' id='word_1_475' title='bbox 1612 3524 1794 3593; x_wconf 90' lang='lat' dir='ltr'>partis</span> <span class='ocrx_word' id='word_1_476' title='bbox 1899 3526 2023 3596; x_wconf 87' lang='lat' dir='ltr'>ipsa</span> <span class='ocrx_word' id='word_1_477' title='bbox 2054 3542 2246 3579; x_wconf 88' lang='lat' dir='ltr'>eremo</span> <span class='ocrx_word' id='word_1_478' title='bbox 2279 3525 2731 3595; x_wconf 87' lang='lat' dir='ltr'>persistentium,</span> <span class='ocrx_word' id='word_1_479' title='bbox 2785 3531 2954 3583; x_wconf 88' lang='lat' dir='ltr'>vitam</span> <span class='ocrx_word' id='word_1_480' title='bbox 2989 3536 3043 3583; x_wconf 91' lang='lat' dir='ltr'>et</span> <span class='ocrx_word' id='word_1_481' title='bbox 3084 3531 3423 3596; x_wconf 81' lang='lat' dir='ltr'>religionem</span> <span class='ocrx_word' id='word_1_482' title='bbox 3458 3536 3605 3604; x_wconf 83' lang='lat' dir='ltr'>ejus-</span> 
     </span>
    </p>
   </div>
   <div class='ocr_carea' id='block_1_39' title="bbox 125 3613 3600 3688">
    <p class='ocr_par' dir='ltr' id='par_1_39' title="bbox 125 3613 3600 3688">
     <span class='ocr_line' id='line_1_40' title="bbox 125 3613 3600 3688; baseline 0.002 -21"><span class='ocrx_word' id='word_1_483' title='bbox 125 3614 325 3682; x_wconf 73' lang='lat' dir='ltr'>publicze</span> <span class='ocrx_word' id='word_1_484' title='bbox 352 3616 782 3680; x_wconf 89' lang='lat' dir='ltr'>contrarietate,</span> <span class='ocrx_word' id='word_1_485' title='bbox 835 3618 891 3667; x_wconf 91' lang='lat' dir='ltr'>et</span> <span class='ocrx_word' id='word_1_486' title='bbox 932 3614 991 3666; x_wconf 91' lang='lat' dir='ltr'>in</span> <span class='ocrx_word' id='word_1_487' title='bbox 1047 3629 1148 3665; x_wconf 88' lang='lat' dir='ltr'>suo</span> <span class='ocrx_word' id='word_1_488' title='bbox 1181 3613 1407 3665; x_wconf 88' lang='lat' dir='ltr'>servitio</span> <span class='ocrx_word' id='word_1_489' title='bbox 1458 3613 1687 3677; x_wconf 85' lang='lat' dir='ltr'>habeat,</span> <span class='ocrx_word' id='word_1_490' title='bbox 1730 3616 1794 3666; x_wconf 89' lang='lat' dir='ltr'>ut</span> <span class='ocrx_word' id='word_1_491' title='bbox 1900 3616 2029 3669; x_wconf 93' lang='lat' dir='ltr'>dem</span> <span class='ocrx_word' id='word_1_492' title='bbox 2060 3614 2448 3679; x_wconf 88' lang='lat' dir='ltr'>servantium;</span> <span class='ocrx_word' id='word_1_493' title='bbox 2497 3616 2665 3667; x_wconf 89' lang='lat' dir='ltr'>modo</span> <span class='ocrx_word' id='word_1_494' title='bbox 2698 3617 2824 3685; x_wconf 89' lang='lat' dir='ltr'>ipsa</span> <span class='ocrx_word' id='word_1_495' title='bbox 2870 3625 3064 3672; x_wconf 89' lang='lat' dir='ltr'>tamen</span> <span class='ocrx_word' id='word_1_496' title='bbox 3114 3620 3360 3688; x_wconf 81' lang='lat' dir='ltr'>provisio</span> <span class='ocrx_word' id='word_1_497' title='bbox 3408 3625 3463 3674; x_wconf 90' lang='lat' dir='ltr'>et</span> <span class='ocrx_word' id='word_1_498' title='bbox 3515 3623 3600 3676; x_wconf 87' lang='lat' dir='ltr'>di-</span> 
     </span>
    </p>
   </div>
   <div class='ocr_carea' id='block_1_40' title="bbox 126 3700 3598 3775">
    <p class='ocr_par' dir='ltr' id='par_1_40' title="bbox 126 3700 3598 3775">
     <span class='ocr_line' id='line_1_41' title="bbox 126 3700 3598 3775; baseline 0.003 -24"><span class='ocrx_word' id='word_1_499' title='bbox 126 3714 328 3757; x_wconf 86' lang='lat' dir='ltr'>canones</span> <span class='ocrx_word' id='word_1_500' title='bbox 362 3706 590 3775; x_wconf 87' lang='lat' dir='ltr'>jubent.</span> <span class='ocrx_word' id='word_1_501' title='bbox 634 3704 846 3757; x_wconf 90' lang='lat' dir='ltr'>Omnes</span> <span class='ocrx_word' id='word_1_502' title='bbox 893 3701 1108 3772; x_wconf 88' lang='lat' dir='ltr'>quippe</span> <span class='ocrx_word' id='word_1_503' title='bbox 1165 3700 1520 3770; x_wconf 88' lang='lat' dir='ltr'>supradictas</span> <span class='ocrx_word' id='word_1_504' title='bbox 1572 3716 1661 3753; x_wconf 90' lang='lat' dir='ltr'>res</span> <span class='ocrx_word' id='word_1_505' title='bbox 1708 3700 1794 3754; x_wconf 91' lang='lat' dir='ltr'>illi</span> <span class='ocrx_word' id='word_1_506' title='bbox 1900 3703 2138 3773; x_wconf 88' lang='lat' dir='ltr'>sciplina</span> <span class='ocrx_word' id='word_1_507' title='bbox 2178 3706 2374 3755; x_wconf 90' lang='lat' dir='ltr'>contra</span> <span class='ocrx_word' id='word_1_508' title='bbox 2420 3704 2677 3769; x_wconf 89' lang='lat' dir='ltr'>regulam</span> <span class='ocrx_word' id='word_1_509' title='bbox 2728 3706 2784 3757; x_wconf 88' lang='grc' dir='ltr'>Β.</span> <span class='ocrx_word' id='word_1_510' title='bbox 2824 3707 3111 3760; x_wconf 84' lang='lat' dir='ltr'>Benedicti</span> <span class='ocrx_word' id='word_1_511' title='bbox 3140 3723 3258 3760; x_wconf 93' lang='lat' dir='ltr'>non</span> <span class='ocrx_word' id='word_1_512' title='bbox 3302 3708 3419 3760; x_wconf 81' lang='lat' dir='ltr'>tiat.</span> <span class='ocrx_word' id='word_1_513' title='bbox 3453 3712 3598 3763; x_wconf 83' lang='lat' dir='ltr'>Con-</span> 
     </span>
    </p>
   </div>
   <div class='ocr_carea' id='block_1_41' title="bbox 126 3788 3603 3863">
    <p class='ocr_par' dir='ltr' id='par_1_41' title="bbox 126 3788 3603 3863">
     <span class='ocr_line' id='line_1_42' title="bbox 126 3788 3603 3863; baseline 0.003 -23"><span class='ocrx_word' id='word_1_514' title='bbox 126 3791 484 3848; x_wconf 82' lang='lat' dir='ltr'>contirmamus</span> <span class='ocrx_word' id='word_1_515' title='bbox 524 3810 639 3848; x_wconf 88' lang='lat' dir='ltr'>una</span> <span class='ocrx_word' id='word_1_516' title='bbox 675 3808 803 3845; x_wconf 89' lang='lat' dir='ltr'>cum</span> <span class='ocrx_word' id='word_1_517' title='bbox 839 3790 1028 3857; x_wconf 88' lang='lat' dir='ltr'>terris,</span> <span class='ocrx_word' id='word_1_518' title='bbox 1060 3788 1263 3854; x_wconf 87' lang='lat' dir='ltr'>vineis,</span> <span class='ocrx_word' id='word_1_519' title='bbox 1298 3788 1535 3857; x_wconf 88' lang='lat' dir='ltr'>campis,</span> <span class='ocrx_word' id='word_1_520' title='bbox 1588 3788 1789 3856; x_wconf 89' lang='lat' dir='ltr'>pratis,</span> <span class='ocrx_word' id='word_1_521' title='bbox 1900 3791 2193 3845; x_wconf 86' lang='lat' dir='ltr'>ﬁrmantes</span> <span class='ocrx_word' id='word_1_522' title='bbox 2234 3790 2482 3843; x_wconf 71' lang='lat' dir='ltr'>ecclesiae</span> <span class='ocrx_word' id='word_1_523' title='bbox 2515 3790 2569 3843; x_wconf 90' lang='lat' dir='ltr'>S.</span> <span class='ocrx_word' id='word_1_524' title='bbox 2627 3793 2911 3846; x_wconf 88' lang='lat' dir='ltr'>Benedicti</span> <span class='ocrx_word' id='word_1_525' title='bbox 2963 3794 3219 3863; x_wconf 88' lang='lat' dir='ltr'>ejusdem</span> <span class='ocrx_word' id='word_1_526' title='bbox 3264 3797 3603 3849; x_wconf 71' lang='lat' dir='ltr'>monasterii</span> 
     </span>
    </p>
   </div>
   <div class='ocr_carea' id='block_1_42' title="bbox 125 3875 3599 3951">
    <p class='ocr_par' dir='ltr' id='par_1_42' title="bbox 125 3875 3599 3951">
     <span class='ocr_line' id='line_1_43' title="bbox 125 3875 3599 3951; baseline 0.003 -26"><span class='ocrx_word' id='word_1_527' title='bbox 125 3876 265 3945; x_wconf 85' lang='lat' dir='ltr'>silvis,</span> <span class='ocrx_word' id='word_1_528' title='bbox 339 3882 590 3951; x_wconf 85' lang='lat' dir='ltr'>pascuis,</span> <span class='ocrx_word' id='word_1_529' title='bbox 666 3878 978 3941; x_wconf 88' lang='lat' dir='ltr'>montibus,</span> <span class='ocrx_word' id='word_1_530' title='bbox 1067 3876 1329 3938; x_wconf 84' lang='lat' dir='ltr'>vallibus,</span> <span class='ocrx_word' id='word_1_531' title='bbox 1416 3875 1787 3945; x_wconf 90' lang='lat' dir='ltr'>planitiebus,</span> <span class='ocrx_word' id='word_1_532' title='bbox 1901 3881 2025 3934; x_wconf 87' lang='lat' dir='ltr'>illas</span> <span class='ocrx_word' id='word_1_533' title='bbox 2072 3884 2253 3933; x_wconf 88' lang='lat' dir='ltr'>terras</span> <span class='ocrx_word' id='word_1_534' title='bbox 2305 3894 2445 3947; x_wconf 89' lang='lat' dir='ltr'>quas</span> <span class='ocrx_word' id='word_1_535' title='bbox 2496 3895 2646 3932; x_wconf 91' lang='lat' dir='ltr'>nunc</span> <span class='ocrx_word' id='word_1_536' title='bbox 2687 3886 2862 3947; x_wconf 90' lang='lat' dir='ltr'>tenet,</span> <span class='ocrx_word' id='word_1_537' title='bbox 2920 3898 3165 3951; x_wconf 88' lang='lat' dir='ltr'>quarum</span> <span class='ocrx_word' id='word_1_538' title='bbox 3200 3884 3435 3935; x_wconf 90' lang='lat' dir='ltr'>nomina</span> <span class='ocrx_word' id='word_1_539' title='bbox 3466 3891 3599 3937; x_wconf 89' lang='lat' dir='ltr'>sunt</span> 
     </span>
    </p>
   </div>
   <div class='ocr_carea' id='block_1_43' title="bbox 126 3964 3597 4041">
    <p class='ocr_par' dir='ltr' id='par_1_43' title="bbox 126 3964 3597 4041">
     <span class='ocr_line' id='line_1_44' title="bbox 126 3964 3597 4041; baseline 0.003 -25"><span class='ocrx_word' id='word_1_540' title='bbox 126 3967 258 4035; x_wconf 86' lang='lat' dir='ltr'>aquis</span> <span class='ocrx_word' id='word_1_541' title='bbox 308 3985 710 4041; x_wconf 84' lang='lat' dir='ltr'>aquarumque</span> <span class='ocrx_word' id='word_1_542' title='bbox 765 3967 1121 4031; x_wconf 89' lang='lat' dir='ltr'>decursibus,</span> <span class='ocrx_word' id='word_1_543' title='bbox 1194 3965 1355 4034; x_wconf 89' lang='lat' dir='ltr'>ripis,</span> <span class='ocrx_word' id='word_1_544' title='bbox 1420 3964 1788 4035; x_wconf 84' lang='lat' dir='ltr'>molendinis,</span> <span class='ocrx_word' id='word_1_545' title='bbox 1900 3970 2056 4035; x_wconf 62' lang='lat' dir='ltr'>haec;</span> <span class='ocrx_word' id='word_1_546' title='bbox 2090 3965 2381 4020; x_wconf 87' lang='lat' dir='ltr'>ecclesiam</span> <span class='ocrx_word' id='word_1_547' title='bbox 2418 3982 2547 4018; x_wconf 87' lang='lat' dir='ltr'>cum</span> <span class='ocrx_word' id='word_1_548' title='bbox 2582 3968 2763 4021; x_wconf 85' lang='lat' dir='ltr'>tribus</span> <span class='ocrx_word' id='word_1_549' title='bbox 2807 3970 3151 4023; x_wconf 89' lang='lat' dir='ltr'>molendinis</span> <span class='ocrx_word' id='word_1_550' title='bbox 3197 3974 3253 4023; x_wconf 87' lang='lat' dir='ltr'>et</span> <span class='ocrx_word' id='word_1_551' title='bbox 3283 3976 3397 4024; x_wconf 88' lang='lat' dir='ltr'>tres</span> <span class='ocrx_word' id='word_1_552' title='bbox 3431 3989 3597 4025; x_wconf 86' lang='lat' dir='ltr'>man-</span> 
     </span>
    </p>
   </div>
   <div class='ocr_carea' id='block_1_44' title="bbox 124 4053 3601 4123">
    <p class='ocr_par' dir='ltr' id='par_1_44' title="bbox 124 4053 3601 4123">
     <span class='ocr_line' id='line_1_45' title="bbox 124 4053 3601 4123; baseline 0.003 -19"><span class='ocrx_word' id='word_1_553' title='bbox 124 4054 521 4123; x_wconf 87' lang='lat' dir='ltr'>piscationibus,</span> <span class='ocrx_word' id='word_1_554' title='bbox 553 4057 805 4122; x_wconf 85' lang='lat' dir='ltr'>forestis,</span> <span class='ocrx_word' id='word_1_555' title='bbox 840 4054 1260 4122; x_wconf 87' lang='lat' dir='ltr'>venationibus,</span> <span class='ocrx_word' id='word_1_556' title='bbox 1295 4053 1496 4120; x_wconf 79' lang='lat' dir='ltr'>servis,</span> <span class='ocrx_word' id='word_1_557' title='bbox 1541 4054 1783 4122; x_wconf 88' lang='lat' dir='ltr'>ancillis,</span> <span class='ocrx_word' id='word_1_558' title='bbox 1901 4074 1989 4112; x_wconf 89' lang='lat' dir='ltr'>sos</span> <span class='ocrx_word' id='word_1_559' title='bbox 2050 4057 2108 4110; x_wconf 90' lang='lat' dir='ltr'>in</span> <span class='ocrx_word' id='word_1_560' title='bbox 2160 4054 2617 4117; x_wconf 86' lang='lat' dir='ltr'>Domieuicrolo;</span> <span class='ocrx_word' id='word_1_561' title='bbox 2668 4056 2727 4109; x_wconf 90' lang='lat' dir='ltr'>in</span> <span class='ocrx_word' id='word_1_562' title='bbox 2777 4058 3010 4111; x_wconf 88' lang='lat' dir='ltr'>Galiano</span> <span class='ocrx_word' id='word_1_563' title='bbox 3057 4074 3288 4111; x_wconf 87' lang='lat' dir='ltr'>mansos</span> <span class='ocrx_word' id='word_1_564' title='bbox 3341 4060 3482 4111; x_wconf 88' lang='lat' dir='ltr'>duos</span> <span class='ocrx_word' id='word_1_565' title='bbox 3546 4068 3601 4114; x_wconf 87' lang='lat' dir='ltr'>et</span> 
     </span>
    </p>
   </div>
   <div class='ocr_carea' id='block_1_45' title="bbox 128 4139 3601 4212">
    <p class='ocr_par' dir='ltr' id='par_1_45' title="bbox 128 4139 3601 4212">
     <span class='ocr_line' id='line_1_46' title="bbox 128 4139 3601 4212; baseline 0.002 -21"><span class='ocrx_word' id='word_1_566' title='bbox 128 4142 281 4207; x_wconf 86' lang='lat' dir='ltr'>aldiis,</span> <span class='ocrx_word' id='word_1_567' title='bbox 345 4147 631 4212; x_wconf 79' lang='lat' dir='ltr'>aldiabus,</span> <span class='ocrx_word' id='word_1_568' title='bbox 710 4145 973 4210; x_wconf 90' lang='lat' dir='ltr'>ancariis,</span> <span class='ocrx_word' id='word_1_569' title='bbox 1035 4142 1315 4209; x_wconf 87' lang='lat' dir='ltr'>censibus,</span> <span class='ocrx_word' id='word_1_570' title='bbox 1394 4143 1788 4211; x_wconf 91' lang='lat' dir='ltr'>pensionibus,</span> <span class='ocrx_word' id='word_1_571' title='bbox 1901 4142 2195 4197; x_wconf 89' lang='lat' dir='ltr'>ecclesiam</span> <span class='ocrx_word' id='word_1_572' title='bbox 2242 4155 2455 4201; x_wconf 88' lang='lat' dir='ltr'>unam;</span> <span class='ocrx_word' id='word_1_573' title='bbox 2496 4139 2553 4191; x_wconf 90' lang='lat' dir='ltr'>in</span> <span class='ocrx_word' id='word_1_574' title='bbox 2611 4143 2909 4195; x_wconf 86' lang='lat' dir='ltr'>Partisidia</span> <span class='ocrx_word' id='word_1_575' title='bbox 2967 4143 3261 4196; x_wconf 85' lang='lat' dir='ltr'>ecclesiam</span> <span class='ocrx_word' id='word_1_576' title='bbox 3314 4159 3509 4210; x_wconf 88' lang='lat' dir='ltr'>unam,</span> <span class='ocrx_word' id='word_1_577' title='bbox 3546 4151 3601 4199; x_wconf 91' lang='lat' dir='ltr'>et</span> 
     </span>
    </p>
   </div>
   <div class='ocr_carea' id='block_1_46' title="bbox 123 4228 3599 4299">
    <p class='ocr_par' dir='ltr' id='par_1_46' title="bbox 123 4228 3599 4299">
     <span class='ocr_line' id='line_1_47' title="bbox 123 4228 3599 4299; baseline 0.002 -19"><span class='ocrx_word' id='word_1_578' title='bbox 123 4234 338 4299; x_wconf 87' lang='lat' dir='ltr'>capellis,</span> <span class='ocrx_word' id='word_1_579' title='bbox 387 4234 659 4299; x_wconf 84' lang='lat' dir='ltr'>castellis,</span> <span class='ocrx_word' id='word_1_580' title='bbox 711 4233 878 4295; x_wconf 84' lang='lat' dir='ltr'>villis,</span> <span class='ocrx_word' id='word_1_581' title='bbox 931 4248 995 4285; x_wconf 89' lang='lat' dir='ltr'>ac</span> <span class='ocrx_word' id='word_1_582' title='bbox 1037 4231 1306 4284; x_wconf 88' lang='lat' dir='ltr'>omnibus</span> <span class='ocrx_word' id='word_1_583' title='bbox 1352 4246 1482 4299; x_wconf 72' lang='lat' dir='ltr'>qua&quot;:</span> <span class='ocrx_word' id='word_1_584' title='bbox 1537 4231 1647 4284; x_wconf 89' lang='lat' dir='ltr'>diei</span> <span class='ocrx_word' id='word_1_585' title='bbox 1694 4239 1791 4287; x_wconf 88' lang='lat' dir='ltr'>aut</span> <span class='ocrx_word' id='word_1_586' title='bbox 1834 4283 1869 4299; x_wconf 59' lang='grc' dir='ltr'>η</span> <span class='ocrx_word' id='word_1_587' title='bbox 1902 4246 2129 4283; x_wconf 90' lang='lat' dir='ltr'>mansos</span> <span class='ocrx_word' id='word_1_588' title='bbox 2159 4228 2337 4293; x_wconf 86' lang='lat' dir='ltr'>duos;</span> <span class='ocrx_word' id='word_1_589' title='bbox 2368 4232 2421 4280; x_wconf 90' lang='lat' dir='ltr'>et</span> <span class='ocrx_word' id='word_1_590' title='bbox 2454 4229 2843 4284; x_wconf 89' lang='lat' dir='ltr'>molendinum</span> <span class='ocrx_word' id='word_1_591' title='bbox 2878 4247 3055 4283; x_wconf 90' lang='lat' dir='ltr'>unum</span> <span class='ocrx_word' id='word_1_592' title='bbox 3085 4252 3099 4295; x_wconf 92' lang='lat'><strong><em>;</em></strong></span> <span class='ocrx_word' id='word_1_593' title='bbox 3126 4232 3183 4284; x_wconf 91' lang='lat' dir='ltr'>in</span> <span class='ocrx_word' id='word_1_594' title='bbox 3217 4234 3408 4286; x_wconf 88' lang='lat' dir='ltr'>Casale</span> <span class='ocrx_word' id='word_1_595' title='bbox 3440 4251 3599 4288; x_wconf 89' lang='lat' dir='ltr'>man-</span> 
     </span>
    </p>
   </div>
   <div class='ocr_carea' id='block_1_47' title="bbox 125 4315 3597 4392">
    <p class='ocr_par' dir='ltr' id='par_1_47' title="bbox 125 4315 3597 4392">
     <span class='ocr_line' id='line_1_48' title="bbox 125 4315 3597 4392; baseline 0.002 -24"><span class='ocrx_word' id='word_1_596' title='bbox 125 4320 373 4375; x_wconf 84' lang='lat' dir='ltr'>nominari</span> <span class='ocrx_word' id='word_1_597' title='bbox 401 4325 669 4392; x_wconf 89' lang='lat' dir='ltr'>possunt,</span> <span class='ocrx_word' id='word_1_598' title='bbox 700 4321 955 4390; x_wconf 65' lang='lat' dir='ltr'>prmfataa</span> <span class='ocrx_word' id='word_1_599' title='bbox 999 4318 1249 4373; x_wconf 82' lang='lat' dir='ltr'>ecclesiae</span> <span class='ocrx_word' id='word_1_600' title='bbox 1289 4320 1444 4389; x_wconf 88' lang='lat' dir='ltr'>juste</span> <span class='ocrx_word' id='word_1_601' title='bbox 1489 4324 1545 4372; x_wconf 90' lang='lat' dir='ltr'>et</span> <span class='ocrx_word' id='word_1_602' title='bbox 1593 4320 1788 4390; x_wconf 90' lang='lat' dir='ltr'>legali-</span> <span class='ocrx_word' id='word_1_603' title='bbox 1833 4315 1873 4335; x_wconf 76' lang='grc' dir='ltr'><em>υ</em></span> <span class='ocrx_word' id='word_1_604' title='bbox 1902 4334 1992 4371; x_wconf 89' lang='lat' dir='ltr'>sos</span> <span class='ocrx_word' id='word_1_605' title='bbox 2023 4318 2163 4370; x_wconf 87' lang='lat' dir='ltr'>duos</span> <span class='ocrx_word' id='word_1_606' title='bbox 2199 4333 2211 4381; x_wconf 90' lang='lat'><strong>;</strong></span> <span class='ocrx_word' id='word_1_607' title='bbox 2247 4316 2305 4368; x_wconf 92' lang='lat' dir='ltr'>in</span> <span class='ocrx_word' id='word_1_608' title='bbox 2338 4315 2631 4368; x_wconf 83' lang='lat' dir='ltr'>Mistriano</span> <span class='ocrx_word' id='word_1_609' title='bbox 2665 4334 2927 4372; x_wconf 90' lang='lat' dir='ltr'>mansum</span> <span class='ocrx_word' id='word_1_610' title='bbox 2966 4336 3143 4373; x_wconf 90' lang='lat' dir='ltr'>unum</span> <span class='ocrx_word' id='word_1_611' title='bbox 3180 4338 3192 4385; x_wconf 87' lang='lat'><strong>;</strong></span> <span class='ocrx_word' id='word_1_612' title='bbox 3226 4320 3285 4373; x_wconf 92' lang='lat' dir='ltr'>in</span> <span class='ocrx_word' id='word_1_613' title='bbox 3326 4320 3597 4375; x_wconf 87' lang='lat' dir='ltr'>Drimano</span> 
     </span>
    </p>
   </div>
   <div class='ocr_carea' id='block_1_48' title="bbox 122 4404 3598 4479">
    <p class='ocr_par' dir='ltr' id='par_1_48' title="bbox 122 4404 3598 4479">
     <span class='ocr_line' id='line_1_49' title="bbox 122 4404 3598 4479; baseline 0.001 -22"><span class='ocrx_word' id='word_1_614' title='bbox 122 4410 192 4459; x_wconf 88' lang='lat' dir='ltr'>ter</span> <span class='ocrx_word' id='word_1_615' title='bbox 212 4410 645 4477; x_wconf 88' lang='lat' dir='ltr'>pertinentibus,</span> <span class='ocrx_word' id='word_1_616' title='bbox 702 4409 763 4462; x_wconf 90' lang='lat' dir='ltr'>in</span> <span class='ocrx_word' id='word_1_617' title='bbox 801 4411 1111 4479; x_wconf 90' lang='lat' dir='ltr'>integrum.</span> <span class='ocrx_word' id='word_1_618' title='bbox 1163 4406 1567 4477; x_wconf 71' lang='lat' dir='ltr'>Prsecipientes</span> <span class='ocrx_word' id='word_1_619' title='bbox 1612 4407 1791 4479; x_wconf 89' lang='lat' dir='ltr'>igitur</span> <span class='ocrx_word' id='word_1_620' title='bbox 1902 4422 2162 4459; x_wconf 88' lang='lat' dir='ltr'>mansum</span> <span class='ocrx_word' id='word_1_621' title='bbox 2184 4420 2395 4469; x_wconf 87' lang='lat' dir='ltr'>unum;</span> <span class='ocrx_word' id='word_1_622' title='bbox 2423 4404 2480 4457; x_wconf 90' lang='lat' dir='ltr'>in</span> <span class='ocrx_word' id='word_1_623' title='bbox 2506 4405 2783 4475; x_wconf 88' lang='lat' dir='ltr'>Dipidano</span> <span class='ocrx_word' id='word_1_624' title='bbox 2808 4424 3070 4461; x_wconf 89' lang='lat' dir='ltr'>mansum</span> <span class='ocrx_word' id='word_1_625' title='bbox 3096 4425 3307 4476; x_wconf 85' lang='lat' dir='ltr'>unum;</span> <span class='ocrx_word' id='word_1_626' title='bbox 3331 4409 3388 4461; x_wconf 90' lang='lat' dir='ltr'>in</span> <span class='ocrx_word' id='word_1_627' title='bbox 3405 4416 3598 4463; x_wconf 92' lang='lat' dir='ltr'>monte</span> 
     </span>
    </p>
   </div>
   <div class='ocr_carea' id='block_1_49' title="bbox 124 4493 3599 4568">
    <p class='ocr_par' dir='ltr' id='par_1_49' title="bbox 124 4493 3599 4568">
     <span class='ocr_line' id='line_1_50' title="bbox 124 4493 3599 4568; baseline 0.001 -23"><span class='ocrx_word' id='word_1_628' title='bbox 124 4496 326 4551; x_wconf 87' lang='lat' dir='ltr'>omnino</span> <span class='ocrx_word' id='word_1_629' title='bbox 360 4500 639 4568; x_wconf 89' lang='lat' dir='ltr'>jubemus</span> <span class='ocrx_word' id='word_1_630' title='bbox 670 4501 733 4550; x_wconf 90' lang='lat' dir='ltr'>ut</span> <span class='ocrx_word' id='word_1_631' title='bbox 762 4497 955 4550; x_wconf 91' lang='lat' dir='ltr'>nullus</span> <span class='ocrx_word' id='word_1_632' title='bbox 988 4495 1278 4562; x_wconf 89' lang='lat' dir='ltr'>dominus,</span> <span class='ocrx_word' id='word_1_633' title='bbox 1312 4496 1599 4566; x_wconf 87' lang='lat' dir='ltr'>princeps,</span> <span class='ocrx_word' id='word_1_634' title='bbox 1649 4502 1789 4551; x_wconf 85' lang='lat' dir='ltr'>stra-</span> <span class='ocrx_word' id='word_1_635' title='bbox 1900 4493 2139 4546; x_wconf 82' lang='lat' dir='ltr'>Martino</span> <span class='ocrx_word' id='word_1_636' title='bbox 2173 4508 2438 4546; x_wconf 87' lang='lat' dir='ltr'>mansum</span> <span class='ocrx_word' id='word_1_637' title='bbox 2469 4510 2647 4547; x_wconf 86' lang='lat' dir='ltr'>unum</span> <span class='ocrx_word' id='word_1_638' title='bbox 2680 4512 2692 4560; x_wconf 88' lang='lat'><strong>;</strong></span> <span class='ocrx_word' id='word_1_639' title='bbox 2726 4498 2785 4547; x_wconf 88' lang='lat' dir='ltr'>in</span> <span class='ocrx_word' id='word_1_640' title='bbox 2833 4495 3021 4548; x_wconf 78' lang='lat' dir='ltr'>Africo</span> <span class='ocrx_word' id='word_1_641' title='bbox 3053 4512 3281 4549; x_wconf 89' lang='lat' dir='ltr'>mansos</span> <span class='ocrx_word' id='word_1_642' title='bbox 3322 4496 3462 4549; x_wconf 90' lang='lat' dir='ltr'>duos</span> <span class='ocrx_word' id='word_1_643' title='bbox 3497 4513 3509 4558; x_wconf 91' lang='lat'>;</span> <span class='ocrx_word' id='word_1_644' title='bbox 3539 4497 3599 4549; x_wconf 90' lang='lat' dir='ltr'>in</span> 
     </span>
    </p>
   </div>
   <div class='ocr_carea' id='block_1_50' title="bbox 120 4579 3599 4656">
    <p class='ocr_par' dir='ltr' id='par_1_50' title="bbox 120 4579 3599 4656">
     <span class='ocr_line' id='line_1_51' title="bbox 120 4579 3599 4656; baseline 0 -20"><span class='ocrx_word' id='word_1_645' title='bbox 120 4579 265 4649; x_wconf 72' lang='lat' dir='ltr'>ticho,</span> <span class='ocrx_word' id='word_1_646' title='bbox 297 4587 579 4651; x_wconf 86' lang='lat' dir='ltr'>marchio,</span> <span class='ocrx_word' id='word_1_647' title='bbox 614 4586 936 4656; x_wconf 90' lang='lat' dir='ltr'>episcopus,</span> <span class='ocrx_word' id='word_1_648' title='bbox 969 4601 1177 4650; x_wconf 88' lang='lat' dir='ltr'>comes,</span> <span class='ocrx_word' id='word_1_649' title='bbox 1221 4584 1555 4646; x_wconf 84' lang='lat' dir='ltr'>vicecomes,</span> <span class='ocrx_word' id='word_1_650' title='bbox 1608 4587 1790 4639; x_wconf 87' lang='lat' dir='ltr'>nulla-</span> <span class='ocrx_word' id='word_1_651' title='bbox 1902 4582 2190 4635; x_wconf 90' lang='lat' dir='ltr'>montanis</span> <span class='ocrx_word' id='word_1_652' title='bbox 2245 4580 2299 4635; x_wconf 91' lang='lat' dir='ltr'>S.</span> <span class='ocrx_word' id='word_1_653' title='bbox 2355 4581 2660 4635; x_wconf 85' lang='lat' dir='ltr'>Gaudentii</span> <span class='ocrx_word' id='word_1_654' title='bbox 2709 4586 2969 4650; x_wconf 74' lang='lat' dir='ltr'>mansos,</span> <span class='ocrx_word' id='word_1_655' title='bbox 2991 4586 3289 4655; x_wconf 80' lang='lat' dir='ltr'>quinque;</span> <span class='ocrx_word' id='word_1_656' title='bbox 3322 4590 3376 4637; x_wconf 89' lang='lat' dir='ltr'>et</span> <span class='ocrx_word' id='word_1_657' title='bbox 3407 4585 3599 4637; x_wconf 84' lang='lat' dir='ltr'>omnia</span> 
     </span>
    </p>
   </div>
   <div class='ocr_carea' id='block_1_51' title="bbox 119 4670 3599 4745">
    <p class='ocr_par' dir='ltr' id='par_1_51' title="bbox 119 4670 3599 4745">
     <span class='ocr_line' id='line_1_52' title="bbox 119 4670 3599 4745; baseline 0.001 -24"><span class='ocrx_word' id='word_1_658' title='bbox 119 4684 208 4737; x_wconf 87' lang='lat' dir='ltr'>que</span> <span class='ocrx_word' id='word_1_659' title='bbox 235 4675 404 4729; x_wconf 86' lang='lat' dir='ltr'>nostri</span> <span class='ocrx_word' id='word_1_660' title='bbox 434 4676 606 4745; x_wconf 91' lang='lat' dir='ltr'>regni</span> <span class='ocrx_word' id='word_1_661' title='bbox 649 4690 859 4744; x_wconf 89' lang='lat' dir='ltr'>magna</span> <span class='ocrx_word' id='word_1_662' title='bbox 903 4675 989 4728; x_wconf 87' lang='lat' dir='ltr'>vel</span> <span class='ocrx_word' id='word_1_663' title='bbox 1034 4689 1207 4744; x_wconf 87' lang='lat' dir='ltr'>parva</span> <span class='ocrx_word' id='word_1_664' title='bbox 1253 4688 1499 4742; x_wconf 90' lang='lat' dir='ltr'>persona</span> <span class='ocrx_word' id='word_1_665' title='bbox 1538 4674 1791 4742; x_wconf 61' lang='lat' dir='ltr'>praefata:</span> <span class='ocrx_word' id='word_1_666' title='bbox 1902 4686 2256 4741; x_wconf 63' lang='lat' dir='ltr'>quaecunque</span> <span class='ocrx_word' id='word_1_667' title='bbox 2308 4670 2461 4740; x_wconf 89' lang='lat' dir='ltr'>juste</span> <span class='ocrx_word' id='word_1_668' title='bbox 2520 4676 2575 4724; x_wconf 89' lang='lat' dir='ltr'>et</span> <span class='ocrx_word' id='word_1_669' title='bbox 2621 4672 2879 4740; x_wconf 81' lang='lat' dir='ltr'>legaliter</span> <span class='ocrx_word' id='word_1_670' title='bbox 2940 4688 3091 4725; x_wconf 89' lang='lat' dir='ltr'>nunc</span> <span class='ocrx_word' id='word_1_671' title='bbox 3142 4673 3329 4739; x_wconf 88' lang='lat' dir='ltr'>habet,</span> <span class='ocrx_word' id='word_1_672' title='bbox 3393 4679 3489 4726; x_wconf 89' lang='lat' dir='ltr'>aut</span> <span class='ocrx_word' id='word_1_673' title='bbox 3539 4674 3599 4725; x_wconf 89' lang='lat' dir='ltr'>in</span> 
     </span>
    </p>
   </div>
   <div class='ocr_carea' id='block_1_52' title="bbox 116 4759 3597 4832">
    <p class='ocr_par' dir='ltr' id='par_1_52' title="bbox 116 4759 3597 4832">
     <span class='ocr_line' id='line_1_53' title="bbox 116 4759 3597 4832; baseline 0.001 -24"><span class='ocrx_word' id='word_1_674' title='bbox 116 4759 336 4815; x_wconf 65' lang='lat' dir='ltr'>ecclesia:</span> <span class='ocrx_word' id='word_1_675' title='bbox 368 4779 482 4830; x_wconf 89' lang='lat' dir='ltr'>res,</span> <span class='ocrx_word' id='word_1_676' title='bbox 540 4763 628 4816; x_wconf 87' lang='lat' dir='ltr'>vel</span> <span class='ocrx_word' id='word_1_677' title='bbox 679 4761 1014 4832; x_wconf 88' lang='lat' dir='ltr'>episcopum</span> <span class='ocrx_word' id='word_1_678' title='bbox 1062 4760 1406 4831; x_wconf 88' lang='lat' dir='ltr'>inquietare,</span> <span class='ocrx_word' id='word_1_679' title='bbox 1462 4761 1786 4822; x_wconf 86' lang='lat' dir='ltr'>molestare,</span> <span class='ocrx_word' id='word_1_680' title='bbox 1902 4762 2068 4813; x_wconf 89' lang='lat' dir='ltr'>antea</span> <span class='ocrx_word' id='word_1_681' title='bbox 2095 4759 2393 4812; x_wconf 89' lang='lat' dir='ltr'>habiturus</span> <span class='ocrx_word' id='word_1_682' title='bbox 2441 4764 2543 4824; x_wconf 89' lang='lat' dir='ltr'>est,</span> <span class='ocrx_word' id='word_1_683' title='bbox 2587 4764 2689 4811; x_wconf 89' lang='lat' dir='ltr'>aut</span> <span class='ocrx_word' id='word_1_684' title='bbox 2730 4760 3111 4829; x_wconf 84' lang='lat' dir='ltr'>acquisitnrus</span> <span class='ocrx_word' id='word_1_685' title='bbox 3138 4767 3243 4825; x_wconf 88' lang='lat' dir='ltr'>est,</span> <span class='ocrx_word' id='word_1_686' title='bbox 3276 4766 3373 4814; x_wconf 86' lang='lat' dir='ltr'>aut</span> <span class='ocrx_word' id='word_1_687' title='bbox 3403 4762 3597 4831; x_wconf 79' lang='lat' dir='ltr'>acqui-</span> 
     </span>
    </p>
   </div>
   <div class='ocr_carea' id='block_1_53' title="bbox 114 4846 3595 4922">
    <p class='ocr_par' dir='ltr' id='par_1_53' title="bbox 114 4846 3595 4922">
     <span class='ocr_line' id='line_1_54' title="bbox 114 4846 3595 4922; baseline 0.001 -25"><span class='ocrx_word' id='word_1_688' title='bbox 114 4851 193 4899; x_wconf 84' lang='lat' dir='ltr'>ant</span> <span class='ocrx_word' id='word_1_689' title='bbox 239 4849 295 4903; x_wconf 91' lang='lat' dir='ltr'>in</span> <span class='ocrx_word' id='word_1_690' title='bbox 338 4851 537 4922; x_wconf 85' lang='lat' dir='ltr'>aliquo</span> <span class='ocrx_word' id='word_1_691' title='bbox 591 4851 711 4904; x_wconf 88' lang='lat' dir='ltr'>sine</span> <span class='ocrx_word' id='word_1_692' title='bbox 761 4849 928 4919; x_wconf 87' lang='lat' dir='ltr'>legali</span> <span class='ocrx_word' id='word_1_693' title='bbox 968 4848 1187 4919; x_wconf 90' lang='lat' dir='ltr'>judicio</span> <span class='ocrx_word' id='word_1_694' title='bbox 1234 4847 1523 4902; x_wconf 85' lang='lat' dir='ltr'>disvestire</span> <span class='ocrx_word' id='word_1_695' title='bbox 1575 4866 1789 4918; x_wconf 76' lang='lat' dir='ltr'>prsesu-</span> <span class='ocrx_word' id='word_1_696' title='bbox 1901 4846 2047 4913; x_wconf 91' lang='lat' dir='ltr'>sivit,</span> <span class='ocrx_word' id='word_1_697' title='bbox 2092 4853 2152 4900; x_wconf 91' lang='lat' dir='ltr'>ut</span> <span class='ocrx_word' id='word_1_698' title='bbox 2178 4864 2244 4900; x_wconf 89' lang='lat' dir='ltr'>ea</span> <span class='ocrx_word' id='word_1_699' title='bbox 2269 4847 2474 4900; x_wconf 90' lang='lat' dir='ltr'>habeat</span> <span class='ocrx_word' id='word_1_700' title='bbox 2503 4863 2566 4899; x_wconf 92' lang='lat' dir='ltr'>ac</span> <span class='ocrx_word' id='word_1_701' title='bbox 2600 4853 2788 4900; x_wconf 88' lang='lat' dir='ltr'>teneat</span> <span class='ocrx_word' id='word_1_702' title='bbox 2836 4865 2960 4901; x_wconf 82' lang='lat' dir='ltr'>cum</span> <span class='ocrx_word' id='word_1_703' title='bbox 2995 4851 3263 4902; x_wconf 83' lang='lat' dir='ltr'>omnibus</span> <span class='ocrx_word' id='word_1_704' title='bbox 3305 4849 3419 4901; x_wconf 83' lang='lat' dir='ltr'>suis</span> <span class='ocrx_word' id='word_1_705' title='bbox 3468 4866 3595 4918; x_wconf 88' lang='lat' dir='ltr'>per-</span> 
     </span>
    </p>
   </div>
   <div class='ocr_carea' id='block_1_54' title="bbox 114 4935 3595 5007">
    <p class='ocr_par' dir='ltr' id='par_1_54' title="bbox 114 4935 3595 5007">
     <span class='ocr_line' id='line_1_55' title="bbox 114 4935 3595 5007; baseline 0 -18"><span class='ocrx_word' id='word_1_706' title='bbox 114 4940 227 4990; x_wconf 86' lang='lat' dir='ltr'>mat.</span> <span class='ocrx_word' id='word_1_707' title='bbox 277 4940 380 4993; x_wconf 86' lang='lat' dir='ltr'>Sed</span> <span class='ocrx_word' id='word_1_708' title='bbox 429 4940 600 4993; x_wconf 90' lang='lat' dir='ltr'>liceat</span> <span class='ocrx_word' id='word_1_709' title='bbox 648 4939 834 4993; x_wconf 87' lang='lat' dir='ltr'>eidem</span> <span class='ocrx_word' id='word_1_710' title='bbox 866 4940 1067 4991; x_wconf 81' lang='lat' dir='ltr'>Amato</span> <span class='ocrx_word' id='word_1_711' title='bbox 1098 4936 1523 5007; x_wconf 88' lang='lat' dir='ltr'>archiepiscopo</span> <span class='ocrx_word' id='word_1_712' title='bbox 1566 4938 1789 5007; x_wconf 63' lang='lat' dir='ltr'>praefati</span> <span class='ocrx_word' id='word_1_713' title='bbox 1899 4935 2154 4989; x_wconf 90' lang='lat' dir='ltr'>tinentiis</span> <span class='ocrx_word' id='word_1_714' title='bbox 2187 4936 2243 4989; x_wconf 93' lang='lat' dir='ltr'>in</span> <span class='ocrx_word' id='word_1_715' title='bbox 2276 4935 2563 5004; x_wconf 91' lang='lat' dir='ltr'>integrum</span> <span class='ocrx_word' id='word_1_716' title='bbox 2590 4952 2602 5002; x_wconf 89' lang='lat'><strong>;</strong></span> <span class='ocrx_word' id='word_1_717' title='bbox 2630 4937 3006 5005; x_wconf 84' lang='lat' dir='ltr'>proprietario</span> <span class='ocrx_word' id='word_1_718' title='bbox 3036 4940 3161 5005; x_wconf 87' lang='lat' dir='ltr'>jure</span> <span class='ocrx_word' id='word_1_719' title='bbox 3196 4937 3500 5005; x_wconf 88' lang='lat' dir='ltr'>possideat,</span> <span class='ocrx_word' id='word_1_720' title='bbox 3530 4954 3595 4989; x_wconf 89' lang='lat' dir='ltr'>eo</span> 
     </span>
    </p>
   </div>
   <div class='ocr_carea' id='block_1_55' title="bbox 112 5023 3596 5097">
    <p class='ocr_par' dir='ltr' id='par_1_55' title="bbox 112 5023 3596 5097">
     <span class='ocr_line' id='line_1_56' title="bbox 112 5023 3596 5097; baseline 0 -20"><span class='ocrx_word' id='word_1_721' title='bbox 112 5023 357 5097; x_wconf 84' lang='lat' dir='ltr'>episeopii</span> <span class='ocrx_word' id='word_1_722' title='bbox 408 5046 505 5083; x_wconf 89' lang='lat' dir='ltr'>res</span> <span class='ocrx_word' id='word_1_723' title='bbox 547 5035 763 5093; x_wconf 85' lang='lat' dir='ltr'>tenere,</span> <span class='ocrx_word' id='word_1_724' title='bbox 818 5027 1125 5097; x_wconf 90' lang='lat' dir='ltr'>possidere,</span> <span class='ocrx_word' id='word_1_725' title='bbox 1172 5030 1343 5096; x_wconf 88' lang='lat' dir='ltr'>atque</span> <span class='ocrx_word' id='word_1_726' title='bbox 1396 5041 1497 5095; x_wconf 92' lang='lat' dir='ltr'>per</span> <span class='ocrx_word' id='word_1_727' title='bbox 1536 5025 1643 5077; x_wconf 89' lang='lat' dir='ltr'>hoc</span> <span class='ocrx_word' id='word_1_728' title='bbox 1685 5041 1788 5077; x_wconf 94' lang='lat' dir='ltr'>no-</span> <span class='ocrx_word' id='word_1_729' title='bbox 1903 5024 2070 5078; x_wconf 92' lang='lat' dir='ltr'>modo</span> <span class='ocrx_word' id='word_1_730' title='bbox 2122 5029 2183 5078; x_wconf 88' lang='lat' dir='ltr'>ut</span> <span class='ocrx_word' id='word_1_731' title='bbox 2233 5040 2336 5077; x_wconf 91' lang='lat' dir='ltr'>nec</span> <span class='ocrx_word' id='word_1_732' title='bbox 2394 5024 2488 5076; x_wconf 80' lang='lat' dir='ltr'>isti</span> <span class='ocrx_word' id='word_1_733' title='bbox 2547 5024 2646 5094; x_wconf 91' lang='lat' dir='ltr'>qui</span> <span class='ocrx_word' id='word_1_734' title='bbox 2702 5039 2858 5077; x_wconf 90' lang='lat' dir='ltr'>nunc</span> <span class='ocrx_word' id='word_1_735' title='bbox 2916 5030 3173 5093; x_wconf 87' lang='lat' dir='ltr'>superest</span> <span class='ocrx_word' id='word_1_736' title='bbox 3231 5024 3441 5089; x_wconf 85' lang='lat' dir='ltr'>abbati,</span> <span class='ocrx_word' id='word_1_737' title='bbox 3492 5041 3596 5077; x_wconf 85' lang='lat' dir='ltr'>nec</span> 
     </span>
    </p>
   </div>
   <div class='ocr_carea' id='block_1_56' title="bbox 111 5112 3592 5187">
    <p class='ocr_par' dir='ltr' id='par_1_56' title="bbox 111 5112 3592 5187">
     <span class='ocr_line' id='line_1_57' title="bbox 111 5112 3592 5187; baseline 0.002 -29"><span class='ocrx_word' id='word_1_738' title='bbox 111 5116 267 5167; x_wconf 84' lang='lat' dir='ltr'>stram</span> <span class='ocrx_word' id='word_1_739' title='bbox 298 5122 660 5187; x_wconf 73' lang='lat' dir='ltr'>praeceptum</span> <span class='ocrx_word' id='word_1_740' title='bbox 709 5114 1008 5185; x_wconf 65' lang='lat' dir='ltr'>prmdictas</span> <span class='ocrx_word' id='word_1_741' title='bbox 1060 5130 1150 5167; x_wconf 91' lang='lat' dir='ltr'>res</span> <span class='ocrx_word' id='word_1_742' title='bbox 1200 5114 1266 5167; x_wconf 89' lang='lat' dir='ltr'>ad</span> <span class='ocrx_word' id='word_1_743' title='bbox 1317 5113 1623 5166; x_wconf 89' lang='lat' dir='ltr'>utilitatem</span> <span class='ocrx_word' id='word_1_744' title='bbox 1671 5127 1790 5165; x_wconf 71' lang='lat' dir='ltr'>sua:</span> <span class='ocrx_word' id='word_1_745' title='bbox 1902 5112 2018 5166; x_wconf 90' lang='lat' dir='ltr'>suis</span> <span class='ocrx_word' id='word_1_746' title='bbox 2069 5112 2509 5178; x_wconf 88' lang='lat' dir='ltr'>successoribus,</span> <span class='ocrx_word' id='word_1_747' title='bbox 2567 5112 2734 5165; x_wconf 88' lang='lat' dir='ltr'>liceat</span> <span class='ocrx_word' id='word_1_748' title='bbox 2788 5118 2967 5166; x_wconf 90' lang='lat' dir='ltr'>terras</span> <span class='ocrx_word' id='word_1_749' title='bbox 3018 5112 3274 5165; x_wconf 63' lang='lat' dir='ltr'>Ecclesia}</span> <span class='ocrx_word' id='word_1_750' title='bbox 3332 5112 3592 5178; x_wconf 87' lang='lat' dir='ltr'>vendere,</span> 
     </span>
    </p>
   </div>
   <div class='ocr_carea' id='block_1_57' title="bbox 109 5199 3595 5276">
    <p class='ocr_par' dir='ltr' id='par_1_57' title="bbox 109 5199 3595 5276">
     <span class='ocr_line' id='line_1_58' title="bbox 109 5199 3595 5276; baseline 0.002 -29"><span class='ocrx_word' id='word_1_751' title='bbox 109 5200 336 5257; x_wconf 60' lang='lat' dir='ltr'>ecclesias</span> <span class='ocrx_word' id='word_1_752' title='bbox 404 5205 728 5276; x_wconf 88' lang='lat' dir='ltr'>acquirere,</span> <span class='ocrx_word' id='word_1_753' title='bbox 798 5202 1057 5256; x_wconf 89' lang='lat' dir='ltr'>omnium</span> <span class='ocrx_word' id='word_1_754' title='bbox 1118 5201 1417 5254; x_wconf 90' lang='lat' dir='ltr'>hominum</span> <span class='ocrx_word' id='word_1_755' title='bbox 1495 5199 1784 5254; x_wconf 90' lang='lat' dir='ltr'>contradi-</span> <span class='ocrx_word' id='word_1_756' title='bbox 1901 5206 2000 5253; x_wconf 89' lang='lat' dir='ltr'>aut</span> <span class='ocrx_word' id='word_1_757' title='bbox 2044 5201 2314 5264; x_wconf 88' lang='lat' dir='ltr'>alienare,</span> <span class='ocrx_word' id='word_1_758' title='bbox 2376 5206 2473 5253; x_wconf 90' lang='lat' dir='ltr'>aut</span> <span class='ocrx_word' id='word_1_759' title='bbox 2524 5200 2847 5270; x_wconf 84' lang='lat' dir='ltr'>precarium</span> <span class='ocrx_word' id='word_1_760' title='bbox 2899 5200 3081 5251; x_wconf 88' lang='lat' dir='ltr'>facere</span> <span class='ocrx_word' id='word_1_761' title='bbox 3133 5200 3347 5267; x_wconf 84' lang='lat' dir='ltr'>absque</span> <span class='ocrx_word' id='word_1_762' title='bbox 3404 5206 3595 5254; x_wconf 84' lang='lat' dir='ltr'>nostra</span> 
     </span>
    </p>
   </div>
   <div class='ocr_carea' id='block_1_58' title="bbox 109 5286 3592 5362">
    <p class='ocr_par' dir='ltr' id='par_1_58' title="bbox 109 5286 3592 5362">
     <span class='ocr_line' id='line_1_59' title="bbox 109 5286 3592 5362; baseline 0.002 -28"><span class='ocrx_word' id='word_1_763' title='bbox 109 5286 274 5343; x_wconf 88' lang='lat' dir='ltr'>ctione</span> <span class='ocrx_word' id='word_1_764' title='bbox 307 5299 554 5347; x_wconf 85' lang='lat' dir='ltr'>remota.</span> <span class='ocrx_word' id='word_1_765' title='bbox 588 5293 643 5346; x_wconf 90' lang='lat' dir='ltr'>Si</span> <span class='ocrx_word' id='word_1_766' title='bbox 684 5290 810 5362; x_wconf 86' lang='lat' dir='ltr'>quis</span> <span class='ocrx_word' id='word_1_767' title='bbox 840 5295 1052 5356; x_wconf 88' lang='lat' dir='ltr'>autem,</span> <span class='ocrx_word' id='word_1_768' title='bbox 1085 5290 1235 5359; x_wconf 91' lang='lat' dir='ltr'>quod</span> <span class='ocrx_word' id='word_1_769' title='bbox 1267 5287 1446 5341; x_wconf 89' lang='lat' dir='ltr'>absit!</span> <span class='ocrx_word' id='word_1_770' title='bbox 1484 5289 1655 5359; x_wconf 85' lang='lat' dir='ltr'>hujus</span> <span class='ocrx_word' id='word_1_771' title='bbox 1688 5304 1786 5340; x_wconf 89' lang='lat' dir='ltr'>no-</span> <span class='ocrx_word' id='word_1_772' title='bbox 1900 5289 2149 5355; x_wconf 90' lang='lat' dir='ltr'>licentia,</span> <span class='ocrx_word' id='word_1_773' title='bbox 2195 5289 2292 5341; x_wconf 91' lang='lat' dir='ltr'>sed</span> <span class='ocrx_word' id='word_1_774' title='bbox 2336 5292 2559 5341; x_wconf 88' lang='lat' dir='ltr'>tantum</span> <span class='ocrx_word' id='word_1_775' title='bbox 2593 5289 2659 5342; x_wconf 87' lang='lat' dir='ltr'>ad</span> <span class='ocrx_word' id='word_1_776' title='bbox 2710 5305 2873 5341; x_wconf 82' lang='lat' dir='ltr'>usum</span> <span class='ocrx_word' id='word_1_777' title='bbox 2917 5287 3334 5340; x_wconf 85' lang='lat' dir='ltr'>monachorum</span> <span class='ocrx_word' id='word_1_778' title='bbox 3378 5288 3592 5343; x_wconf 86' lang='lat' dir='ltr'>ibidem</span> 
     </span>
    </p>
   </div>
   <div class='ocr_carea' id='block_1_59' title="bbox 107 5371 3588 5450">
    <p class='ocr_par' dir='ltr' id='par_1_59' title="bbox 107 5371 3588 5450">
     <span class='ocr_line' id='line_1_60' title="bbox 107 5371 3588 5450; baseline 0.002 -27"><span class='ocrx_word' id='word_1_779' title='bbox 107 5378 217 5429; x_wconf 68' lang='lat' dir='ltr'>stre:</span> <span class='ocrx_word' id='word_1_780' title='bbox 270 5381 633 5435; x_wconf 86' lang='lat' dir='ltr'>auctoritatis</span> <span class='ocrx_word' id='word_1_781' title='bbox 691 5383 1183 5450; x_wconf 72' lang='lat' dir='ltr'>praesumptuosus</span> <span class='ocrx_word' id='word_1_782' title='bbox 1235 5378 1476 5430; x_wconf 85' lang='lat' dir='ltr'>violator</span> <span class='ocrx_word' id='word_1_783' title='bbox 1520 5376 1787 5440; x_wconf 88' lang='lat' dir='ltr'>extiterit,</span> <span class='ocrx_word' id='word_1_784' title='bbox 1900 5376 2271 5429; x_wconf 89' lang='lat' dir='ltr'>servientium</span> <span class='ocrx_word' id='word_1_785' title='bbox 2299 5376 2459 5444; x_wconf 84' lang='lat' dir='ltr'>juxta</span> <span class='ocrx_word' id='word_1_786' title='bbox 2490 5371 2750 5445; x_wconf 77' lang='lat' dir='ltr'>regulam</span> <span class='ocrx_word' id='word_1_787' title='bbox 2781 5376 2834 5429; x_wconf 91' lang='lat' dir='ltr'>S.</span> <span class='ocrx_word' id='word_1_788' title='bbox 2871 5375 3156 5428; x_wconf 89' lang='lat' dir='ltr'>Benedicti</span> <span class='ocrx_word' id='word_1_789' title='bbox 3188 5382 3588 5445; x_wconf 87' lang='lat' dir='ltr'>permaneant.</span> 
     </span>
    </p>
   </div>
   <div class='ocr_carea' id='block_1_60' title="bbox 108 5462 3596 5539">
    <p class='ocr_par' dir='ltr' id='par_1_60' title="bbox 108 5462 3596 5539">
     <span class='ocr_line' id='line_1_61' title="bbox 108 5462 3596 5539; baseline 0.001 -26"><span class='ocrx_word' id='word_1_790' title='bbox 108 5462 227 5518; x_wconf 81' lang='lat' dir='ltr'>sciat</span> <span class='ocrx_word' id='word_1_791' title='bbox 266 5485 326 5521; x_wconf 89' lang='lat' dir='ltr'>se</span> <span class='ocrx_word' id='word_1_792' title='bbox 380 5469 839 5539; x_wconf 88' lang='lat' dir='ltr'>compositurum</span> <span class='ocrx_word' id='word_1_793' title='bbox 882 5466 1007 5520; x_wconf 89' lang='lat' dir='ltr'>auri</span> <span class='ocrx_word' id='word_1_794' title='bbox 1054 5465 1345 5536; x_wconf 88' lang='lat' dir='ltr'>purissimi</span> <span class='ocrx_word' id='word_1_795' title='bbox 1393 5466 1563 5518; x_wconf 89' lang='lat' dir='ltr'>libras</span> <span class='ocrx_word' id='word_1_796' title='bbox 1610 5465 1787 5526; x_wconf 85' lang='lat' dir='ltr'>mille,</span> <span class='ocrx_word' id='word_1_797' title='bbox 1902 5465 2143 5534; x_wconf 86' lang='lat' dir='ltr'>Insuper</span> <span class='ocrx_word' id='word_1_798' title='bbox 2183 5464 2591 5517; x_wconf 85' lang='lat' dir='ltr'>conﬁrmamus</span> <span class='ocrx_word' id='word_1_799' title='bbox 2624 5479 2854 5516; x_wconf 91' lang='lat' dir='ltr'>omnem</span> <span class='ocrx_word' id='word_1_800' title='bbox 2895 5464 3287 5517; x_wconf 64' lang='lat' dir='ltr'>haereditatem</span> <span class='ocrx_word' id='word_1_801' title='bbox 3320 5466 3596 5518; x_wconf 85' lang='lat' dir='ltr'>bonorum</span> 
     </span>
    </p>
   </div>
   <div class='ocr_carea' id='block_1_61' title="bbox 108 5552 3601 5623">
    <p class='ocr_par' dir='ltr' id='par_1_61' title="bbox 108 5552 3601 5623">
     <span class='ocr_line' id='line_1_62' title="bbox 108 5552 3601 5623; baseline 0.001 -20"><span class='ocrx_word' id='word_1_802' title='bbox 108 5552 464 5611; x_wconf 87' lang='lat' dir='ltr'>medietatem</span> <span class='ocrx_word' id='word_1_803' title='bbox 511 5572 746 5610; x_wconf 61' lang='lat' dir='ltr'>camera</span> <span class='ocrx_word' id='word_1_804' title='bbox 774 5560 1000 5622; x_wconf 68' lang='lat' dir='ltr'>nostrae,</span> <span class='ocrx_word' id='word_1_805' title='bbox 1042 5559 1096 5608; x_wconf 89' lang='lat' dir='ltr'>et</span> <span class='ocrx_word' id='word_1_806' title='bbox 1123 5554 1490 5609; x_wconf 89' lang='lat' dir='ltr'>medietatem</span> <span class='ocrx_word' id='word_1_807' title='bbox 1532 5553 1787 5622; x_wconf 79' lang='lat' dir='ltr'>ejusdem</span> <span class='ocrx_word' id='word_1_808' title='bbox 1906 5553 2086 5623; x_wconf 89' lang='lat' dir='ltr'>ipsius</span> <span class='ocrx_word' id='word_1_809' title='bbox 2114 5552 2452 5607; x_wconf 82' lang='lat' dir='ltr'>monasterii</span> <span class='ocrx_word' id='word_1_810' title='bbox 2496 5557 2552 5605; x_wconf 90' lang='lat' dir='ltr'>et</span> <span class='ocrx_word' id='word_1_811' title='bbox 2584 5552 3016 5619; x_wconf 85' lang='lat' dir='ltr'>monachorum,</span> <span class='ocrx_word' id='word_1_812' title='bbox 3071 5559 3133 5606; x_wconf 89' lang='lat' dir='ltr'>ut</span> <span class='ocrx_word' id='word_1_813' title='bbox 3162 5554 3261 5607; x_wconf 89' lang='lat' dir='ltr'>tali</span> <span class='ocrx_word' id='word_1_814' title='bbox 3297 5554 3465 5607; x_wconf 88' lang='lat' dir='ltr'>modo</span> <span class='ocrx_word' id='word_1_815' title='bbox 3507 5555 3601 5607; x_wconf 80' lang='lat' dir='ltr'>lia-</span> 
     </span>
    </p>
   </div>
   <div class='ocr_carea' id='block_1_62' title="bbox 407 5659 3333 5728">
    <p class='ocr_par' dir='ltr' id='par_1_62' title="bbox 407 5659 3333 5728">
     <span class='ocr_line' id='line_1_63' title="bbox 407 5659 3333 5728; baseline -0.001 -1"><span class='ocrx_word' id='word_1_816' title='bbox 407 5662 684 5728; x_wconf 76' lang='lat' dir='ltr'>PATROL.</span> <span class='ocrx_word' id='word_1_817' title='bbox 737 5659 907 5727; x_wconf 82' lang='lat' dir='ltr'>CXL.</span> <span class='ocrx_word' id='word_1_818' title='bbox 3256 5667 3333 5723; x_wconf 76' lang='grc'><strong>12</strong></span> 
     </span>
    </p>
   </div>
  </div>
