3920 6190
445 301 546 354 363

1747 308 1802 362 S.
1845 310 2136 367 HENRICI
2173 311 2652 372 IMPERATORIS
3759 340 3834 391 364

441 420 572 475 beat
608 437 722 526 quo
767 439 922 477 nunc
977 424 1104 494 ipse
1151 424 1340 524 habet.
1391 429 1803 526 Constituimus
1849 431 2026 503 igitur
2069 439 2136 489 ut
2165 437 2213 489 A
2248 441 2375 495 loco
2412 441 2511 512 qui
2541 441 2878 496 nominatur
2917 445 3170 498 Pentano
3221 460 3351 500 cum
3388 447 3492 500 suis
3532 451 3836 526 pertinentiis,

439 511 832 581 supradictum
895 514 1310 568 monasterium
1375 516 1521 571 nulli
1580 519 1940 588 marchioni,
1992 522 2136 576 nulli

439 597 655 664 comiti,
683 599 828 653 nulli
848 600 1300 672 archiepiscopo,
1345 604 1490 658 nulli
1533 605 1822 677 episcopo,
1875 610 2136 681 nullique

438 685 716 756 singulari
747 702 1007 756 persona
1040 689 1344 758 subjaceat,
1379 691 1490 745 nisi
1535 692 1608 747 sit
1642 693 1705 747 in
1745 695 2032 766 imperiali
2081 705 2137 753 et

438 774 619 846 regali
666 779 959 845 potestate.
999 777 1270 830 Volumus
1315 777 1512 850 itaque
1562 786 1618 835 et
1666 782 2030 853 disponimus
2069 792 2136 841 ut

440 863 606 918 liceat
638 866 699 918 υ.
737 865 1052 918 Romualdo
1088 865 1321 936 suisque
1361 870 1803 937 successoribus,
1841 877 1897 927 et
1942 873 2132 928 abbati

437 952 619 1023 ipsius
663 952 996 1006 monasterii
1062 953 1297 1024 suisque
1347 958 1790 1026 successoribus,
1854 961 2132 1016 advocare

438 1053 839 1109 quemcunque
869 1039 1201 1110 episcopum
1249 1042 1318 1096 ad
1354 1044 1617 1098 ecclesias
1645 1050 2053 1102 consecrandus
2077 1054 2134 1104 et

437 1127 506 1180 ad
582 1143 812 1181 omnem
879 1129 1364 1185 consecrationem
1448 1133 1787 1190 faciendam.
1858 1138 2132 1192 Volumus

436 1215 608 1269 etiam
639 1220 700 1269 ut
727 1232 831 1286 per
859 1216 1163 1271 circuitum
1209 1221 1540 1274 monasterii
1591 1228 1648 1276 et
1691 1223 1868 1277 eremi
1898 1226 2133 1280 ecclesia

434 1303 723 1373 possideat
752 1305 822 1358 ab
862 1305 1082 1358 oriente
1120 1321 1154 1359 a
1200 1306 1320 1360 rivo
1368 1309 1437 1362 de
1485 1309 1632 1376 lacu,
1682 1310 1751 1365 ab
1782 1312 2069 1368 occidente
2101 1332 2133 1369 a

426 1392 569 1462 jugo
613 1392 866 1462 Alpium,
925 1409 957 1447 a
1013 1395 1400 1465 septentrione
1430 1413 1462 1450 a
1493 1397 1740 1465 Ceresio,
1791 1416 1824 1453 a
1868 1401 2127 1470 meridie,

433 1481 642 1535 collina
680 1481 749 1535 de
784 1481 1058 1538 Gimellis.
1103 1483 1516 1538 Inviolabiliter
1561 1486 1740 1557 igitur
1773 1488 2039 1558 jubemus
2070 1497 2132 1546 ut

433 1585 550 1623 non
581 1570 715 1635 dux,
746 1585 865 1622 non
909 1569 1184 1636 marchio,
1235 1588 1350 1626 non
1392 1589 1600 1637 comes,
1636 1591 1753 1628 non
1803 1576 2132 1646 qualiscun-

434 1673 544 1727 que
574 1673 780 1728 magna
805 1658 894 1711 vel
915 1675 1091 1728 parva
1116 1675 1359 1728 persona
1392 1661 1500 1716 hoc
1529 1668 1791 1718 nostrum
1828 1664 2128 1734 imperiale

433 1751 784 1816 praeceptum
834 1745 1044 1799 violare
1090 1752 1394 1816 pertentet.
1447 1749 1506 1804 Si
1533 1767 1685 1817 vero,
1734 1753 1890 1822 quod
1935 1752 2121 1806 absitl

432 1832 639 1903 aliquis
667 1833 808 1886 illud
837 1831 1150 1902 infringere
1184 1836 1505 1902 tentaverit,
1551 1838 1693 1892 sciat
1735 1855 1793 1892 se
1845 1839 2126 1909 composi-

431 1927 628 1975 turum
657 1921 927 1975 ducentas
962 1922 1136 1976 libras
1166 1923 1291 1977 auri
1321 1925 1456 1978 cotti
1487 1941 1498 1979 :
1535 1927 1902 1981 medietatem
1937 1928 2124 1997 nobis,

433 2012 492 2061 et
534 2007 899 2061 medietatem
947 2008 1098 2062 dicto
1142 2011 1509 2066 monasterio.
1558 2013 1621 2066 Et
1665 2019 1729 2067 ut
1781 2013 1890 2068 hoc
1940 2016 2125 2069 verius

433 2095 717 2163 credatur,
762 2100 820 2150 et
867 2096 1267 2152 inconvulsum
1320 2106 1604 2168 servetur,
1661 2119 1836 2158 manu
1890 2106 2127 2176 propria

431 2183 866 2250 subscribentes,
918 2190 1112 2240 nostro
1161 2186 1350 2258 sigillo
1400 2189 1643 2244 inferius
1685 2192 1953 2263 insigniri
1983 2211 2126 2264 pra-

429 2271 706 2341 cepimus.

499 2361 653 2429 Sign.
701 2351 784 2415 D.'
814 2363 1035 2416 Henrici
1070 2364 1414 2431 imperatoris
1454 2367 1806 2422 invictissimi
1855 2369 2120 2438 Augusti.

500 2448 885 2504 Theodoricus
915 2450 1289 2504 cancellarius
1313 2455 1641 2522 recognovi.

500 2538 704 2591 Datum
735 2553 886 2592 anno
933 2538 1094 2594 Dom.
1129 2539 1351 2594 Incarn.
1388 2543 1544 2610 1022,
1595 2543 1789 2598 lndict.
1839 2562 1919 2614 x.,
1969 2564 2119 2604 anno

427 2641 562 2681 vero
591 2627 654 2680 D.
687 2625 916 2682 Henrici
952 2627 1021 2693 ΙΙ,
1054 2629 1348 2698 regnantis
1387 2633 1477 2697 21,
1517 2630 1855 2702 imperantis
1901 2651 2033 2690 vero
2063 2639 2116 2692 8.

495 2717 698 2771 Actum
727 2714 910 2786 pridie
932 2716 1052 2770 Kal.
1074 2716 1330 2771 Januarii
1352 2719 1599 2775 Ravena
1625 2721 1884 2778 feliciter.
1910 2727 2114 2781 Amen.

1166 2821 1357 2877 CXXV.

1297 2823 1357 2877 V.

427 2910 486 2966 S.
542 2910 764 2964 Henrici
821 2822 1327 2988 privilegiumch
1381 2917 1705 2971 monasterio
1761 2916 1819 2972 S.
1880 2918 2112 2988 Sophia.

1077 2983 1464 3038 Beneventano.

1065 3091 1252 3156 (Anno
1287 3088 1467 3159 1022.)

769 3173 1046 3248 [Ughelli,
1077 3177 1244 3230 Italia
1279 3191 1460 3244 sacra,
1494 3179 1631 3244 Vlll,
1666 3181 1778 3252 76.]

496 3279 560 3333 In
607 3279 840 3334 nomine
870 3280 1091 3336 Sancta
1138 3281 1564 3354 individuaque
1598 3284 1910 3355 Trinitatis,
1965 3291 2118 3344 ΠΕΝ-

429 3382 588 3423 BlCUS
627 3368 820 3422 divina
874 3369 1097 3422 favente
1157 3370 1459 3425 clementia
1507 3372 1896 3430 Romanorum
1943 3377 2121 3449 impe-

424 3461 580 3511 rator
608 3472 833 3528 semper
851 3459 1159 3527 Augustus.

494 3545 550 3600 Si
579 3549 737 3600 tanto
785 3551 1111 3600 sanctorum
1163 3546 1262 3603 Dei
1304 3548 1554 3603 ecclesiis
1604 3551 1865 3607 omnium
1903 3554 2117 3611 adnixu

424 3633 759 3705 institimus,
791 3635 859 3690 ad
903 3635 1081 3689 nostri
1130 3635 1360 3708 imperii
1391 3638 1714 3707 profectum
1761 3642 1955 3697 venire
1995 3660 2116 3698 non

421 3722 757 3778 difﬁdimus.
811 3722 1086 3788 Quocirca
1128 3723 1386 3779 omnium
1435 3724 1688 3781 ﬁdelium
1750 3734 1956 3784 sanctae
2018 3731 2116 3787 Dei

418 3811 676 3867 Ecclesia
717 3815 1157 3884 nostrorumque
1207 3814 1384 3867 solers
1432 3819 1705 3885 agnoscet
1767 3817 2114 3874 universitas

417 3900 788 3972 prasentium
839 3905 895 3955 et
940 3901 1287 3968 futurorum,
1343 3903 1649 3958 Henricum
1703 3907 2110 3976 venerabilem,

415 3990 738 4046 Parmensis
785 3990 1041 4044 Ecclesia
1087 3991 1448 4061 episcopum,
1499 3993 1768 4046 culminis
1812 3996 1989 4049 nostri
2022 4013 2113 4052 su-

417 4077 759 4133 blimitatem
788 4076 1014 4143 adiisse,
1042 4077 1248 4132 obnixe
1293 4080 1637 4146 postulando
1668 4085 1970 4150 quatenus,
2003 4099 2109 4154 pro

418 4166 517 4220 Dei
562 4181 756 4219 amore
799 4164 1232 4236 facinorumque
1272 4170 1604 4221 nostrorum
1649 4168 1952 4238 solutione,
1997 4187 2107 4227 coe-

2246 535 2304 584 et
2333 547 2464 584 cum
2485 531 2702 601 capella
2732 531 2791 584 in
2817 532 3033 586 honore
3064 532 3242 587 sancti
3289 535 3584 604 Benedicti;
3619 541 3710 595 alia
3740 561 3836 600 vero

2245 619 2303 673 in
2329 620 2546 674 honore
2589 619 2769 674 sancti
2796 620 2990 674 Vitalis
3020 636 3151 675 cum
3184 623 3442 678 omnibus
3484 625 3586 678 suis
3618 631 3839 698 pertinen-

2244 708 2341 762 tiis
2373 729 2387 775 ;
2419 709 2598 762 altera
2625 724 2760 762 vero
2804 707 2865 762 in
2903 709 3125 762 honore
3171 711 3349 765 sancti
3385 713 3638 768 Michaelis
3661 720 3841 774 archan-

2243 797 2378 868 geli,
2409 813 2536 868 qua
2565 797 2774 850 dicitur
2804 797 2872 851 ad
2904 798 3168 853 Holibola
3197 815 3329 853 cum
3357 803 3600 855 omnibus
3626 806 3720 858 suis
3744 823 3840 876 per-

2241 885 2519 952 tinentiis,
2575 890 2633 938 et
2690 885 2749 938 in
2798 886 3042 940 Pallaria
3099 889 3316 958 capella
3366 905 3492 956 una,
3543 907 3654 962 qua
3697 901 3764 947 est
3799 898 3844 950 in

2240 972 2458 1027 honore
2487 979 2696 1028 sancta
2741 975 2964 1042 Maria;
3005 976 3102 1030 sed
3143 981 3199 1030 et
3245 977 3526 1032 ecclesiam
3561 982 3711 1034 sancti
3745 983 3842 1036 Bar-

2240 1061 2532 1116 tholomai
2563 1062 2624 1116 in
2651 1063 2860 1117 collina
2887 1080 2900 1130 ;
2935 1069 2992 1119 et
3020 1069 3238 1119 curtem
3269 1065 3337 1120 de
3379 1067 3608 1122 Nuriano
3644 1069 3694 1122 in
3716 1071 3839 1125 Petra

2240 1150 2493 1204 furmina
2535 1167 2664 1205 cum
2712 1151 2874 1220 casis,
2925 1169 2990 1206 ac
3031 1153 3218 1220 silvis;
3273 1159 3329 1208 et
3371 1161 3574 1210 curtem
3610 1158 3668 1210 de
3694 1159 3840 1228 Lapiso

2240 1239 2674 1306 hareditatem;
2723 1246 2779 1295 et
2809 1241 3104 1296 ecclesiam
3154 1242 3209 1296 S.
3262 1243 3451 1297 Felicis
3489 1244 3552 1297 de
3598 1246 3770 1310 Burto;
3799 1248 3836 1301 in

2241 1327 2504 1382 Cortiano
2551 1330 2825 1400 capellam
2876 1330 2937 1384 in
2974 1331 3195 1384 honore
3250 1331 3427 1386 sancti
3464 1334 3632 1399 Petri;
3669 1334 3718 1388 in
3749 1336 3835 1388 Cer-

2239 1420 2364 1470 reto
2403 1417 2679 1487 capellam
2723 1417 2782 1471 in
2816 1419 3034 1473 honore
3064 1419 3126 1475 S.
3180 1420 3437 1474 Martiaui
3467 1437 3586 1475 cum
3623 1423 3837 1492 pertinen-

2240 1503 2335 1557 tiis
2390 1504 2548 1570 suis;
2607 1507 2884 1577 capellam
2949 1508 3010 1562 in
3060 1509 3274 1562 honore
3325 1511 3498 1564 sancti
3544 1510 3754 1564 Silvestri
3795 1513 3838 1564 de

2241 1592 2482 1647 Corneto
2527 1595 2589 1648 in
2636 1595 2909 1650 comitatu
2960 1597 3232 1667 Capuano
3277 1599 3338 1652 in
3384 1599 3502 1652 loco
3528 1599 3720 1653 Juliano
3751 1614 3836 1652 cum

2239 1682 2456 1750 capella
2485 1682 2544 1736 in
2578 1683 2794 1738 honore
2839 1690 3050 1740 sancta
3096 1687 3284 1741 Maria
3328 1686 3389 1741 in
3433 1687 3614 1741 Bivine
3646 1688 3698 1741 in
3737 1687 3838 1740 Bele-

2238 1775 2326 1824 tro
2370 1771 2646 1838 ﬂumine;
2691 1772 2750 1826 in
2797 1772 3022 1828 civitate
3066 1775 3345 1844 capellam
3394 1775 3452 1831 in
3493 1775 3684 1830 honore
3718 1776 3839 1828 sancti

2239 1858 2515 1926 Martini;
2557 1859 2706 1914 infra
2761 1861 3047 1916 civitatem
3115 1865 3477 1918 Asculensem
3533 1863 3770 1929 ecclesias,
3807 1868 3842 1916 et

2235 1945 2374 2001 foris
2422 1965 2656 2004 omnem
2691 1951 3124 2018 hareditatem;
3173 1951 3233 2006 in
3280 1952 3489 2007 ﬁnibus
3534 1951 3840 2006 Caunieccle-

2235 2033 2378 2090 siam
2423 2038 2601 2092 sancti
2656 2039 2912 2106 Juliani;
2956 2039 3016 2093 in
3077 2039 3355 2096 comitatu
3406 2040 3655 2095 Franensi
3691 2043 3844 2093 cortem

2237 2123 2306 2178 de
2328 2127 2547 2180 Pazano
2576 2143 2704 2181 cum
2737 2128 2961 2182 olivetis
2991 2127 3107 2181 suis
3135 2145 3148 2196 ;
3193 2129 3255 2183 in
3307 2129 3570 2184 comitatu
3614 2129 3840 2198 Sipontino

2235 2213 2578 2284 piscariam;
2627 2216 2688 2270 in
2733 2217 3010 2271 comitatu
3057 2218 3356 2273 Lesinensi
3403 2219 3680 2290 piscariam
3717 2233 3842 2284 ;cur-

2232 2307 2347 2356 tem
2381 2304 2780 2359 Delaniensem
2813 2321 2826 2372 ;
2856 2312 3075 2360 curtem
3110 2307 3180 2361 de
3211 2309 3449 2362 Calaza:
3490 2309 3542 2362 S.
3576 2307 3729 2361 Roseo
3758 2320 3844 2358 cum

2231 2391 2414 2458 Sessa,
2445 2397 2500 2446 et
2528 2393 2831 2448 territoriis
2867 2394 3021 2462 suis;
3061 2395 3122 2450 in
3178 2395 3392 2450 finibus
3426 2397 3618 2466 Capua
3662 2395 3720 2448 ad
3755 2410 3846 2446 san-

2230 2486 2386 2535 ctum
2431 2483 2672 2536 Paulum
2719 2487 2775 2536 et
2816 2488 3076 2538 sanctum
3122 2485 3476 2556 Stephanum
3526 2501 3641 2538 cum
3680 2481 3849 2536 territo-

2231 2569 2331 2623 riis
2360 2569 2477 2624 suis
2511 2586 2524 2636 ;
2565 2571 2625 2625 in
2652 2587 2853 2642 campo
2894 2573 3146 2641 Marrini,
3182 2573 3241 2626 in
3285 2573 3498 2629 ﬁnibus
3533 2568 3848 2627 Tremonensi-

2227 2657 2335 2712 bus
2369 2659 2437 2714 ad
2487 2658 2540 2713 S.
2591 2659 2926 2730 Adjutorem
2974 2677 3110 2732 erga
3153 2662 3377 2718 ﬂumen
3427 2663 3736 2718 Vulturnum
3759 2673 3849 2713 cum

2228 2747 2531 2802 territoriis
2561 2749 2695 2803 suis.

2299 2836 2406 2891 Sed
2438 2836 2633 2906 etiam,
2666 2837 2812 2892 sicut
2832 2854 3005 2910 supra
3033 2839 3263 2911 legitur,
3300 2842 3686 2896 conﬁrmamus
3711 2836 3848 2890 eidem

2228 2925 2573 2979 monasterio
2604 2926 2900 2980 ecclesiam
2929 2929 3107 2982 sancti
3139 2929 3330 2999 Magni
3369 2931 3426 2984 in
3457 2929 3668 2983 castello
3703 2925 3853 2994 Magno

2230 3029 2360 3068 cum
2413 3014 2775 3085 pertinentiis
2827 3015 2989 3084 suis;
3039 3017 3341 3072 ecclesiam
3388 3018 3563 3072 sancti
3613 3017 3781 3086 Angcli
3813 3015 3852 3064 in

2231 3102 2508 3157 altissimo
2557 3103 2995 3174 superﬂumen
3036 3106 3340 3160 Bisernum
3389 3107 3450 3161 in
3484 3106 3677 3160 ﬁnibus
3713 3101 3849 3168 campi

2229 3191 2451 3245 Morani
2501 3207 2630 3246 cum
2687 3193 2888 3247 eadem
2933 3194 3231 3250 ecclesia:
3290 3212 3398 3250 nec
3455 3211 3566 3249 non
3621 3192 3849 3247 ecclesiam

2230 3279 2288 3334 S.
2314 3279 2549 3334 Joannis
2578 3296 2708 3334 cum
2749 3281 3018 3335 omnibus
3045 3282 3216 3336 rebus
3246 3283 3372 3336 suis
3404 3285 3466 3337 in
3505 3299 3624 3336 casa
3651 3277 3850 3341 Pollucis,

2226 3367 2638 3433 hareditatem,
2676 3384 2803 3438 qua
2860 3373 2945 3422 est
2973 3369 3034 3423 in
3063 3370 3432 3440 longitudine
3483 3371 3592 3424 duo
3631 3365 3850 3424 milliaria,

2224 3456 2524 3510 latitudine
2557 3457 2802 3510 milliare
2843 3473 3022 3511 unum
3056 3477 3071 3525 ;
3122 3463 3181 3512 et
3209 3460 3512 3514 ecclesiam
3561 3456 3716 3511 sancti
3745 3451 3849 3507 Petri

2224 3544 2284 3598 in
2316 3545 2526 3599 finibus
2559 3546 2627 3599 de
2651 3547 2891 3600 Laureto
2919 3562 3049 3600 cum
3081 3547 3354 3602 omnibus
3386 3545 3724 3619 pertinentiis
3745 3543 3851 3600 suis;

2223 3638 2483 3687 sanctum
2504 3635 2789 3703 Angelum
2819 3633 2880 3687 in
2913 3635 3274 3702 Palumbara,
3311 3653 3447 3690 cum
3477 3635 3722 3689 omnibus
3761 3644 3849 3699 per-

2222 3721 2480 3776 tinentiis
2511 3722 2662 3788 suis;
2713 3727 2974 3777 sanctum
3006 3724 3340 3778 Michaelem
3388 3727 3459 3780 de
3498 3723 3718 3782 Sessola,
3763 3732 3850 3770 cum

2223 3809 2488 3864 omnibus
2513 3809 2874 3879 pertinentiis
2909 3811 3027 3864 suis
3059 3827 3072 3878 ;
3110 3817 3367 3867 sanctam
3413 3814 3642 3866 Crucem
3670 3808 3791 3861 intus
3811 3801 3850 3853 in

2221 3899 2448 3953 civitate
2479 3898 2872 3969 Neapolitana,
2908 3915 3040 3953 cum
3072 3900 3344 3954 omnibus
3371 3901 3491 3955 suis
3531 3891 3852 3970 pertinentiis;

2219 3986 2282 4040 in
2310 4004 2511 4057 campo
2540 3987 2862 4042 Sinarcumi
2891 3992 3104 4042 terram
3158 3989 3434 4043 milliaria
3479 3989 3583 4042 tria
3625 3987 3679 4040 in
3718 3977 3850 4047 longi-

2219 4075 2439 4142 tudine,
2473 4080 2532 4128 et
2560 4091 2741 4129 unum
2760 4074 2820 4129 in
2849 4075 3155 4131 latitudine
3183 4093 3196 4142 ;
3223 4077 3529 4132 ecclesiam
3558 4076 3611 4130 S.
3630 4064 3853 4128 Trinitatis

2208 4163 2370 4234 juxta
2400 4164 2640 4218 ﬂuvium
2679 4163 2996 4227 Bisernum,
3029 4180 3160 4218 cum
3203 4165 3474 4219 omnibus
3495 4164 3607 4217 suis
3633 4157 3852 4232 pertinen-

416 4253 592 4310 nobio
640 4253 698 4307 in
731 4253 954 4308 honore
1012 4253 1067 4308 S.
1131 4253 1356 4324 Sophia
1413 4255 1664 4310 ecclesia
1721 4256 1998 4327 dedicato,
2045 4261 2106 4315 in
2139 4281 2182 4334 ι)
2222 4252 2350 4319 tiis;
2383 4258 2439 4306 et
2468 4252 2764 4306 ecclesiam
2794 4253 2975 4307 sancti
3007 4253 3276 4308 Marciani
3309 4254 3373 4308 in
3409 4253 3634 4308 castello
3666 4249 3853 4303 Mosano,

415 4341 642 4396 civitate
681 4357 811 4413 qua
859 4340 1066 4394 dicitur
1110 4341 1498 4397 Beneventum
1529 4348 1870 4406 constructo,
1905 4346 1966 4400 in
1996 4363 2111 4418 quo

415 4429 720 4501 Gregorius
748 4428 1088 4483 venerabilis
1117 4428 1292 4484 abbas
1326 4446 1573 4500 praesse
1629 4431 1874 4500 videtur,
1911 4435 2113 4490 conﬁr-

413 4533 573 4573 mare
628 4534 694 4572 ac
746 4516 983 4571 omnino
1057 4517 1432 4572 corroborare
1491 4519 1864 4590 dignaremur
1919 4523 2113 4578 omnia

415 4623 546 4679 qua
576 4607 648 4661 ab
673 4605 1126 4660 antecessoribus
1173 4606 1381 4661 nostris
1433 4623 1497 4661 ac
1527 4607 1859 4663 hominibus
1889 4611 2112 4666 cateris

414 4695 726 4751 Dominum
766 4695 1088 4750 colentibus
1131 4694 1318 4750 eidem
1367 4695 1632 4751 cauobio
1673 4713 1940 4752 concessa
1978 4706 2109 4756 sunt

410 4790 582 4857 atque
630 4784 783 4840 idem
831 4782 1242 4838 monasterium
1284 4785 1488 4848 tenuit,
1538 4801 1604 4839 ex
1644 4801 1758 4856 quo
1802 4787 2109 4844 fundatum

409 4880 516 4942 est,
563 4879 680 4929 tam
729 4889 833 4946 per
890 4876 1176 4944 pracepta
1217 4874 1702 4943 pradecessorum
1759 4879 2106 4943 nostrorum,

408 4964 507 5019 sed
552 4963 726 5018 etiam
772 4978 879 5034 per
931 4961 1269 5032 precariam,
1319 4966 1376 5016 et
1411 4961 1822 5030 absolutiones,
1859 4968 1915 5018 et
1943 4965 2107 5019 obla-

407 5053 614 5119 tiones,
646 5056 703 5106 et
738 5067 844 5124 per
883 5050 1303 5118 investituram,
1352 5067 1449 5105 seu
1484 5051 1654 5105 etiam
1683 5067 1790 5122 per
1834 5069 2106 5124 quacun-

408 5156 521 5210 que
588 5140 971 5195 instrumenta
1043 5139 1394 5201 chartarum,
1471 5139 1587 5193 sive
1654 5138 2106 5213 uniuscujusque

409 5227 732 5298 scriptionis
762 5228 1015 5282 titulum.
1064 5227 1176 5281 Nos
1226 5242 1459 5297 quoque
1512 5230 1676 5297 grata
1725 5232 1919 5281 mente
1963 5228 2106 5298 peti-

407 5314 628 5369 tionem
658 5315 1079 5372 considerantes
1110 5314 1302 5369 animo
1333 5313 1605 5367 inclinato
1636 5314 1900 5384 precibus
1924 5315 2103 5386 ipsius

407 5418 512 5473 per
539 5403 646 5456 hoc
695 5409 953 5457 nostrum
994 5408 1366 5474 praceptum,
1409 5406 1582 5473 prout
1615 5401 1767 5473 juste
1809 5409 1910 5458 aut
1945 5404 2105 5475 lega-

406 5491 536 5546 liter
563 5507 886 5564 possumus,
933 5493 1340 5546 conﬁrmamus
1389 5496 1489 5545 aut
1529 5491 1866 5545 roboramus
1901 5507 2102 5547 omnes

407 5593 497 5634 res
551 5583 610 5634 et
666 5578 1042 5651 proprietates
1095 5578 1292 5650 ’ipsius
1349 5577 1704 5645 monasterii,
1776 5577 1988 5634 scilicet
2039 5578 2101 5634 in

2222 4355 2351 4394 cum
2383 4341 2648 4394 omnibus
2679 4341 2794 4395 suis
2823 4340 3183 4411 pertinentiis
3217 4357 3230 4408 ;
3265 4347 3321 4396 et
3351 4340 3641 4395 ecclesiam
3661 4336 3708 4392 S.
3734 4335 3854 4387 Joan-

2223 4429 2312 4483 nis
2344 4429 2404 4483 in
2437 4434 2632 4484 monte
2661 4429 2949 4496 Tabenna,
2985 4446 3116 4483 cum
3150 4430 3425 4484 omnibus
3473 4429 3588 4484 suis
3627 4423 3856 4498 pertinen-

2219 4517 2317 4571 tiis
2346 4535 2359 4584 ;
2391 4534 2497 4572 nec
2527 4534 2640 4572 non
2672 4517 2968 4572 ecclesiam
2989 4519 3170 4572 sancti
3199 4517 3628 4583 Bartholomai,
3657 4528 3764 4585 qua
3799 4510 3857 4559 est

2213 4605 2380 4676 juxta
2432 4605 2728 4660 ecclesiam
2771 4606 2948 4660 sancti
2993 4606 3248 4674 Joannis,
3309 4623 3443 4660 cum
3495 4604 3738 4659 omnibus
3775 4594 3856 4648 suis

2219 4694 2618 4766 pertinentiis;
2671 4699 2726 4748 et
2771 4695 2973 4748 cellam
3009 4693 3189 4748 sancti
3243 4695 3473 4765 Angeli,
3515 4696 3671 4766 juxta
3705 4687 3856 4742 urbem

2218 4784 2607 4852 Trianensem,
2641 4799 2772 4838 cum
2811 4782 3077 4837 omnibus
3117 4783 3487 4854 pertinentiis
3514 4783 3627 4837 suis
3657 4798 3670 4848 ;
3713 4782 3758 4830 et
3778 4770 3856 4825 cel-

2216 4872 2331 4927 lam
2361 4872 2414 4926 S.
2449 4872 2709 4944 Gregorii
2735 4873 2794 4926 in
2833 4873 3106 4927 comitatu
3147 4865 3430 4944 Frigenti,
3476 4887 3604 4926 cum
3650 4863 3858 4922 omnibus

2214 4961 2607 5032 pertinentiis;
2640 4965 2698 5015 et
2725 4961 3020 5016 ecclesiam
3051 4961 3104 5016 S.
3145 4962 3278 5016 Bitti
3326 4962 3389 5016 in
3421 4959 3689 5016 comitatu
3716 4952 3859 5005 Vultu-

2214 5049 2363 5104 rario
2398 5066 2412 5116 ;
2441 5053 2496 5104 et
2525 5049 2820 5104 ecclesiam
2851 5049 2911 5104 S.
2968 5049 3246 5120 Stephani
3288 5046 3714 5121 protomartyris
3746 5042 3860 5094 intus

2212 5139 2274 5193 in
2304 5139 2527 5193 civitate
2557 5138 2779 5208 Cuceri,
2810 5154 2940 5192 cum
2971 5139 3241 5192 omnibus
3266 5137 3630 5208 pertinentiis
3657 5132 3788 5191 suis;
3822 5127 3859 5218 ξι

2212 5226 2519 5281 Ecclesiam
2543 5227 2597 5282 S.
2633 5226 2833 5281 Donati
2862 5226 2924 5280 in
2955 5226 3140 5281 Leone
3183 5227 3518 5292 cubantem,
3569 5239 3689 5278 cum
3729 5226 3862 5272 οωω·

2212 5313 2320 5368 bus
2371 5315 2485 5368 suis
2523 5313 2887 5386 pertinentiis
2929 5319 2984 5368 et
3013 5315 3307 5369 ecclesiam
3340 5314 3396 5368 S.
3434 5312 3625 5368 Crucis
3662 5310 3716 5362 in
3757 5300 3862 5396 Nol‘

2212 5418 2341 5457 cum
2375 5402 2642 5457 omnibus
2671 5403 2788 5456 suis
2819 5403 3200 5474 pertinentiis,
3241 5401 3507 5456 videlicet
3547 5415 3671 5454 cum
3712 5403 3862 5449 omni-

2211 5491 2316 5546 bus
2344 5491 2405 5545 in
2432 5492 2726 5562 integrum
2769 5490 2954 5558 terris,
3005 5490 3261 5546 adiﬁciis
3302 5490 3413 5544 sub
3447 5506 3506 5544 se
3550 5481 3860 5576 habentibus,

2209 5579 2412 5649 vineis,
2459 5579 2656 5650 pratis,
2704 5580 2942 5653 campis,
2979 5580 3165 5654 aquis,
3207 5593 3608 5653 aquarumque
3654 5573 3863 5630 decursi-
