3920 6190
80 327 146 379 365

80 445 161 501 bus,
202 432 523 493 molendinis,
572 431 1006 503 piscationibus,
1063 431 1226 498 casis,
1294 432 1677 501 dominicatis,
1717 438 1764 490 Α

78 526 270 591 castellis,
300 522 451 588 villis,
512 526 567 575 et
618 521 871 592 capellis,
915 520 1092 575 servis
1145 526 1200 575 et
1230 522 1470 590 ancillis,
1518 539 1680 577 mon-

78 618 197 679 tibus,
243 620 291 666 et
332 610 681 682 planitiebus,
750 609 984 677 hasulis,
1044 609 1348 677 frascariis,
1410 612 1576 665 cultis
1627 617 1683 666 et

78 704 257 769 incultis,
307 701 457 755 rebus
504 699 816 753 mobilibus
873 704 925 753 et
964 699 1378 766 immobilibus,
1439 700 1683 754 aldiouis

80 801 113 847 et
146 791 375 855 aldiebus,
446 789 777 843 commeatis
824 804 1141 859 eorumque
1208 789 1681 859 supellectilibus,

82 897 161 934 cum
188 879 414 932 omnibus
443 877 773 947 adjacentiis
823 877 891 931 ad
925 879 1070 931 hanc
1120 877 1294 931 etiam
1324 877 1683 931 nominatam

82 969 300 1022 ecclesiam
348 968 399 1020 S.
446 966 673 1036 Sophia:
701 981 833 1019 vere
864 970 921 1019 et
976 964 1234 1036 legitime
1262 965 1684 1035 pertinentibus

83 1059 131 1108 vel
174 1054 553 1126 aspicientibus,
611 1053 855 1124 integre,
906 1057 1023 1107 tam
1082 1054 1233 1107 intra
1280 1053 1540 1108 Italicum
1594 1070 1683 1109 re-

78 1161 200 1214 gnum
216 1160 367 1214 quam
394 1143 560 1197 etiam
600 1142 661 1195 in
702 1142 919 1211 Apulia:
953 1142 1232 1212 partibus.
1284 1143 1686 1214 Praecipientes

75 1236 211 1303 itaque
255 1232 503 1301 jubemus
555 1236 617 1285 ut
656 1233 848 1285 nullus
898 1231 1165 1297 marchio,
1226 1231 1362 1298 dux,
1395 1232 1682 1302 princeps,

74 1321 469 1391 archiepiscopus,
526 1320 847 1391 episcopus,
909 1337 1117 1387 comes,
1178 1337 1277 1375 seu
1330 1322 1484 1375 ullus
1511 1322 1686 1375 homo

74 1425 255 1479 magnus
282 1408 384 1461 sive
433 1424 640 1479 parvus
666 1408 735 1461 de
790 1409 1060 1462 omnibus
1112 1425 1240 1480 quae
1293 1409 1588 1477 pertinent
1617 1406 1687 1459 ad

73 1496 297 1567 praefatum
327 1495 734 1549 monasterium
783 1500 837 1548 et
885 1495 1178 1565 pertinere
1223 1495 1511 1561 videntur,
1570 1499 1685 1548 tam

73 1602 131 1637 res
156 1601 297 1655 quam
344 1584 588 1651 familiae,
641 1600 699 1639 se
746 1583 1157 1652 intromittere,
1190 1584 1539 1637 calumniare
1589 1588 1689 1637 aut

72 1674 306 1727 molestare
342 1678 646 1744 pra-sumat
667 1674 792 1743 jam
850 1673 1067 1728 dictum
1114 1674 1451 1744 Gregorium
1508 1672 1684 1727 abba-
1718 1715 1759 1769 Β

72 1768 151 1814 tem
183 1766 265 1815 aut
316 1778 437 1815 suos
490 1777 863 1815 successores.
917 1761 973 1815 Si
1017 1760 1144 1832 quis
1183 1777 1316 1815 vero
1375 1760 1483 1814 hoc
1532 1776 1686 1831 prae-

71 1857 239 1919 ceptum
265 1848 320 1903 in
345 1850 531 1920 aliquo
563 1849 877 1916 violaverit,
920 1850 1062 1904 sciat
1117 1866 1174 1903 se
1231 1849 1688 1921 compositurum

72 1940 157 1992 auri
176 1939 322 1993 libras
364 1944 739 1994 ceutum......
777 1955 846 1993 ex
874 1955 1013 1993 auro
1058 1938 1389 2009 purissimo,
1420 1937 1689 1992 medieta-

72 2033 151 2080 tem
175 2044 382 2082 camera:
420 2033 651 2096 nostrae,
685 2031 739 2081 et
770 2027 1136 2081 medietatem
1192 2026 1467 2097 praedicto
1496 2025 1690 2080 abbati

73 2120 140 2167 aut
155 2115 329 2169 nostris
344 2116 569 2185 suisque
591 2113 1028 2169 successoribus.
1053 2114 1214 2178 Quod
1238 2118 1299 2168 ut
1320 2118 1539 2167 certum
1569 2128 1690 2167 esse

74 2203 286 2269 videatur,
316 2208 368 2257 et
423 2204 490 2257 ab
530 2202 795 2257 omnibus
830 2204 1185 2271 observetur,
1244 2202 1389 2256 hanc
1417 2201 1691 2273 paginam

72 2309 199 2345 manu
220 2294 428 2364 propria
446 2293 883 2348 corroborantes
913 2293 955 2346 si
965 2292 1151 2363 gillari
1183 2292 1581 2363 praecepimus.

120 2382 449 2436 Theudoricus
479 2381 854 2436 cancellarius
920 2383 1039 2436 vice
1094 2381 1323 2436 Ethardi
1353 2398 1517 2452 papas
1559 2382 1691 2435 Bre-

71 2470 225 2537 giensis
281 2472 528 2525 Ecclesiae
585 2470 834 2541 episcopi
878 2474 932 2523 et
991 2468 1427 2539 archicapellani
1476 2467 1689 2522 notavi.

73 2558 222 2611 Datum
240 2575 301 2612 vr.
332 2561 406 2613 1d.
442 2561 630 2624 Mart.,
664 2575 815 2613 anno
867 2561 1023 2625 1022,
1056 2558 1178 2613 Ind.
1219 2574 1311 2627 xv,
1344 2574 1495 2612 anno
1530 2557 1691 2627 regni

73 2646 244 2701 Domini
271 2648 484 2702 Henrici
518 2652 605 2713 l2,
642 2647 872 2718 imperii
898 2664 1029 2701 vero
1053 2650 1104 2702 9.

119 2739 282 2789 Actum
312 2737 617 2792 Beneventi
646 2736 909 2791 feliciter.

738 2842 957 2898 CXXVI.

75 2929 281 2983 Scrilturu
307 2931 363 2984 di
417 2933 630 2999 Arrige
662 2917 828 2984 “santo
876 2929 1135 2983 indiritta
1160 2945 1193 2983 a
1220 2944 1371 2997 papa
1410 2928 1697 2985 Benedetto

288 3020 318 3056 a
344 3004 533 3069 fauore
556 3002 699 3056 della
723 3002 886 3055 badia
912 3001 971 3053 di
998 3001 1410 3057 Monte-Casino.

656 3094 839 3157 (Anno
864 3089 1044 3161 1022.)

76 3174 218 3246 :Tosti,
262 3179 433 3234 Storia
472 3180 619 3234 della
677 3180 839 3233 badia
888 3179 947 3233 di
973 3178 1405 3243 Monte-Casino,
1458 3178 1501 3243 Ι,
1550 3177 1698 3247 253.]

120 3264 167 3317 ln
191 3267 398 3321 nomine
436 3271 651 3322 sanctae
700 3272 755 3321 et
812 3267 1120 3321 individua:
1160 3264 1471 3333 Trinitatis,
1507 3266 1702 3319 HENRI-

72 3366 134 3403 crs
169 3353 331 3409 divina
378 3356 607 3410 favente
665 3355 967 3409 clementia
1017 3354 1335 3424 imperator
1388 3357 1701 3423 Augustus,

71 3437 316 3497 Brxsmcro
366 3444 520 3498 urbis
568 3444 765 3497 Romae
804 3443 1162 3497 sanctissimo
1221 3458 1412 3513 papae,
1465 3443 1703 3512 ejusque

71 3532 418 3586 successoribus
474 3531 753 3587 canonice
810 3531 870 3586 in
928 3529 1304 3602 apostolicam
1347 3530 1541 3585 sedem
1568 3529 1703 3584 sub-

74 3617 311 3675 stituendis
337 3622 393 3675 in
423 3626 795 3692 perpetuum.

117 3706 180 3758 Ad
206 3708 427 3764 Romani
448 3709 683 3780 imperii
712 3723 907 3762 curam
934 3706 1137 3761 attinet
1160 3724 1261 3778 per
1289 3711 1473 3761 totum
1506 3706 1707 3760 orbem

76 3789 398 3850 Romanorum
438 3797 766 3851 constitutis
810 3796 1057 3849 ecclesiis
1110 3794 1396 3866 imperiali
1428 3799 1708 3865 potestate

74 3876 352 3938 defensionis
382 3886 597 3939 auxilia
646 3884 992 3951 ministrare,
1023 3888 1086 3937 ut
1137 3884 1260 3954 ejus
1310 3882 1605 3954 juvamine
1639 3882 1709 3937 ab

74 3965 312 4026 hominum
342 3974 667 4028 infidelium
700 3990 798 4027 seu
846 3988 1155 4043 pravorum
1197 3977 1427 4026 tueatur
1466 3972 1706 4041 impetu.

75 4054 265 4112 Proinde
315 4063 611 4116 Casinensi
659 4062 915 4115 Ecclesia:
969 4060 1348 4131 providentes,
1412 4060 1712 4114 Benedicto

75 4144 182 4198 sedis
208 4151 521 4217 apostolica:
570 4149 848 4219 pontifex,
880 4165 1010 4219 quae
1036 4148 1340 4218 specialius
1393 4149 1464 4202 ad
1513 4149 1716 4203 Roma-

80 4245 179 4285 num
228 4244 429 4306 spectat
468 4239 802 4309 imperium,
863 4243 919 4291 et
967 4237 1450 4308 praedecessorum
1480 4243 1710 4292 nostro-

78 4333 171 4374 rum
198 4340 402 4380 camera
442 4328 514 4381 ab
574 4327 698 4397 ipso
731 4342 849 4379 suae
886 4326 1323 4380 constructionis
1350 4326 1586 4380 exordio
1618 4342 1716 4379 ex-

81 4408 198 4477 stitit,
229 4430 459 4486 quaeque
494 4416 568 4469 ab
617 4414 879 4469 omnium
910 4414 1243 4469 mortalium
1270 4414 1572 4468 dominatu
1603 4413 1717 4467 im-

78 4500 220 4552 munis
246 4504 561 4571 permansit
590 4509 646 4558 et
693 4503 908 4569 libera;
944 4503 1207 4557 eamdem
1263 4503 1568 4556 Ecclesiam
1629 4502 1716 4556 di-

80 4590 281 4643 taveraut
347 4592 640 4663 imperiali
716 4591 1143 4658 muniﬁcentia;
1212 4591 1543 4661 paternitati
1605 4595 1718 4645 tuae

78 4680 491 4735 commendamus
548 4697 620 4735 ne
679 4697 794 4751 qua
858 4681 913 4734 vi
966 4681 1377 4751 cujuscumque
1425 4680 1719 4751 potestatis

78 4763 305 4827 quidlibet
326 4770 609 4839 injustun‘.
628 4769 902 4839 patiatur,
934 4770 1089 4823 salvo
1121 4785 1188 4823 eo
1219 4769 1373 4839 quod
1400 4768 1723 4839 specialiter

78 4852 116 4899 et
138 4850 473 4923 singulariter
528 4874 648 4927 prae
680 4858 901 4912 caeteris
953 4858 1081 4911 aliis
1113 4857 1373 4911 Ecclesiis
1403 4858 1474 4910 ad
1513 4859 1722 4911 Roma-

80 4951 181 4991 num
221 4943 521 5015 imperium
571 4951 828 5016 spectare
868 4946 1109 5000 videtur.
1170 4946 1313 4999 Nam
1361 4962 1491 4999 cum
1540 4945 1725 5000 omnis

82 5022 272 5085 Ecclesia
314 5034 383 5087 ab
443 5035 606 5088 omni
656 5034 1031 5089 conditionali
1075 5050 1174 5088 seu
1235 5034 1427 5087 servili
1476 5051 1625 5088 nexu
1656 5035 1728 5089 sit

82 5111 231 5183 libera,
261 5123 560 5191 specialius
607 5128 801 5177 autem
832 5128 961 5193 post
990 5122 1142 5176 sedis
1166 5123 1439 5177 Romanae
1479 5123 1729 5193 dignita-

83 5214 165 5257 tem
206 5208 371 5265 libera
424 5212 746 5266 Casinensis
822 5211 1088 5277 Ecclesia,
1148 5226 1278 5280 quae
1344 5214 1566 5280 patrem
1624 5208 1729 5260 Be-

83 5292 320 5351 nedictum
390 5300 541 5369 legis
597 5299 925 5353 monasticae
992 5297 1382 5369 principatum
1451 5300 1625 5363 tenet,
1675 5298 1733 5349 et

83 5383 302 5446 quoniam
356 5403 561 5441 omnes
618 5387 801 5441 nostri
854 5387 1303 5457 praedecessores
1336 5385 1733 5455 imperatores,

83 5465 297 5526 Videlicet
344 5474 607 5544 Pipinus,
661 5475 915 5540 Carolus,
1000 5473 1337 5536 Ludovicus,
1412 5472 1731 5539 Lotharius,

86 5551 181 5609 Otto
228 5574 285 5614 ac
332 5562 548 5634 reliqui
594 5563 968 5635 imperatores
999 5576 1163 5617 suam
1193 5559 1500 5632 specialem
1539 5575 1735 5615 came-

1730 2999 1769 3053 C

1751 4280 1796 4333 D

1244 315 1636 372 DIPLOMATA
1674 318 2220 375 ECCLESIASTICA.

3382 336 3485 389 366

1796 453 1918 491 ram
1945 438 2290 508 habuerunt,
2322 439 2603 496 libertatis
2626 442 2796 498 debet
2823 444 2997 515 potiri
3034 445 3277 519 insigne.
3309 453 3488 523 Igitur

1788 525 2092 593 praefatum
2125 526 2452 581 ccenobium
2482 530 2815 599 paternitati
2850 537 2961 588 tuae
2994 540 3482 605 commendamus,

1788 617 1853 666 ut
1881 612 2035 667 illius
2066 622 2468 686 cooperatores
2515 619 2819 687 exsistatis,
2878 628 2934 675 et
2955 623 3042 691 {ab
3102 628 3369 682 omnibus
3398 630 3489 683 in-

1788 700 2184 756 festationibus
2217 703 2560 774 defendatis,
2609 723 2724 761 non
2772 714 2832 762 ut
2889 714 3301 782 exterminatis,
3336 719 3489 772 salvo

1789 804 1855 842 eo
1882 791 2035 860 quod
2061 791 2130 845 ad
2161 796 2419 846 nostrum
2451 793 2759 864 imperium
2815 803 3049 869 spectat.
3113 803 3489 861 Concedimus

1790 878 1962 932 etiam
2011 880 2118 933 tibi
2144 880 2370 952 tuisque
2411 885 2830 939 successoribus
2870 891 3358 947 consecrationem
3390 896 3489 949 ab-

1789 964 1939 1020 batis
1986 967 2329 1031 Casinensis,
2380 975 2436 1023 et
2484 971 2554 1025 de
2583 973 2840 1041 ejusdem
2896 976 3004 1030 loci
3062 981 3398 1048 redditibus,
3431 983 3491 1037 in

1791 1055 1981 1109 eundo
2004 1061 2059 1110 et
2090 1058 2381 1112 redeundo
2408 1060 2818 1129 Beneventum,
2869 1069 2929 1117 ut
2968 1082 3147 1120 unum
3184 1072 3489 1139 prandium

1792 1144 2117 1213 apostolicae
2179 1145 2327 1199 sedis
2384 1148 2643 1216 pontiﬁci
2686 1158 3012 1220 praeparent
3068 1157 3488 1227 constituimus,

1793 1232 2127 1303 nullamque
2158 1234 2331 1287 aliam
2382 1241 2724 1305 potestatem
2757 1241 2843 1293 vel
2875 1242 3198 1298 dominium
3230 1246 3299 1301 de
3332 1248 3490 1302 Casi-

1793 1321 1958 1374 nensi
1981 1322 2238 1375 coenobio
2261 1323 2583 1378 Romanum
2614 1327 2945 1395 pontificem
2973 1330 3182 1387 habere
3207 1336 3490 1404 volumus,

1794 1409 1895 1464 sed
1944 1410 2086 1463 sicut
2116 1426 2341 1481 semper
2373 1412 2740 1483 singulariter
2770 1421 2825 1469 et
2880 1420 3201 1488 specialiter
3249 1424 3351 1477 sub
3385 1425 3492 1479 im-

1794 1497 2076 1566 peratoris
2102 1498 2232 1567 jura
2264 1515 2294 1551 a
2336 1515 2452 1551 sine
2484 1501 2920 1557 constructionis
2983 1508 3193 1560 mansit
3238 1511 3490 1577 exordio,

1795 1586 1873 1639 ita
1902 1586 2061 1640 illam
2114 1586 2444 1656 perenniter
2494 1605 2727 1644 manere
2767 1592 3045 1647 volumus.
3099 1594 3354 1651 Obeunte
3388 1616 3495 1652 au-

1797 1678 1915 1727 tem
1984 1673 2275 1728 Casineusi
2331 1674 2554 1742 abbate,
2606 1675 2770 1745 juxta
2848 1682 3108 1733 tenorem
3170 1681 3381 1749 regula:
3440 1686 3497 1733 et

1797 1766 2127 1816 sanctorum
2157 1778 2444 1816 canonum
2494 1770 2869 1835 praeceptum,
2912 1766 3085 1819 abbas
3128 1767 3257 1821 vitae
3289 1767 3495 1821 merito

1798 1855 1857 1906 et
1884 1851 2142 1906 doctrina
2198 1850 2449 1905 scientiae
2483 1868 2549 1905 ex
2597 1854 2864 1907 omnibus
2896 1854 3161 1925 eligatur,
3208 1862 3263 1910 et
3300 1858 3494 1909 catho-

1797 1940 1923 2003 lice,
1956 1956 2071 1993 non
2112 1939 2419 1993 simoniace
2449 1940 2769 2008 ordinetur,
2834 1958 3080 2013 moxque
3113 1943 3281 1997 nobis
3327 1943 3495 1997 inno-

1798 2031 1993 2093 tescat,
2045 2028 2268 2098 ipsique
2322 2044 2424 2097 per
2480 2029 2843 2098 pragmatica:
2894 2031 3202 2085 sanctionis
3246 2032 3495 2085 edictum

1800 2133 2097 2171 assensum
2126 2116 2438 2187 praebeant,
2474 2117 2667 2186 sicque
2716 2118 2949 2172 demum
2998 2120 3254 2174 Romano
3304 2122 3496 2190 ponti-

1799 2205 1893 2260 ﬁci
1921 2204 2134 2276 absque
2164 2205 2321 2258 omni
2352 2205 2654 2259 venalitate
2686 2208 3106 2261 consecrandus
3139 2209 3493 2263 exliibeatur.

1802 2294 1965 2358 Quod
1988 2293 2231 2346 sialiter
2290 2299 2476 2346 actum
2544 2293 2737 2359 fuerit,
2802 2294 3146 2364 prohibeant
3193 2313 3499 2365 pravorum

1800 2384 1989 2437 valere
2030 2398 2392 2449 consensum,
2428 2388 2484 2435 et
2512 2381 2572 2435 in
2620 2382 2877 2452 ejusdem
2911 2383 3018 2436 loci
3048 2383 3329 2453 regimine
3386 2385 3501 2438 im-

1800 2476 2051 2542 perator,
2088 2470 2189 2541 qui
2217 2487 2322 2540 pro
2368 2476 2625 2541 tempore
2654 2471 2847 2535 fuerit,
2877 2488 3007 2525 cum
3038 2472 3309 2527 fratribus
3342 2474 3499 2543 ejus-

1801 2561 1933 2615 dem
1998 2558 2241 2613 coenobii
2317 2559 2557 2628 dignum
2610 2560 2885 2630 praeﬁciat
2954 2560 3216 2614 abbatem
3272 2562 3502 2632 qualem

1802 2649 2101 2703 meliorem
2133 2653 2189 2701 et
2236 2647 2557 2717 digniorem
2588 2648 2957 2719 Romanoque
2998 2648 3243 2718 imperio
3274 2651 3503 2704 ﬁdelem

1802 2737 2105 2803 invenerit,
2147 2737 2364 2807 absque
2409 2736 2714 2806 cujuslibet
2763 2737 3159 2807 inquietudine
3191 2756 3253 2791 ac
3283 2744 3506 2793 contra-

1804 2827 2073 2882 dictione.
2122 2826 2179 2880 Si
2229 2832 2422 2879 autem
2463 2826 2752 2896 quispiam
2802 2826 2935 2879 huic
2972 2832 3183 2880 nostras
3233 2828 3505 2882 constitu-

1803 2916 1951 2970 tioni
2005 2915 2215 2969 violare
2263 2915 2715 2985 praesumpserit,
2772 2915 2912 2968 sciat
2956 2931 3012 2969 se
3050 2916 3507 2986 compositurum

1808 3003 1934 3059 auri
1989 3002 2283 3074 purissimi
2348 3003 2519 3057 libras
2596 3003 2771 3067 mille,
2834 3004 3201 3058 medietatem
3264 3022 3507 3060 cameras

1808 3096 2039 3158 nostrae,
2064 3096 2121 3145 et
2152 3092 2514 3146 medietatem
2567 3091 2841 3161 prmdicto
2886 3092 3251 3163 monasterio,
3286 3098 3342 3147 et
3385 3094 3509 3148 haec

1810 3180 2102 3235 concessio
2137 3180 2306 3234 ﬁrma
2342 3186 2677 3251 permaneat
2720 3197 2965 3250 semper.
3000 3182 3159 3245 Quod
3189 3182 3272 3251 [ut
3321 3182 3508 3236 verius

1812 3270 2093 3335 credatur,
2144 3285 2322 3322 manu
2379 3274 2574 3322 nostra
2626 3269 2920 3335 roborare,
2972 3275 3026 3323 et
3080 3271 3283 3329 annuli
3328 3270 3511 3325 nostri

1810 3357 2190 3428 impressione
2223 3357 2419 3410 subter
2449 3356 2608 3410 illam
2643 3357 2921 3427 insignire
2954 3358 3327 3412 decrevimus.

1883 3444 2111 3510 Signum
2155 3442 2340 3495 domni
2392 3444 2615 3497 Henrici
2660 3446 2994 3498 serenissimi
3024 3448 3386 3500 Romanorum
3415 3446 3510 3499 im-

1810 3532 2078 3601 peratoris
2110 3531 2375 3597 Augusti.

1885 3620 2001 3689 Ego
2051 3619 2383 3673 Chonradus
2423 3618 2535 3672 dux
2593 3618 2791 3672 domui
2827 3620 3189 3689 imperatoris
3218 3620 3511 3675 consobri-

1815 3724 1924 3761 nus
1985 3706 2314 3776 subscripsi.
2391 3735 2463 3746 —
2526 3706 2909 3760 Theodoricus
2967 3709 3336 3762 cancellarius
3394 3709 3513 3762 vice

1818 3793 2023 3849 Edonis
2074 3793 2559 3863 Papendegrensis
2618 3794 2867 3864 episcopi
2915 3800 2970 3848 et
3029 3796 3515 3850 archicancellarii

1818 3882 2163 3953 recognovit.
2206 3885 2371 3935 Anno
2412 3882 2481 3934 ab
2530 3882 2924 3936 incarnatione
2979 3883 3209 3937 Domini
3248 3887 3399 3949 1022,
3433 3884 3516 3937 in-

1821 3971 2070 4027 dictione
2118 3972 2339 4041 quinta,
2394 3986 2541 4023 anno
2579 3987 2706 4023 vero
2748 3971 2946 4024 domui
2986 3972 3211 4024 Henrici
3243 3973 3519 4025 excellen-

1820 4058 2028 4114 tissimi
2056 4075 2119 4112 ac
2145 4058 2504 4111 invictissimi
2552 4060 2943 4113 Romanorum
2997 4060 3359 4130 imperatoris
3410 4076 3516 4114 au-

1822 4147 1993 4219 gusti,
2016 4146 2183 4217 regni
2212 4150 2301 4213 22,
2335 4146 2673 4217 imperantis
2695 4154 2885 4201 autem
2917 4165 3088 4203 nono.

1895 4240 2098 4291 Actum
2120 4236 2182 4289 in
2209 4240 2406 4290 monte
2434 4235 2634 4290 Casino
2656 4236 2912 4290 feliciter.
2943 4241 3144 4292 Amen.

2548 4342 2791 4396 CXXVII.

1824 4433 1881 4489 S.
1961 4431 2224 4484 Henricus
2302 4431 2377 4483 ΙΙ
2429 4431 2559 4499 imp.
2621 4432 2872 4484 Ecclesiae
2941 4430 3321 4497 Bambergensi
3358 4430 3526 4484 donat

1889 4501 2163 4572 praedium
2238 4502 2543 4555 Hormunze
2619 4504 2675 4554 in
2748 4500 3117 4554 archidimcesi
3203 4503 3523 4570 Trevirensi,

1898 4572 2043 4641 quod
2074 4588 2108 4625 a
2140 4574 2388 4642 Poppone
2418 4572 2827 4640 archiepiscopo
2858 4576 3153 4640 acceperat.

2326 4661 2509 4731 (Anno
2560 4664 2717 4722 1022,
2770 4664 2822 4713 ll
2872 4661 3031 4726 Nov.)

2010 4746 2393 4821 [Hontbeims,
2433 4751 2577 4805 Hist.
2633 4752 2840 4803 Trevir.
2875 4749 3098 4818 diplom.
3124 4749 3166 4816 Ι,
3200 4748 3351 4821 357.]

1900 4856 1966 4909 In
1996 4855 2229 4908 nomine
2282 4860 2490 4908 sanctze
2522 4859 2577 4907 et
2626 4853 2935 4907 iudividuaa
2979 4854 3288 4917 Trinitatis,
3317 4855 3532 4924 [Heum-

1832 4960 1928 4999 cus
1963 4943 2059 4997 Dei
2089 4944 2315 4997 favente
2342 4943 2645 4997 clementia
2679 4944 2841 4997 Rom.
2887 4942 3201 5012 imperator
3225 4946 3530 5011 Augustus.

1905 5032 2205 5099 Quoniam,
2279 5031 2681 5101 temporalium
2735 5031 3042 5084 amissione
3083 5030 3535 5095 bonorum,sine

1836 5121 1951 5176 fine
1982 5118 2341 5173 manentium
2395 5119 2669 5173 debemus
2712 5134 2940 5187 sperare
2981 5117 3534 5186 remunerationem,

1837 5214 2040 5263 notum
2072 5208 2146 5261 sit
2190 5206 2457 5260 omnibus
2506 5206 2769 5260 ﬁdelibus
2798 5204 3005 5258 nostris
3053 5205 3299 5274 qualiter
3327 5210 3381 5258 et
3410 5221 3535 5273 nos,

1838 5313 1945 5369 pro
2000 5294 2254 5349 remedio
2311 5293 2517 5348 animae
2567 5298 2776 5347 nostrae
2807 5298 3253 5362 nostrorumque
3284 5298 3538 5348 anteces—

1842 5400 2061 5447 sorum,
2118 5399 2223 5436 nec
2274 5398 2390 5436 non
2447 5399 2550 5453 pro
2604 5383 2785 5435 salute
2852 5379 3235 5435 dilectissimus
3284 5383 3542 5453 conjugis

1843 5477 2053 5527 nostras
2100 5472 2160 5525 C.
2204 5471 2420 5525 scilicet
2464 5468 2844 5540 imperatricis
2895 5471 3188 5539 Augustae,
3242 5472 3353 5524 tale
3391 5487 3542 5541 pra:-

1844 5559 2008 5616 dium
2043 5560 2211 5631 quale
2242 5560 2440 5630 Poppo
2486 5557 2833 5615 Trevirensis
2872 5557 3333 5629 archiepiscopus
3380 5558 3547 5613 nobis
