4016 6202
511 291 611 343 367
1817 280 1872 330 8.
1916 275 2198 331 HENRICI
2241 275 2407 330 IMPE
2417 274 2715 330 BATORIS
3847 283 3924 333 368

506 414 683 480 dedit,
719 412 866 481 (l78)
888 410 947 463 in
972 411 1294 463 Hormunze
1324 407 1514 470 situm,
1550 407 1610 459 in
1643 421 1932 475 pago......
1956 401 2016 456 in
2037 400 2208 455 comi-
2239 402 2284 454 A
2323 399 2545 454 abbatis
2615 397 2800 452 adhuc
2851 397 2914 450 in
2980 411 3149 449 carne
3228 395 3460 452 viventis
3509 411 3928 472 successurumque

503 509 768 558 tatu......
823 498 1066 560 comitis,
1115 513 1244 550 cum
1277 495 1442 560 areis,
1493 493 1771 556 aediﬁciis,
1845 490 2018 560 agris,
2047 490 2206 542 vine-
2316 488 2491 552 illius,
2526 487 2650 541 sine
2681 483 3051 540 beneﬁciario
3094 500 3203 537 usu
3235 484 3525 549 consistat;
3571 487 3807 557 nullaque
3829 504 3928 557 per-

505 591 600 658 tis,
634 588 830 660 pratis,
865 586 1105 656 pascuis,
1151 583 1329 650 silvis,
1389 582 1551 652 aquis
1579 593 1979 650 aquarumque
2009 578 2207 632 decur-

508 679 687 746 sibus,
736 674 1172 746 piscationibus,
1227 671 1334 724 viis
1380 674 1434 723 et
1480 669 1670 734 inviis,
1714 667 1958 721 exitibus
1980 671 2034 719 et
2063 663 2211 719 redi-

507 768 683 832 tibus,
733 763 1036 834 mancipiis
1093 761 1394 830 utriusque
1424 775 1615 827 sexus,
1648 756 1902 828 quaesitis
1932 761 1988 809 et
2017 753 2209 825 inqui-

507 854 724 922 rendis,
755 867 1000 922 cumque
1044 849 1314 903 omnibus
1347 846 1710 911 utensilibus,
1762 861 1891 915 quas
1923 845 2009 897 vel
2041 840 2212 896 scribi

507 944 597 998 vel
625 939 914 996 nominari
961 942 1224 1008 possunt,
1253 935 1325 990 ad
1359 936 1536 988 altare
1591 934 1647 989 S.
1701 932 1855 986 Petri
1919 930 2210 1001 apostolo-

507 1048 639 1087 rum
692 1028 984 1099 principis,
1041 1026 1102 1079 in
1152 1040 1322 1078 usum
1379 1021 1634 1092 episcopi
1685 1021 2070 1090 episcopalem
2124 1034 2210 1071 se-

507 1119 638 1174 dem
696 1113 1183 1184 Babenbergensis
1245 1111 1508 1165 Ecclesia:
1585 1109 1948 1180 possidentis,
2015 1122 2214 1176 perpe-

508 1207 740 1261 tualiter
796 1203 1126 1258 habendum
1187 1201 1488 1267 donamus,
1525 1203 1582 1252 et
1638 1198 1707 1252 de
1747 1202 1943 1250 nostro
1986 1195 2119 1266 jure
2154 1194 2213 1247 in

509 1295 634 1365 ejus
671 1294 765 1364 jus
799 1291 1036 1346 omnino
1070 1289 1548 1344 transfundimus.
1585 1287 1744 1340 Unde
1775 1285 1974 1339 eadem
2023 1283 2214 1353 impe-

505 1382 637 1437 riali
663 1384 963 1452 potestate,
999 1395 1113 1448 qua
1163 1377 1354 1430 caeteri
1386 1381 1519 1429 ante
1576 1391 1681 1428 nos
1726 1389 1888 1443 reges
1919 1373 2004 1426 vel
2037 1372 2216 1442 impe-

506 1477 728 1524 ratores
755 1469 1054 1537 hucusque
1082 1470 1214 1519 sunt
1246 1463 1351 1527 usi,
1385 1462 1756 1533 praecipimus
1787 1477 1858 1514 ne
1897 1461 2026 1532 quis
2067 1461 2215 1513 hanc

504 1557 877 1613 traditionem
935 1559 1186 1608 nostram
1245 1551 1453 1606 audeat
1484 1551 1713 1605 violare.
1751 1551 1816 1604 Et
1843 1554 1910 1604 ut
1933 1550 2057 1602 haec
2111 1563 2210 1602 no-

506 1651 622 1700 stra
681 1643 988 1698 auctoritas
1041 1640 1261 1696 stabilis
1290 1646 1348 1694 et
1407 1639 1736 1693 inconvulsa
1777 1641 2026 1703 maneat,
2068 1636 2214 1689 hanc

507 1733 782 1806 paginam
809 1730 940 1784 inde
991 1727 1292 1795 conscribi,
1337 1742 1515 1781 manu
1570 1725 1805 1796 propria
1854 1725 2210 1790 roborantes,

507 1821 674 1890 signo
697 1830 895 1873 nostro
918 1816 1208 1887 imperiali
1224 1815 1503 1885 jussimus
1542 1812 1839 1884 insigniri.

579 1910 720 1962 Data
749 1907 849 1962 Ill.
889 1906 1014 1959 idus
1071 1903 1408 1959 Novembris
1453 1901 1654 1956 indict.
1696 1902 1757 1955 V.
1815 1903 1980 1954 Anno
2027 1897 2214 1953 Domi-

507 1997 652 2051 nica:
692 1993 1103 2048 incarnationis
1155 1993 1290 2045 1024
1334 1993 1540 2060 (potius
1581 1991 1764 2056 1022).
1823 1991 1984 2042 Anno
2015 1985 2213 2042 domni

509 2086 577 2140 Η.
616 2083 850 2138 secundi
876 2081 1169 2153 regnantis
1207 2095 1324 2145 xxx,
1359 2078 1590 2148 imperii
1610 2093 1743 2131 vero
1768 2081 1896 2147 ,‘vm.

575 2175 783 2226 Actum
811 2173 1082 2241 Augusta:
1102 2167 1361 2222 feliciter.
1394 2169 1596 2220 Amen.

1226 2256 1491 2310 CXXVIII.

504 2349 569 2403 S.
635 2348 912 2402 Henricus
956 2347 1010 2400 Il
1040 2347 1172 2414 imp.
1205 2345 1528 2398 monasterio
1580 2341 1966 2410 Epternacensi
2016 2338 2212 2408 con/ir-

1113 2420 1226 2468 mat
1245 2417 1339 2483 jus
1368 2417 1605 2467 moneta.

1023 2505 1205 2573 (Anno
1244 2505 1374 2557 1023
1413 2505 1476 2556 18
1509 2501 1708 2570 junii.)

693 2592 1039 2662 [Hontheim,
1099 2594 1242 2646 Hist.
1281 2593 1487 2645 Trevir.
1541 2590 1767 2657 diplom.
1803 2588 1845 2651 Ι,
1877 2585 2028 2657 858.]

578 2684 645 2737 In
677 2681 912 2736 nomine
970 2686 1177 2734 sanctas
1207 2683 1264 2732 et
1292 2677 1604 2732 individuae
1658 2675 1972 2740 Trinitatis,
2005 2677 2213 2730 HENRI-

508 2789 604 2828 cus
644 2771 840 2826 divina
885 2770 1110 2824 favente
1144 2768 1446 2822 clementia
1476 2767 1873 2820 Romanorum
1900 2763 2216 2834 imperator

511 2863 821 2930 Augustus.

2318 582 2484 631 sonat
2516 590 2723 644 magna
2753 573 2866 626 sive
2888 589 3081 642 parva,
3117 571 3410 637 clericalis,
3443 577 3536 624 aut
3565 572 3774 639 laicalis,
3794 591 3930 645 super

2319 679 2447 719 eam
2476 662 2682 716 dehinc
2726 661 2982 730 aliquam
3036 663 3376 730 potestatem
3425 658 3640 724 habeat,
3683 660 3776 713 nisi
3814 663 3932 731 ejus-

2319 751 2450 806 dem
2483 749 2740 804 Ecclesiae
2773 748 2945 802 abbas
2992 748 3197 818 suique
3245 763 3608 812 successores,
3656 756 3706 802 et
3724 752 3932 804 monachi

2319 841 2402 894 ibi
2446 841 2560 893 Deo
2609 843 2665 891 et
2707 841 2902 890 sancto
2933 835 3296 889 Willibrordo
3329 835 3604 902 servituri,
3633 836 3695 889 ad
3731 837 3932 890 Ecclesia

2321 931 2747 991 ornamentum,
2779 929 2836 978 et
2856 924 3178 996 praebenda;
3201 939 3317 977 suae
3344 929 3725 993 augmentum;
3751 940 3805 978 ea
3823 926 3934 979 vide

2320 1015 2454 1068 licet
2513 1013 2733 1066 ratione
2773 1016 2838 1065 ut
2884 1027 2979 1065 eos
3035 1027 3140 1081 pro
3181 1014 3370 1064 nostra
3415 1009 3590 1063 salute
3645 1015 3696 1064 et
3740 1012 3932 1065 remedio

2322 1104 2645 1158 animarum
2690 1104 2998 1171 parentum
3055 1103 3384 1153 nostrorum
3437 1098 3780 1169 omniumque
3826 1100 3931 1154 iide-

2321 1192 2464 1246 lium
2513 1191 2914 1246 defunctorum
2964 1189 3144 1242 Deum
3174 1188 3421 1258 amplius
3464 1187 3688 1241 delectet
3740 1204 3926 1242 exorare.

2393 1281 2459 1334 Et
2511 1283 2572 1333 ut
2622 1279 2742 1332 haec
2775 1281 2986 1331 nostra
3017 1275 3471 1330 confirmationis
3502 1280 3810 1347 preceptum
3832 1276 3925 1330 inde

2321 1368 2712 1438 conscriptum
2799 1367 2903 1436 (hic
2981 1364 3196 1433 aliquid
3262 1364 3535 1434 omissum)
3598 1364 3755 1434 sigilli
3804 1366 3927 1418 nostri

2322 1457 2703 1526 impressione
2756 1453 2974 1527 signari
3009 1453 3300 1523 jussimus,
3353 1469 3638 1524 manuque
3665 1453 3865 1523 propria,
3888 1459 3929 1505 ut

2322 1546 2472 1600 infra
2492 1544 2736 1611 videtur,
2770 1541 3288 1597 corroboravimus.

2395 1627 2622 1693 Signum
2699 1625 2908 1679 domini
2960 1624 3204 1678 Heinrici
3248 1623 3621 1692 {Romanorum
3671 1622 3930 1674 imictisrimi

2244 1673 2284 1726 Β
2323 1673 2669 1766 impearatoris
2700 1673 2941 1762 augusti.

2395 1774 2742 1830 Guntherius
2787 1773 3182 1828 cancellariius
3221 1772 3340 1828 vice
3380 1770 3646 1826 Aribonis
3666 1770 3924 1840 archicapel-

2322 1864 2442 1919 lani
2471 1863 2820 1934 recognovit.

2396 1954 2538 2007 Data
2557 1968 2647 2006 xxv
2662 1951 2903 2005 Kalend.
2926 1950 3080 2016 Julii,
3101 1949 3300 2005 indict.
3323 1966 3397 2012 vi,
3423 1963 3575 2003 anno
3599 1947 3857 2003 Dominicis
3872 1947 3926 2000 in-

2323 2040 2671 2096 carnationis
2685 2042 2842 2094 1023.
2856 2042 3021 2093 Anno
3041 2037 3260 2093 domini
3276 2036 3534 2094 Heinrici
3545 2036 3930 2108 secundiregnan-

2322 2129 2394 2182 tis
2424 2145 2556 2196 xxn,
2579 2127 2809 2198 imperii
2833 2143 2967 2180 vero
2998 2143 3050 2180 x.

2391 2222 2592 2271 Actum
2627 2217 2789 2270 Nuiss
2820 2215 3077 2270 feliciter.
3107 2216 3310 2268 Amen.

3058 2285 3273 2337 CXXIX.

2323 2357 2386 2412 Β.
2435 2360 2696 2412 Henricus
2725 2359 2808 2413 11.
2843 2359 2978 2426 imp.
3030 2356 3168 2411 66ὃο
3199 2371 3416 2410 mansos
3463 2357 3531 2410 ab
3579 2355 3752 2409 abbate
3789 2357 3835 2410 S.
3862 2355 3932 2408 Ma-

2392 2431 2595 2482 ximini
2654 2431 2713 2482 in
2770 2429 3080 2496 beneﬁcium
3129 2429 3350 2496 accipit,
3409 2443 3543 2496 quos
3590 2428 3772 2481 Ezzoni
3809 2426 3935 2478 comiti

2389 2502 2660 2568 palatino,
2721 2503 2771 2552 et
2798 2501 3048 2553 Heinrico
3099 2497 3242 2564 duci,
3298 2513 3393 2551 nec
3447 2514 3549 2552 non
3580 2499 3779 2552 Ott/toni
3811 2497 3936 2550 comiti

2396 2571 2755 2637 bene/iciticit.

2787 2641 2972 2710 (Anno
3011 2641 3164 2703 1023,
3201 2641 3265 2693 10
3295 2639 3562 2710 Decemb.)

2987 2709 3008 2782 [
3018 2711 3123 2782 Ubi,
3142 2707 3362 2782 supra]

2398 2781 2464 2835 In
2495 2781 2728 2835 nomine
2775 2777 3072 2834 sanctae—et
3112 2777 3425 2834 individua:
3467 2777 3759 2846 Trinitatis,
3785 2779 3936 2830 Halm

2326 2877 2422 2916 cus
2461 2861 2654 2915 divina
2677 2861 2900 2915 favente
2920 2861 3224 2915 clementia
3272 2860 3660 2915 Romanorum
3701 2859 3934 2930 imperator

577 2947 809 3001 Noverit
853 2945 1114 2999 omnium
1173 2942 1382 2998 Christi
1456 2945 1900 3010 nostrorumque
1953 2937 2211 2993 ﬁdelium
2252 2952 2293 3006 ε
2325 2945 2636 3011 Augustus.

502 3034 846 3089 universitas
878 3034 1122 3104 qualiter
1148 3048 1272 3095 nos,
1308 3047 1410 3101 pro
1441 3030 1699 3084 remedio
1750 3029 1957 3082 animae
1999 3031 2210 3081 nostra;

1407 3134 1513 3172 nec
1584 3134 1702 3170 non
1756 3132 1861 3186 per
1930 3116 2212 3169 interven-

508 3127 925 3195 parentumque
981 3125 1334 3185 nostrorum,

514 3215 638 3265 tum
671 3210 817 3280 (179)
838 3209 1064 3264 Henrici
1091 3208 1424 3262 Boariorum
1445 3206 1603 3260 ducis
1620 3205 1837 3274 inclyti,
1863 3203 2206 3257 monasterio

513 3299 832 3369 Epternach
871 3297 1039 3362 dicto,
1091 3301 1380 3348 monetam
1414 3311 1444 3346 a
1472 3294 1696 3346 seniore
1736 3297 1942 3362 nepote
1969 3296 2024 3344 et
2053 3298 2208 3345 ante-

510 3403 731 3440 cessore
800 3390 1019 3450 nostro,
1066 3383 1235 3437 tertio
1302 3381 1568 3436 videlicet
1616 3381 1818 3434 Ottone
1863 3380 2206 3450 imperatore

507 3476 782 3545 Augusto,
807 3488 1157 3538 concessam,
1193 3471 1251 3524 in
1283 3488 1391 3541 qua
1426 3469 1647 3523 nummi
1680 3468 2027 3539 probabiles,
2063 3470 2209 3526 sicut

508 3563 568 3617 in
606 3563 733 3617 aliis
759 3562 898 3616 locis
926 3562 1096 3629 regiae
1141 3559 1411 3630 potestati
1466 3558 1728 3622 subditis,
1783 3557 2204 3627 percutiantur,

506 3651 578 3706 ad
629 3669 797 3705 usum
860 3650 1116 3703 Ecclesia:
1164 3653 1220 3702 et
1273 3646 1685 3701 monachorum
1749 3647 1862 3699 Deo
1894 3650 2202 3717 sanctoque

505 3740 862 3795 Willibrordo
922 3737 1232 3791 confessori
1291 3735 1382 3790 die
1462 3740 1740 3804 nocteque
1809 3734 2202 3803 servientium,

501 3845 605 3899 per
633 3830 780 3904 hanc
810 3834 1064 3882 nostram
1109 3825 1466 3895 imperialem
1512 3823 1784 3895 paginam
1818 3824 2201 3890 concedimus,

501 3933 842 3971 renovamus
874 3921 1043 3985 atque
1072 3915 1510 3979 conﬁrmamus;
1543 3919 1598 3966 et
1645 3917 1707 3965 ut
1736 3911 1936 3965 eadem
1970 3917 2204 3966 moneta

501 4005 770 4076 deinceps
811 4005 914 4058 sub
971 4007 1249 4072 perpetuo
1294 4002 1425 4071 jure
1460 3999 1719 4053 Ecclesia:
1748 4000 2109 4070 supradictae,
2145 4005 2198 4054 et

571 4131 718 4197 (178)
751 4130 814 4181 In
846 4129 1148 4180 Hormunze
1179 4126 1365 4197 situm.
1403 4123 1574 4197 _l_\iodo
1635 4123 1836 4197 Ormiz,
1886 4139 1985 4197 seu
2021 4126 2200 4197 Urmiz

497 4193 726 4263 dicitur,
757 4197 825 4250 ad
859 4194 1370 4248 sinistrumRheui
1401 4193 1583 4260 littus,
1639 4194 1826 4245 medio
1877 4193 1996 4246 fere
2046 4194 2197 4248 inter

497 4268 915 4321 Coniluentiam
948 4271 1002 4318 et
1030 4267 1429 4318 Andernacum
1464 4263 1692 4328 itinere,
1741 4263 1914 4316 situm
1939 4263 1998 4316 in
2047 4281 2194 4334 pago

495 4337 830 4407 Meginensi.
867 4336 1045 4390 Hodie
1071 4335 1259 4389 adhuc
1301 4335 1542 4407 Ecclesia
1571 4335 1648 4407 _de
1681 4335 1868 4407 Urmiz
1908 4350 2037 4388 cum
2100 4339 2194 4389 de-

491 4405 655 4460 cimis
685 4413 741 4460 et
776 4412 1080 4475 personata
1122 4407 1252 4475 jure
1287 4405 1528 4476 dominii
1555 4405 1755 4458 directi
1796 4407 1863 4459 ad
1914 4407 2194 4476 praeposi-

492 4482 678 4530 turam
706 4476 1044 4530 cathedralis
1061 4475 1308 4528 ecclesiae
1334 4475 1764 4544 Bambergensis
1785 4475 2049 4546 pertinet,
2067 4493 2194 4546 quae

492 4549 708 4602 nobiles
735 4548 1035 4602 aScheben
1069 4548 1136 4600 de
1159 4547 1454 4600 Cronfeldt
1481 4563 1612 4599 suos
1637 4547 1712 4599 ibi
1742 4548 1978 4600 vasallos
2000 4549 2189 4600 habet.

558 4621 702 4685 (179)
765 4620 980 4674 Henrici
1029 4621 1348 4672 Boiarorum
1404 4618 1578 4688 ducis.
1637 4617 1903 4688 Sigefridi
1965 4618 2191 4671 comitis

487 4689 1002 4758 Luxemburgensis
1060 4689 1212 4742 ﬁlius
1272 4693 1405 4742 natu
1463 4687 1665 4757 major,
1712 4687 1948 4758 primus
2003 4705 2191 4742 comes

483 4760 817 4814 Allunensis
867 4776 970 4813 nec
1029 4777 1139 4812 non
1198 4775 1387 4812 comes
1465 4762 1768 4825 Ardennaa,
1826 4759 2185 4812 abbatiarum

481 4831 534 4884 S.
565 4831 851 4886 Maximini
883 4837 936 4882 et
983 4829 1413 4898 Epternacensis
1465 4830 1788 4893 advocatus,
1833 4844 2004 4897 quem
2037 4831 2186 4882 Hen-

479 4902 628 4956 ricus
681 4903 734 4957 S.
774 4903 914 4970 imp.
966 4901 1095 4970 (qni
1150 4900 1273 4967 ejus
1303 4916 1559 4953 sororem
1613 4899 2021 4970 Cunegundam
2052 4915 2185 4952 uxo-

478 4988 598 5026 rem
633 4969 891 5040 duxerat)
924 4969 1073 5024 anno
1108 4973 1241 5024 1002
1273 4974 1472 5024 ducem
1501 4971 1746 5023 Bavariar
1778 4969 1929 5022 fecit.

547 5045 691 5116 (180)
757 5045 964 5116 Curtes
1000 5045 1048 5094 et
1118 5044 1414 5116 territoria,
1472 5042 1630 5116 villas
1690 5047 1740 5116 et
1801 5040 2178 5116 possessiones.

473 5110 767 5180 Tolnerus,
810 5114 910 5184 qui
955 5114 1062 5184 hoc
1112 5112 1365 5184 diploma
1412 5126 1474 5164 ex
1511 5111 1746 5184 Zyllesio
1790 5110 2014 5184 edidit,
2060 5115 2177 5164 not.

473 5199 526 5236 a.
577 5191 789 5245 censet,
829 5181 950 5236 _liic
1031 5181 1276 5250 intelligi
1355 5186 1534 5233 castra
1609 5182 1868 5247 Cocheim,
1955 5181 2178 5244 Clotlen,

472 5254 692 5322 aliaque
747 5255 820 5307 ad
850 5254 1124 5308 Mosellam
1171 5254 1303 5305 loca.
1362 5252 1495 5322 sed,
1523 5267 1653 5305 cum
1704 5253 1820 5306 haec
1877 5267 2174 5322 nunquam

470 5320 645 5376 fuisse
675 5325 818 5392 juris
840 5326 892 5378 S.
943 5323 1233 5377 Maximini
1278 5322 1360 5374 vel
1407 5321 1538 5375 inde
1585 5326 1856 5392 appareat
1905 5321 2058 5392 quod
2115 5320 2176 5376 in

468 5397 628 5464 tanta
683 5395 971 5464 regiarum
1053 5399 1108 5447 et
1187 5392 1574 5464 imperialium
1647 5393 2169 5464 conﬁrmationum,

467 5463 641 5517 etiam
683 5481 714 5516 a
745 5463 911 5517 nobis
942 5465 1242 5531 editarum,
1291 5464 1474 5533 copia,
1499 5463 1559 5515 in
1590 5463 1799 5531 quibus
1835 5463 2172 5516 notabiliora

465 5535 796 5588 monasterii
836 5536 1053 5604 praedia
1091 5541 1148 5588 et
1203 5535 1606 5605 acquisitiones
1662 5534 1910 5605 maxima
1958 5535 2168 5586 sollici-

462 5605 664 5660 tudine
713 5603 1074 5672 enarrantur,
1107 5603 1450 5659 altissihium
1481 5605 1550 5660 de
1591 5603 1661 5658 iis
1715 5604 1788 5657 sit
1843 5605 2165 5672 silentium;

2225 4233 2267 4286 D

2391 3030 2658 3093 Quamvis
2697 3028 2767 3082 ab
2808 3027 3203 3083 ecclesiasticis
3253 3027 3705 3082 institutionibus
3731 3033 3778 3081 et
3809 3042 3835 3078 a
3868 3038 3933 3092 ra-

2318 3118 2498 3171 ternis
2550 3116 2895 3187 pracjudiciis
2943 3116 3089 3170 nulli
3130 3116 3204 3169 sit
3261 3115 3490 3170 licitum
3543 3115 3766 3178 deviare,
3807 3109 3932 3167 nostri

2317 3209 2512 3259 tamen
2540 3205 2687 3275 juris
2709 3209 2790 3258 est
2812 3221 2931 3274 pra:
2979 3204 3199 3258 cmteris
3223 3203 3282 3258 id
3324 3206 3513 3258 solum
3544 3210 3599 3257 et
3633 3201 3853 3273 speciale,
3877 3203 3932 3259 ut,

2317 3294 2473 3347 unde
2502 3294 2699 3346 ﬁdeles
2725 3293 2905 3346 nostri
2931 3293 3078 3346 infra
3105 3308 3348 3363 regnum
3382 3299 3636 3346 nostrum
3662 3293 3933 3361 |gravantur,

2318 3387 2417 3434 aut
2448 3382 2598 3435 unde
2617 3381 2878 3435 Ecclesiae
2908 3381 3438 3435 Deidetrimentum
3471 3381 3647 3451 magis
3674 3389 3934 3448 quamcom-

2317 3470 2556 3523 modum
2606 3470 2926 3539 patiuntur,
2962 3469 3020 3522 in
3058 3471 3261 3523 melius
3293 3470 3605 3524 debeamus
3641 3471 3930 3522 commutare.

2316 3557 2528 3611 Idcirco
2552 3558 2810 3612 ﬁdelium
2842 3563 3196 3624 nostrorum,
3253 3562 3370 3611 tam
3428 3556 3776 3629 praesentium
3815 3564 3930 3623 quam

2315 3646 2663 3710 futurorum,
2698 3646 2944 3700 solertia:
2968 3651 3166 3700 notum
3187 3646 3314 3700 ﬁeri
3344 3647 3616 3716 cupimus
3636 3643 3846 3715 qualiter
3864 3651 3930 3690 nos

2315 3751 2384 3788 ex
2415 3735 2641 3788 abbatia
2698 3736 2753 3791 S.
2805 3735 3041 3788 Joannis
3097 3733 3469 3805 evangelista!
3520 3740 3575 3786 et
3613 3733 3665 3787 S.
3699 3723 3928 3784 Maximini.

2314 3839 2438 3893 quae
2470 3823 2528 3876 in
2563 3823 2836 3877 suburbio
2863 3823 3224 3878 Trevirorum
3249 3822 3358 3876 sita
3389 3827 3496 3890 est,
3526 3821 3621 3875 ubi
3651 3812 3928 3874 Haricboab-

2313 3910 2415 3964 bas
2437 3927 2680 3980 praeesse
2703 3911 2948 3979 videtur,
2965 3911 3240 3983 quasdam
3262 3911 3410 3982 (180)
3432 3917 3618 3964 curtes
3637 3902 3925 3962 etterritoria,

2310 3999 2472 4053 villas
2498 4006 2556 4053 et
2576 3999 2984 4069 possessiones,
3006 3999 3218 4053 scilicet
3239 4000 3284 4070 (l
3299 4002 3355 4053 81
3372 3998 3387 4068 )
3403 4015 3505 4053 sex
3521 3997 3693 4052 millia
3715 3997 3927 4048 sexcentos

2310 4139 2499 4192 neque
2541 4122 2680 4176 alibi
2738 4123 2793 4176 in
2822 4123 3264 4178 instructissimo
3323 4123 3380 4177 S.
3438 4119 3719 4176 Maximini
3763 4113 3924 4192 archiva

2309 4184 2509 4247 talium
2571 4195 2997 4263 possessionum
3045 4195 3132 4247 vel
3182 4193 3427 4246 minima
3478 4192 3681 4246 notitia
3721 4184 3926 4263 supersit;

2310 4265 2390 4318 sic
2419 4281 2522 4333 ego
2548 4261 2762 4334 praedia
2789 4266 2881 4318 hic
2911 4265 3219 4330 intellecta,
3271 4265 3468 4317 malim
3528 4261 3926 4334 transptlhenutn.

2309 4341 2365 4388 et
2397 4328 2712 4387 circa-enm
2747 4335 2884 4400 sita;
2942 4336 3010 4390 de
3067 4328 3276 4404 quibus
3317 4351 3507 4387 sermo
3566 4340 3648 4386 est
3691 4328 3926 4404 incliartis

2307 4405 2528 4459 Ottonis
2563 4407 2629 4458 Μ.
2665 4406 2734 4458 de
2781 4406 2948 4459 annis
2997 4401 3118 4467 945,
3165 4411 3221 4458 et
3267 4408 3390 4463 966,
3425 4406 3649 4458 Ottonis
3676 4403 3720 4456 II
3747 4401 3804 4454 de
3827 4409 3929 4449 anno

2307 4478 2432 4539 973,
2465 4492 2568 4528 nec
2603 4492 2712 4528 non
2746 4476 2968 4530 Ottonis
2999 4478 3072 4531 ΙΙΙ
3109 4477 3177 4529 de
3202 4492 3348 4529 anno
3381 4479 3507 4530 992.

2377 4550 2524 4615 (181)
2553 4547 2658 4601 Sea:
2714 4548 2891 4600 millia
2933 4551 3203 4602 sexcentos
3266 4547 3673 4616 quinquaginta
3699 4550 3926 4616 seruiunt}-

2302 4605 2412 4671 sos‘.
2475 4605 2731 4670 Diximus
2787 4633 2960 4687 supra
3019 4617 3088 4670 ad
3158 4605 3433 4670 chartam.
3475 4605 3830 4687 Miagingaudi,
3883 4605 3927 4656 dt-

2303 4702 2454 4740 anno
2483 4690 2607 4749 929,
2661 4692 2776 4740 not.
2831 4686 2880 4753 b,
2937 4704 3001 4742 ex
3049 4686 3295 4744 Caesarie
3340 4686 3688 4757 Prumiensi,_
3727 4688 3925 4757 mansum

2299 4758 2669 4829 ingenualcm
2701 4774 2820 4811 esse
2861 4775 2956 4812 CLx
2996 4759 3295 4829 jugerum.
3337 4758 3566 4811 Mansus
3607 4755 3794 4829 deinde
3820 4755 3927 4822 inve-

2299 4826 2460 4881 nitur
2525 4829 2672 4897 apud
2730 4826 3014 4884 eumdem'
3047 4826 3355 4884 Caesarium
3404 4829 3624 4882 habens
3657 4826 3927 4897 bunnuana

2297 4913 2390 4962 xu,
2434 4896 2679 4952 bonniers
2735 4899 2934 4954 dicunt
2971 4898 3131 4955 Galli.
3167 4901 3232 4952 In
3279 4915 3346 4952 eo
3374 4896 3749 4951 communiter
3773 4901 3924 4944 conve-

2297 4968 2466 5047 niunt
2498 4985 2714 5047 omnes,
2752 4985 2952 5023 manso
3001 4976 3224 5047 tantum
3259 4969 3447 5022 inesse
3484 4973 3672 5046 terrae,
3708 4965 3924 5047 quantum

2287 5037 2430 5109 3°30
2459 5055 2570 5114 υῐιφ
2595 5040 2994 5114 bpumannuo
3026 5041 3213 5114 spatio
3246 5041 3427 5114 possit
3476 5037 3926 5114 verti,__quapt‘uttl"

2293 5100 2404 5179 ξιιῶ
2461 5111 2561 5163 uni
2619 5110 2854 5165 familia;
2901 5100 3127 5165 rusticas
3165 5100 3386 5163 alenda:
3433 5110 3572 5163 satis
3623 5100 3727 5161 sit:
3773 5100 3926 5179 V019}.tl

2291 5167 2482 5233 autem
2511 5181 2592 5262 rei
2622 5182 2904 5260 georgica;
2953 5182 3145 5262 periti,
3187 5182 3612 5262 juguqunum
3633 5179 3791 5230 boum
3811 5167 3923 5262 δίξίίίξ

2288 5264 2417 5303 cere
2457 5242 3078 5322 quota'nnisvsexaginta
3125 5242 3373 5322 quatuor
3395 5250 3694 5322 jugeribus
3721 5242 3925 5322 arandis;

2288 5313 2778 5390 quam'rationem
2814 5324 2860 5376 si
2907 5313 2966 5376 ἱῖι
3019 5313 3176 5376 mille
3223 5313 3520 5375 sexcentos
3571 5313 3928 5390 quinquaginta

2286 5388 2378 5444 sex
2421 5409 2670 5458 mansos,
2735 5393 3153 5448 Maximinianis
3202 5393 3522 5461 ademptos,
3580 5388 3924 5461 subducam?"

2278 5461 2486 5532 jugera
2538 5455 2878 5534 quadragies
2933 5465 3108 5519 octies
3161 5463 3316 5534 mille
3349 5455 3644 5531 nongenta
3691 5455 3926 5534 octogin‘l‘il

2278 5524 2868 5660 Etgtuor'efﬁcinfus,
2917 5536 3002 5592 vix
3051 5533 3385 5591 credibilem
3433 5524 3720 5587 tErrarum
3750 5524 3928 5594 quanti-

2303 5620 2334 5658 a
2398 5620 2476 5659 m.

2303 5620 2476 5659 atem.
