4016 6202
59 357 127 408 369
1276 345 1698 406 DIPLOMATA
1737 351 2287 409 ECCLESIASTICA.

60 468 442 544 quinquaginta
474 481 571 519 sex
600 480 851 530 mansos,
888 468 951 518 ut
975 463 1121 518 veris
1149 464 1497 530 computari
1528 468 1736 537 potuit,
1766 474 1811 526 Α
1850 472 2053 537 shcim,
2102 470 2494 541 Weldinstein,

54 580 76 615 a
99 558 317 630 praefato
344 555 549 610 abbate
583 554 646 607 in
670 554 1011 607 beneﬁcium
1032 551 1379 622 accepimus,
1408 556 1577 609 ethis
1604 557 1736 612 ﬁde-

54 652 161 706 libus
187 647 427 711 nostris,
478 644 685 697 Ezzoni
715 642 979 696 videlicet
1031 640 1283 695 Palatino
1316 643 1529 697 comiti
1559 646 1730 714 (182),

53 746 91 793 et
107 735 356 791 Heinrico
380 732 510 787 duci
540 732 712 801 (183),
733 746 838 783 nec
858 745 972 782 non
991 729 1221 783 Otthoni
1243 727 1450 782 comiti
1472 734 1644 799 (184),
1667 750 1734 788 ea

51 822 343 879 conditione
372 819 811 884 beneticiamus,
843 822 925 882 ut,
961 816 1094 886 quia
1114 818 1388 886 praelatus
1415 819 1592 873 abbas
1616 822 1729 890 jam

52 914 166 968 senio
196 911 503 964 confectus
534 908 837 961 commode
865 906 1030 959 nobis
1059 906 1215 959 domi
1248 904 1591 978 militiaeque
1622 925 1733 961 ser-

51 1005 129 1055 vire
160 1017 279 1053 non
312 1002 563 1069 poterat,
599 998 743 1067 ipse,
776 999 832 1049 et
857 995 1136 1058 haaredes,
1160 994 1260 1065 qui
1290 994 1412 1047 haec
1452 995 1731 1051 beneﬁcia

49 1092 247 1152 habent,
312 1104 420 1158 pro
478 1086 683 1140 eodem
745 1084 948 1138 abbate
1013 1083 1245 1154 suisque
1306 1085 1729 1139 successoribus

46 1178 225 1231 curiam
293 1176 553 1246 regalem
613 1178 816 1244 petant
877 1177 933 1225 et
995 1172 1055 1225 in
1101 1171 1529 1242 expeditionem
1573 1179 1723 1241 eant,

41 1268 172 1320 abbas
231 1282 377 1318 vero
422 1264 631 1333 suique
677 1277 1035 1315 successores
1093 1276 1127 1313 a
1181 1262 1339 1313 curia
1381 1262 1540 1331 regia
1571 1267 1625 1315 et
1655 1263 1725 1317 ab

38 1356 160 1409 omni
190 1352 575 1424 expeditione
620 1350 859 1403 omnino
900 1350 1016 1402 sint
1046 1348 1211 1402 liberi
1258 1349 1367 1402 nisi
1398 1350 1458 1402 in
1490 1350 1724 1417 Mogon-

38 1445 322 1509 tinensem,
359 1441 481 1493 sive
541 1440 871 1499 Metensem,
910 1442 1010 1490 aut
1069 1437 1469 1491 Coloniensem
1518 1438 1722 1491 civita-

36 1540 121 1584 tem
150 1530 221 1583 ad
259 1527 534 1599 generale
569 1526 877 1580 concilium
904 1526 1049 1578 sive.
1079 1526 1455 1595 colloquium,
1528 1526 1722 1596 aliqua

38 1618 351 1673 necessitate
410 1620 667 1685 cogente,
737 1614 955 1668 fuerint
993 1613 1237 1667 invitati.
1278 1616 1340 1668 Et
1369 1630 1441 1668 ne
1510 1616 1721 1667 animas

34 1713 214 1762 nostra;
252 1705 674 1759 detrimentum
702 1702 838 1756 inde
858 1702 1166 1771 patiamur,
1201 1703 1247 1755 si
1274 1719 1341 1756 ea
1371 1718 1551 1772 quaee
1582 1702 1718 1756 ﬁde-

38 1798 154 1850 libus
185 1794 408 1849 Christi
450 1792 639 1846 eidem
696 1791 1081 1844 sacratissimo
1137 1792 1260 1844 loco
1318 1792 1526 1846 tradita
1584 1796 1719 1844 sunt

32 1892 105 1939 aut
130 1885 368 1948 collata,
401 1898 507 1934 nos
538 1880 749 1950 injuste
789 1879 1016 1933 auferre
1044 1879 1363 1946 videamur,
1419 1879 1718 1933 servitium

31 1978 147 2045 (185)
186 1972 353 2043 quod
386 1969 555 2024 nobis
587 1974 643 2023 et
682 1969 1027 2039 quibusdam
1056 1968 1574 2038 praedecessoribus
1605 1984 1719 2022 no-

26 2066 130 2117 stris
158 2064 218 2116 in
256 2060 512 2115 secundo
537 2072 762 2128 semper
787 2073 938 2111 anno
987 2057 1056 2111 de
1087 2057 1283 2111 eadem
1342 2057 1577 2111 ahbatia
1604 2061 1718 2109 tra-

26 2155 182 2205 ditum
209 2157 324 2216 est,
352 2166 461 2220 pro
503 2148 709 2201 timore
738 2146 837 2200 Dei
868 2150 925 2199 et
974 2146 1343 2199 veneratione
1389 2147 1443 2201 S.
1477 2146 1719 2201 Joannis

26 2258 75 2294 ac
98 2242 145 2294 S.
180 2237 505 2301 Maximini,
535 2241 593 2289 et
623 2236 695 2289 ob
740 2234 1129 2289 interventum
1162 2234 1427 2288 Aribonis
1472 2236 1718 2304 Mogun-

28 2330 274 2383 tiacensis
343 2343 407 2380 ac
475 2323 740 2395 Piligrini
829 2322 1209 2389 Coloniensis,
1287 2327 1343 2375 et
1426 2323 1718 2393 Popponis

31 2416 366 2472 Trevirensis
440 2411 856 2467 venerabilium
911 2409 1497 2481 archiepiscoporum,
1566 2410 1716 2463 alio-

26 2522 256 2579 rumque
290 2504 551 2559 ﬁdelium
606 2506 961 2560 nostrorum.
1014 2501 1128 2553 Deo
1180 2505 1487 2570 sanctoque
1541 2501 1713 2554 Joan-

23 2598 87 2660 ni,
141 2602 198 2648 et
288 2594 456 2647 beato
514 2589 822 2644 Maximino
884 2588 1217 2659 cunctisque
1265 2604 1368 2659 per
1424 2605 1520 2642 eos
1570 2589 1716 2643 inibi

18 2683 307 2737 abbatibus
367 2680 428 2733 in
471 2682 821 2748 perpetuum
876 2676 1237 2745 indulgendo
1289 2676 1621 2746 ignovimus
1661 2681 1719 2729 et

17 2769 357 2843 ignoscendo
438 2766 808 2820 indulsimus.
884 2766 950 2817 Et
1006 2780 1079 2817 ne
1139 2764 1268 2834 quis
1316 2779 1717 2818 successorum

15 2867 335 2913 nostrorum
368 2871 574 2926 regum
604 2856 693 2907 vel
744 2853 1161 2923 imperatorum
1202 2853 1354 2906 idem
1412 2853 1718 2907 servitium

14 2950 67 3003 in
114 2948 435 3019 periculum
486 2944 694 2996 anima:
743 2948 956 2996 nostras
1017 2957 1080 2994 ac
1118 2957 1235 2995 sua}
1286 2941 1420 2995 inde
1474 2942 1720 2996 ulterius

3444 361 3544 413 370

2580 474 2857 542 Albucha,
2909 476 3356 543 Gosolvesheim,
3410 478 3539 532 Bin-

1843 560 2290 629 gin,Holzhusa,
2350 562 2553 631 Apula,
2616 563 2894 629 Alsontia,
2962 565 3385 635 Sceringesfelt,
3432 568 3540 619 Ha-

1842 649 2187 716 kineslieim,
2250 651 2612 717 Bukinheim,
2661 652 2934 712 Siemera,
2986 654 3344 717 Mannendal,
3404 655 3539 708 Kar-

1842 738 2018 805 heim,
2058 738 2545 803 Folemaresbacli,
2599 742 3087 808 Proverstervoth,
3138 742 3373 807 Gracha,
3433 743 3535 795 De-

1841 825 2007 893 cima,
2050 826 2218 878 Vallis
2269 843 2396 879 cum
2450 828 2565 881 suis
2623 829 3061 898 pertinentibus,
3132 830 3533 899 Rateresdorﬂ‘,

1842 914 2190 981 Bikendorfl‘,
2256 916 2576 979 Meisbrath,
2644 918 2859 983 Ebeno,
2920 918 3337 981 Arnolfesbere,
3401 918 3531 972 Lie-

1838 1004 2022 1069 znich,
2081 1002 2395 1069 Okisheim,
2487 1006 2830 1069 Rivenacha,
2922 1006 3142 1071 Loavia,
3212 1006 3535 1077 Windingis

1837 1090 2203 1160 Lukesingis;
2246 1096 2301 1145 et
2332 1093 2390 1145 in
2442 1110 2597 1163 pago
2650 1094 3008 1164 Sallingowe,
3064 1094 3297 1159 Dinche,
3366 1096 3531 1149 Juol-

1834 1179 1989 1245 kurt,
2052 1179 2336 1250 Bisangis;
2398 1186 2454 1234 et
2513 1182 2567 1235 in
2629 1182 2853 1235 civitate
2916 1184 3147 1237 Metensi
3196 1188 3251 1236 et
3315 1184 3531 1237 circum

1832 1268 2002 1335 circa,
2059 1267 2279 1329 domos,
2332 1269 2546 1335 vineas,
2578 1286 2743 1339 agros
2814 1275 2870 1323 et
2925 1272 3175 1336 areolas;
3231 1275 3287 1323 et
3335 1270 3395 1323 in
3443 1270 3532 1324 his

1833 1354 1988 1419 locis,
2074 1353 2477 1416 Diedenhown,
2532 1357 2756 1421 Wilare,
2834 1357 3081 1421 Besiaco,
3143 1359 3529 1412 Luzelenkiri-

1831 1443 1953 1507 cha,
2024 1443 2270 1507 Tavena,
2317 1444 2708 1513 Druhdilingis
2751 1449 2807 1497 et
2864 1446 3273 1516 Murmiringa;
3324 1447 3524 1500 Merol-

1831 1531 2045 1595 divilla,
2106 1531 2623 1599 Wimareskiricha,
2712 1533 2923 1599 Straza,
2986 1534 3193 1600 Curfta,
3251 1534 3525 1602 Seranna,

1829 1618 2153 1686 Markidith,
2189 1621 2445 1689 Krische,
2507 1620 2731 1684 Billich,
2800 1622 3226 1691 Curmiringun,
3258 1624 3527 1675 Brunna-

1831 1709 1956 1774 cha,
1992 1708 2348 1775 Hauiwileri;
2407 1709 2645 1778 insuper
2698 1709 2870 1762 etiam
2930 1710 2988 1762 in
3037 1715 3199 1779 pago’
3246 1712 3527 1764 Drachere

1830 1796 1975 1867 (186)
2008 1796 2165 1849 locus
2203 1798 2302 1868 qui
2333 1803 2567 1851 vocatur
2596 1798 3125 1862 Gunthereshusun,
3174 1815 3275 1852 nec
3316 1815 3433 1852 non
3465 1798 3525 1851 in

1826 1900 1978 1955 pago
2008 1885 2266 1939 Einriche
2300 1887 2454 1939 locus
2478 1886 2645 1951 alius,
2706 1887 2982 1940 vocabulo
3047 1887 3332 1949 Pricliina,
3393 1902 3522 1939 cum

1828 1972 2097 2026 omnibus
2120 1973 2184 2027 ad
2202 1990 2259 2026 se
2271 1974 2423 2043 juste
2442 1978 2499 2025 et
2528 1973 2792 2043 legaliter
2818 1974 3237 2044 pertinentibus
3262 1974 3349 2027 vel
3382 1974 3527 2043 aspi-

1828 2060 2107 2114 cientibus
2140 2061 2325 2114 rebus.
2357 2063 2465 2115 Has
2495 2060 2635 2114 duas
2664 2066 2851 2114 curtes
2908 2077 2981 2114 an
3030 2061 3285 2130 saginem
3345 2063 3521 2129 (187),

1829 2154 1887 2204 et
1933 2149 2003 2203 ad
2050 2149 2365 2214 femoralia,
2427 2149 2702 2201 mantelas
2734 2150 2926 2215 etiam,
2978 2154 3033 2201 et
3081 2149 3355 2202 mensalia
3406 2150 3523 2203 fra—

1827 2241 2005 2301 trum,
2033 2252 2136 2289 nec
2182 2253 2302 2289 non
2332 2237 2402 2290 ad
2452 2236 2819 2291 inﬁrmorum
2869 2254 3063 2291 curam
3110 2243 3166 2290 et
3222 2237 3521 2303 debilium,

1828 2331 1886 2379 et
1925 2325 1994 2379 ad
2022 2325 2443 2394 susceptionem
2487 2324 2800 2394 hospitum,
2865 2342 2965 2379 nec
3012 2342 3126 2379 non
3174 2326 3243 2379 ad
3293 2340 3520 2377 recrea-

1824 2413 2046 2467 tionem
2095 2429 2417 2483 pauperum
2458 2418 2512 2466 et
2556 2414 3020 2483 peregrinorum,
3071 2414 3216 2467 sicut
3268 2418 3521 2467 anteces-

1826 2518 1983 2556 sores
2018 2502 2199 2555 nostri
2231 2501 2770 2569 constituerunt,ita
2820 2508 2875 2555 et
2913 2519 3015 2556 nos
3045 2503 3369 2572 specialiter
3388 2518 3523 2555 con-

1824 2591 2118 2645 stituimus
2152 2594 2323 2659 atque
2373 2588 2809 2656 conﬁrmamus;
2852 2596 2907 2643 et
2936 2597 2997 2644 ut
3041 2607 3104 2643 ex
3162 2591 3247 2643 his
3284 2590 3423 2643 locis
3468 2595 3526 2644 et

1826 2678 2077 2734 ecclesiis
2126 2679 2320 2731 nullus
2368 2678 2558 2743 abbas,
2620 2679 2777 2732 nulla
2817 2678 2927 2731 alia
2978 2695 3239 2749 persona,
3316 2694 3525 2747 magna

1825 2769 1943 2821 sive
1974 2782 2166 2837 parva,
2202 2767 2371 2819 alicui
2404 2766 2598 2827 libero,
2641 2771 2699 2820 et
2745 2768 2930 2821 alieno
2971 2767 3215 2834 homini,
3264 2772 3329 2820 ut
3357 2771 3527 2821 antea

1824 2857 2096 2922 diximus,
2155 2855 2373 2925 aliquid
2415 2854 2777 2921 beneﬁciare,
2831 2856 2919 2909 vel
2972 2873 3004 2908 a
3062 2856 3367 2925 praebenda
3417 2856 3527 2908 fra-

1826 2951 1981 2999 trum
2003 2959 2236 3013 quoquo
2264 2944 2435 2997 modo
2468 2944 2795 2997 abalienare
2834 2948 3162 3012 prmsumat,
3194 2942 3525 2997 ﬁrmissime

13 3038 203 3108 exigat,
233 3036 352 3090 nisi
390 3034 592 3087 eadem
640 3032 812 3097 bona,
871 3045 1001 3100 qua:
1031 3045 1135 3082 nos
1166 3045 1282 3083 non
1342 3034 1458 3082 tam
1512 3031 1571 3083 in
1628 3045 1726 3085 no-
1755 3043 1795 3099 ς,
1832 3032 2243 3105 praecepimus;
2288 3032 2386 3085 sed
2438 3031 2605 3085 liceat
2632 3032 2764 3086 inde
2792 3033 2984 3086 abbati
3018 3033 3248 3102 suisque
3300 3048 3527 3086 succes-

16 3134 179 3179 strum
219 3139 397 3196 quam
451 3124 511 3175 in
560 3137 760 3175 eorum
790 3118 1107 3184 servitium,
1149 3118 1281 3171 inde
1312 3117 1714 3184 distraximus,

18 3230 69 3267 ex
99 3215 333 3284 integro
360 3211 563 3265 reddat
595 3215 693 3263 aut
721 3207 1008 3273 restituat,
1032 3210 1226 3259 nostra
1292 3206 1567 3275 inperiali
1607 3224 1715 3260 au-

17 3304 267 3355 ctoritate
317 3298 717 3353 constituendo
776 3295 1167 3367 pracipimus,
1222 3300 1278 3348 et
1321 3295 1716 3365 praecipiendo

15 3391 440 3443 conﬁrmamus.
500 3386 777 3441 Jubemus
852 3384 1029 3437 etiam
1094 3388 1265 3454 atque
1318 3383 1719 3438 interdicimus

11 3480 243 3547 praefato
299 3476 497 3530 abbati
530 3474 765 3543 suisque
798 3472 1218 3526 successoribus
1248 3472 1307 3525 in
1347 3480 1718 3542 perpetuum,

14 3582 75 3619 ne
106 3568 176 3620 de
209 3565 457 3635 reliquis
491 3563 771 3626 curtibus,
806 3561 1058 3615 ecclesiis
1108 3577 1173 3614 ac
1237 3562 1718 3631 possessionibus,

11 3672 131 3725 quae
188 3655 261 3708 ad
315 3653 669 3723 peculiarem
720 3650 1092 3722 praebendam
1161 3649 1405 3703 fratrum
1472 3650 1588 3704 Deo
1640 3650 1721 3703 ibi

12 3742 429 3796 famulantium
496 3757 530 3793 a
596 3738 811 3793 nostris
883 3737 1406 3808 prmdecessoribus
1490 3738 1723 3807 regibus

10 3837 58 3884 et
126 3828 611 3901 imperatoribus,
715 3826 1037 3897 Dagoberto
1127 3826 1413 3891 videlicet,
1446 3825 1719 3896 Pippino,

12 3921 239 3987 Carolo,
346 3917 653 3983 Ludovico,
713 3916 994 3982 Arnolfo;
1042 3915 1181 3968 item
1262 3914 1492 3979 Karolo,
1550 3914 1724 3967 Zien-

8 4007 257 4071 tiboldo,
320 4021 427 4059 nec
497 4021 615 4058 non
665 4022 699 4057 a
755 4004 938 4057 tribus
1009 4003 1335 4069 Ottonibus,
1414 4002 1474 4056 in
1527 4006 1725 4057 nostra

11 4112 197 4166 usque
233 4100 525 4163 tempora,
586 4097 640 4146 et
668 4108 776 4163 per
806 4109 909 4146 nos
956 4092 1128 4146 etiam
1178 4092 1440 4162 delegata
1487 4096 1621 4144 sunt
1670 4095 1727 4145 et

10 4200 294 4237 concessa
332 4184 501 4236 alicui
529 4182 597 4235 de
630 4180 964 4251 majoribus,
999 4182 1114 4234 sive
1144 4180 1340 4233 liberis
1372 4178 1721 4247 hominibus,

9 4279 109 4325 aut
150 4271 406 4325 alterius
440 4270 696 4324 Ecclesia:
727 4269 815 4323 vel
847 4269 1047 4323 alienas
1089 4266 1323 4321 familia).
1371 4266 1725 4337 quibuslibet

1829 3123 2055 3177 soribus
2084 3122 2392 3175 luminaria
2417 3120 2665 3175 ecclesiae
2696 3126 3035 3186 restaurare,
3089 3120 3330 3174 aediﬁcia
3359 3136 3526 3174 recu-

1828 3228 2053 3283 perare,
2115 3215 2189 3275 et,
2250 3226 2379 3280 quae
2428 3212 2747 3263 necessaria
2801 3210 3202 3263 tantummodo
3255 3209 3527 3263 fratribus

1830 3305 1986 3366 sunt,
2044 3315 2374 3369 procurare.
2428 3299 2505 3351 De
2563 3298 2813 3351 ccclesiis
2859 3314 2990 3351 vero
3046 3302 3102 3351 et
3156 3297 3224 3349 de
3258 3298 3527 3352 omnibus

1830 3406 1933 3461 per
1990 3393 2171 3441 totam
2230 3387 2517 3441 abbatiam
2576 3387 2762 3440 salicis
2817 3386 3318 3453 decimationibus,
3382 3388 3528 3441 nulli

1832 3476 2070 3532 omnino
2130 3475 2470 3529 beneﬁcium
2520 3476 2751 3545 aliquod
2837 3475 3071 3529 concedi
3115 3474 3525 3543 permittimus,

1832 3566 1926 3619 sed
1979 3564 2037 3617 in
2070 3580 2208 3615 usus
2238 3564 2553 3634 hospitum,
2587 3580 2929 3633 pauperum,
2987 3568 3042 3615 et
3088 3564 3527 3633 peregrinorum

1832 3650 2684 3724 perpetualiter{constituimus
2740 3656 2912 3721 atque
2962 3650 3267 3704 sancimus.
3303 3652 3529 3706 Consti-

1832 3743 2048 3797 tuimus
2074 3744 2355 3809 prasterea
2374 3741 2502 3807 hoc,
2525 3746 2581 3794 et
2611 3741 2715 3794 hac
2746 3745 2941 3793 nostra
2997 3739 3286 3807 imperiali
3334 3746 3530 3795 aucto-

1834 3830 1999 3884 ritate
2032 3827 2349 3893 ﬁrmamus,
2382 3833 2462 3893 ut,
2497 3828 2544 3880 si
2576 3829 2703 3899 quis
2759 3829 2995 3882 fortasse
3023 3828 3259 3881 illorum
3300 3834 3400 3882 aut
3427 3829 3533 3883 ﬁlii

1832 3919 2081 3974 ﬁliorum
2150 3932 2410 3983 suorum,
2461 3916 2671 3986 quibus
2720 3917 2870 3970 bona
2926 3921 2983 3969 et
3034 3917 3422 3985 possessiones
3474 3918 3529 3972 S.

1838 4006 2127 4063 Maximini
2160 4005 2645 4071 beneﬁciavimus,
2681 4006 2802 4059 sine
2832 4004 3057 4058 hasrede
3105 4003 3282 4057 fuerit
3338 4004 3537 4058 defun-

1835 4101 1980 4161 ctus,
2012 4093 2378 4160 beneﬁcium,
2404 4096 2489 4147 vel
2522 4094 2802 4164 quidquid
2831 4093 2901 4147 ab
2934 4091 3137 4145 eodem
3160 4091 3285 4146 loco
3324 4092 3536 4147 habere

1834 4184 1987 4236 visus
2010 4186 2115 4246 est,
2143 4182 2246 4235 sub
2274 4184 2367 4252 jus
2408 4188 2464 4236 et
2493 4182 2818 4235 dominium
2859 4180 3231 4251 praefatorum
3312 4186 3533 4235 sancto-

1835 4288 1966 4325 rum
1993 4276 2049 4324 et
2079 4270 2297 4323 abbatis
2337 4287 2400 4323 ac
2428 4270 2670 4323 fratrum
2729 4270 2909 4339 ipsius
2949 4270 3287 4322 monasterii
3342 4270 3538 4325 redeat

14 4358 426 4421 servitoribus,
505 4359 744 4428 quidam
820 4357 1182 4421 beneﬁciare,
1260 4357 1347 4409 vel
1400 4354 1469 4407 ab
1528 4371 1731 4409 eorum
1772 4344 1897 4415 Det
1944 4364 2213 4423 transeat,
2272 4365 2328 4412 et
2380 4360 2448 4413 ad
2489 4359 2951 4429 ampliﬁcandam
3009 4358 3534 4428 congregationem,

5 4450 140 4517 jure
176 4446 639 4517 quoquo’modo
690 4444 938 4499 alienare
967 4447 1324 4515 praesumant
1355 4460 1369 4497 :
1402 4444 1508 4497 hoc
1555 4448 1640 4497 est
1669 4444 1731 4497 in

14 4539 102 4590 his
126 4536 310 4598 locis,
339 4534 667 4599 Suabheim,
690 4533 1099 4599 Hesinesheim,
1161 4532 1531 4598 Brizinheim,
1563 4532 1731 4586 Ever-

81 4642 249 4711 (182)
290 4642 491 4711 Ezzoni
559 4639 808 4711 videlicet
849 4640 1122 4696 Palatimo
1175 4640 1402 4711 comiti._
1432 4639 1731 4711 ‘Ezrzonern

10 4708 116 4767 seu
146 4708 548 4775 Erenfridum,
580 4710 932 4763 conditorem
974 4715 1177 4779 postea
1223 4708 1468 4763 ccenobii
1525 4708 1733 4762 Browi-

6 4783 300 4845 lerensis,
363 4781 671 4834 Hermanni
722 4781 945 4833 comitis
976 4780 1219 4834 Palatini
1272 4781 1455 4834 ﬁlium
1503 4785 1737 4833 censent

7 4873 73 4909 ex
110 4851 425 4909 Mathilde.
459 4853 612 4917 Conf.
653 4851 868 4913 Tolner,
894 4851 985 4905 cit.
1020 4866 1154 4920 pag.
1188 4852 1277 4911 22,
1314 4854 1431 4904 not.
1471 4865 1517 4903 c.

84 4926 249 4994 (183)
299 4924 522 4975 Henrico
570 4923 723 4994 duci.
769 4922 958 4994 Fuisse
998 4922 1157 4994 hunc
1212 4922 1480 4994 Boiorum
1511 4920 1737 4994 Aducem

6 4990 510 5075 §igifridiﬂcom.
574 4994 640 5075 In
680 4992 1193 5075 Lucemburgensis
1269 5008 1337 5045 ex
1389 4990 1738 5075 ‘Ha-devviche

8 5061 247 5127 ﬁlium,
302 5063 674 5131 Kunegundis
728 5061 1298 5131 Augustaefratrem,
1350 5066 1406 5115 et
1458 5061 1741 5129 Maximia-

13 5152 247 5189 norum
265 5135 599 5187 advocatum
624 5132 759 5185 satis
788 5138 1028 5187 constat.

91 5208 265 5275 (184)
304 5205 503 5275 Οειοηὶί
531 5206 736 5275 comiti.
772 5205 888 5275 Hoc
935 5202 1476 5275 nominei'l‘olnerus
1543 5202 1594 5275 l._
1642 5201 1735 5275 cit,

14 5284 153 5330 not.
201 5272 537 5343 e'intelligit
571 5273 768 5327 Ezonis
824 5274 878 5328 S.
936 5274 1218 5327 Erenfridi
1266 5273 1445 5327 Rheni
1506 5272 1743 5341 palatini

14 5349 250 5411 ﬁlium,
296 5345 589 5413 patrisque
616 5360 769 5398 anno
806 5346 938 5399 1035
970 5345 1029 5397 in
1072 5343 1396 5398 Palatinatu
1453 5358 1741 5396 successo-

13 5436 179 5471 rem.
220 5416 333 5471 Alii
360 5416 580 5469 malunt
602 5418 870 5469 Ottonem
904 5416 1055 5468 hunc
1105 5431 1247 5482 esse,
1280 5413 1743 5468 Hammersteinii

16 5487 368 5542 Trevericre
426 5486 571 5538 arcis
628 5486 827 5539 Rheno
910 5485 1195 5555 impositae
1268 5485 1585 5555 dynastam,
1632 5484 1745 5555 qui

9 5559 195 5613 haud
247 5557 427 5610 multo
452 5562 581 5609 ante
604 5572 756 5609 nunc
782 5553 1021 5622 annum,
1046 5554 1417 5625 Irmingardaa
1448 5553 1742 5622 cujusdam

9 5627 381 5684 concubinae
415 5626 706 5681 amoribus
734 5626 1005 5697 ﬂagrans,
1052 5642 1183 5681 cum
1221 5626 1280 5678 in
1313 5625 1739 5695 Moguntiacen-

1842 4463 1945 4502 nec
1966 4463 2078 4499 non
2111 4447 2179 4500 ad
2213 4448 2399 4517 regale
2456 4448 2772 4512 servitium,
2832 4450 3111 4517 quantum
3171 4446 3347 4500 abbas
3402 4447 3537 4501 inde

1842 4537 1963 4590 sine
2003 4535 2347 4589 detrimento
2382 4536 2624 4589 aliarum
2660 4551 2853 4589 rerum
2888 4534 3139 4589 ecclesia:
3172 4534 3317 4589 bene
3366 4536 3541 4606 perﬁ-

1845 4656 1964 4694 sem
1998 4639 2489 4710 archiepiscopum
2508 4640 2993 4705 Erckenboldum,
3012 4639 3218 4692 vetitos
3246 4643 3542 4710 amplexus

1846 4712 2066 4782 acriter,
2093 4712 2487 4781 castigantem,
2532 4726 2690 4763 arma
2749 4710 3078 4782 intulisset,
3115 4716 3270 4763 metu
3332 4710 3540 4765 deinde

1848 4780 2072 4837 Henrici
2124 4780 2287 4851 imp.,
2336 4787 2392 4834 et
2442 4782 2695 4834 reventia
2749 4780 3017 4834 Aribonis
3067 4781 3541 4851 Moguntiacensis

1847 4850 2265 4923 archiepiscopi
2319 4852 2471 4905 diras
2530 4852 2915 4923 imprecantis,
2969 4850 3269 4923 fraudibus
3326 4852 3541 4903 illicitis

1847 4923 2102 4991 abjectis,
2175 4921 2363 4976 furere
2439 4923 2622 4976 desiit.
2660 4921 2784 4974 Vid.
2837 4922 3072 4975 Joannis
3111 4924 3232 4976 Her.
3294 4923 3536 4987 Mogunt.

1848 4998 1988 5047 tom.
2011 4992 2202 5063 I,pag.
2237 4994 2360 5045 461.

1920 5059 2101 5141 (185);
2120 5059 2432 5141 SErvitiym.
2468 5062 2936 5141 gertapecuniae
2977 5061 3286 5141 quantitas.
3336 5059 3542 5141 Confer

1850 5130 2286 5204 tamen'Spener
2312 5135 2428 5186 Jur.
2462 5134 2615 5187 Publ.
2651 5130 2750 5187 lib.
2785 5150 2840 5195 ιι,
2864 5130 3164 5204 εᾷρίΧῘηξ
3195 5134 3246 5195 6,
3269 5136 3384 5183 not.
3414 5146 3465 5204 (ἒ

1923 5206 2061 5271 (186)
2109 5200 2179 5259 ’1η
2218 5218 2362 5272 pago
2412 5206 2693 5257 Drachere.
2767 5203 2929 5258 Haud
2988 5202 3227 5272 dubium
3282 5206 3367 5254 est
3420 5200 3540 5253 Tri-

1850 5270 2106 5328 choriam
2150 5270 2310 5327 illam
2356 5290 2476 5327 esse
2514 5280 2762 5327 veterem
2819 5288 3020 5342 agrum
3078 5270 3277 5324 Rheno
3318 5276 3543 5325 conter-

1853 5360 2099 5399 minum.

1924 5416 2071 5483 (187)
2135 5412 2227 5466 Ad
2262 5482 2265 5483 ν
2299 5415 2561 5479 sagimen.
2609 5412 2896 5483 saginam,
2970 5411 3252 5480 sagimen,
3328 5416 3546 5465 veteres

1854 5482 2119 5540 dioebant
2143 5482 2517 5547 moderatam,
2549 5482 2841 5541 lautitiam,
2884 5497 2997 5549 qua
3021 5488 3241 5548 ascetze,
3268 5488 3546 5552 perpetuo

1856 5557 1939 5609 rei
1982 5554 2188 5609 divinas
2241 5554 2397 5605 cultu
2492 5552 2705 5604 viribus
2761 5553 3060 5617 attenuati,
3111 5553 3254 5605 fessa
3307 5552 3547 5606 subinde

1858 5641 2100 5696 corpora
2133 5627 2472 5677 recrearent.
