3920 6190
441 280 536 333 371
1741 278 1798 333 8.
1847 278 2131 335 HENRICI

2261 276 2639 334 PERATORIS
3739 295 3816 346 3,,

440 416 569 456 cere.
598 400 800 472 possit,
825 400 1039 474 absque
1097 401 1258 457 omni
1285 401 1738 457 contradictione
1767 407 2125 472 permaneat.
2157 404 2206 456 Α
2243 418 2360 471 cus,
2390 401 2585 456 divina
2608 399 2836 455 favente
2886 397 3214 466 clementia,
3249 397 3596 459 Romanorum
3626 406 3819 480 impera-

444 493 689 560 Insuper
729 490 899 544 etiam
952 491 1321 546 concedimus
1386 494 1558 562 atque
1629 491 2013 562 pracepimus
2074 495 2141 544 ut

441 581 596 634 idem
627 579 800 633 abbas
827 579 1030 651 suique
1087 596 1436 634 successores
1495 583 1844 650 potestatem
1892 579 2142 634 habeant

443 667 763 723 advocatias
795 684 996 722 omnes
1026 667 1360 723 monasterii
1396 667 1505 735 sui,
1564 668 1656 721 cui
1689 667 1883 734 velint,
1941 667 2134 736 dandi,

436 755 830 829 justojudicio
863 757 1118 811 tollendi.
1191 759 1256 811 Et
1295 761 1358 810 ut
1400 755 1658 810 advocati
1715 755 1869 826 (l88)
1913 756 2138 810 nullum

444 848 574 916 post
601 860 660 898 se
689 859 900 915 ponere
934 845 1204 911 audeant,
1255 844 1355 915 qui
1414 848 1645 898 vocetur
1697 845 2136 915 proadvocatus,

444 934 786 1004 nullumque
816 933 1090 1004 placitum
1121 937 1330 1004 prater
1359 933 1469 987 tria
1491 933 1624 1003 jure
1653 933 1846 988 dedita
1874 933 1935 988 in
1965 933 2140 988 abba-

447 1024 527 1078 tia
554 1027 746 1077 tenere
810 1027 1182 1092 prasumant,
1217 1039 1321 1077 nec
1367 1022 1637 1094 cuiquam
1689 1022 1919 1077 illorum
1974 1022 2146 1076 liceat

447 1112 638 1182 aliqua
667 1110 934 1165 violentia
964 1111 1263 1167 hominem
1295 1127 1552 1182 gravare,
1586 1115 1684 1166 aut
1711 1111 1766 1164 vi
1794 1110 1942 1181 (189)
1973 1126 2134 1181 para-

446 1200 680 1255 veredos
734 1216 954 1268 eorum,
1015 1205 1116 1254 aut
1167 1215 1377 1270 pecora
1414 1199 1636 1267 tollere,
1688 1201 1778 1253 vel
1824 1200 2142 1270 quidquam

447 1305 619 1360 super
681 1288 951 1342 ofﬁciales
999 1294 1098 1342 aut
1161 1287 1459 1342 ministros
1542 1287 1659 1341 sive
1723 1287 2143 1342 mansionarios

448 1395 545 1432 seu
575 1377 772 1431 omnia
789 1378 925 1446 jura
951 1377 1171 1432 abbatis
1208 1377 1569 1431 constituere.
1606 1378 1672 1430 Et
1706 1382 1768 1430 ut
1813 1377 1923 1432 hoc
1955 1382 2146 1431 aucto-

449 1465 634 1520 ritatis
660 1471 869 1519 nostra
920 1471 1273 1536 praceptum
1305 1465 1438 1519 inde
1487 1464 1876 1535 conscriptum
1907 1467 2142 1520 ﬁrmum

453 1559 509 1609 et
537 1553 737 1608 stabile
768 1569 996 1624 semper
1024 1559 1376 1624 permaneat,
1419 1569 1534 1608 non
1584 1555 1769 1608 solum
1801 1554 1912 1608 hoc
1967 1569 2144 1609 manu

453 1643 688 1717 propria
717 1641 1095 1710 ﬁrmavimus,
1127 1648 1184 1696 et
1208 1643 1380 1713 sigilli
1410 1643 1587 1698 nostri
1626 1643 2000 1714 impressione
2054 1643 2144 1697 in-

453 1731 974 1802 signirijussimus,
1034 1749 1233 1786 verum
1277 1733 1468 1796 etiam,
1526 1737 1587 1786 ut
1643 1733 1885 1788 ﬁrmiori
1952 1737 2145 1787 aucto-

454 1820 623 1874 ritate
653 1821 912 1890 polleret,
947 1821 1259 1874 beatissimi
1293 1820 1475 1875 Patris
1505 1821 1688 1876 nostri
1747 1821 1948 1876 domui
1988 1821 2145 1876 vide-

455 1909 584 1963 licet
614 1908 922 1975 Benedicti,
955 1909 1103 1963 sedis
1134 1910 1462 1980 apostolica
1491 1910 1753 1980 prasulis
1781 1910 2147 1981 privilegium

454 1997 585 2051 inde
611 1998 1018 2068 conscriptum,
1051 2001 1108 2052 et
1135 1999 1447 2068 apostolica
1509 2001 1851 2053 auctoritate
1909 1999 2146 2053 robora-

459 2091 598 2150 tum,
629 2087 865 2157 prafato
918 2087 1174 2141 coenobio
1222 2087 1482 2141 obtinere
1531 2087 1897 2142 meruimus:
1952 2093 2032 2156 ut,
2078 2087 2146 2153 si,

456 2175 607 2245 quod
654 2174 824 2228 absit!
867 2175 1075 2246 aliquis
1131 2191 1520 2229 successorum
1573 2181 1907 2231 nostrorum
1945 2192 2148 2247 regum

453 2263 542 2317 vel
569 2263 1004 2333 imperatorum,
1036 2263 1320 2318 diabolica
1349 2263 1614 2318 aviditate
1633 2269 1956 2336 corruptus,
1989 2264 2153 2335 quid-

454 2367 630 2423 quam
651 2352 719 2406 de
741 2352 830 2406 his
869 2368 998 2423 qua
1027 2351 1251 2422 praefati
1280 2368 1432 2423 sape
1480 2353 1816 2407 monasterii
1879 2352 2152 2407 fratribus

453 2441 523 2494 ad
554 2441 811 2511 quietem
830 2441 1061 2495 illorum
1092 2440 1518 2506 constituimus,
1578 2441 1921 2496 imminuere
1961 2445 2150 2496 tenta-

456 2529 620 2595 verit,
665 2529 838 2583 abbas
868 2531 967 2601 qui
997 2535 1133 2584 tunc
1172 2530 1253 2584 ibi
1291 2545 1540 2601 praesse
1570 2529 1876 2598 videbitur,
1929 2547 1993 2585 ac
2044 2530 2152 2585 fra-

457 2622 572 2670 tres
603 2617 780 2672 libere
809 2617 1178 2688 apostolicam
1219 2618 1434 2685 sedem,
1471 2618 1563 2672 cui
1590 2618 1743 2672 idem
1770 2619 1928 2672 locus
1957 2634 2152 2672 sacra-

456 2705 708 2760 tissimus
747 2707 851 2760 sub
881 2706 1130 2777 antiquis
1162 2707 1516 2776 temporibus
1569 2706 1927 2761 Constantini
1970 2707 2152 2778 impe-

456 2795 664 2848 ratoris
689 2799 746 2849 et
783 2796 1012 2849 Helena
1044 2795 1244 2849 matris
1274 2795 1432 2850 illius
1476 2795 1732 2850 addictus
1771 2811 1893 2850 esse
1941 2796 2154 2866 digno-

457 2883 650 2948 scitur,
681 2883 1022 2937 ﬁducialiter
1049 2884 1360 2954 appellent,
1395 2888 1454 2936 et
1481 2883 1552 2937 ad
1585 2899 1712 2936 eam
1742 2883 1907 2954 quasi
1947 2883 2054 2937 ﬁlii
2084 2882 2155 2936 ad

2244 494 2334 545 tor
2363 493 2678 560 Augustus.

2319 577 2548 648 Regalis
2581 575 2937 632 excellentia
2957 579 3012 629 et
3041 575 3348 647 imperialis
3365 577 3680 636 sublimitatis
3699 585 3827 642 bene-

2246 667 2554 722 volentiam
2602 666 2761 720 decet
2837 669 2898 719 ut
2950 664 3215 720 ecclesias
3267 680 3365 735 per
3415 667 3585 722 orbem
3616 675 3828 731 terrarum

2246 759 2420 827 longe
2447 757 2672 826 lateque
2695 754 2796 809 Dei
2825 754 3044 808 honore
3091 757 3429 808 constructas
3477 755 3619 811 donis
3644 760 3832 830 ingenti-

2247 846 2353 900 bus
2409 844 2739 914 ampliﬁcet,
2793 843 3042 898 maxime
3083 841 3136 897 S.
3196 843 3471 898 Benedicti
3519 861 3688 902 norma
3732 851 3831 904 insi-

2248 934 2434 1006 gnitas
2449 948 2553 1004 per
2576 933 2770 986 omnia
2800 932 3054 1002 adjuvet,
3084 946 3150 984 ac
3183 930 3372 1001 vigore
3423 934 3605 1003 regalis
3628 939 3832 1006 potentis:

2250 1041 2281 1077 a
2299 1020 2905 1094 pervasoribusimpiis
2927 1020 3241 1075 secundum
3254 1036 3414 1074 suum
3440 1037 3584 1092 posse
3613 1023 3833 1082 defendat.

2249 1117 2306 1166 et
2334 1112 2462 1166 ideo
2494 1111 2636 1164 scire
2675 1109 2805 1163 volo
2827 1113 2942 1162 tam
2971 1113 3285 1180 praesentes
3315 1125 3476 1180 quam
3499 1111 3684 1165 futuros
3706 1115 3833 1169 Eccle-

2250 1200 2348 1254 sia
2396 1199 2592 1253 ﬁdeles
2631 1198 2786 1270 quod
2827 1197 3064 1268 quidam
3094 1197 3430 1252 venerabilis
3488 1199 3829 1271 Mosomagensis

2249 1288 2501 1343 ecclesia
2529 1287 2724 1356 abbas,
2784 1291 3147 1356 nuncupatus
3181 1287 3346 1352 Boso,
3393 1286 3522 1340 adiit
3561 1290 3827 1358 prasentiam

2249 1382 2458 1434 nostra
2481 1376 2819 1444 serenitatis,
2867 1375 3168 1431 humiliter
3205 1392 3408 1446 rogans
3460 1381 3511 1430 et
3536 1384 3702 1446 petens
3740 1395 3831 1450 qua-

2250 1473 2419 1522 tenus
2462 1466 2678 1538 pradia
2707 1482 2837 1537 qua
2868 1465 2926 1520 in
2957 1481 3160 1535 regno,
3221 1464 3322 1519 Dei
3379 1466 3671 1531 clementia,
3696 1474 3833 1520 nostra

2250 1555 2550 1627 potestatis
2579 1555 2686 1608 sita
2732 1554 3036 1623 habentur,
3067 1557 3126 1607 et
3175 1570 3207 1606 a
3233 1552 3490 1607 ﬁdelibus
3510 1552 3598 1606 Dei
3629 1553 3724 1606 loco
3744 1570 3826 1606 san.

2255 1650 2359 1700 cta
2384 1643 2570 1699 Maria
2601 1641 3046 1714 Mosomageusis
3076 1641 3326 1697 ecclesia
3354 1641 3575 1712 prafato
3623 1640 3742 1694 ﬁdeli
3772 1642 3832 1695 de-

2255 1734 2484 1790 votione
2529 1731 2740 1787 tradita
2799 1735 3133 1798 noscuntur,
3201 1729 3528 1784 auctoritate
3547 1729 3700 1796 nostri
3740 1747 3832 1800 pra-

2255 1824 2402 1895 cepti
2459 1821 2894 1893 prohiberemus
2969 1836 3042 1874 ne
3101 1819 3170 1874 ab
3220 1817 3539 1873 infidelibus
3590 1817 3690 1882 Dei,
3740 1817 3838 1887 quod

2257 1911 2428 1967 absit!
2464 1909 2940 1972 distrahereutur,
2968 1907 3058 1962 vel
3088 1907 3303 1977 injuste
3320 1906 3746 1977 opprimerentur.
3769 1906 3840 1957 Nos

2254 2016 2386 2054 vero
2417 1998 2901 2068 pradecessorum
2960 1999 3289 2050 nostrorum
3340 1993 3588 2049 videlicet
3633 1993 3842 2047 Romano-

2256 2104 2386 2142 rum
2442 2087 2859 2157 imperatorum
2899 2086 3295 2154 Augustorum
3352 2097 3560 2136 morem
3605 2086 3840 2150 sequentes,

2258 2177 2380 2247 ejus
2411 2173 2786 2246 petitionibus
2817 2187 3113 2226 assensum
3165 2170 3531 2241 prabuimus,
3561 2173 3612 2223 et
3651 2183 3733 2238 per
3753 2183 3844 2236 pra»

2257 2273 2486 2336 ceptum
2526 2267 2734 2317 nostra
2773 2260 3129 2316 auctoritatis
3167 2259 3430 2330 quamvis
3482 2257 3773 2329 parvissima
3802 2254 3844 2306 ad

2258 2353 2558 2424 prafatum
2590 2355 2800 2405 sancta
2827 2349 3016 2404 Maria
3037 2348 3293 2404 ecclesia
3324 2349 3509 2402 locum
3549 2345 3639 2400 Dei
3665 2362 3691 2398 a
3719 2343 3848 2398 ﬁdeli-

2257 2443 2364 2497 bus
2385 2441 2446 2495 in
2468 2440 2703 2494 nomine
2732 2438 2963 2493 Domini
2986 2438 3118 2492 data
3169 2438 3588 2501 conﬁrmamus,
3616 2438 3663 2487 et
3696 2440 3743 2485 ut
3765 2447 3852 2501 pcr-

2257 2529 2561 2602 petualiter
2589 2528 2784 2600 quiete
2814 2531 2872 2581 et
2896 2527 3112 2598 absque
3165 2526 3286 2580 ulla
3343 2524 3661 2596 repetitione
3685 2520 3853 2575 ecclesia

2261 2626 2470 2677 sancta
2493 2621 2679 2675 Maria
2712 2623 2933 2674 teneret
2963 2618 3462 2673 corroboravimus
3491 2637 3502 2673 :
3541 2615 3761 2670 videlicet
3781 2617 3855 2665 tres

2261 2710 2523 2766 ecclesias
2553 2709 2613 2763 in
2642 2709 2858 2763 honore
2888 2707 3068 2761 sancti
3099 2706 3376 2777 Dionysii,
3407 2704 3573 2759 sancti
3597 2701 3778 2757 Martini
3822 2702 3856 2750 et

2261 2804 2470 2854 sancta
2502 2797 2800 2854 Geuovefa
2828 2796 2890 2850 in
2920 2795 3181 2867 ejusdem
3241 2794 3568 2849 monasterii
3610 2791 3724 2845 villa
3746 2789 3853 2844 sitas.

2263 2904 2392 2942 cum
2415 2885 2580 2941 terris
2609 2890 2667 2939 et
2685 2884 2952 2939 omnibus
2989 2884 3345 2954 appendiciis
3372 2882 3506 2947 suis,
3563 2886 3616 2934 et
3656 2877 3854 2932 medieta-

461 2975 704 3025 matl‘em
723 2972 1076 3042 confugiant,
1104 2978 1166 3026 ut
1197 2973 1269 3026 ab
1295 2988 1383 3038 ea,
1417 2972 1582 3025 Sicuti
1614 2972 1855 3042 dignum
1885 2976 1991 3039 est,
2039 2972 2146 3025 ful-
2183 2979 2224 3034 C
2262 2981 2376 3031 tem
2401 2974 2635 3030 mercati
2666 2973 2924 3044 ejusdem
2972 2972 3102 3039 loci,
3131 2977 3183 3026 et
3215 2972 3536 3026 districtum
3573 2974 3625 3024 et
3672 2967 3856 3021 bannum

461 3058 579 3126 citi,
610 3064 709 3113 aut
738 3075 804 3113 ea
833 3076 961 3130 qua
989 3061 1124 3115 inde
1169 3061 1509 3116 abstulimus
1536 3059 1686 3114 bona
1723 3076 1823 3113 sua
1851 3059 2150 3128 recipiant,

462 3151 561 3202 aut
589 3149 743 3219 quod
773 3165 878 3202 nos
903 3166 1003 3219 pro
1028 3150 1200 3204 tantis
1250 3149 1417 3203 bonis
1464 3153 1522 3202 et
1584 3147 2041 3218 possessionibus
2091 3149 2148 3203 S.

459 3237 694 3290 Joannis
725 3241 781 3290 et
800 3237 852 3291 S.
887 3237 1176 3291 Maximini
1207 3237 1344 3291 inde
1381 3237 1603 3291 abbatis
1634 3237 1703 3290 ad
1757 3237 2154 3307 quietudinem

459 3325 692 3379 illorum
743 3325 1134 3379 ordinavimus
1183 3331 1354 3396 atque
1406 3325 1782 3392 ﬁrmavimus,
1841 3324 2156 3396 apostolica

465 3413 797 3468 auctoritate
826 3413 1100 3481 roborati,
1127 3413 1389 3468 obtinere
1421 3413 1788 3484 pravaleant.

532 3503 760 3571 Signum
835 3503 1022 3557 domni
1090 3504 1334 3558 Heinrici
1396 3505 1756 3558 Romanorum
1813 3503 2158 3556 invictissimi

462 3592 808 3660 imperatoris
837 3593 1098 3660 Augusti.

533 3681 880 3735 Guntherius
927 3680 1299 3735 cancellarius
1350 3679 1468 3734 vice
1505 3677 1771 3735 Aribonis
1803 3677 2158 3750 archicapel—

465 3769 579 3823 lani
612 3769 940 3839 recognovi.

533 3858 674 3912 Data
705 3875 784 3913 1v.
816 3859 896 3914 Id.
931 3858 1218 3924 Decemb.,
1253 3857 1571 3912 indictione
1630 3873 1706 3924 v1,
1771 3872 1922 3912 anno
1961 3855 2156 3910 Domi-

464 3945 607 4000 nica
687 3946 1096 4001 incarnationis
1168 3947 1303 4001 1023
1385 3945 1538 4015 (190)
1619 3961 1768 3999 anno
1817 3944 2018 3998 domui
2068 3959 2159 3999 se-

463 4035 636 4089 cundi
666 4036 918 4091 Heinrici
947 4035 1245 4106 regnantis
1273 4053 1428 4090 χχιιι.
1460 4036 1690 4106 imperii
1747 4040 1941 4090 autem
1961 4052 2013 4091 x.

535 4127 737 4178 Actum
767 4123 828 4178 iu
854 4123 1136 4190 Triburia,
1169 4123 1328 4194 regia
1355 4123 1511 4192 villa,
1567 4122 1781 4194 palatio
1814 4123 2066 4194 publico,
2097 4125 2160 4179 in

469 4211 568 4266 Dei
595 4212 853 4268 nomine.
885 4215 1088 4267 Amen.
1124 4215 1322 4266 Amen.

1222 4351 1410 4406 CXXX.

465 4476 522 4531 S.
577 4476 800 4531 Henrici
845 4477 900 4530 ΙΙ
942 4476 1286 4545 imperatoris
1338 4473 1580 4558 diploma
1604 4488 1706 4544 pro
1731 4473 1956 4529 abbatia
1984 4475 2158 4530 Mosa-

1181 4561 1448 4614 magensi.

1118 4669 1306 4740 (Anno
1329 4671 1512 4737 1023.)

503 4812 669 4887 [Hist.
727 4813 1125 4881 ecclésisatique
1175 4817 1226 4867 et
1249 4814 1413 4939 εἰπὲῗὲ
1442 4812 1541 4954 ]du
1592 4811 1800 4868 diocese
1836 4812 1903 4866 de
1952 4815 2120 4868 Laon.

1145 4900 1276 4954 pag.
1423 4928 1433 4938 .

1145 4900 1276 4955 pag.
1312 4900 1433 4939 ouz.

533 5013 598 5067 In
628 5010 864 5065 nomine
894 5013 1103 5064 sancta
1133 5013 1191 5064 et
1220 5008 1536 5063 individua
1577 5007 1894 5072 Trinitatis,
1943 5009 2159 5063 HENRI-

534 5117 676 5187 (188)
701 5117 972 5172 Advocati
1003 5116 1213 5170 nullum
1235 5119 1360 5184 post
1405 5129 1461 5169 se
1493 5130 1708 5187 ponere
1745 5113 2002 5180 audeant,
2062 5115 2160 5183 qui

463 5185 677 5242 vocetur
753 5188 1191 5258 proadvocatus,
1257 5187 1570 5258 nullumque
1647 5185 1912 5258 placitum
1960 5191 2159 5253 prater

466 5261 597 5322 tria,
647 5255 771 5312 etcf
805 5258 1119 5312 Notabilem
1181 5257 1334 5310 hunc
1392 5256 1579 5309 locum
1654 5255 1877 5308 censuit
1963 5260 2160 5310 auctor

465 5328 729 5382 Chronici
761 5329 1173 5394 Gottwicensis,
1206 5343 1336 5397 pag.
1373 5329 1495 5392 235,
1530 5341 1702 5396 quem
1735 5326 1882 5379 vide.

537 5399 690 5467 (189)
738 5400 1126 5452 Paravcredos.
1177 5396 1376 5452 Veredi
1430 5398 1695 5467 jumenta
1742 5401 1875 5449 sunt
1921 5412 2049 5466 qua
2089 5396 2157 5451 ad

464 5469 811 5522 celeritatem
852 5485 955 5539 per
976 5469 1272 5523 intervalla
1303 5468 1712 5539 disponuntur,
1749 5484 1778 5520 a
1832 5467 2026 5522 rhedis
2071 5483 2160 5522 ve-

463 5539 670 5594 hendis
701 5539 870 5593 dicta.

537 5609 683 5680 (190)
714 5611 874 5666 Anno
910 5625 1034 5664 vero
1090 5611 1304 5664 Domini
1350 5609 1593 5664 Heinrici
1647 5609 1924 5673 regnantis
1956 5624 2154 5662 uxxm.

2261 3080 2460 3122 eorum
2499 3062 2804 3117 hominum
2835 3067 2891 3116 et
2919 3061 3268 3116 feminarum
3301 3060 3401 3132 qui
3429 3060 3486 3114 in
3505 3058 3682 3112 eadem
3707 3053 3802 3106 villa
3817 3050 3860 3103 ad

2261 3153 2444 3224 ipsius
2482 3151 2593 3206 loci
2624 3149 3036 3204 monasterium
3067 3150 3362 3220 pertinent
3399 3149 3468 3203 de
3499 3147 3684 3218 capite,
3706 3149 3750 3196 et
3770 3156 3862 3211 qua-

2261 3248 2394 3298 tuor
2422 3241 2584 3294 villas
2629 3255 2875 3310 quarum
2921 3239 3045 3292 hac
3069 3242 3204 3292 sunt
3231 3237 3470 3292 nomina
3499 3253 3512 3290 ς
3570 3231 3863 3288 Breveliacum

2263 3347 2393 3386 cum
2453 3328 2712 3396 ecclesia,
2765 3327 2983 3381 Seciam
3073 3342 3204 3380 cum
3281 3325 3533 3392 ecclesia,
3579 3323 3740 3378 Odunt
3781 3330 3863 3369 cum

2265 3418 2521 3484 ecclesia,
2554 3416 2933 3472 Remiliacum
2964 3431 3095 3469 cum
3128 3414 3288 3469 silvis
3319 3419 3378 3469 et
3432 3412 3676 3468 omnibus
3714 3419 3864 3476 appen-

2265 3507 2430 3564 diciis
2458 3507 2612 3572 suis;
2637 3505 2696 3559 in
2725 3505 2861 3559 villa
2913 3504 3156 3558 Allicurt
3202 3519 3474 3558 mansum
3524 3515 3645 3555 cum
3674 3493 3865 3551 omnibus

2263 3593 2615 3668 appendiciis
2663 3593 2800 3647 suis.
2871 3593 2936 3646 In
2991 3592 3126 3646 villa
3184 3593 3431 3646 Duziaco
3483 3587 3744 3644 ecclesiam
3781 3593 3864 3633 cum

2266 3685 2488 3740 duabus
2513 3681 2746 3753 capellis
2776 3685 2834 3736 et
2863 3679 3088 3735 duobus
3139 3681 3378 3735 mansis.
3406 3681 3470 3735 In
3526 3676 3725 3735 Titania
3744 3681 3866 3724 unum

2266 3788 2565 3839 mansum;
2611 3771 2672 3824 in
2705 3769 2839 3823 villa
2871 3769 3216 3823 Hercumbre
3273 3768 3570 3824 ecclesiam
3599 3779 3712 3819 cum
3743 3757 3868 3812 tribus

2266 3857 2526 3929 capellis;
2577 3855 2638 3910 in
2689 3860 2887 3909 monte
2934 3854 2988 3910 S.
3044 3855 3296 3924 Remigii
3347 3853 3655 3919 ecclesiam,
3705 3847 3754 3902 in
3779 3843 3869 3898 lier-

2267 3946 2559 4001 mannisve
2621 3943 2917 3999 ecclesiam
2969 3959 3098 3998 cum
3140 3944 3360 4015 capella
3392 3959 3534 4009 una;
3564 3941 3622 3994 in
3646 3937 3870 3991 villmec-

2266 4035 2497 4090 clesiam
2542 4049 2748 4100 uuam;
2775 4033 2836 4086 in
2858 4032 2990 4086 villa
3037 4032 3252 4088 Sedens
3295 4037 3415 4087 tres
3471 4034 3651 4104 partes
3688 4019 3871 4080 Ecclesia

2267 4140 2399 4179 cum
2427 4123 2634 4188 terris;
2677 4123 2737 4175 in
2768 4121 2974 4176 Butoni
2994 4126 3153 4176 curte
3203 4121 3504 4176 ecclesiam
3539 4133 3659 4173 cum
3687 4109 3871 4199 icapellat

2270 4213 2332 4267 in
2358 4211 2573 4267 Rudini
2602 4214 2797 4264 monte
2841 4209 3145 4265 dimidiam
3199 4210 3533 4276 ecclesiam;
3593 4206 3649 4260 in
3697 4196 3874 4257 Amblini

2271 4305 2467 4356 monte
2496 4298 2792 4354 ecclesiam
2818 4314 3026 4365 unam;
3055 4298 3114 4352 in
3144 4299 3408 4354 Givunna
3464 4301 3697 4368 quatuor
3717 4298 3876 4375 ωερεοξ

2267 4393 2324 4443 et
2361 4387 2589 4442 tertiam
2639 4390 2863 4457 partem
2917 4387 3198 4454 ecclesia;
3249 4387 3312 4442 in
3373 4387 3616 4442 Purione
3673 4373 3877 4450 superiori

2265 4477 2560 4532 ecclesiam
2591 4491 2795 4542 unam;
2838 4475 2900 4529 in
2949 4475 3142 4530 Evrini
3173 4481 3372 4530 monte
3421 4487 3675 4530 mansum
3721 4478 3879 4521 unum;

2265 4567 2326 4621 in
2357 4566 2491 4620 villa
2521 4563 2821 4620 Hannonia
2853 4563 3109 4619 alodium
3138 4581 3269 4619 cum
3302 4563 3650 4624 molendiuo,
3705 4551 3880 4610 silvisel

2265 4655 2534 4710 omnibus
2563 4652 2915 4724 appendiciis
2939 4653 3080 4720 suis,
3111 4669 3285 4724 quem
3353 4653 3518 4707 dedit
3563 4639 3880 4718 Helgodus;in

2269 4742 2513 4798 Bertoldi
2560 4745 2728 4812 ,'curte
2783 4740 3039 4795 alodium
3114 4757 3244 4796 cum
3300 4739 3648 4800 molendiuo,
3694 4730 3815 4787 silvis
3847 4726 3882 4775 et

2265 4831 2536 4886 omnibus
2565 4829 2920 4901 appendiciis
2951 4829 3086 4896 suis,
3105 4846 3278 4901 quem
3317 4829 3484 4884 dedit
3511 4823 3793 4882 Amalricus
3814 4827 3883 4884 pro

2267 4921 2460 4975 anima
2483 4919 2669 4974 fratris
2691 4919 2921 4986 Olonis;
2985 4923 3040 4972 et
3091 4919 3151 4972 in
3209 4920 3330 4973 loco
3381 4917 3484 4989 qui
3532 4913 3724 4970 dicitur
3772 4904 3884 4960 Villis

2267 5009 2541 5074 alodium,
2564 5023 2737 5078 quem
2760 5006 2918 5062 dedit
2937 5007 3060 5077 jam
3085 5007 3269 5062 dictus
3297 5005 3622 5061 Amalricus
3645 5015 3738 5072 pro
3760 4997 3887 5049 matr?-

2265 5113 2506 5168 Ponitur
2535 5129 2717 5166 aunus
2773 5128 2948 5166 nxxm
3002 5111 3126 5165 loco
3168 5128 3344 5176 χχχιι,
3390 5109 3545 5182 quod
3598 5104 3808 5182 οςοιιΐτῆί
3851 5108 3885 5145 ¹¹¹

2266 5184 2529 5255 pluribus
2572 5183 2698 5237 aliis
2759 5183 2970 5237 chartis
3003 5183 3196 5255 relatis
3251 5182 3308 5235 iu
3355 5179 3560 5255 Chron.
3621 5179 3886 5255 Gpttwicmj

2267 5248 2400 5310 tom.
2439 5255 2482 5320 l,
2513 5271 2570 5325 p.
2603 5256 2726 5308 242.
2790 5253 3053 5308 Excusari
3101 5253 3158 5306 id
3209 5259 3422 5325 potest,
3478 5248 3750 5305 dicendo:
3797 5249 3889 5325 apti}

2270 5328 2404 5379 1022
2463 5310 2795 5394 superstites
2847 5340 3072 5377 menses
3142 5310 3246 5393 prb
3304 5310 3536 5393 integro
3592 5333 3746 5381 anno,
3793 5310 3889 5394 alia!

2266 5396 2471 5450 deinde
2501 5392 2723 5449 menses
2753 5396 3047 5467 anni‘1023
3081 5392 3308 5467 rursum
3341 5392 3452 5463 pro
3480 5399 3761 5467 toto_an_no
3785 5392 3890 5467 fuit};

2265 5472 2495 5538 putatos
2556 5483 2708 5538 esse;
2740 5465 2915 5537 :quod
2953 5465 3190 5538 notariis
3216 5444 3372 5538 _seur
3401 5456 3738 5538 cancellariis
3785 5444 3890 5538 haud

2267 5533 2439 5592 fuisse
2481 5533 2816 5608 infrequens
2870 5551 2972 5590 nos
3009 5535 3134 5605 jam
3177 5536 3315 5590 alias
3345 5533 3640 5589 monuisse
3687 5534 3890 5581 meminr

2268 5623 2415 5662 mus.
