4016 6202
146 258 247 310 373
1412 252 1810 315 DIPLOMATA
1853 258 2405 316 ECCLESIASTICA.
3568 267 3676 324 374

142 399 273 450 sua;
327 386 384 436 et
412 381 471 435 in
500 380 638 435 villa
676 380 886 435 Falisia
912 380 1160 436 alodium
1190 395 1317 435 cum
1348 380 1721 451 molendino,
1772 385 1865 439 sil-
1898 386 1945 439 Α
2715 389 2933 447 CXXXI.

140 473 226 525 Vis
254 476 318 565 ei
343 470 613 565 οφηίῧυε
655 470 1013 565 ἔρρθρξίίοίίε
1040 470 1415 565 δυξένμίῖῠῗξῃ
1478 471 1664 565 dedit;
1699 473 1867 565 Wiri'
1980 492 2035 548 S.
2066 493 2328 546 Henricus
2379 492 2636 547 Ecclesia
2691 496 3083 563 Pergamensis,
3122 499 3333 565 petente
3388 497 3673 555 Ambrosio

140 578 241 615 cus
272 562 549 625 clericus;
587 564 647 613 et
675 559 738 612 in
768 559 903 613 villa
932 575 1059 629 qua
1097 559 1295 613 dicitur
1329 557 1562 625 Nonas,
1596 562 1868 616 aliodium
2359 567 2628 633 episcopo,
2657 557 2955 634 privilegia
2984 557 3287 635 conﬁrmat.

142 666 275 703 cum
312 648 673 713 molendino,
704 647 863 701 silvis
892 652 947 701 et
978 646 1320 718 appendiciis
1372 646 1528 715 suis,
1563 667 1736 721 quem
1770 650 1865 703 de-
2615 654 2798 721 (Anno
2851 656 3033 725 1023.)

144 740 225 793 dit
292 738 595 793 Jozbertus
657 736 934 802 clericus;
992 742 1049 790 et
1076 737 1132 790 in
1174 737 1552 791 Eomloncare
1615 740 1866 794 alodium
2333 740 2607 809 lUghelli,
2630 743 2796 796 Italia
2842 758 3020 808 sacra,
3054 759 3125 808 ιν,
3161 741 3313 815 441.]

141 844 269 883 cum
308 826 691 893 molendinis,
725 826 905 879 vineis
934 830 990 879 et
1018 826 1285 879 omnibus
1316 827 1679 894 appendiciis
1729 827 1867 893 suis,
2053 829 2111 880 In
2144 827 2378 881 nomine
2413 834 2624 882 sancta
2658 834 2716 883 et
2772 830 3082 884 individua
3138 832 3447 901 Trinitatis,
3504 835 3673 889 Ham-

142 931 324 985 quem
356 912 516 967 dedit
548 914 770 977 Emma,
826 928 969 965 uxor
999 911 1286 978 Dudonis;
1316 918 1373 965 et
1404 912 1465 965 in
1498 914 1633 967 villa
1687 913 1864 981 Hairi,
1978 931 2129 970 imus
2158 916 2350 969 divina
2378 916 2603 972 favente
2634 919 2937 972 clementia
2968 920 3360 975 Romanorum
3422 922 3674 994 impera-

139 1008 307 1056 curte
332 1002 591 1056 alodium
608 1016 739 1053 cum
754 999 991 1054 dimidia
1006 999 1238 1053 ecclesia
1260 1004 1315 1053 et
1335 1000 1608 1054 omnibus
1653 1017 1867 1071 appen-
1976 1010 2070 1059 tor
2096 1006 2401 1075 Augustus.

138 1091 314 1145 diciis
337 1090 479 1157 suis,
502 1105 677 1160 quem
702 1089 859 1142 dedit
880 1090 1079 1142 Hanno
1108 1088 1393 1157 ﬁliusjam
1419 1088 1557 1142 dicti
1580 1090 1867 1155 Dudonis;
2048 1093 2320 1147 Omnium
2353 1100 2561 1148 sancta
2594 1095 2692 1148 Dei
2722 1096 2987 1149 Ecclesia
3032 1101 3477 1169 nostrorumque
3532 1100 3673 1155 fide-

138 1180 198 1231 in
234 1179 453 1231 eadem
485 1177 620 1229 villa
651 1176 927 1243 alodium,
959 1192 1133 1246 quem
1162 1176 1319 1230 dedit
1351 1176 1505 1230 Dada
1544 1194 1675 1231 cum
1726 1194 1866 1247 qua-
1979 1183 2146 1248 lium,
2174 1183 2543 1253 prasentium
2578 1184 2843 1238 videlicet
2894 1200 2955 1238 ac
2985 1185 3331 1247 futurorum,
3394 1188 3676 1256 sagacitas

141 1268 287 1320 dam
320 1272 486 1335 parte
520 1265 797 1333 ecclesia,
840 1265 900 1318 in
956 1265 1093 1317 villa
1123 1282 1251 1334 qua
1292 1265 1503 1318 dicitur
1554 1268 1678 1330 Bar,
1737 1283 1865 1319 cum
1978 1269 2199 1322 noverit
2252 1269 2644 1337 Ambrosium,
2699 1276 2907 1325 sancta
2962 1274 3355 1341 Pergamensis
3412 1276 3679 1330 Ecclesia

140 1355 430 1409 omnibus
460 1353 820 1423 appendiciis
852 1352 985 1406 suis.
1023 1354 1087 1407 Et
1126 1353 1185 1406 in
1217 1354 1351 1407 villa
1406 1355 1713 1424 Sommoya
1748 1355 1867 1408 alo-
1976 1357 2359 1411 venerabilem
2391 1360 2745 1429 episcopum,
2770 1365 2979 1413 nostra
3033 1362 3303 1415 obtulisse
3358 1364 3681 1417 clementia

138 1444 339 1507 dium,
375 1458 551 1512 quem
577 1440 729 1494 dedit
762 1440 1075 1493 Lieltherus
1109 1457 1213 1510 pro
1233 1440 1353 1494 tilio
1385 1457 1487 1493 suo
1548 1442 1865 1506 Heriberto,
1978 1450 2259 1517 praecepta
2316 1452 2489 1517 atque
2544 1447 2909 1501 auctoritates
2952 1448 3344 1518 piissimorum
3389 1454 3679 1521 Augusto-

137 1546 279 1584 cum
313 1529 586 1583 omnibus
636 1528 992 1599 appendiciis
1051 1528 1188 1583 suis.
1242 1530 1307 1582 Et
1336 1529 1397 1582 in
1454 1529 1867 1584 Gnnhericurte
1978 1551 2106 1588 rum
2134 1536 2221 1589 vel
2243 1551 2442 1605 regum
2468 1552 2563 1588 seu
2614 1535 3098 1605 praedecessorum
3161 1540 3489 1591 nostrorum
3544 1556 3670 1592 om-

134 1620 417 1673 alodium
449 1634 580 1671 cum
616 1617 961 1671 molendinis
992 1621 1049 1670 et
1067 1617 1220 1670 silvis
1248 1621 1303 1671 et
1325 1618 1593 1671 omnibus
1649 1634 1865 1687 appen-
1897 1661 1938 1714 B
1978 1622 2160 1687 nium,
2186 1628 2473 1694 quotquot
2503 1640 2534 1675 a
2563 1628 2825 1693 tempore
2859 1624 3004 1677 diva
3036 1625 3330 1677 memoria
3353 1626 3539 1695 Magni
3574 1628 3676 1681 Ca-

135 1707 316 1761 diciis
350 1707 491 1773 suis,
536 1722 709 1777 quem
760 1706 916 1760 dedit
972 1706 1278 1760 Fulcradus
1317 1711 1373 1760 et
1426 1706 1778 1771 Hamedeus;
1813 1711 1871 1760 et
1898 1705 1936 1714 ”
1978 1705 2085 1758 roli
2118 1712 2503 1776 regnaverunt
2530 1723 2712 1776 usque
2744 1707 2814 1760 ad
2844 1723 3094 1776 prasens
3128 1712 3354 1778 tempus
3392 1714 3680 1778 nostrum,

142 1798 203 1849 in
262 1798 389 1865 jam
444 1795 594 1849 dicta
626 1794 760 1847 villa
784 1794 943 1847 Secia
973 1810 1153 1847 unum
1184 1810 1471 1855 mansum.
1498 1810 1672 1865 quem
1705 1794 1866 1849 dedit
1977 1794 2078 1863 qui
2108 1810 2304 1847 omnes
2344 1794 2727 1848 immunitatis
2786 1811 2904 1849 sua
2963 1812 3025 1849 ac
3072 1795 3432 1849 liberalitatis
3484 1797 3673 1850 muni-

138 1886 473 1949 Hilbertus;
508 1888 566 1937 et
615 1883 675 1936 in
708 1882 839 1935 villa
874 1883 1099 1936 Flaveio
1155 1883 1454 1937 ecclesiam
1513 1899 1690 1937 unam
1739 1897 1867 1936 cum
1977 1882 2131 1935 mine
2162 1884 2458 1952 praefatam
2514 1882 2816 1936 Ecclesiam
2860 1886 3183 1937 exaltarunt
3232 1890 3288 1938 et
3326 1885 3675 1939 corrobora—

138 1974 359 2040 alodio,
388 1989 565 2044 quem
593 1972 755 2026 dedit
779 1971 1101 2025 Hamedeus
1130 1977 1187 2024 et
1208 1972 1396 2042 neptis
1424 1972 1549 2041 ejus
1581 1971 1870 2026 Molimdis
1977 1975 2143 2036 runt;
2170 1971 2473 2041 petiitque,
2505 1974 2569 2023 ut
2598 1971 2939 2026 eorumdem
2961 1972 3399 2026 auctoritatibus
3419 1978 3675 2027 nostram

138 2079 280 2117 cum
314 2061 589 2115 omnibus
622 2059 984 2130 appendiciis
1016 2059 1160 2125 suis;
1196 2064 1253 2113 et
1304 2061 1364 2113 in
1389 2060 1524 2113 villa
1563 2076 1695 2130 qua
1727 2059 1869 2112 dici-
1978 2060 2491 2127 superadderemus
2521 2060 2943 2114 auctoritatem.
2993 2061 3166 2131 Cujus
3196 2060 3513 2114 devotionis
3544 2078 3676 2131 pre-

139 2160 235 2205 tur
285 2152 479 2219 Urgan
505 2165 689 2202 unum
723 2148 977 2201 ﬁscalem
1011 2164 1297 2214 mansum,
1331 2164 1505 2219 quem
1536 2147 1699 2201 dedit
1752 2148 1869 2202 dux
1979 2146 2137 2200 cibus
2167 2148 2543 2201 libentissime
2600 2163 2892 2202 assensum
2940 2149 3279 2218 prabentes,
3334 2149 3440 2202 hos
3486 2151 3676 2220 apices

141 2241 491 2295 Fredericus
522 2255 628 2309 pro
661 2237 854 2291 anima
895 2236 1141 2302 Ottonis,
1174 2253 1302 2290 cum
1351 2236 1620 2290 omnibus
1649 2253 1867 2307 appen-
1979 2236 2210 2290 inscribi
2235 2237 2533 2307 jussimus,
2586 2252 2691 2305 per
2718 2253 2863 2307 quos
2896 2237 3255 2291 decernimus
3281 2241 3347 2291 ut
3389 2238 3675 2309 quidquid

142 2330 317 2384 diciis
367 2329 518 2393 suis;
552 2331 611 2381 et
661 2326 724 2380 in
792 2325 929 2381 villa
986 2329 1316 2395 nuncupata
1367 2325 1631 2380 Ouvelais
1684 2340 1870 2380 unum
1979 2325 2203 2396 antiqui
2237 2326 2631 2396 imperatores,
2682 2329 2738 2379 et
2792 2342 2955 2395 reges
3010 2326 3401 2395 imperatrices
3442 2343 3676 2397 quoque

146 2433 457 2481 mansum;
516 2420 573 2469 et
632 2414 691 2468 in
745 2413 883 2467 villa
939 2414 1248 2467 Enemente
1305 2429 1488 2467 unum
1568 2428 1866 2481 mansum;
1981 2420 2038 2468 et
2068 2414 2279 2484 regina
2304 2416 2719 2472 Romanorum.
2768 2414 3298 2485 Longobardorum,
3356 2430 3458 2467 seu
3499 2415 3674 2470 Fran-

142 2523 327 2577 super
382 2504 624 2558 ﬂuvium
671 2503 917 2557 Mosella
956 2501 1018 2555 in
1076 2502 1208 2555 villa
1264 2503 1577 2556 Rozerolax
1636 2518 1867 2556 mansos
1979 2518 2199 2565 corum,
2234 2518 2339 2555 nec
2369 2518 2484 2555 non
2511 2506 2567 2555 et
2591 2502 2800 2573 reliqui
2826 2504 3003 2556 Deum
3025 2503 3313 2567 timentes,
3338 2510 3676 2558 memorata

141 2596 382 2657 decem;
416 2594 477 2646 in
524 2592 660 2644 villa
692 2607 821 2661 qua
850 2589 1065 2644 dicitur
1086 2590 1391 2643 Castellum
1423 2606 1653 2643 mansos
1699 2590 1863 2644 duos.
1980 2596 2185 2646 sancta
2253 2591 2649 2661 Pergamensis
2728 2593 2981 2645 ecclesia
3042 2592 3158 2645 suis
3239 2593 3541 2663 praceptis
3621 2600 3677 2649 et

144 2687 392 2755 Insuper
411 2680 885 2735 conﬁrmavimus
917 2678 1194 2749 praedicto
1244 2680 1593 2733 monasterio
1648 2679 1871 2749 pradia
1979 2680 2333 2735 testamentis
2364 2680 2750 2745 contulerunt,
2785 2687 2841 2734 et
2873 2682 3235 2751 postmodum
3279 2682 3684 2750 praecellentis-

141 2790 276 2843 qua
328 2770 672 2826 Godefridus
696 2785 888 2822 comes
950 2768 1241 2837 ctconjux
1284 2785 1383 2820 sua
1417 2768 1705 2823 Mathildis
1765 2786 1868 2839 pro
1980 2769 2111 2823 simi
2144 2784 2307 2837 reges
2340 2773 2511 2838 atque
2538 2769 2781 2836 Augusti
2831 2786 2932 2822 sua
2986 2770 3317 2823 auctoritate
3367 2769 3683 2826 conﬁrma-

144 2863 345 2916 anima
367 2860 457 2913 sui
484 2859 675 2913 fratris
706 2856 1025 2922 constituit,
1061 2860 1118 2909 et
1147 2872 1252 2926 pro
1309 2856 1519 2911 anima
1556 2874 1678 2912 sua
1738 2876 1869 2912 suo-
1980 2861 2206 2922 verunt,
2270 2857 2473 2910 stabile
2538 2861 2706 2927 atque
2788 2858 3186 2912 inconvulsum
3247 2858 3451 2912 nostris
3517 2860 3678 2914 futu-

143 2966 398 3022 rumque
428 2952 734 3019 parentum
766 2945 1023 2999 remedio
1055 2944 1330 2998 concessit
1359 2950 1415 2998 et
1456 2947 1723 3015 tradidit,
1756 2948 1868 3000 sci-
1901 2945 1941 2999 C
1980 2948 2173 3017 risque
2204 2945 2558 3015 temporibus
2586 2945 2645 2998 in
2677 2946 2855 3016 ipsius
2876 2948 3005 3017 jure
3054 2952 3109 3000 et
3137 2950 3414 3017 potestate
3467 2963 3679 3019 perpe-

143 3041 273 3094 licet
294 3041 361 3092 in
394 3038 528 3091 villa
558 3035 898 3102 Madringas,
926 3034 1181 3104 quinque
1240 3050 1466 3087 mansos
1497 3052 1632 3090 cum
1670 3051 1869 3089 manso
1978 3033 2209 3087 tualiter
2234 3039 2483 3086 maneat.
2529 3034 2591 3086 Et
2620 3035 2812 3087 nullus
2842 3050 3050 3099 comes,
3083 3036 3169 3088 vel
3198 3035 3437 3105 publica
3497 3037 3680 3106 partis

144 3127 569 3184 indominicato
601 3129 657 3178 et
681 3123 983 3179 dimidiam
1016 3122 1340 3186 ecclesiam;
1375 3122 1432 3174 in
1465 3123 1673 3177 Rotela
1714 3140 1872 3178 man-
1973 3123 2149 3192 judex
2182 3126 2238 3175 et
2268 3122 2570 3192 gastaldio,
2601 3124 2687 3175 vel
2713 3124 2823 3176 alia
2863 3124 3137 3194 quaelibet
3161 3140 3405 3194 persona
3438 3124 3497 3177 in
3547 3141 3679 3179 mo-

146 3232 241 3269 sos
263 3220 492 3285 septem
516 3218 572 3266 et
604 3211 832 3265 tertiam
865 3215 1089 3281 partem
1142 3210 1482 3278 molendini,
1515 3228 1650 3266 cum
1701 3212 1871 3265 terris
1978 3210 2264 3275 nasteriis,
2324 3210 2693 3263 xenodochiis
2750 3212 2835 3264 vel
2886 3212 3131 3265 ecclesiis
3214 3211 3674 3281 baptismalibus,

145 3305 323 3358 cultis
348 3308 404 3356 et
442 3301 708 3367 incultis;
740 3305 797 3353 et
826 3300 885 3352 in
940 3300 1242 3351 Bretenaco
1290 3314 1523 3353 mansos
1580 3300 1869 3354 sexdecim
1979 3303 2080 3353 aut
2106 3299 2511 3365 cardinalibus,
2548 3314 2648 3352 seu
2675 3300 2937 3368 oraculis,
2963 3302 3049 3353 vel
3080 3301 3301 3354 cunctis
3356 3303 3677 3371 possessio-

145 3399 201 3447 et
226 3392 545 3463 quamdam
580 3395 804 3460 partem
837 3387 1111 3453 ecclesia,
1143 3403 1275 3441 cum
1306 3388 1575 3441 omnibus
1622 3390 1870 3461 pradic-
1980 3387 2147 3440 nibus
2179 3402 2340 3456 quas,
2367 3390 2425 3438 ut
2456 3386 2842 3456 praediximus,
2874 3404 2907 3440 a
2936 3392 3195 3458 tempore
3245 3388 3430 3459 Magni
3491 3390 3679 3445 Caroli

150 3488 353 3536 tarum
391 3479 789 3543 ecclesiarum,
853 3492 1203 3537 mansurum.
1255 3476 1629 3546 praediorum,
1692 3478 1872 3549 perti-
1978 3491 2159 3545 usque
2185 3474 2243 3526 in
2270 3490 2521 3544 prasens
2544 3475 2925 3545 undecunque
2957 3476 3105 3529 infra
3144 3492 3386 3546 regnum
3419 3478 3676 3532 Italicum

151 3569 388 3624 nenciis
410 3569 549 3631 suis,
598 3566 848 3637 pascuis,
876 3564 1115 3636 campis,
1154 3564 1354 3628 vineis,
1415 3568 1615 3635 pratis,
1661 3567 1871 3620 manci-
1980 3564 2285 3633 sapedicta
2315 3563 2710 3631 Pergamensis
2745 3564 2978 3617 ecclesia
3023 3564 3233 3617 habere
3299 3565 3676 3635 dignoscitur,

153 3660 292 3730 piis,
329 3657 507 3721 silvis,
541 3655 974 3727 piscationibus,
1002 3653 1367 3719 molendinis,
1401 3654 1569 3706 terris
1608 3656 1775 3708 cultis
1815 3660 1874 3710 et
1978 3654 2065 3707 vel
2089 3669 2229 3723 quas
2260 3652 2529 3721 deinceps
2562 3651 2707 3705 inibi
2739 3652 2933 3706 divina
2950 3653 3133 3723 pietas
3165 3658 3537 3725 augmentare
3578 3672 3677 3709 vo-

155 3746 420 3810 incultis,
450 3750 505 3797 et
535 3760 665 3797 cum
693 3742 960 3797 omnibus
992 3758 1119 3813 qua
1153 3741 1261 3794 dici
1290 3741 1378 3794 vel
1410 3742 1696 3796 nominari
1734 3761 1871 3814 pos-
1981 3742 2172 3808 luerit,
2232 3756 2400 3794 nemo
2462 3740 2776 3810 superioris
2835 3745 2933 3794 aut
2995 3739 3284 3796 inferioris
3349 3744 3681 3813 reipublicae

155 3840 320 3899 sunt,
358 3849 487 3903 qua
520 3833 641 3902 jam
675 3831 825 3885 dicto
865 3830 1209 3884 monasterio
1249 3846 1401 3883 nunc
1427 3831 1737 3899 pertinent,
1773 3836 1874 3886 aut
1980 3834 2317 3901 procurator
2348 3830 2416 3883 ad
2449 3845 2647 3882 causas
2668 3829 2975 3899 judiciario
3007 3845 3167 3883 more
3198 3832 3511 3886 audiendas
3541 3849 3681 3887 con-

152 3925 213 3977 in
234 3920 1053 3991 futurum,aquibuscunque,
1076 3921 1190 3973 Deo
1206 3919 1429 3972 favente
1446 3919 1595 3988 [data
1626 3920 1873 3988 pertine-
1981 3922 2213 3973 ventum
2245 3918 2450 3984 facere,
2482 3917 2569 3970 vel
2600 3917 2759 3972 freda
2790 3917 3039 3988 exigere,
3072 3921 3169 3971 aut
3199 3920 3680 3975 mansionaticum

156 4011 373 4079 bunt];
404 4009 606 4080 suique
636 4008 697 4061 in
724 4008 927 4061 eodem
961 4006 1314 4061 monasterio
1366 4022 1717 4060 successores
1750 4024 1873 4061 om-
1980 4007 2068 4061 vel
2098 4010 2323 4077 paratas
2352 4005 2664 4077 requirere,
2692 4006 3026 4077 parat‘redos
3046 4009 3144 4059 aut
3168 4006 3534 4078 ﬁdejussores
3566 4009 3683 4062 vio-

159 4100 264 4153 nia
296 4097 633 4169 prascripta
673 4095 943 4162 habeant,
977 4099 1211 4149 teneant
1251 4098 1314 4148 ut
1370 4111 1566 4147 secure
1604 4096 1715 4149 Deo
1755 4113 1871 4149 ser—
1979 4096 2164 4149 lenter
2196 4096 2419 4161 tollere,
2453 4095 2686 4148 clericos
2718 4095 2975 4165 ejusdem
3007 4093 3260 4148 ecclesia
3299 4096 3358 4149 in
3418 4097 3681 4166 personis

158 4188 287 4240 vire
313 4186 558 4249 valeant,
583 4190 808 4239 remota
826 4184 1242 4254 inquietatione
1268 4182 1528 4236 omnium
1548 4184 1867 4239 hominum.
1905 4222 1947 4275 Β
1990 4185 2074 4237 vel
2106 4184 2371 4238 domibus
2405 4183 2521 4237 suis
2553 4184 2783 4251 ladere,
2805 4183 2892 4238 vel
2923 4182 3187 4238 homines
3226 4189 3343 4239 tam
3374 4186 3679 4255 ingenuos,

159 4277 217 4330 Si
251 4274 393 4345 quis
426 4280 616 4327 tamen
640 4273 794 4343 quod
824 4273 997 4327 absit!
1027 4273 1203 4342 hujus
1243 4276 1451 4325 nostra
1492 4272 1876 4327 contirmatio-
1905 4271 1940 4275 ⁷
1988 4271 2320 4340 libellarios,
2380 4288 2669 4343 quamque
2724 4288 2916 4326 servos
2965 4271 3023 4325 in
3082 4273 3540 4341 possessionibus
3592 4274 3682 4328 vel

162 4364 255 4418 nis
289 4362 530 4415 violator
560 4362 838 4422 extiterit,
905 4361 1043 4415 sciat
1094 4377 1153 4413 se
1212 4358 1666 4429 compositurum
1719 4362 1874 4416 mille
1986 4360 2381 4414 mansionibus
2409 4361 2588 4431 ipsius
2624 4360 2874 4414 ecclesia
2933 4367 3382 4429 commanentes,
3429 4366 3681 4434 potesta-

162 4453 355 4507 libras
384 4452 528 4517 auri,
560 4450 930 4504 medietatem
961 4450 1195 4519 palatio,
1222 4453 1279 4501 et
1308 4447 1676 4501 medietatem
1732 4465 1877 4518 pra-
1986 4446 2097 4501 tive
2129 4447 2493 4517 distringere,
2528 4464 2631 4501 nec
2662 4448 2807 4501 ullas
2837 4448 3093 4519 publicas
3124 4448 3561 4515 redhibitiones,
3595 4451 3683 4505 vel

163 4540 315 4596 dicti
344 4539 675 4593 monasterii
705 4538 993 4592 fratribus.
1050 4537 1211 4601 Quod
1266 4541 1328 4589 ut
1354 4536 1544 4589 verius
1591 4537 1873 4603 credatur,
1984 4534 2211 4589 illicitas
2265 4536 2604 4603 occasiones,
2677 4535 2793 4589 sive
2864 4535 3130 4605 angarias
3211 4538 3684 4608 superimponere

167 4645 359 4684 manu
386 4627 613 4698 propria
657 4625 1145 4689 conﬁrmavimus,
1192 4629 1503 4694 nostroque
1558 4624 1745 4693 sigillo
1801 4624 1874 4677 si-
1987 4624 2215 4690 audeat,
2246 4624 2333 4676 vel
2366 4624 2577 4678 inferre
2610 4628 2944 4694 prasumat,
2997 4628 3280 4692 quatenus
3334 4640 3439 4693 pro
3490 4629 3685 4678 nostra

165 4716 370 4788 gillari
394 4716 691 4784 jussimus.
1985 4712 2381 4766 incolumitate
2411 4716 2675 4783 statuque
2715 4712 2876 4789 regni
2906 4710 3084 4764 nostri
3116 4711 3459 4766 altissimum
3490 4712 3685 4766 Domi-

243 4807 480 4872 Signum
501 4804 739 4857 Henrici
777 4806 1137 4857 Romanorum
1180 4802 1528 4855 invictissimi
1584 4802 1875 4870 imperato-
1988 4815 2127 4852 num
2149 4798 2367 4868 jugiter
2414 4799 2604 4867 quiete
2636 4800 2861 4853 valeant
2890 4814 3144 4852 exorare.
3181 4799 3421 4869 Insuper
3470 4798 3682 4868 praci-

166 4898 252 4949 ris
284 4894 543 4958 Augusti.
1987 4888 2177 4957 pimus
2209 4894 2380 4956 atque
2410 4887 2711 4939 statuimus
2768 4894 2850 4949 ut,
2894 4888 3275 4958 undecunque
3335 4904 3366 4941 a
3422 4892 3685 4956 tempore

248 4980 602 5036 Guntherius
641 4978 1017 5033 cancellarius
1062 4976 1183 5031 vice
1238 4976 1501 5031 Aribonis
1532 4976 1882 5045 arcliicapel-
1986 4975 2211 5047 prafati
2243 4972 2431 5043 Magni
2492 4973 2678 5027 Caroli
2735 4975 2977 5045 legalem
3024 4975 3416 5029 investituram
3473 4973 3685 5028 habere

172 5070 303 5125 lani
334 5069 681 5138 recognovit.
1991 5063 2350 5135 dignoscitur
2372 5062 2493 5131 jam
2526 5061 2675 5115 dicta
2707 5064 2962 5131 ecclesia,
2990 5065 3210 5119 nullam
3267 5061 3683 5116 deminoratio-

254 5160 399 5212 Data
426 5158 742 5210 indictione
784 5172 859 5220 v1,
911 5170 1066 5209 anno
1104 5152 1413 5206 Dominica
1472 5152 1882 5206 incarnationis
1990 5168 2125 5206 nem
2156 5150 2427 5221 quislibet
2452 5149 2637 5203 facere
2660 5157 2993 5220 praesumat,
3024 5154 3133 5207 nisi
3182 5153 3343 5222 prius
3400 5155 3531 5205 ante
3582 5167 3683 5205 no-

178 5246 489 5301 millesimo
516 5244 787 5298 vicesimo
820 5243 1009 5296 tertio.
1035 5244 1195 5295 Anno
1224 5258 1357 5294 vero
1416 5240 1612 5294 domni
1660 5240 1883 5294 Henrici
1994 5242 2093 5294 stri
2124 5238 2488 5310 prasentiam
2520 5237 2823 5309 judiciario
2854 5255 3017 5295 more
3040 5241 3377 5295 difﬁniatur.
3411 5240 3685 5294 Jubemus

182 5336 233 5389 II
280 5334 572 5403 regnantis
629 5331 898 5385 vicesimo
955 5330 1225 5395 secundo,
1288 5329 1625 5399 imperantis
1689 5334 1882 5383 autem
1994 5332 2272 5399 praeterea
2321 5330 2489 5396 atque
2556 5326 2841 5379 sancimus
2897 5332 2962 5379 ut
3014 5330 3308 5383 universas
3368 5332 3687 5382 commuta-

186 5421 518 5477 nndecimo.
1997 5417 2200 5481 tiones,
2233 5430 2375 5484 quas
2402 5430 2533 5468 cum
2565 5419 2727 5484 parte
2751 5414 2953 5483 palatii
2982 5418 3185 5482 nostri,
3219 5434 3320 5471 seu
3362 5434 3493 5471 cum
3551 5416 3689 5469 reli-

256 5514 465 5565 Actum
498 5509 695 5564 Evodii
721 5508 979 5563 feliciter.
1012 5509 1213 5561 Amen.
1249 5506 1388 5560 Fiat.
2000 5504 2128 5575 quis
2212 5502 2535 5573 episcopiis,
2588 5503 2847 5567 abbatiis,
2870 5504 3256 5567 comitatibus,
3323 5503 3689 5559 xenodochiis
