3920 6190
302 238 404 289 375

1603 233 1656 286 8.
1703 230 1988 322 HENRICI
2027 228 2500 286 IMPERATORIS
3640 243 3718 294 376

300 359 566 431 publicis,
603 357 1000 426 Pergamensis
1050 357 1296 410 Ecclesia
1326 372 1355 409 a
1417 361 1674 426 tempore
1723 353 2004 424 praelibati
2035 357 2076 408 Δ
2117 354 2253 406 locis
2275 353 2486 408 habere
2537 357 2635 406 aut
2689 354 2917 422 paratas
2969 351 3265 423 exquirere
3317 364 3610 426 praesumat,
3651 364 3724 416 sed

307 448 499 516 magni
531 447 898 517 imperatoris
927 446 1110 500 Caroli
1151 461 1330 515 usque
1357 444 1415 498 in
1450 459 1702 514 praesens
1742 443 2005 514 legaliter

306 538 481 591 factas
506 535 733 601 habeat,
759 534 1086 587 inconvulsa
1119 534 1236 602 (sic)
1269 533 1531 598 retineat,
1564 532 2000 602 perpetualiter-

308 641 419 695 que
451 623 738 693 possideat
771 623 986 692 absque
1009 623 1126 675 ulla
1147 621 1206 674 in
1225 627 1514 690 posterum
1535 619 2000 685 contradictione,

309 731 406 768 seu
429 713 656 783 publica
680 711 1020 780 repetitione
1065 711 1216 764 salvo
1243 710 1632 779 inviolatoque
1659 710 1788 778 jure
1827 708 2005 778 ipsius

308 801 577 857 ecclesias.
634 801 971 870 Quicunque
1031 804 1221 852 autem
1280 798 1452 867 hujus
1494 797 1674 850 nostri
1731 795 2008 866 praecepti

313 891 716 961 praevaricator
743 889 1009 942 inventus
1058 887 1250 951 fuerit,
1311 903 1374 939 ac
1433 885 1842 955 comprobatus
1899 885 2008 937 im-

315 977 608 1033 manitatis
648 993 872 1046 pmuam
927 976 1108 1029 eidem
1168 974 1419 1028 ecclesia:
1466 973 1524 1026 in
1565 974 1801 1042 triginta
1849 971 2010 1026 libris

315 1069 439 1122 auri
467 1069 718 1122 futuram
747 1066 1111 1120 concedimus
1143 1065 1466 1136 persolvere
1493 1064 1724 1118 simibet
1753 1067 2007 1132 cogatur.

317 1159 380 1210 Et
437 1163 496 1208 ut
553 1156 673 1209 haec
706 1160 910 1208 nostrae
969 1152 1422 1207 confirmationis
1479 1167 1579 1204 seu
1630 1149 2011 1204 concessionis

315 1251 487 1314 atque
522 1243 904 1297 immunitatis
930 1243 1140 1296 futuris
1170 1240 1525 1310 temporibus
1553 1239 1835 1293 illibatum
1863 1238 2012 1292 obti-

317 1338 446 1386 neat
478 1332 672 1397 robur,
717 1347 891 1384 manu
946 1329 1178 1400 propria
1233 1330 1549 1394 firmantes,
1571 1327 1760 1398 sigillo
1817 1331 2013 1380 nostro

316 1421 553 1490 sigillari
576 1420 877 1489 jussimus.

1046 1523 1288 1578 CXXXII.

319 1634 651 1699 Prwceptum
699 1631 753 1684 S.
807 1631 1025 1682 Henrici
1076 1630 1421 1697 imperatoris
1454 1628 1788 1693 Degenhario
1831 1625 2020 1679 abbati

2171 1593 2363 1657 ellani,
2392 1591 2740 1660 recognovit.

2207 1683 2244 1699 η
2287 1687 2328 1699 ,Α
2474 1680 2573 1699 πμ.
2651 1680 2740 1699 Α-.

393 1703 725 1756 Morbacmsi
773 1715 1093 1753 concessum.
1159 1729 1222 1740 —
1272 1701 1591 1754 Monasterii
1643 1699 1940 1766 privilegia
1969 1701 2021 1752 et

387 1774 482 1840 jus
514 1772 747 1838 eligendi
774 1772 987 1825 abbatis
1019 1769 1323 1840 conﬁrmat.

962 1861 1148 1925 (Anno
1207 1857 1385 1925 1023.)

327 1951 563 2019 {Marten
598 1990 611 2015 ,
646 1948 900 2003 Thesaur.
927 1947 1136 2000 Anecd.
1187 1947 1228 2011 I,
1262 1947 1384 2019 143,
1433 1961 1500 1998 ea:
1556 1945 1834 1998 chartario
1877 1944 2021 1996 Mor-

333 2017 340 2021 ’
1047 2017 1303 2085 bacensi.]

399 2127 463 2180 ln
487 2125 720 2180 nomine
743 2128 951 2177 sanctas
975 2127 1032 2176 et
1050 2122 1362 2176 individuae
1382 2119 1696 2184 Trinitatis,
1720 2118 2024 2187 Henricus,

330 2215 520 2282 divina
602 2215 823 2267 favente
879 2204 1204 2278 clementia,
1264 2211 1653 2265 Romanorum
1712 2208 2028 2278 imperator

331 2307 638 2372 Augustus.

402 2392 459 2445 Si
483 2392 604 2444 loca
641 2390 847 2445 divinis
905 2390 1150 2444 cultibus
1199 2389 1527 2458 mancipata
1584 2391 1822 2457 propter
1876 2402 2031 2440 amo-

338 2496 480 2533 rem-
523 2479 621 2532 Dei
669 2479 941 2543 ditamus,
1003 2483 1060 2532 et
1109 2478 1168 2530 in
1221 2477 1435 2530 eisdem
1489 2475 1627 2530 locis
1684 2475 1790 2529 sibi
1841 2475 2028 2529 famu-

335 2568 581 2622 lantibus
611 2568 883 2620 beneficia
905 2571 1230 2637 opportuna
1262 2565 1561 2635 largimur,
1593 2564 1897 2634 przemium
1921 2579 2030 2617 no-

335 2656 422 2709 bis
451 2656 602 2725 apud
637 2656 814 2708 Deum
840 2660 1068 2708 aeterna:
1097 2653 1576 2707 remunerationis
1607 2652 1846 2722 rependi
1895 2668 2030 2706 con-

338 2744 588 2798 fidimus.
633 2743 876 2797 Proinde
907 2743 1167 2796 omnium
1203 2742 1459 2796 fidelium
1499 2746 1850 2808 nostrorum,
1913 2745 2028 2794 tam

337 2832 712 2904 praasentium
751 2847 924 2902 quam
979 2835 1035 2884 et
1065 2831 1413 2898 futurorum,
1462 2829 1684 2883 noverit
1749 2828 2032 2884 industria

2115 443 2196 495 eis
2227 443 2395 496 liceat
2425 442 2620 512 quieto
2649 441 2850 496 ordine
2889 441 3119 512 degere,
3176 444 3499 514 regulariter
3536 447 3732 503 Domino

2115 530 2383 596 militari;
2417 531 2708 584 teloneum
2749 530 3213 600 videlicet,juxta
3258 533 3502 602 antiquas
3535 541 3734 590 anteces-

2117 635 2308 672 sorum
2360 623 2688 672 nostrorum
2744 617 3157 685 concessiones,
3219 619 3286 672 ab
3319 620 3395 672 eis
3445 623 3524 674 vel
3582 639 3740 679 eorum

2117 707 2449 762 hominibus
2485 723 2588 778 per
2615 721 2816 760 omnes
2877 707 3042 777 regni
3087 707 3270 761 nostri
3315 707 3468 775 ﬁnes,
3511 727 3668 782 neque
3699 715 3744 767 in

2115 797 2277 861 urbe,
2314 811 2498 866 neque
2526 795 2585 848 in
2624 795 2734 861 via,
2783 810 2970 866 neque
3039 795 3112 849 ad
3166 800 3384 865 pontes,
3442 813 3529 851 sex
3580 799 3746 871 aliqua

2119 887 2314 940 strictu
2329 902 2402 938 rae
2434 884 2766 938 nullomodo
2823 883 3174 954 accipiantur
3224 885 3311 938 vel
3350 892 3664 955 quaerantur.
3699 891 3747 944 Et

2120 979 2182 1028 ut
2242 975 2347 1027 hoc
2392 979 2601 1026 nostrae
2657 972 3112 1026 conﬁrmationis
3171 979 3508 1044 praeceptum
3560 975 3745 1031 ﬁrmum

2122 1062 2433 1133 stabileque
2465 1066 2822 1131 permaneat,
2857 1077 3030 1114 manu
3083 1065 3277 1114 nostra
3322 1062 3456 1115 illud
3509 1063 3748 1118 subtertir-

2121 1151 2424 1216 mavimus,
2458 1150 2747 1220 sigillique
2774 1149 2954 1204 nostri
2989 1149 3364 1220 impressione
3395 1150 3592 1221 ingniri
3639 1169 3749 1223 pra-

2123 1239 2398 1309 cepimus.

2197 1329 2430 1392 Signum
2460 1326 2644 1380 domni
2671 1327 2893 1380 Henrici
2916 1327 3281 1380 Romanorum
3335 1327 3651 1380 invictissimi
3682 1329 3752 1380 im~

2122 1419 2393 1486 peratoris
2423 1417 2679 1483 Augusti.

2200 1503 2548 1558 Guntherius
2612 1502 3004 1569 cancellarins,
3066 1501 3188 1556 vice
3254 1499 3515 1555 Aribonis
3557 1501 3756 1554 archica-

2204 1683 2338 1734 Data
2372 1696 2441 1734 vn
2474 1657 2596 1733 Kal.
2650 1679 2908 1734 Octobris
2938 1677 3144 1732 indict.
3209 1695 3284 1744 Vl,
3327 1657 3472 1732 anno
3510 1677 3760 1732 Dominica

2132 1768 2546 1822 incarnationis
2610 1771 2766 1834 1023,
2807 1783 2958 1833 anno
3015 1783 3148 1821 vero
3207 1766 3408 1821 domui
3462 1766 3666 1822 Henrici
3705 1783 3762 1821 se-

2132 1856 2325 1922 cundi,
2359 1855 2649 1926 regnantis
2678 1857 2768 1919 22,
2810 1855 3038 1925 imperii
3070 1858 3260 1908 autem
3291 1859 3374 1909 Η.

2203 1947 2408 1998 Actum
2442 1944 2672 1999 Basileae
2702 1943 2958 1998 feliciter.
2980 1947 3183 1997 Amen.

2845 2050 3118 2104 CXXXIII.

2137 2159 2192 2213 S.
2248 2157 2484 2210 Henrici
2529 2157 2662 2226 imp.
2721 2161 3046 2225 praeceptum
3089 2171 3189 2226 per
3244 2155 3390 2226 quod
3407 2157 3560 2222 gravi
3589 2153 3772 2209 dissidio

2205 2231 2350 2282 inter
2415 2229 2859 2282 Wormatiensem
2916 2228 3208 2281 Ecclesium
3290 2232 3342 2282 et
3409 2229 3774 2282 Lauﬁteimense

2207 2299 2500 2353 coenobium
2527 2298 2746 2353 suborto
2774 2301 2932 2367 finem
2962 2300 3211 2367 imponit.

2778 2387 2966 2453 (Anno
3017 2385 3197 2455 1023.)

2335 2474 2666 2544 [Schannat,
2698 2473 3064 2542 Episcopatus
3095 2474 3388 2539 Wormat.,
3419 2474 3488 2540 II,
3519 2473 3623 2543 43.]

2210 2564 2275 2617 In
2305 2562 2539 2616 nomine
2592 2567 2800 2615 sancta:
2848 2567 2906 2615 et
2964 2561 3273 2616 iudividuaa
3329 2562 3625 2626 Trinitatis,
3669 2563 3785 2616 Hav-

2140 2670 2314 2720 iucus,
2352 2653 2547 2708 divina
2571 2652 2794 2706 favente
2825 2651 3128 2706 clementia
3181 2651 3497 2722 imperator
3527 2655 3785 2721 Augustus.

2213 2743 2419 2795 Notum
2452 2741 2523 2794 sit
2552 2745 2606 2793 et
2637 2740 2884 2810 qualiter
2926 2739 3152 2793 assidua
3200 2740 3576 2810 proclamatio
3610 2745 3788 2793 nostras

2141 2845 2308 2883 aures
2335 2829 2711 2900 inquietabat,
2747 2828 2819 2882 ob
2845 2827 3185 2882 inveteratas
3225 2834 3286 2882 et
3320 2829 3634 2900 frequentes
3682 2843 3786 2880 con-

341 2919 476 2989 quia
515 2919 600 2972 vir
649 2918 991 2970 venerabilis
1033 2917 1444 2986 Degenhardus
1501 2917 1674 2970 abbas
1727 2932 1796 2969 ex
1845 2932 2037 2968 monac
2069 2917 2109 2971 C
2146 2917 2432 2972 tentiones
2462 2922 2518 2971 et
2547 2917 2619 2970 ob
2645 2916 3008 2970 immarcidas
3067 2915 3402 2970 inimicitias
3441 2933 3564 2988 qua:
3600 2932 3786 2986 semper

343 3007 514 3060 sterio
572 3005 853 3068 Morbach,
914 3005 1070 3074 quod
1117 3010 1200 3058 est
1253 3009 1643 3058 constructum
1693 3004 1749 3057 in
1817 3004 2035 3058 honore

342 3098 549 3148 sanctae
609 3094 708 3147 Dei
775 3093 1069 3162 genitricis
1133 3109 1474 3164 semperque
1534 3093 1770 3163 virginis
1825 3091 2036 3157 Maria),

344 3183 638 3252 sanctique
724 3181 874 3234 Petri
928 3181 1204 3250 principis
1260 3181 1671 3251 apostolorum,
1745 3185 1803 3234 et
1859 3179 2040 3233 sancti

347 3269 678 3339 Leodegarii
731 3269 992 3338 martyris
1069 3274 1126 3321 et
1210 3267 1480 3338 episcopi,
1549 3268 1755 3322 detulit
1827 3267 2040 3320 obtuti-

347 3359 454 3411 bus
513 3357 722 3411 nostris
779 3357 1088 3410 auctoritas
1147 3356 1581 3410 immunitatum
1660 3356 1859 3410 domni
1945 3355 2042 3409 Ot-

347 3445 502 3500 tonis
561 3444 795 3498 secundi
846 3445 1232 3498 Romanorum
1273 3444 1656 3514 imperatoris,
1722 3444 1781 3496 in
1837 3443 2046 3514 quibus

351 3534 748 3588 continebatur
779 3533 1056 3586 insertum
1091 3532 1338 3603 qualiter
1392 3532 1582 3602 ipsum
1635 3532 2044 3587 monasterium

351 3639 481 3677 cum
540 3623 709 3676 rebus
763 3626 821 3676 et
896 3622 1227 3675 hominibus
1274 3621 1381 3674 sibi
1434 3620 1586 3690 juste
1633 3621 1921 3690 subjectis,
1972 3622 2046 3675 ob

353 3725 610 3764 amorem
670 3709 788 3771 Dei,
843 3709 1320 3780 tranquillitatem
1365 3709 1606 3762 fratrum
1639 3708 1851 3762 ibidem
1909 3725 2047 3762 con-

353 3798 698 3862 sistentium,
733 3798 835 3850 sub
869 3797 1204 3868 plenissima
1231 3797 1560 3851 defensione
1605 3813 1807 3850 eorum
1847 3803 1904 3850 et
1936 3797 2046 3850 im-

356 3887 648 3940 munitatis
677 3887 916 3940 tuitione
948 3886 1294 3953 haberetur;
1321 3891 1379 3938 et
1411 3902 1515 3955 pro
1545 3886 1629 3939 rei
1655 3886 1830 3939 totius
1859 3885 2045 3939 firmi-

352 3980 464 4028 tate
520 3974 855 4027 charissima
913 3979 1106 4026 nostra
1157 3973 1488 4026 contectalis
1556 3973 2048 4042 Cunigunda,Ar-

355 4062 607 4132 gentium.
639 4061 879 4114 civitatis
929 4061 1274 4114 Verenhario
1332 4060 1598 4129 episcopo
1652 4060 1881 4128 comite,
1944 4077 2049 4114 nos

356 4149 663 4220 postulavit
686 4155 748 4201 ut
784 4149 1182 4216 hujuscemodi
1213 4153 1424 4201 nostra;
1463 4148 1816 4202 auctoritatis
1837 4148 2049 4202 immu-

357 4239 597 4290 nitatem
640 4253 776 4305 erga
819 4235 1008 4304 ipsum
1066 4237 1500 4299 monasterium,
1558 4236 1632 4289 ob
1670 4237 2049 4290 reverentiam

358 4326 537 4395 ipsius
593 4324 771 4377 sancti
823 4325 951 4386 loci,
1011 4325 1119 4378 hac
1162 4328 1358 4376 nostra
1415 4339 1822 4377 renovaremus
1879 4329 2052 4395 atque

360 4413 832 4466 contirmaremus
874 4413 1232 4465 auctoritate.
1270 4413 1379 4465 Nos
1410 4428 1544 4465 vero
1600 4413 1888 4481 petitioni,
1951 4429 2052 4482 pro

361 4501 460 4555 Dei
491 4517 684 4554 amore
740 4506 798 4554 et
844 4506 1051 4554 nostrae
1089 4499 1369 4554 mercedis
1416 4506 1750 4570 augmento,
1810 4500 2055 4555 libenter

363 4589 691 4652 annuimus,
724 4593 779 4642 et
795 4590 900 4642 hoc
929 4595 1280 4659 prmceptum
1307 4589 1440 4642 inde
1462 4589 2050 4658 conscribijussimus,

362 4693 466 4746 per
505 4677 655 4747 quod
689 4677 767 4729 eis
799 4677 994 4730 omnia
1017 4679 1135 4730 loca
1158 4693 1308 4747 quas,
1341 4677 1428 4730 vel
1459 4681 1716 4746 tempore
1744 4677 2056 4731 Eberhardi

362 4771 418 4820 et
449 4766 778 4829 Luidefridi,
811 4766 1006 4819 usibus
1033 4782 1231 4820 eorum
1272 4781 1538 4819 concessa
1568 4770 1718 4830 sunt,
1773 4771 1828 4818 et
1883 4765 2055 4819 modo

362 4856 420 4909 in
452 4870 653 4909 eorum
684 4854 959 4907 vestitura
1005 4859 1254 4918 tenetur,
1291 4854 1361 4907 ad
1401 4871 1569 4907 suum
1629 4853 1945 4924 peculiare;
2002 4858 2058 4908 et

363 4961 491 5015 quae
544 4943 753 5013 injuste
811 4943 1091 4995 abstracta
1133 4948 1465 5008 noscuntur,
1524 4948 1720 4995 nostra
1769 4942 2056 5012 imperiali

361 5033 695 5086 auctoritate
753 5030 946 5083 omnia
1004 5030 1086 5082 eis
1145 5030 1510 5083 concedimus
1570 5047 1633 5084 ac
1688 5031 2054 5095 roboramus;

363 5121 557 5188 eisque
609 5119 759 5172 inter
816 5134 874 5171 se
906 5117 1156 5187 eligendi
1209 5117 1472 5170 abbatem
1506 5117 1606 5187 qui
1636 5117 1856 5171 eisdem
1888 5118 2058 5172 rebus

363 5207 604 5260 fratrum
636 5222 880 5275 praeesse
914 5205 1113 5275 possit,
1169 5205 1630 5275 quandocunque
1679 5222 1908 5260 necesse
1961 5206 2054 5272 sit,

364 5294 608 5348 liberum
635 5294 998 5348 concedimus
1027 5293 1350 5346 arbitrium.
1384 5294 1621 5363 Insuper
1653 5295 1825 5347 etiam
1873 5295 2056 5364 impe-

363 5382 490 5435 riali
523 5387 745 5450 sceptro
776 5383 1059 5436 sancimus
1091 5388 1152 5436 ut
1200 5381 1393 5435 nullus
1451 5397 1665 5447 comes,
1721 5387 1820 5436 aut
1859 5383 2054 5452 judex,

361 5487 462 5525 seu
487 5469 755 5540 quaelibet
786 5476 1110 5540 praepotens
1145 5486 1412 5540 persona,
1463 5470 1791 5524 mansiones
1840 5471 1902 5524 in
1941 5471 2055 5525 illis

2147 3011 2312 3058 erant
2348 3005 2498 3058 inter
2531 3005 3001 3058 Wormatiensem
3051 3004 3386 3074 episcopum
3432 3011 3488 3059 et
3527 3003 3790 3058 Lauresha-

2149 3109 2402 3147 mensem
2430 3093 2714 3159 abbatem,
2762 3097 2818 3146 et
2842 3092 2994 3146 inter
3031 3092 3278 3146 familias
3307 3099 3668 3163 utrarumque
3719 3091 3790 3144 Ec-

2150 3181 2480 3247 clesiarum;
2511 3197 2640 3252 quin
2667 3181 2784 3250 jam
2819 3181 2878 3234 in
2898 3185 3118 3234 tantum
3146 3181 3531 3246 invaluerunt,
3562 3186 3622 3234 ut
3658 3179 3790 3232 etiam

2151 3269 2596 3323 innumerabilia
2629 3269 2779 3322 inter
2830 3284 2888 3321 se
2917 3267 3123 3322 ﬁerent
3169 3268 3505 3334 homicidia,
3535 3274 3586 3322 et
3613 3268 3665 3321 in
3715 3267 3796 3320 hoc

2152 3357 2465 3412 maximum
2491 3357 2899 3411 detrimentum
2933 3361 3174 3427 utraque
3229 3363 3527 3427 pateretur
3581 3353 3794 3410 Ecclesia.

2155 3448 2515 3516 Quapropter
2539 3462 2668 3499 cum
2699 3445 2939 3500 consilio
2971 3461 3232 3499 meorum
3288 3445 3549 3500 ﬁdelium
3593 3443 3644 3498 id
3683 3441 3800 3496 ordi-

2155 3551 2294 3588 nare
2315 3533 2600 3604 disposui;
2625 3535 2684 3588 in
2714 3533 2918 3604 primis
2950 3533 3215 3604 praecepi,
3251 3539 3309 3588 et
3334 3535 3410 3588 ad
3442 3535 3543 3588 hoc
3569 3547 3800 3604 peragen-

2156 3622 2293 3676 dum
2324 3638 2481 3675 meos
2510 3622 2741 3675 nuntios
2767 3622 2918 3682 misi,
2952 3625 3013 3675 ut
3037 3621 3225 3675 omnis
3246 3621 3548 3692 injustitia,
3575 3636 3690 3692 quae
3711 3616 3802 3687 jam

2158 3727 2260 3782 per
2307 3710 2487 3764 multa
2541 3715 2802 3779 tempora
2867 3725 2934 3764 ex
2996 3715 3242 3781 utraque
3298 3716 3464 3780 parte
3538 3711 3804 3763 incorrecta

2158 3800 2571 3867 permanserat,
2619 3798 2692 3850 ab
2728 3797 3012 3850 advocatis
3035 3797 3267 3850 illorum
3294 3798 3568 3869 utrinque
3603 3794 3807 3867 pleniter

2155 3886 2568 3956 corrigeretur;
2623 3885 2772 3938 etde
2805 3885 2937 3939 hinc
2993 3886 3333 3956 provideant
3383 3902 3456 3940 ne
3513 3885 3642 3939 talia
3687 3880 3807 3952 apud

2159 3975 2289 4028 illos
2345 3975 2424 4026 sic
2478 3973 2896 4027 iuveterescant
2955 3979 3032 4040 et,
3119 3974 3165 4028 si
3211 3975 3409 4045 aliqua
3493 3989 3632 4028 nova
3699 3985 3809 4024 con-

2159 4062 2364 4128 tentio,
2394 4063 2541 4128 quod
2571 4061 2743 4115 absitl
2777 4062 2929 4116 inter
2956 4062 3084 4116 illos
3119 4068 3466 4130 remaneret,
3519 4061 3659 4116 istud
3706 4073 3808 4112 con-

2161 4150 2322 4206 stitui
2376 4151 2717 4204 decretum:
2764 4149 2812 4204 si
2865 4150 2992 4221 quis
3043 4166 3108 4204 ex
3166 4151 3384 4204 familia
3453 4151 3627 4204 sancti
3691 4143 3812 4201 Petri

2159 4237 2587 4292 Wormatiensis
2613 4239 2863 4309 aliquem
2901 4255 2966 4292 ex
2994 4239 3214 4293 familia
3269 4239 3451 4293 sancti
3499 4240 3716 4305 Nazary,
3748 4232 3813 4284 vel

2164 4325 2500 4382 econtrario
2530 4326 2739 4396 aliquis
2788 4343 2852 4380 ex
2887 4327 3102 4380 familia
3147 4327 3330 4380 sancti
3392 4329 3604 4396 Nazary
3649 4336 3816 4393 quem-

2163 4431 2336 4487 quam
2408 4430 2703 4468 servorum
2787 4415 2964 4468 sancti
3016 4415 3165 4469 Petri
3195 4415 3555 4486 insequatur,
3612 4417 3665 4467 et
3702 4423 3817 4463 ausu

2165 4502 2472 4559 temerario
2505 4508 2560 4556 et
2581 4508 2802 4556 armata
2828 4519 3005 4556 manu
3052 4503 3304 4574 aliquem
3348 4503 3421 4557 ad
3480 4498 3815 4556 occidendum

2164 4593 2252 4646 vel
2281 4593 2348 4645 ad
2383 4591 2829 4661 depraedandum
2858 4591 2982 4661 ejus
3007 4597 3247 4659 curtem,
3297 4591 3414 4644 sive
3462 4593 3582 4660 ejus
3619 4588 3818 4642 domum

2165 4680 2486 4748 infregerit,
2541 4684 2597 4733 et
2627 4695 2757 4732 eum
2799 4679 3249 4750 impugnaverit,
3311 4685 3368 4732 et
3409 4680 3454 4732 si
3482 4680 3575 4733 ille
3605 4672 3828 4744 effugerit

2165 4769 2254 4822 vel
2284 4783 2515 4838 quoquo
2547 4767 2714 4820 modo
2745 4766 2816 4820 ab
2843 4767 2966 4837 ejus
2987 4767 3395 4837 impugnatura
3427 4783 3486 4820 se
3510 4761 3824 4823 liberaverit;

2167 4856 2270 4923 illi,
2328 4855 2428 4926 qui
2457 4855 2628 4924 hujus
2659 4872 2726 4908 au
2740 4854 2912 4908 dacias
2933 4860 2990 4909 et
3019 4855 3330 4909 invasionis
3375 4856 3487 4910 dux
3515 4861 3572 4908 et
3595 4852 3825 4924 princeps

2167 4944 2362 5010 fuerit,
2392 4943 2667 4996 tollantur
2723 4942 3031 4997 coriarium
3061 4947 3117 4997 et
3154 4943 3364 5014 capilli,
3429 4947 3486 4997 et
3516 4942 3734 5010 insuper
3780 4935 3826 4989 iu

2167 5036 2412 5100 utraque
2442 5029 2674 5083 maxilla
2704 5029 2854 5083 ferro
2907 5031 2977 5084 ad
3023 5031 3130 5085 hoc
3184 5031 3330 5085 facto
3377 5030 3549 5085 etiam
3595 5023 3827 5081 candenti

2167 5123 2416 5173 cratetur
2448 5122 2506 5172 et
2557 5117 2956 5184 comburatur;
3014 5119 3222 5190 reliqui
3255 5119 3378 5189 ejus
3424 5132 3686 5189 sequaces
3720 5116 3828 5166 cute

2168 5211 2224 5260 et
2242 5206 2456 5276 capillis
2487 5205 2804 5275 priveutnr.
2850 5206 2906 5259 Si
2956 5211 3146 5260 autem
3196 5207 3274 5260 ibi
3319 5206 3608 5272 occiderit,
3657 5214 3828 5256 omnes

2167 5294 2267 5364 qui
2295 5293 2688 5363 hujuscemodi
2729 5293 3022 5348 homicidii
3051 5295 3138 5348 vel
3192 5294 3500 5348 invasionis
3553 5288 3828 5362 participes

2167 5386 2318 5448 sunt,
2361 5385 2487 5435 cute
2544 5386 2600 5434 et
2645 5381 2864 5451 capillis
2921 5382 3181 5452 perditis,
3243 5383 3564 5454 supradicta
3617 5376 3824 5432 combu-

2167 5470 2352 5523 stione
2377 5469 2698 5538 signentur,
2724 5486 2789 5524 ac
2831 5471 3210 5541 weregeldum
3258 5469 3426 5526 occisi
3465 5467 3690 5525 domino
3734 5475 3822 5516 suo
