3920 6190
91 313 165 363 377

89 434 240 484 auctor
257 425 531 480 homicidii
563 426 868 496 persolvat,
894 429 949 480 et
979 442 1110 480 cum
1158 428 1432 496 proximis
1463 430 1715 499 ejusdem
1752 433 1791 484 A

89 516 317 573 interfecti
348 518 663 584 componat,
690 519 795 568 etc.

139 606 424 660 Guntherus
502 602 893 668 cancellarius,
961 602 1079 656 vice
1136 604 1404 658 Aribonis
1458 606 1719 659 archica—

90 693 255 765 pellani
284 691 590 761 recognovi.

138 784 251 835 Data
299 796 346 833 iv
419 780 678 833 Decemb.
737 779 865 833 Jud.
923 796 995 846 vr,
1070 797 1222 835 anno
1278 781 1586 836 Dominicze
1635 783 1721 836 In-

92 886 204 923 carn.
239 871 377 923 1023.

136 962 305 1012 Actum
328 956 569 1023 Triburi,
602 956 759 1028 regia
798 956 950 1020 villa,
976 958 1235 1013 feliciter.
1272 961 1474 1013 Amen.

741 1062 999 1116 CXXXIV.

212 1153 261 1207 S.
289 1152 541 1206 Henricus
583 1152 839 1205 Ecclesiae
866 1152 1265 1206 Paderbonensi
1280 1152 1553 1221 przdium

670 1225 849 1278 Steini
886 1223 1072 1277 donat.

661 1314 849 1379 (Anno
904 1312 1084 1380 1023.)

284 1399 423 1469 [ϐοά.
457 1399 705 1469 diplom.,
753 1402 896 1453 Hist.
929 1401 1208 1469 Westph.,
1242 1417 1305 1470 p.
1355 1398 1471 1471 87.]

136 1489 181 1542 C.
213 1489 268 1541 In
295 1488 521 1541 nomine
556 1492 763 1541 sanctae
796 1492 851 1540 et
878 1488 1181 1542 individuee
1218 1489 1527 1552 Trinitatis,
1564 1490 1719 1544 HEN-

84 1592 202 1629 RICUS
247 1576 421 1629 divina
471 1577 695 1630 favente
744 1577 1049 1630 clementia
1102 1579 1488 1631 Romanorum
1537 1578 1721 1648 impe-

83 1670 205 1718 rator
226 1668 513 1735 Augustus.

136 1754 181 1807 Si
242 1754 572 1807 venerabilia
656 1754 1021 1808 ecclesiarum
1077 1754 1176 1807 Dei
1254 1754 1376 1808 loca
1425 1755 1608 1809 ditare
1660 1772 1724 1809 ac

85 1841 339 1895 sublimare
378 1843 789 1908 studuerimus,
846 1842 1007 1897 nobis
1056 1843 1114 1896 id
1162 1844 1482 1915 animaeque
1516 1850 1725 1898 nostra:

86 1929 292 1983 remedio
354 1937 773 2000 parentumque
833 1936 1161 1984 nostrorum
1230 1948 1334 1985 nec
1393 1949 1503 1985 non
1561 1933 1724 2002 regni

86 2019 226 2071 nostri
270 2019 435 2072 statui
490 2020 860 2088 profuturum
916 2037 1036 2073 esse
1087 2019 1324 2073 minime
1375 2021 1722 2076 dubitamus.

88 2107 391 2177 Quapropter
417 2108 642 2161 noverit
662 2109 919 2161 omnium
952 2108 1163 2162 Christi
1212 2108 1469 2162 ﬁdelium
1502 2115 1725 2162 nostro-

88 2209 284 2266 rumque
333 2196 673 2249 universitas
704 2196 951 2267 qualiter
982 2213 1106 2261 nos,
1142 2196 1512 2265 inspicientes
1546 2197 1724 2250 inter-

88 2289 272 2336 ventum
342 2284 723 2337 dilectissimm
781 2284 1041 2355 conjugis
1115 2289 1325 2338 nostras
1376 2285 1728 2354 Cunigundae

88 2370 413 2440 imperatricis
461 2374 753 2441 Augustae,
785 2373 1009 2426 assidue
1041 2373 1328 2426 monentis
1354 2379 1524 2444 atque
1553 2374 1731 2427 inces-

88 2458 295 2512 sabiliter
324 2460 482 2513 nobis
529 2461 585 2513 in
617 2462 953 2513 memoriam
999 2461 1323 2514 reducentis
1376 2463 1526 2531 quod
1563 2463 1730 2516 Mein-

87 2562 254 2599 wercus
320 2549 851 2602 Paderbruunensis
908 2549 1159 2602 ecclesiae
1216 2550 1556 2603 venerabilis
1605 2552 1727 2621 epi-

88 2650 248 2705 scopus
312 2638 437 2707 plus
494 2638 714 2690 caeteris
764 2637 1029 2691 ﬁdelibus
1087 2638 1293 2691 nostris
1348 2638 1407 2691 in
1462 2639 1730 2693 servitute

88 2725 373 2794 nostrajugi
404 2726 708 2779 devotione
742 2726 985 2793 sudavit,
1013 2725 1199 2779 eidem
1233 2726 1731 2781 Paderbrunnensi

89 2813 306 2877 ecclesim,
359 2815 414 2867 in
478 2815 753 2867 honorem
817 2819 1022 2867 sanctae
1076 2815 1177 2867 Dei
1205 2815 1497 2883 genitricis
1546 2816 1731 2869 Mariae

90 2901 330 2971 sanctique
391 2903 605 2956 Kiliani
662 2902 911 2955 martiris
939 2919 1045 2955 nec
1082 2918 1198 2955 non
1239 2903 1481 2973 preciosi
1509 2904 1733 2957 confes—

90 2990 197 3041 soris
222 2989 421 3043 Liborii
477 2991 774 3059 dedicatae,
824 2990 916 3044 cui
966 2990 1117 3044 idem
1158 2991 1322 3044 nobis
1364 2992 1600 3045 dilectus
1631 3009 1729 3045 an-
1767 2978 1806 3031 Ο

91 3076 211 3129 tistes
258 3095 496 3147 praeesse
530 3079 770 3145 videtur,
828 3079 1114 3148 quoddam
1143 3080 1427 3148 praedium
1476 3086 1733 3134 nostrum

89 3162 227 3217 Steini
256 3167 484 3232 dictum,
530 3167 703 3221 situm
737 3168 793 3220 in
820 3183 970 3236 pago
1001 3168 1333 3234 Westfalou,
1376 3168 1434 3222 in
1462 3169 1734 3223 comitatu

90 3265 189 3304 vero
216 3254 513 3309 Bernhardi
551 3256 799 3322 comitis,
832 3271 963 3308 cum
995 3255 1261 3308 omnibus
1294 3257 1548 3326 ejusdem
1589 3274 1735 3327 prm-

89 3337 147 3391 dii
194 3343 562 3410 pertinentiis,
622 3345 787 3397 terris
851 3344 1113 3397 videlicet
1158 3345 1323 3398 cultis
1376 3351 1433 3399 et
1486 3346 1734 3412 incultis,

91 3430 354 3497 curtiticiis,
389 3433 561 3501 areis,
587 3433 867 3500 mdiliciis,
902 3433 1205 3503 mancipiis
1232 3434 1530 3504 utriusque
1549 3452 1733 3502 sexus,

92 3519 248 3584 pratis,
306 3522 550 3591 pascuis,
633 3521 808 3587 silvis,
871 3521 1284 3589 venationibus,
1336 3524 1499 3592 aquis
1557 3540 1739 3593 aqua—

92 3619 289 3677 rumque
324 3609 676 3676 decursibus,
736 3610 1168 3678 piscationibus,
1225 3612 1594 3677 molendinis,
1639 3611 1740 3665 viis

91 3696 131 3743 et
173 3693 341 3763 inviis,
397 3697 643 3751 exitibus
698 3704 755 3751 et
786 3698 1081 3766 reditibus,
1118 3699 1369 3769 quaesitis
1419 3701 1503 3753 vel
1554 3700 1740 3771 inqui-

90 3782 260 3847 rendis,
311 3786 645 3856 caeterisque
704 3786 992 3849 omnibus,
1049 3803 1177 3858 quae
1221 3788 1741 3859 quomodocumque

92 3865 175 3919 dici
201 3870 303 3923 sive
334 3873 500 3925 scribi
536 3877 633 3925 aut
687 3873 969 3926 nominari
1002 3880 1261 3944 possunt,
1298 3860 1639 3929 utilitatibus
1670 3876 1741 3929 ad

92 3952 242 4020 ipsum
296 3958 579 4025 prmdium
639 3959 1079 4027 pertinentibus,
1133 3976 1238 4029 per
1302 3962 1448 4015 hanc
1489 3966 1741 4016 nostram

92 4038 399 4111 imperialem
469 4048 741 4116 paginam
788 4048 1152 4101 concedimus
1214 4053 1385 4119 atque
1446 4050 1741 4119 largimur,

94 4130 202 4183 etde
226 4140 411 4187 nostro
434 4136 567 4204 jure
596 4152 659 4188 ac
690 4136 943 4189 dominio
974 4136 1030 4188 in
1062 4137 1183 4206 ejus
1208 4137 1303 4206 jus
1334 4142 1389 4191 et
1420 4137 1743 4192 dominium

96 4218 290 4273 omnino
319 4223 799 4287 transfundimus;
845 4240 911 4277 ea
954 4224 1212 4278 videlicet
1244 4226 1463 4279 ratione
1496 4231 1557 4280 ut
1588 4243 1742 4296 praa-
1770 4251 1812 4303 D

96 4303 243 4359 dictus
296 4310 359 4363 Μ.
407 4311 708 4381 episcopus
756 4311 980 4381 sibique
1052 4312 1318 4381 posthinc
1383 4313 1744 4367 succedentes

96 4390 292 4449 liberam
337 4398 588 4452 habeant
635 4399 702 4452 de
750 4400 950 4453 eodem
1010 4400 1231 4469 praedio
1284 4400 1520 4471 ejusque
1577 4401 1746 4470 perti~

98 4484 268 4536 nentiis
309 4492 648 4555 potestatem
689 4487 968 4557 quidquid
1017 4488 1100 4541 eis
1156 4488 1436 4557 placuerit
1461 4489 1529 4541 ad
1577 4505 1745 4543 usum

98 4572 303 4627 ecclesia:
357 4576 621 4639 faciendi,
685 4576 944 4629 omnium
992 4576 1295 4629 hominum
1351 4576 1515 4645 regni
1566 4577 1747 4630 nostri

97 4664 501 4717 contradictione
528 4671 763 4718 remota.
788 4666 852 4719 Et
884 4671 947 4718 ut
968 4666 1087 4718 haec
1119 4670 1328 4718 nostra:
1374 4664 1747 4735 ingenuitatis

95 4751 355 4805 auctoritas
437 4753 658 4807 stabilis
729 4761 786 4808 et
863 4754 1195 4807 inconvulsa
1261 4753 1422 4806 omni
1487 4753 1747 4823 posthinc

94 4849 378 4901 permaneat
407 4846 686 4912 tempore,
726 4842 832 4896 hoc
888 4842 1185 4912 imperiale
1234 4847 1583 4912 praeceptum
1614 4843 1746 4896 inde

62 4928 434 4998 conscriptum
467 4948 637 4984 manu
671 4931 906 5003 propria
959 4932 1379 4998 conﬁrmautes,
1430 4931 1600 5001 sigilli
1643 4948 1743 4985 no-

93 5012 167 5063 stri
196 5014 559 5085 impressione
582 5020 861 5089 jussimus
888 5020 1174 5091 insigniri.

145 5102 342 5168 Signum
412 5109 599 5161 damni
658 5110 879 5162 Henrici
954 5111 1314 5163 Romanorum
1392 5110 1747 5162 invictissimi

92 5184 149 5241 il..
176 5189 250 5259 Μ.)
274 5195 615 5263 imperatoris
636 5199 893 5264 Augusti.

144 5277 461 5335 Guntherius
527 5285 896 5338 cancellarius
968 5284 1089 5338 vice
1159 5284 1427 5338 Aribouis
1485 5284 1741 5339 archica-

92 5363 263 5429 pellani
292 5373 639 5439 recognovit.

146 5453 261 5509 Data
286 5476 371 5513 xix
432 5460 560 5514 Kal.
620 5461 806 5526 Febr.,
858 5462 1167 5516 indictione
1210 5478 1284 5530 v1,
1346 5479 1496 5517 anno
1550 5463 1741 5517 Domi-

92 5538 200 5594 nicze
273 5547 674 5603 incarnationis
755 5553 911 5617 1023,
1020 5566 1170 5604 anno
1267 5550 1466 5604 domui
1556 5550 1736 5605 Hein-

1755 1708 1794 1760 Β

1284 303 1683 361 DIPLOMATA
1723 307 2274 363 ECCLESIASTICA.

3417 312 3524 365 3‘78

1833 430 1933 483 rici
2014 430 2246 483 secundi
2313 430 2604 498 regnantis
2684 447 2789 495 xxx,
2867 431 3095 501 imperii
3171 436 3361 486 autem
3448 449 3522 485 ix.

1899 522 2097 571 Actum
2138 517 2589 572 Poderbrunnon
2630 519 2889 572 feliciter.
2916 525 3118 574 Amen.

2559 608 2792 661 CXXXV.

2006 697 2063 749 S.
2100 697 2317 749 Henrici
2343 695 2696 764 privilegium
2740 712 2843 764 pro
2873 698 3056 750 eadem
3085 699 3343 753 Ecclesia.

2443 784 2626 850 (Anno
2669 784 2914 850 eodem.)

2454 871 2654 944 [Ibi(l.,
2696 888 2751 941 p.
2786 873 2899 944 83.]

1902 960 1960 1013 C.
1987 960 2047 1013 In
2070 958 2305 1012 nomine
2348 964 2553 1013 sanctae
2577 966 2631 1013 et
2673 960 2980 1014 individua:
3025 963 3335 1031 Trinitatis,
3361 966 3521 1018 lli-2m-

1831 1064 1981 1102 mcns
2025 1048 2218 1102 divina
2272 1048 2496 1102 favente
2537 1049 2842 1103 clementia
2894 1050 3286 1105 Romanorum
3340 1053 3523 1123 impe-

1832 1141 1987 1189 rator
2008 1138 2316 1205 Augustus.

1902 1225 2184 1288 Quoniam
2217 1225 2424 1277 divinae
2476 1225 2824 1295 dignationis
2855 1227 3158 1281 clementia
3212 1227 3282 1280 ad
3323 1245 3527 1297 regen-

1831 1314 1966 1368 dum
2018 1313 2190 1366 totius
2242 1313 2320 1366 rei
2382 1314 2623 1382 publicae
2676 1319 2885 1367 statum
2946 1332 3046 1368 nos
3095 1317 3353 1385 provexit
3412 1331 3527 1367 suae

1831 1402 2124 1456 immensae
2161 1402 2385 1471 pietatis
2422 1401 2867 1471 magniﬁcentia,
2924 1407 3051 1455 ante
3102 1403 3294 1455 omnia
3321 1403 3389 1455 ad
3422 1403 3529 1455 hoc

1831 1492 2088 1544 laborare
2122 1491 2396 1544 debemus
2424 1495 2504 1556 ut,
2538 1491 2635 1560 qui
2669 1506 2875 1543 corona
2916 1491 3128 1543 terreni
3158 1490 3382 1561 imperii
3412 1490 3531 1559 glo-

1832 1580 2069 1644 riamur,
2095 1579 2193 1632 illa
2218 1578 2618 1631 inestimabilis
2650 1579 2842 1648 gaudii
2868 1580 3049 1648 gloria
3068 1596 3182 1633 non
3217 1580 3525 1650 privemur.

1834 1667 1993 1731 Quod
2025 1667 2338 1720 certissime
2386 1684 2548 1737 posse
2581 1667 2703 1720 ﬁeri
2760 1668 3034 1733 creditur,
3091 1667 3136 1719 si
3180 1668 3313 1719 loca
3360 1666 3531 1719 eccle-

1836 1756 2073 1809 siasticis
2104 1756 2392 1826 obsequiis
2422 1771 2454 1808 a
2484 1756 2807 1809 christianis
2828 1756 2964 1809 viris
3007 1756 3301 1826 deputata,
3335 1758 3531 1808 nostra

1834 1848 2168 1898 auctoritate
2205 1845 2637 1909 conﬁrmentur,
2674 1849 2729 1897 et
2758 1845 3216 1905 corroborentur.
3253 1848 3333 1907 ut,
3370 1843 3529 1897 omni

1835 1932 2098 1985 exteriori
2157 1932 2555 2003 inquietudine
2605 1940 2846 1998 remota,
2898 1933 3102 1987 divinis
3156 1932 3421 1985 laudibus
3468 1930 3531 1983 iu

1836 2020 1917 2073 eis
1948 2019 2253 2089 mancipati
2290 2021 2351 2072 in
2380 2035 2519 2089 pace
2554 2024 2609 2072 et
2648 2022 2836 2090 quiete
2870 2021 3103 2073 domino
3136 2020 3344 2073 servire
3376 2019 3528 2073 dele-

1835 2112 2078 2175 ctentur,
2129 2112 2201 2172 et,
2253 2108 2353 2178 qui
2383 2108 2533 2161 curis
2564 2114 2617 2162 et
2650 2110 2893 2179 negotiis
2938 2110 3304 2162 saecularibus
3330 2124 3528 2178 grava-

1836 2211 1986 2263 mur,
2019 2213 2218 2249 eorum
2252 2197 2430 2267 quiin
2464 2197 2586 2266 lege
2619 2197 2739 2266 ejus
2762 2198 2851 2250 die
2884 2214 2946 2249 ac
2978 2203 3139 2250 nocte
3182 2197 3533 2250 meditantur

1836 2284 2103 2354 precibus
2124 2302 2156 2337 a
2177 2290 2537 2355 peccatorum
2570 2290 2897 2338 nostrorum
2930 2285 3167 2340 nexibus
3198 2285 3530 2339 liberemur.

1837 2373 2194 2443 Quapropter
2223 2374 2483 2427 omnium
2535 2375 2791 2429 ﬁdelium
2836 2374 3045 2428 Christi
3092 2380 3532 2443 nostrorumque

1839 2462 2061 2514 noverit
2092 2462 2431 2515 universitas
2491 2463 2739 2534 qualiter
2791 2463 3031 2515 dilectus
3088 2463 3252 2516 nobis
3299 2478 3533 2514 venera-

1838 2550 2083 2619 bilisque
2167 2550 2563 2619 Meginwercus
2641 2550 3192 2603 Potherbrunnensis
3274 2550 3534 2604 Ecclesia}

1840 2638 2094 2703 antistes,
2175 2639 2573 2693 celsitudinem
2646 2644 2899 2692 nostram
2982 2639 3143 2703 adiit,
3201 2639 3536 2707 suppliciter

1842 2743 2082 2780 exorans
2148 2732 2209 2779 ut
2268 2728 2700 2792 monasterium,
2736 2728 2793 2780 in
2845 2727 3181 2780 occidentali
3214 2734 3372 2797 parte
3426 2728 3533 2780 Po-

1841 2815 2315 2868 therbrunnensis
2346 2815 2605 2869 suburbii
2646 2816 2712 2868 ab
2760 2833 2825 2869 eo
2869 2816 2927 2868 in
2959 2816 3171 2869 honore
3197 2820 3402 2869 sancta!
3437 2815 3535 2868 Dei

1845 2904 2134 2973 genitricis
2188 2910 2243 2956 et
2300 2910 2590 2974 perpetuae
2642 2904 2888 2973 Virginis
2939 2905 3124 2958 Marire
3160 2904 3536 2974 omniumque

1845 2997 2169 3045 sanctorum
2228 2992 2550 3057 fundatum,
2624 2998 2816 3046 nostra
2871 2993 3155 3063 imperiali
3204 2992 3538 3045 auctoritate

1843 3081 2297 3145 confirmaretur,
2329 3086 2611 3151 quatenus
2650 3082 2849 3134 fratres
2888 3082 3065 3151 ipsius
3096 3081 3446 3147 monasterii,
3482 3081 3541 3133 in

1844 3167 2035 3220 divino
2068 3168 2296 3220 servitio
2318 3168 2536 3238 jugiter
2564 3168 2944 3238 permansnri,
2994 3168 3063 3221 ab
3095 3168 3250 3221 omni
3282 3167 3541 3221 saeculari

1846 3255 2115 3308 violentia
2148 3260 2201 3309 et
2231 3256 2489 3309 molestia
2531 3256 2734 3309 remoti
2792 3262 2849 3310 et
2882 3257 3106 3319 muniti,
3160 3262 3318 3309 tanto
3366 3272 3539 3325 expc-

1845 3344 2017 3397 ditius
2058 3344 2206 3397 viam
2259 3344 2659 3397 mandatorum
2694 3345 2791 3398 Dei
2838 3350 3153 3408 currerent,
3204 3349 3417 3414 quanto
3462 3344 3544 3397 eis

1846 3436 2090 3484 terrena:
2156 3432 2642 3485 incommoditatis
2695 3432 3107 3501 impedimenta
3154 3433 3310 3484 nulla
3355 3431 3542 3485 obsta-

1848 3525 1993 3574 rent.
2029 3520 2202 3588 Cujus
2248 3521 2545 3573 laudabilis
2596 3521 2770 3573 studii
2820 3520 3135 3573 intentione
3176 3521 3544 3589 congauden-

1847 3612 1952 3672 tes,
1987 3614 2042 3661 et
2072 3623 2174 3676 per
2204 3608 2588 3661 interventum
2638 3608 3015 3661 dilectissime:
3044 3608 3304 3677 conjugis
3339 3615 3544 3664 nostra!

1850 3697 2203 3766 Cuuigundm
2234 3696 2493 3749 videlicet
2534 3696 2912 3765 imperatricis
2943 3700 3232 3765 Auguste,
3268 3697 3547 3750 aliorum—

1851 3801 1961 3854 que
2012 3786 2268 3838 lidelium
2330 3792 2657 3839 nostrorum
2701 3785 2871 3853 justis
2901 3783 3271 3853 petitionibus
3299 3784 3548 3851 gratuito

1851 3874 2241 3937 assentientes,
2320 3872 2605 3941 imperiali
2677 3872 3012 3925 auctoritate
3073 3871 3427 3924 decrevimus
3489 3877 3551 3925 ut

1851 3961 2044 4014 omnia
2074 3978 2102 4013 a
2135 3960 2300 4014 nobis
2328 3962 2415 4013 vel
2452 3961 2519 4013 ab
2553 3960 2677 4029 ipso
2714 3959 3024 4013 venerabili
3050 3958 3318 4028 episcopo
3348 3960 3418 4013 de
3449 3976 3550 4013 sua

1852 4050 2208 4117 haereditate,
2240 4051 2326 4103 vel
2357 4049 2587 4103 aliunde
2618 4066 2719 4118 per
2751 4049 3260 4102 commutationem
3293 4053 3390 4101 aut
3421 4065 3551 4118 pre-

1853 4138 2083 4203 cariam,
2119 4138 2202 4190 vel
2237 4139 2307 4191 ab
2349 4138 2458 4191 illis
2500 4138 2596 4191 Dei
2623 4138 2933 4191 cultoribus
2977 4137 3161 4191 eidem
3207 4137 3552 4191 monasterio

1853 4227 2074 4291 collata,
2127 4226 2387 4279 videlicet
2424 4227 2483 4278 iu
2535 4226 2857 4291 territoriis,
2908 4226 3073 4293 villis,
3126 4226 3293 4289 areis,
3345 4227 3553 4295 jeurtis,

1854 4315 2129 4379 aediliciis,
2179 4314 2478 4384 mancipiis
2501 4314 2799 4385 utriusque
2856 4330 3042 4381 sexus,
3078 4315 3259 4375 lterris
3308 4315 3475 4367 cultis
3499 4319 3556 4367 et

1858 4402 2106 4467 incultis,
2142 4402 2336 4471 pratis,
2365 4403 2607 4471 pascuis,
2662 4402 2895 4471 campis,
2955 4403 3117 4472 aquis
3160 4418 3554 4473 aquarumque

1859 4490 2208 4554 decursibus,
2258 4490 2443 4554 molis,
2492 4490 2851 4556 molendinis,
2895 4490 3325 4560 piscationibus,
3382 4492 3553 4557 silvis,

1856 4578 2277 4646 venationibus,
2334 4579 2576 4631 exitibus
2643 4583 2698 4631 et
2758 4578 3057 4645 reditibus,
3098 4579 3204 4630 viis
3262 4584 3317 4632 et
3363 4579 3553 4645 inviis,

1858 4668 2111 4737 quaesitis
2142 4673 2197 4721 et
2226 4668 2604 4738 inquirendis,
2670 4683 2802 4721 eum
2834 4666 2991 4719 omni
3024 4666 3269 4719 utilitate
3299 4670 3354 4719 et
3408 4667 3553 4719 inte-

1856 4756 2061 4826 gritate
2081 4773 2209 4826 quae
2240 4758 2357 4809 ullo
2383 4756 2551 4810 modo
2573 4771 2644 4809 ex
2673 4756 2754 4809 eis
2777 4756 3078 4826 provenire
3110 4756 3344 4825 poterit,
3376 4754 3555 4823 ipsius

1858 4846 2190 4899 monasterii
2251 4846 2422 4899 abbas
2488 4861 2617 4899 cum
2665 4846 2781 4898 suis
2838 4845 3109 4898 fratribus
3174 4843 3554 4913 proprietario

1850 4934 1980 5003 jure
2031 4935 2365 5003 potestative
2418 4934 2628 4988 habeat
2658 4939 2827 5003 atque
2861 4932 3168 5002 possideat,
3203 4938 3407 4984 etcum
3440 4931 3555 5000 epi-

1855 5023 2007 5093 scopi
2043 5022 2269 5075 licentia
2301 5022 2580 5092 quidquid
2604 5022 2714 5075 illis
2739 5020 3021 5091 placuerit
3069 5021 3139 5074 ad
3187 5035 3553 5073 communem

1853 5127 2023 5163 usum
2056 5110 2316 5164 Ecclesia:
2346 5110 2532 5163 faciat.
2590 5112 2827 5181 Insuper
2880 5110 3051 5163 etiam
3084 5109 3328 5162 firmiter
3367 5112 3421 5160 et
3448 5113 3554 5161 sta-

1854 5197 1966 5249 bile
2000 5197 2424 5266 perpetuojure
2452 5197 2737 5249 sancimus
2762 5196 3048 5250 utnullus
3081 5196 3191 5249 dux
3217 5200 3315 5249 aut
3340 5211 3550 5262 comes,

1855 5290 1952 5338 aut
1983 5285 2171 5355 aliqua
2199 5301 2444 5354 persona
2502 5302 2673 5355 parva
2705 5286 2787 5338 vel
2839 5300 3067 5354 magna,
3105 5284 3423 5354 quemlibet
3461 5284 3555 5338 ab-

1853 5373 2052 5426 batum
2082 5373 2262 5442 ipsius
2322 5373 2649 5427 monasterii
2703 5389 2831 5425 cum
2892 5374 3007 5425 suis
3062 5373 3333 5425 fratribus
3381 5388 3555 5442 super

1854 5462 2068 5515 eisdem
2099 5461 2264 5514 bonis
2296 5462 2634 5532 inquietare,
2671 5460 2970 5513 molestare
3009 5466 3105 5513 aut
3136 5461 3422 5527 divestire,
3457 5467 3556 5514 aut

1854 5550 2044 5621 aliqua
2067 5549 2374 5619 judiciaria
2398 5553 2673 5619 potestate
2713 5564 2770 5600 se
2803 5548 3182 5603 intromittere
3214 5553 3544 5619 praesumat,
