3920 6190
379 280 481 333 3⁸79

1677 275 1734 331 S.
1779 276 2071 332 HENRICI
2110 274 2586 332 IMPERATORIS
3720 285 3796 338 380

377 403 490 456 nisi
541 401 847 457 advocatus
889 400 1140 455 ecclesiie
1195 401 1266 454 ab
1320 401 1524 455 abbate
1585 405 1642 454 et
1692 399 1962 454 fratribus
2011 400 2069 454 in
2102 401 2148 454 Α
2187 400 2384 455 eadem
2415 398 2766 470 proprietate
2796 397 3036 468 ejusque
3064 396 3416 469 pertinentiis
3459 401 3701 473 quidquid
3741 407 3801 459 eis

377 491 735 545 defensorem
767 491 977 544 electus
1002 493 1057 544 et
1085 490 1155 543 ab
1179 489 1446 559 episcopo
1491 489 1864 552 censtitutus;
1891 504 1956 541 eo
1985 488 2073 541 vi-

377 580 581 634 delicet
604 585 802 632 tenore
833 584 917 643 ut,
969 579 1097 648 jure
1128 583 1424 631 contentus
1470 577 1740 642 ecclesiae,
1770 593 1898 629 cum
1929 591 2076 646 prte-

377 671 541 738 cepto
569 672 627 720 et
647 668 881 720 consilio
914 667 1131 720 abbatis
1162 665 1355 719 omnia
1375 665 1544 718 faciat
1573 671 1746 735 atque
1787 665 2072 735 disponat.

376 755 434 810 Si
464 755 592 826 quis
625 760 814 808 autem
849 755 958 808 hoc
1013 759 1222 807 nostra:
1282 753 1596 822 imperialis
1628 753 2076 807 conﬁrmationis

377 842 625 896 edictum
701 842 907 912 aliqua
966 841 1416 910 prasumptione
1502 841 1814 912 infringere
1898 847 2077 895 tenta-

377 930 541 995 verit,
592 934 820 984 centum
879 929 1155 982 librarum
1185 929 1495 983 examinati
1536 929 1661 982 auri
1714 930 1785 983 ad
1816 935 2074 983 nostrum

379 1019 605 1088 pondus
635 1018 1047 1087 compositione
1079 1019 1376 1084 multetur,
1430 1024 1492 1070 ut
1523 1019 1948 1090 quinquaginta
1979 1035 2055 1072 no

379 1111 508 1160 strae
530 1122 768 1160 camerae
811 1107 1113 1176 persolvat,
1149 1107 1569 1176 quinquaginta
1599 1107 1781 1160 eidem
1818 1107 2076 1162 Ecclesia:

380 1211 554 1266 quam
605 1211 745 1248 ausu
780 1195 1083 1248 temeraria
1121 1195 1446 1263 inquietare
1477 1195 1863 1265 praesumpsit.
1902 1197 1981 1261 Et,
2015 1199 2079 1249 ut

376 1285 498 1338 haec
558 1283 920 1337 conﬁrmatio
951 1285 1140 1336 verius
1186 1284 1452 1336 credatur
1511 1283 1842 1353 stabilisque
1893 1288 1951 1336 et
1991 1283 2076 1337 in-

376 1371 640 1426 convulsa
674 1372 833 1425 omni
889 1376 1146 1441 tempore
1207 1372 1504 1434 habeatur,
1565 1372 1714 1424 hanc
1766 1371 2078 1441 imperialis

376 1461 546 1515 edicti
578 1461 846 1531 paginam
870 1459 1004 1513 inde
1039 1459 1341 1524 conscribi,
1379 1465 1434 1513 et
1463 1475 1638 1513 manu
1681 1460 1918 1530 propria
1940 1476 2075 1514 con-

377 1549 693 1614 ﬁrmantes,
728 1548 914 1618 sigillo
950 1553 1142 1601 nostro
1173 1549 1436 1618 insigniri
1457 1549 1753 1617 jussimus.

450 1638 676 1704 Signum
749 1635 934 1690 damni
979 1639 1198 1690 Henrici
1253 1636 1339 1706 (ι.
1420 1637 1514 1702 Μ.)
1573 1640 1927 1691 Romanorum
1986 1637 2074 1690 in-

377 1728 667 1780 victissimi
691 1727 1035 1794 imperatoris
1068 1728 1334 1794 Augusti.

449 1813 796 1868 Guntherius
844 1815 1212 1868 cancellarius
1245 1815 1364 1869 vice
1394 1814 1678 1884 fAribonis
1734 1815 2077 1886 archicapel-

383 1902 502 1957 lani
529 1903 882 1972 recognovit.

450 1991 655 2044 Datum
683 2007 836 2046 xvnI.
874 1991 994 2044 Kal.
1045 1990 1199 2057 Feb.,
1231 1991 1430 2045 indict.
1464 2007 1538 2053 vr,
1567 1991 1733 2046 'anno
1768 1990 2076 2045 Dominicaz

379 2080 788 2133 incarnationis
825 2082 977 2145 l023,
1004 2095 1153 2132 anno
1183 2096 1318 2133 vero
1354 2079 1549 2133 domni
1582 2080 1811 2135 Henrici
1843 2080 2079 2134 secundi

376 2167 672 2238 regnantis
700 2184 815 2234 xxx,
839 2167 1067 2238 imperii
1093 2171 1281 2222 autem
1315 2169 1437 2239 ejus
1467 2185 1539 2222 ix.

452 2261 659 2310 Actum
691 2257 1141 2311 Paderbrunnon
1162 2258 1418 2311 feliciter.
1447 2261 1648 2311 Amen.

1095 2346 1357 2400 CXXXVI.

375 2433 432 2489 S.
470 2436 757 2490 Heinricus
801 2434 1228 2489 Paderbornensi
1272 2435 1522 2488 Ecclesiae
1566 2433 1778 2503 prwdia
1830 2433 2074 2502 quedam

1113 2525 1338 2589 confert.

979 2611 1165 2681 (Anno
1224 2611 1472 2678 eodem.)

1019 2699 1200 2765 [10:71,
1234 2715 1289 2768 p.
1328 2697 1443 2770 84.]

446 2785 504 2839 C.
534 2785 598 2840 In
624 2785 858 2839 nomine
891 2791 1098 2840 sancta
1131 2791 1186 2839 et
1217 2787 1528 2841 individua:
1559 2786 1871 2854 Trinitatis,
1909 2790 2075 2843 liam-

377 2890 548 2940 mcns,
581 2874 773 2927 divina
804 2874 1023 2928 favente
1072 2875 1394 2943 clementia,
1447 2877 1838 2930 Romanorum
1905 2876 2076 2946 impe-

377 2967 533 3015 rator
564 2965 876 3031 Augustus.

450 3049 506 3103 Si
559 3051 910 3104 venerabilia
969 3051 1346 3105 Ecclesiarum
1422 3053 1522 3106 Dei
1578 3053 1702 3106 loca
1778 3054 1959 3108 ditare
2017 3072 2080 3109 ac

378 3137 688 3192 sublimare
745 3139 1152 3206 studuerimus,
1206 3140 1368 3193 nobis
1439 3141 1494 3194 id
1553 3141 1831 3212 regnique
1898 3144 2079 3198 nostri

377 3227 551 3280 statui
600 3227 965 3296 profuturum
1023 3244 1142 3281 esse
1221 3228 1459 3282 minime
1527 3229 1874 3284 dubitamus.
1929 3231 2077 3295 Qua-

379 3319 620 3386 propter
647 3315 870 3369 noverit
907 3317 1166 3370 omnium
1204 3317 1414 3372 Christi
1445 3317 1697 3372 ﬁdelium
1720 3324 2077 3373 nostrorum-

379 3419 492 3474 que
547 3405 891 3458 universitas
941 3405 1188 3475 qualiter
1242 3422 1366 3469 nos,
1417 3422 1520 3475 pro
1575 3407 1830 3460 remedio
1874 3409 2078 3462 anima:

379 3497 589 3546 nostra:
637 3493 1136 3564 dilectissimaeque
1179 3495 1438 3564 conjugis
1481 3501 1689 3548 nostra:
1722 3496 2077 3565 Cunigundaa

377 3581 640 3634 videlicet
687 3581 1068 3652 imperatricis
1119 3585 1390 3652 Augusta:
1439 3587 1613 3654 atque
1641 3588 1944 3653 parentum
1976 3600 2077 3637 no-

377 3672 648 3734 strorum,
681 3685 786 3722 nec
817 3685 932 3722 non
969 3685 1072 3740 pro
1107 3669 1409 3723 animabus
1437 3669 1694 3724 ﬁdelium
1749 3676 2075 3725 nostrorum

377 3772 627 3826 quorum
677 3757 758 3810 ibi
809 3773 1053 3827 corpora
1084 3758 1468 3828 requiescunt,
1525 3759 1808 3828 Erphonis
1865 3759 2078 3813 scilicet

376 3844 598 3897 comitis
643 3850 816 3916 atque
866 3847 1134 3913 Cononis,
1196 3846 1543 3900 monasterio
1590 3851 1786 3901 nostro
1818 3847 2077 3919 Cofunga

378 3933 695 3999 nominato,
743 3935 801 3987 in
833 3936 1111 3989 honorem
1146 3934 1374 3990 Domini
1405 3933 1711 3990 Salvatoris
1751 3942 2074 4007 sancteeque

375 4022 500 4091 ejus
530 4021 849 4087 Genitricis,
875 4039 978 4076 nec
1019 4040 1134 4076 non
1169 4023 1648 4077 victoriosissimaa
1687 4025 1869 4078 crucis
1902 4030 2073 4096 atque

376 4109 528 4162 beati
603 4112 756 4164 Petri
825 4112 1211 4181 apostolorum
1270 4111 1548 4182 principis
1604 4116 1951 4180 constructo,
2002 4113 2072 4167 ad

377 4212 546 4249 usum
607 4197 1126 4252 sanctimonialium
1192 4199 1407 4252 ibidem

377 4283 665 4352 quoddam
686 4285 1032 4354 nostrijuris
1059 4286 1336 4354 praedium
1363 4285 1803 4357 Hardinghuson
1833 4289 2066 4356 dictum,

376 4371 549 4424 situm
599 4371 657 4423 in
708 4387 854 4442 pago
899 4414 909 4424 .
957 4410 969 4424 .
1016 4413 1028 4425 .
1075 4415 1086 4426 .
1120 4373 1178 4424 in
1234 4374 1507 4427 comitatu
1556 4391 1689 4427 vero
1738 4417 1750 4429 .
1805 4419 1815 4430 .
1866 4418 1876 4428 .
1924 4419 1935 4429 .
1984 4394 2067 4430 co-

378 4458 555 4527 mitis,
587 4475 717 4513 cum
775 4459 1043 4513 omnibus
1099 4461 1353 4530 ejusdem
1427 4463 1625 4532 praedii
1685 4463 2070 4532 pertinentiis,

377 4547 546 4600 terris
594 4548 861 4602 videlicet
917 4549 1084 4602 cultis
1137 4553 1192 4602 et
1237 4550 1483 4612 incultis,
1539 4551 1852 4618 curtiticiis,
1905 4555 2070 4618 areis,

376 4636 635 4690 aediliciis
685 4642 742 4691 et
761 4637 1059 4708 mancipiis
1085 4639 1382 4709 utriusque
1405 4656 1590 4702 sexus,
1614 4640 2072 4711 pratis,pascuis,

375 4725 552 4792 silvis,
591 4726 1014 4787 venationibus,
1049 4727 1213 4797 aquis
1245 4743 1644 4797 aquarumque
1714 4728 2072 4796 decursibus,

372 4815 808 4886 piscationibus,
859 4815 1225 4883 molendinis,
1259 4815 1362 4868 viis
1415 4820 1471 4868 et
1518 4816 1704 4882 inviis,
1739 4817 1982 4870 exitibus
2021 4823 2075 4872 et

371 4903 674 4967 reditibus,
732 4902 985 4973 quaesitis
1033 4905 1116 4955 vel
1169 4903 1554 4973 inquirendis,
1589 4905 1919 4975 caeterisque
1950 4921 2073 4958 om-

372 4991 564 5056 nibus,
596 5007 726 5061 quaa
757 4989 1302 5060 quomodocumque
1333 4990 1442 5044 dici
1464 4991 1579 5043 sive
1611 4991 1782 5044 scribi
1810 4998 2070 5061 possunt,

285 5069 294 5080 ’
373 5079 714 5132 utilitatibus
763 5079 833 5132 ad
886 5079 1070 5148 ipsum
1144 5078 1419 5147 praedium
1481 5079 1915 5148 pertinentibus,
1975 5098 2076 5152 per

375 5167 521 5220 hanc
546 5172 800 5220 nostram
833 5166 1192 5236 imperialem
1252 5167 1522 5237 paginam
1574 5168 1942 5222 concedimus
1989 5175 2070 5223 at-

373 5269 484 5324 que
510 5254 810 5324 largimur,
839 5259 894 5308 et
923 5255 990 5308 de
1022 5259 1218 5308 nostro
1269 5255 1399 5324 jure
1449 5271 1512 5308 ac
1563 5255 1819 5310 dominio
1854 5256 1912 5308 in
1953 5257 2076 5326 ejus

367 5341 463 5411 jus
488 5345 546 5395 et
583 5342 902 5396 dominium
933 5343 1168 5396 omnino
1203 5343 1684 5410 transfundimus;
1728 5361 1793 5397 ea
1813 5344 2077 5398 videlicet

376 5429 597 5483 ratione
646 5435 711 5483 ut
766 5430 943 5500 ipsius
994 5431 1241 5485 ecclesia;
1285 5431 1629 5485 venerabilis
1662 5433 1946 5486 abbatissa
1972 5433 2078 5486 Ota

373 5517 598 5588 sibique
654 5517 916 5587 posthinc
984 5521 1348 5574 succedentes
1415 5519 1653 5574 liberam
1712 5521 1958 5575 habeant
2004 5523 2074 5577 de

1508 4201 1619 4253 Deo
1677 4201 2067 4267 servientium,
2101 4240 2141 4293 υ

2184 488 2467 558 placuerit
2511 487 2582 541 ad
2639 503 2808 540 usum
2882 485 3135 540 ecclesite
3220 486 3454 542 faciendi
3501 494 3801 559 potestatem,

2187 577 2444 630 omnium
2497 575 2798 629 hominum
2857 575 3020 644 regni
3079 575 3256 628 nostri
3299 577 3704 632 contradictione
3744 598 3805 635 re-

2186 670 2359 718 mota.
2406 666 2488 731 Et,
2548 669 2611 717 ut
2678 665 2800 718 haec
2859 668 3071 716 nostra}
3125 663 3482 732 ingenuitatis
3557 669 3807 722 auctoritas

2187 751 2406 806 stabilis
2453 768 2515 805 ac
2572 752 2904 805 inconvulsa
2969 751 3126 804 omni
3199 752 3453 821 posthinc
3533 761 3809 823 permaneat

2185 847 2468 912 tempore,
2501 840 2918 909 hocimperiale
2949 845 3300 910 praeceptum
3331 840 3458 895 inde
3486 843 3809 914 conscriptum

2188 948 2359 984 manu
2420 929 2653 1001 propria
2709 930 3128 991 conﬁrmantes,
3191 928 3361 999 sigilli
3412 931 3578 984 nostri
3617 931 3807 1002 impres-

2187 1021 2347 1073 sione
2369 1018 2645 1089 jussimus
2672 1017 2958 1088 insigniri.

2256 1109 2479 1173 Signum
2560 1106 2745 1160 damni
2817 1105 3060 1160 Heinrici
3113 1107 3464 1160 Romanorum
3523 1108 3811 1162 invictissimi

2188 1198 2271 1268 (L.
2305 1198 2400 1266 Μ.)
2422 1198 2768 1265 imperatoris
2800 1198 3062 1262 Augusti.

2259 1284 2603 1339 Guntherius
2659 1283 3031 1337 cancellarius
3085 1281 3205 1337 vice
3268 1281 3526 1336 Aribonis
3575 1283 3805 1354 archicap-

2184 1373 2403 1443 pellani
2427 1372 2780 1442 recognovit.

2259 1463 2464 1515 Datum
2521 1478 2612 1514 xxx
2667 1461 2788 1515 Kal.
2851 1460 3038 1529 Febr.,
3089 1457 3289 1514 indict.
3337 1475 3412 1523 v1,
3439 1474 3581 1512 anno
3609 1459 3807 1513 Domini-

2187 1566 2265 1604 cae
2316 1549 2725 1603 incarnationis
2785 1551 2957 1614 1023;
3019 1564 3172 1602 anno
3228 1563 3362 1602 vero
3413 1547 3596 1601 domui
3637 1547 3810 1601 Henrici

2187 1636 2422 1690 secundi
2453 1637 2746 1705 regnantis
2777 1653 2887 1701 xxx,
2917 1635 3150 1707 imperii
3172 1640 3364 1690 autem
3391 1635 3510 1706 ejus
3528 1651 3597 1688 ix.

2255 1726 2459 1780 Actum
2491 1725 2940 1780 Paderbrunnon
2962 1726 3222 1780 feliciter.
3252 1725 3456 1780 Amen.

2862 1814 3148 1869 CXXXVII.

2474 1904 2755 1957 Decretum
2786 1903 2841 1958 S.
2888 1905 3107 1957 Ilenrici
3132 1905 3190 1958 II
3232 1903 3586 1972 imperatoris.

2701 1991 2888 2059 (Anno
2927 1991 3084 2057 1024,
3117 1994 3148 2045 9
3177 1990 3365 2060 Mart.)

2435 2078 2678 2149 [Dronk,
2715 2079 2840 2134 Cod.
2877 2079 3102 2148 diplom.
3148 2078 3342 2147 Fuld.,
3373 2094 3431 2148 p.
3481 2076 3619 2148 348.]

2255 2168 2320 2221 In
2372 2169 2608 2223 nomine
2658 2173 2866 2222 sanctae
2911 2174 2967 2223 et
3007 2168 3323 2222 individua:
3369 2165 3662 2231 Trinitatis,
3690 2166 3814 2219 HEIN-

2185 2271 2336 2310 RICUS
2380 2256 2573 2310 divina
2629 2257 2853 2311 favente
2891 2255 3196 2311 clementia
3247 2257 3624 2310 Romanorum
3679 2254 3815 2323 impe-

2186 2348 2340 2398 rator
2369 2347 2675 2414 Augustus.
3057 2408 3059 2410 η

2256 2433 2533 2487 Omnibus
2564 2434 2846 2501 ﬁdelibus,
2879 2437 2997 2488 tam
3046 2433 3426 2504 praesentibus
3457 2448 3615 2504 quam
3639 2431 3815 2494 futuris,

2185 2527 2385 2576 notum
2422 2522 2561 2589 (fore
2618 2523 2881 2592 cupimus
2931 2523 3177 2594 qualiter
3235 2522 3460 2577 assidua
3510 2520 3818 2592 proclamatio

2186 2614 2406 2664 nostras
2446 2625 2610 2663 aures
2665 2610 3028 2681 inquietabat
3058 2610 3129 2662 ob
3161 2611 3498 2664 innumeras
3527 2618 3579 2662 et
3603 2609 3818 2678 frequen-

2184 2702 2269 2751 tes
2313 2698 2711 2752 contentiones
2743 2715 2870 2769 quae
2903 2715 3130 2770 semper
3159 2704 3328 2753 erant
3359 2699 3507 2752 inter
3533 2697 3818 2751 Vuldensem

2185 2789 2240 2838 et
2281 2786 2716 2841 Herveldensem
2748 2786 3048 2853 familiam,
3079 2803 3207 2858 qua:
3238 2787 3300 2840 in
3329 2791 3546 2841 tantum
3575 2783 3819 2838 convalue-

2184 2879 2319 2928 runt
2344 2880 2408 2928 ut
2437 2874 2609 2928 etiam
2639 2875 3082 2929 innumerabilia
3134 2875 3286 2929 inter
3315 2892 3371 2929 se
3423 2876 3616 2930 ﬁerent
3660 2869 3809 2925 homi-

2105 2966 2145 3019 C
2182 2963 2348 3031 cidia,
2373 2968 2432 3016 et
2478 2963 2611 3017 inde
2646 2963 2959 3017 maximum
2992 2964 3403 3018 detrimentum
3446 2968 3672 3033 utraque
3695 2965 3818 3030 pate-

2189 3056 2348 3105 retur
2381 3052 2644 3106 Ecclesia.
2697 3053 3057 3122 Quapropter
3108 3068 3180 3106 ne
3234 3052 3369 3106 talis
3429 3067 3493 3104 ac
3520 3054 3676 3104 tantae
3710 3061 3822 3117 prie-

2189 3140 2534 3210 sumptionis
2567 3140 2805 3195 audacia
2835 3141 2958 3194 sine
2987 3140 3161 3210 digna
3190 3141 3412 3194 ultione
3440 3141 3583 3193 inter
3601 3142 3820 3204 utrasque

2185 3228 2432 3282 familias
2451 3229 2667 3282 diutius
2707 3233 3051 3292 remaneret,
3091 3245 3219 3282 cum
3249 3245 3526 3284 consensu
3557 3232 3608 3280 et
3632 3222 3819 3278 consilio

2185 3322 2566 3388 utrorumque
2625 3317 2916 3382 abbatum,
2971 3317 3236 3370 Richardi
3301 3315 3593 3371 Vuldensis
3651 3317 3700 3367 et
3745 3313 3820 3364 Ar-

2185 3406 2327 3459 nolti
2359 3406 2775 3472 Herveldensis,
2832 3406 3192 3476 aliorumque
3230 3405 3490 3460 ﬁdelium
3530 3407 3817 3461 nostrorum,

2184 3509 2286 3563 per
2311 3493 2481 3563 hujus
2523 3494 2799 3548 chartulae
2829 3499 3181 3565 preceptum
3210 3495 3326 3548 tale
3365 3492 3731 3549 constituimus
3754 3487 3822 3540 de

2184 3587 2432 3636 cretum:
2465 3587 2530 3635 ut
2577 3581 2830 3653 primum
2881 3583 3068 3637 omnis
3118 3582 3409 3652 injustitia
3451 3598 3575 3653 quae
3597 3582 3702 3650 jam
3746 3589 3822 3644 per

2181 3671 2363 3725 multa
2409 3676 2664 3742 tempora
2710 3688 2776 3725 ex
2824 3676 3066 3742 utraque
3106 3675 3268 3741 parte
3320 3671 3626 3725 incorrecta
3652 3677 3821 3720 reman-

2183 3762 2351 3825 serat,
2403 3758 2474 3812 ab
2527 3758 2811 3812 advocatis
2842 3763 2900 3812 et
2956 3759 3278 3829 prmpositis
3336 3759 3564 3812 illorum
3588 3755 3819 3821 utrimque

2181 3846 2427 3916 pleniter
2471 3846 2819 3916 corrigatur;
2855 3852 2912 3901 et
2943 3848 3232 3918 deinceps,
3304 3848 3352 3902 si
3385 3847 3512 3919 quis
3541 3861 3602 3900 ex
3652 3839 3820 3896 familia

2183 3934 2478 4005 utriusque
2505 3935 2756 3989 ecclesia;
2797 3935 3047 4006 aliquem
3087 3951 3388 3990 servorum
3446 3935 3530 3989 vel
3555 3929 3714 3987 sancti
3747 3928 3820 3981 Bo-

2182 4022 2370 4076 nifacii
2402 4023 2489 4076 vel
2521 4023 2701 4077 sancti
2745 4023 3017 4090 Wigberti
3047 4023 3400 4094 insequitur,
3449 4029 3504 4077 et
3532 4037 3658 4075 ausu
3686 4025 3818 4071 teme-

2181 4111 2330 4164 rario
2371 4115 2428 4164 et
2458 4115 2676 4164 armata
2709 4127 2882 4164 manu
2912 4111 2981 4164 ad
3024 4110 3400 4165 occidendum
3432 4111 3516 4164 vel
3549 4109 3612 4163 ad
3647 4107 3820 4175 deprae-

2180 4199 2432 4254 dandum
2465 4199 2586 4270 ejus
2629 4204 2848 4253 curtem
2887 4200 3002 4253 sive
3049 4199 3290 4254 domum
3338 4198 3628 4268 infregerit
3654 4201 3702 4248 et
3722 4205 3818 4246 eum

2179 4287 2620 4358 impugnaverit,
2680 4291 2736 4340 et
2783 4287 2828 4340 si
2891 4288 2986 4341 ille
3037 4291 3133 4341 aut
3181 4287 3473 4357 aufugerit
3522 4289 3615 4340 aut
3640 4283 3680 4336 si
3715 4281 3821 4334 forte

2184 4375 2338 4430 domi
2397 4392 2511 4428 non
2569 4376 2742 4429 fuerit
2783 4376 2869 4428 vel
2920 4375 3330 4446 quoquomodo
3358 4377 3430 4430 ab
3453 4376 3571 4442 ejus
3599 4373 3820 4443 potestate

2183 4464 2298 4517 sive
2327 4464 2764 4533 impugnatione
2826 4480 2884 4518 se
2912 4463 3262 4530 liberaverit,
3295 4464 3380 4518 illi
3427 4461 3526 4534 qui
3571 4459 3722 4530 hujus
3749 4471 3822 4508 au-

2183 4552 2360 4606 daciae
2413 4557 2471 4605 et
2520 4551 2834 4605 invasionis
2883 4552 2991 4606 dux
3035 4555 3092 4606 et
3120 4552 3386 4622 princeps
3442 4549 3624 4615 fuerit,
3653 4545 3820 4601 tollan-

2183 4646 2276 4694 tur
2297 4640 2514 4694 corium
2544 4645 2601 4694 et
2657 4640 2870 4710 capilli,
2930 4644 2985 4694 et
3015 4640 3250 4709 insuper
3281 4641 3341 4694 in
3365 4645 3602 4710 utraque
3641 4630 3823 4690 maxilla

2181 4729 2235 4783 fe
2267 4744 2332 4782 ro
2355 4717 2437 4781 'ad
2481 4729 2587 4781 hoc
2636 4727 2781 4781 facto
2829 4728 2999 4782 etiam
3051 4729 3315 4782 candenti
3349 4728 3492 4782 bene
3529 4729 3750 4780 cratetur
3785 4722 3825 4769 et

2182 4817 2572 4880 comburatur,
2624 4816 2833 4887 reliqui
2888 4818 3011 4885 ejus
3058 4833 3329 4887 sequaces
3381 4822 3510 4870 cute
3565 4818 3620 4868 et
3652 4806 3825 4879 capillis

2181 4905 2499 4975 priventur.
2558 4905 2615 4959 Si
2665 4911 2859 4959 autem
2910 4905 2988 4958 ibi
3019 4905 3317 4971 occiditur,
3351 4920 3550 4958 omnes
3577 4900 3668 4972 qui
3694 4895 3825 4961 hujus

2182 4994 2474 5048 homicidii
2505 5011 2601 5047 seu
2645 4993 2956 5047 invasionis
3009 4993 3314 5064 participes
3359 4997 3493 5047 sunt
3540 4986 3823 5060 supradicta:

2183 5097 2366 5152 paenae
2406 5081 2756 5150 suhjaccant.
2790 5083 2856 5135 Et
2888 5083 2934 5134 si
2966 5098 3031 5135 ex
3067 5098 3180 5135 una
3224 5082 3444 5135 familia
3489 5085 3615 5133 sunt
3643 5076 3724 5130 ille
3751 5068 3825 5140 qui

2185 5169 2462 5222 occiditur
2507 5175 2565 5222 et
2626 5169 2711 5222 illi
2771 5169 2872 5240 qui
2916 5169 3202 5232 occidunt,
3255 5185 3456 5223 omnes
3513 5160 3826 5235 singulariter

2183 5258 2566 5327 weregeldum
2605 5257 2774 5311 occisi
2804 5261 2860 5310 et
2888 5273 3058 5311 omne
3117 5257 3394 5324 debitum,
3437 5256 3577 5309 sicut
3603 5253 3826 5306 hactenus

2185 5345 2458 5410 fecerunt,
2490 5345 2739 5415 propria;
2787 5345 3048 5398 Ecclesiae
3081 5345 3420 5416 persolvant.
3466 5343 3522 5397 Si
3561 5344 3728 5394 autem
3755 5331 3826 5384 ille

2184 5434 2284 5505 qui
2344 5433 2623 5488 occiditur
2657 5450 2721 5488 ex
2752 5449 2867 5487 una
2915 5433 3132 5487 familia
3163 5438 3250 5488 est
3277 5438 3332 5487 et
3361 5432 3447 5486 illi
3477 5430 3573 5502 qui
3607 5423 3829 5482 occidunt

2184 5538 2251 5576 ex
2273 5522 2406 5588 alia,
2458 5526 2657 5576 auctor
2705 5522 3005 5576 homicidii
3035 5523 3188 5576 solus
3233 5538 3339 5592 pro
3393 5518 3650 5575 omnibus
3695 5521 3829 5562 were-
