3920 6190
156 323 235 376 381
1374 311 1767 369 DlPLOMATA
1806 308 2349 367 ECCLESIASTICA.
3512 312 3614 367 382

155 440 355 512 geldum
396 436 697 507 persolvat.
737 436 801 490 Et
856 434 917 489 in
969 449 1334 506 quocumque
1394 436 1518 489 loco
1583 438 1681 489 aut
1741 451 1807 488 ex
1846 435 1891 487 A
1921 433 2252 487 comitatum
2298 432 2659 488 Stoddenstat
2715 432 2889 487 situm
2944 433 3003 487 in
3064 448 3213 503 pago
3284 435 3613 507 Moyngowe

156 546 251 584 una
303 531 394 581 aut
446 542 508 580 ex
551 525 663 578 alia
692 524 909 578 familia
966 524 1172 595 aliquis
1204 524 1500 590 occiditur,
1562 523 1669 577 nisi
1719 524 1814 576 ille
1925 523 2115 576 Fuldae
2159 523 2230 575 ad
2273 522 2448 575 altare
2493 521 2671 574 sancti
2730 521 3009 575 Bonifacii
3064 522 3164 575 tali
3216 522 3347 592 jure
3398 522 3611 592 talique

158 619 239 689 qui
282 615 642 669 homicidium
692 614 824 667 facit
874 612 1202 683 probabiles
1234 617 1404 666 testes
1452 613 1659 666 habeat
1714 617 1814 665 aut
1922 611 2328 665 constitutione
2356 610 2512 681 quali
2540 615 2596 663 et
2624 610 2813 675 debet,
2860 615 2915 663 et
2959 626 2989 662 a
3022 610 3305 680 principio
3336 610 3405 663 ab
3438 610 3617 663 omni-

156 721 242 777 per
278 704 479 758 ferrum
522 702 772 756 candens
816 702 925 754 hoc
980 701 1225 771 probare
1282 702 1485 767 valeat,
1537 702 1692 772 quod
1741 701 1813 754 ob
1922 700 2028 753 bus
2067 700 2173 753 sibi
2216 700 2438 769 placitis
2486 700 2738 768 praalatis
2796 700 3089 769 hucusque
3151 704 3236 753 est
3294 698 3521 751 habitus
3556 699 3616 751 in

151 795 297 847 aliam
339 807 561 845 causam
594 806 706 843 non
757 790 983 843 fecisset
1011 790 1120 843 nisi
1160 790 1315 859 quod
1374 790 1443 843 de
1500 789 1813 859 impugna-
1922 792 2199 859 potestate
2248 787 2507 857 prazdicti
2553 787 2794 852 abbatis,
2857 787 2978 840 sine
3022 786 3262 857 alicujus
3324 787 3616 841 contradi-

151 882 281 936 tione
332 881 503 951 ipsius
591 879 757 932 aliter
813 878 971 931 vivus
1038 878 1291 947 effugere
1363 894 1479 931 non
1533 877 1815 948 potuisset
1921 880 2107 934 ctione
2132 878 2502 944 donavimus;
2529 894 2595 931 ea
2624 878 2891 932 videlicet
2922 878 3140 931 ratione
3177 884 3243 933 ut
3272 878 3379 949 ipsi
3412 878 3616 949 suique

152 969 454 1040 supradictae
498 983 680 1038 poena:
711 967 1021 1036 subjaceat.
1080 966 1139 1019 Si
1178 970 1368 1019 autem
1400 965 1508 1019 hoc
1567 966 1811 1035 probare
1922 984 2290 1033 successores,
2315 968 2461 1021 sicut
2486 968 2555 1021 de
2585 967 2806 1021 caeteris
2851 968 3107 1037 ejusdem
3142 968 3381 1021 abbatite
3450 968 3618 1021 bonis

151 1063 325 1130 potest,
356 1056 492 1110 nihil
517 1056 768 1125 patiatur
787 1055 897 1108 nisi
919 1054 1070 1124 quod
1096 1054 1370 1107 hactenus
1412 1054 1536 1124 ipsa
1572 1054 1814 1108 Ecclesia
1922 1057 2129 1111 dehinc
2182 1057 2426 1110 liberum
2513 1056 2760 1110 habeant
2828 1057 3127 1110 arbitrium
3186 1057 3614 1127 quoquomodo,

152 1164 238 1217 pro
256 1148 367 1216 lege
394 1144 609 1198 habuit.
642 1143 796 1197 Istud
828 1142 1197 1196 constitutum
1230 1142 1535 1196 advocatus
1563 1142 1625 1195 in
1654 1144 1814 1212 cujus
1920 1146 2165 1216 desuper
2194 1145 2569 1215 praecipiendi
2625 1163 2723 1198 seu
2778 1146 3076 1215 quodlibet
3130 1145 3271 1199 utile
3326 1146 3618 1215 przedictaa

154 1234 489 1289 advocatione
519 1233 628 1285 hoc
658 1231 931 1297 evenerit,
974 1246 1105 1284 cum
1146 1230 1385 1284 scientia
1430 1235 1813 1301 utrorumque
1922 1236 2172 1289 ecclesize
2204 1236 2335 1289 inde
2382 1235 2645 1288 faciendi.
2685 1236 2804 1288 Hoc
2858 1240 3082 1288 tantum
3138 1239 3373 1287 caveant
3438 1232 3619 1286 abba-

155 1325 412 1384 abbatum,
450 1322 507 1375 in
536 1320 842 1392 praesentia
893 1320 1233 1373 nuntiorum
1292 1319 1519 1373 illorum
1572 1320 1816 1374 ﬁdeliter
1921 1330 2005 1379 tes
2064 1324 2287 1395 praefati
2346 1324 2699 1391 monasterii,
2748 1340 2846 1388 ,ne
2901 1325 2987 1376 vel
3037 1323 3237 1392 religio
3291 1321 3618 1376 monasticae

154 1412 446 1482 adimpleat.
475 1411 532 1465 Si
574 1426 708 1463 vero
740 1410 1063 1474 advocatus,
1130 1414 1229 1462 aut
1282 1409 1543 1463 mercede
1596 1409 1811 1462 condu-
1922 1412 2350 1466 consuetudinis
2410 1412 2525 1464 suis
2592 1412 2949 1481 temporibus
3008 1416 3276 1475 cassetur,
3338 1410 3424 1462 vel
3483 1424 3620 1461 cura

153 1507 257 1554 ctus
284 1504 374 1552 aut
405 1498 789 1551 misericordia
826 1502 1032 1564 motus,
1088 1497 1284 1567 aliqua
1347 1497 1654 1551 calliditate
1710 1497 1815 1550 hoc
1923 1503 2246 1556 animarum
2287 1500 2393 1555 sibi
2460 1500 2896 1554 commissarum
2945 1498 3320 1569 periclitetur,
3375 1498 3463 1550 vel
3521 1496 3620 1549 ali-

151 1589 411 1643 decretum
441 1592 695 1640 avertere
726 1586 992 1652 voluerit,
1035 1587 1219 1656 gratia
1277 1591 1470 1639 nostra
1526 1591 1583 1639 et
1637 1584 1813 1639 advo-
1924 1596 2115 1645 menta
2165 1592 2276 1644 Deo
2333 1590 2545 1643 ibidem
2621 1587 2988 1641 servientium
3046 1591 3355 1649 rarescant,
3388 1584 3459 1637 ob
3511 1584 3621 1637 hoc

151 1678 343 1732 catione
372 1680 579 1742 careat,
609 1676 719 1728 nisi
778 1691 953 1745 supra
1009 1690 1193 1727 sacras
1236 1673 1510 1745 reliquias
1562 1674 1672 1727 hoc
1720 1674 1815 1728 ad-
1855 1715 1894 1767 Β
1928 1681 2175 1735 maxime
2206 1679 2358 1750 quod
2384 1680 2496 1732 Deo
2548 1677 2752 1731 collata
2791 1676 3135 1746 patrimonia
3182 1680 3239 1728 ει
3284 1672 3619 1727 ἀερίωεηίο..

151 1766 349 1819 ﬁrmare
399 1766 607 1819 andeat
659 1764 812 1834 quod
895 1763 1245 1817 hOmiCidam
1311 1780 1409 1817 Seu
1493 1763 1815 1817 im'asm‘em
1857 1762 1891 1767 ν
1929 1787 2029 1824 nes
2057 1770 2425 1823 ecclesiarum
2456 1766 2733 1820 laicorum
2782 1765 3048 1819 manibus
3106 1762 3314 1816 tradita
3341 1762 3619 1832 polluun-

151 1870 403 1925 nusquam
434 1854 741 1923 adquirere
768 1853 968 1923 possit,
999 1857 1055 1905 et
1080 1856 1272 1906 tamen
1305 1868 1477 1922 quam
1546 1852 1818 1906 citissime
1926 1863 2042 1925 tur,
2096 1856 2292 1926 illique
2343 1856 2455 1908 Deo
2510 1853 2821 1923 culpabiles
2881 1850 3255 1905 inveniuntur
3331 1848 3432 1919 qui
3512 1863 3617 1918 pro

148 1944 330 2013 poterit
372 1942 659 2013 adquirat.
715 1943 778 1995 Et
834 1942 879 1994 si
931 1941 1052 2010 ipse
1106 1940 1167 1993 in
1221 1941 1384 2009 cujus
1452 1941 1819 1996 advocatione
1927 1948 2109 2001 nihilo
2139 1947 2351 2000 habent
2382 1944 2538 2015 quod
2579 1947 2810 2013 peccata
2838 1940 3140 1995 hominum
3172 1954 3345 2009 super
3375 1954 3431 1990 se
3490 1953 3623 1990 one-

148 2032 494 2086 hocevenerit
530 2047 693 2084 reum
724 2030 1027 2100 adquirere
1058 2045 1171 2082 non
1238 2030 1449 2099 poterit
1477 2031 1562 2083 vel
1613 2031 1819 2084 nolue-
1926 2041 2219 2090 raverunt.
2255 2035 2342 2088 Illi
2377 2034 2531 2087 enim
2565 2033 2663 2103 qui
2708 2037 2939 2084 terrena
2989 2028 3337 2100 patrimonia
3398 2027 3512 2080 Deo
3567 2029 3624 2080 et

150 2120 227 2185 fit,
254 2119 441 2173 fideles
472 2118 709 2173 alterius
742 2117 979 2184 abbaliS,
1013 2116 1059 2170 Si
1105 2118 1346 2187 Ροδδίηῐ,
1396 2117 1707 2188 adquirant
1765 2122 1818 2173 et
1927 2126 2135 2180 sanctis
2165 2124 2489 2189 conferunt,
2519 2123 2587 2176 de
2614 2120 2857 2192 peccatis
2906 2119 3022 2172 suis
3055 2121 3479 2171 exonerantur:
3536 2114 3623 2169 illi

148 2209 205 2263 ad
238 2208 563 2278 praedictam
619 2222 871 2277 poenam,
943 2206 1324 2276 praesentibus
1377 2207 1597 2260 nuntiis
1658 2224 1696 2261 u

2092 2213 2193 2285 qui
2216 2212 2532 2267 oblationes
2554 2211 2809 2265 tidelium
2840 2208 3142 2278 recipiunt,
3176 2212 3231 2260 et
3260 2222 3326 2259 ea
3354 2220 3482 2275 quae
3506 2206 3620 2259 Deo

148 2313 363 2367 rumque
392 2296 687 2361 abbatum,
711 2295 1156 2365 adprzesentent.
1191 2296 1266 2348 De
1314 2295 1643 2349 camerariis
1674 2313 1696 2347 v

2074 2309 2209 2356 ntur
2234 2306 2289 2355 et
2316 2302 2384 2355 ad
2423 2301 2522 2353 Dei
2580 2298 2876 2355 servitium
2943 2297 3246 2349 traduntur
3294 2308 3493 2346 rursus
3550 2290 3620 2343 ad

150 2392 195 2439 et
218 2385 491 2456 pincernis
519 2384 759 2455 aliisque
790 2383 1085 2437 honoratis
1135 2387 1515 2455 utrorumque
1544 2384 1818 2439 abbatum
1927 2395 2259 2448 saecularem
2291 2406 2564 2461 pompam
2588 2395 2643 2442 et
2673 2387 2998 2459 superbiam
3048 2384 3421 2438 exercendam
3480 2396 3623 2433 con-

149 2474 488 2528 servitoribus
521 2473 630 2526 hoc
649 2471 1178 2537 constituimus,ut,
1206 2472 1249 2523 si
1282 2471 1420 2541 quid
1453 2472 1563 2525 tale
1611 2472 1697 2525 alii

2076 2488 2156 2543 nt,
2180 2481 2471 2549 {oneraria
2498 2483 2725 2549 peccata
2780 2492 2952 2547 super
2991 2491 3049 2527 se
3089 2472 3399 2543 duplicant.
3464 2468 3621 2523 Unde

149 2563 352 2617 ίηοτυω
374 2562 573 2615 fecerit
601 2561 886 2631 Ρτιὲάίεῗω
949 2576 1135 2630 P031133
1170 2560 1460 2629 subiaceat
1503 2560 1819 2614 secundum
1926 2572 2276 2626 consulimus
2324 2574 2380 2623 et
2424 2567 2792 2640 praecipimus
2834 2571 2895 2619 ut
2925 2566 3127 2617 modus
3163 2562 3250 2616 his
3288 2564 3537 2631 ponatur
3568 2562 3625 2612 et

149 2652 423 2705 arbitrium
470 2650 696 2704 abbatis
752 2650 838 2703 vel
885 2666 918 2702 x
959 2648 1119 2702 libris
1170 2648 1539 2702 denariorum
1579 2649 1820 2703 redima-
1926 2662 2225 2716 terminus,
2283 2663 2437 2713 Inter
2500 2659 2622 2711 hinc
2697 2662 2890 2710 tamen
2949 2670 3128 2707 unum
3195 2652 3449 2705 medium
3516 2653 3619 2702 est.

150 2746 243 2794 ίιιτ·
274 2741 334 2793 Εἴ
356 2741 466 2794 hoc
489 2740 615 2793 V010
656 2738 1013 2808 ﬁrmumque
1063 2737 1336 2807 Ρτδῖείρίο
1386 2742 1449 2791 Ut
1488 2754 1610 2791 rem
1644 2739 1818 2791 Semel
1929 2751 2162 2821 Oportet
2229 2756 2293 2802 ut
2350 2750 2411 2801 in
2465 2746 2715 2801 ecclesiis
2789 2746 2980 2797 multm
3060 2743 3173 2795 sint
3225 2741 3519 2794 facultates
3569 2742 3626 2791 et

147 2827 268 2881 bene
296 2845 355 2881 ac
384 2831 539 2881 recte
596 2826 903 2881 difiinitam
961 2825 1154 2878 nullus
1205 2825 1411 2877 iterare
1461 2826 1673 2879 audeat
1729 2826 1817 2879 vel
1928 2840 2173 2893 maxime
2198 2838 2255 2891 in
2290 2836 2576 2899 Fuldensi,
2607 2835 2765 2904 quia,
2795 2834 2886 2886 cui
2908 2833 3035 2902 plus
3066 2829 3466 2893 committitur,
3494 2828 3624 2897 plus

148 2932 415 2969 τεηονδιέ·
451 2916 514 2970 Si
547 2919 736 2968 antem
769 2913 1028 2985 βταδάίοίί
1086 2913 1317 2967 abbates
1363 2914 1472 2966 hoc
1526 2914 1818 2967 decretum
1860 2988 1890 2995 Α
1931 2929 2001 2983 ab
2057 2944 2124 2981 eo
2182 2927 2444 2995 exigitur.
2500 2925 2672 2979 Multa
2706 2924 2879 2987 {enim
2941 2921 3110 2973 debet
3140 2920 3275 2972 dare
3304 2916 3535 2971 servitia
3566 2920 3623 2968 et

149 3006 413 3059 adnullare
444 3004 708 3074 cupiunt,
744 3004 887 3057 mihi
922 3004 1009 3057 vel
1041 3019 1170 3056 meo
1205 3003 1517 3056 successori
1575 3020 1612 3056 ιι
1644 3003 1819 3057 libras
1853 2988 1892 3042 ί)
1931 3018 2205 3071 Romam};
2239 2988 2506 3083 eiul-98311
2530 3012 2705 3066 curiae
2728 3016 2964 3080 propter
2988 3008 3140 3078 quod
3170 3006 3443 3075 scriptum
3489 3008 3575 3057 est
3607 3019 3621 3056 :

149 3095 253 3147 auri
279 3100 521 3165 uterque
547 3094 852 3164 persolvat,
925 3096 1195 3145 conatum
1243 3096 1437 3145 tamen
1474 3107 1643 3145 suum
1700 3109 1819 3147 non
1932 3106 2154 3161 Reddite
2180 3120 2299 3173 qua;
2325 3106 2451 3157 sunt
2500 3102 2729 3156 Cesaris
2789 3100 3008 3163 Czesari,
3064 3102 3113 3150 et
3167 3110 3286 3163 qua
3333 3097 3461 3147 sunt
3518 3093 3623 3145 Dei

146 3184 436 3252 perﬁciant.
473 3184 559 3249 Et,
591 3187 649 3235 ut
680 3182 800 3235 haec
858 3181 1186 3234 constitutio
1228 3180 1442 3234 stabilis
1498 3184 1553 3233 et
1604 3181 1817 3250 {incon-
1928 3197 2049 3248 Deo.
2087 3194 2451 3262 Quapropter
2482 3190 2787 3243 εοηειιιίιηι
2817 3186 2923 3240 sibi
2953 3191 3009 3239 et
3064 3182 3422 3255 praveniant
3460 3196 3622 3233 scan-

146 3273 285 3326 vulsa
307 3276 663 3343 permaneat,
694 3269 867 3340 sigilli
886 3269 1066 3323 nostri
1087 3269 1465 3340 impressione
1486 3269 1633 3323 hanc
1656 3270 1818 3323 char—
1928 3284 2057 3337 dala
2088 3287 2398 3351 antequam
2424 3280 2583 3343 ﬁant,
2640 3276 3004 3344 habeantque
3065 3287 3259 3325 secum
3314 3284 3445 3339 qua:
3508 3269 3621 3321 Deo

148 3366 244 3414 tam
266 3361 531 3432 insigniri
561 3360 857 3429 jussimus.

2078 3376 2268 3434 untur,
2303 3385 2405 3422 nec
2436 3367 2708 3437 abjiciant
2739 3366 3058 3427 incassum;
3090 3361 3227 3431 quia
3280 3359 3392 3412 cito
3434 3357 3626 3409 veniet

205 3451 417 3517 Signum
477 3448 665 3502 damni
716 3449 965 3501 Heinrici
1026 3450 1387 3502 Romanorum
1474 3448 1753 3501 invictissil

2078 3476 2155 3512 HIS
2184 3457 2415 3529 quando
2447 3455 2697 3509 mundus
2728 3452 2932 3522 recipit
2961 3450 3113 3521 quod
3181 3450 3295 3502 Deo
3350 3445 3529 3510 dedit,
3572 3449 3626 3498 et

148 3539 471 3607 imperatoris
505 3536 614 3607 (Μ)
638 3536 963 3606 Augusti(S)
1929 3548 2278 3605 monasteria
2295 3546 2559 3617 queejam
2600 3547 2732 3595 sunt
2762 3542 2819 3594 in
2848 3538 3199 3593 abundantia
3231 3535 3421 3605 prima
3456 3537 3628 3587 erunt

209 3626 489 3680 Odalricus
520 3625 891 3679 cancellarius
946 3623 1065 3678 vice
1122 3624 1389 3679 Aribonis
1463 3624 1821 3695 archicapel-
1926 3641 1987 3694 in
2016 3639 2239 3708 rapina,
2294 3640 2361 3687 ιιι
2415 3634 2513 3687 ﬁat
2576 3630 2729 3701 quod
2777 3630 3033 3683 Salvator
3091 3626 3172 3679 ait
3224 3641 3237 3677 :
3298 3622 3628 3677 Abundante

150 3714 247 3768 lani
270 3715 602 3786 τεεοεηονίι
1928 3729 2239 3795 iniquitate,
2279 3724 2592 3789 refrigescet
2620 3720 2861 3772 Charitas
2890 3718 3197 3769 multorum.
3256 3710 3629 3780 Praecipimus

210 3804 337 3857 Data
394 3808 479 3857 est
564 3818 714 3856 anno
790 3800 1103 3855 Dominicae
1176 3801 1589 3856 incarnationis
1663 3804 1758 3856 102

2094 3814 2199 3867 sub
2254 3810 2605 3865 districtione
2639 3806 2818 3859 divini
2859 3803 3063 3874 judicii
3115 3806 3177 3854 ut
3236 3814 3438 3853 omnes
3504 3802 3625 3849 tra-

150 3898 399 3962 regnante
424 3891 732 3947 Heinricho
762 3890 1111 3960 imperatore
1164 3892 1419 3960 Augusto
1450 3907 1635 3946 annos
1683 3908 1698 3944 ι

2078 3919 2176 3956 nes
2260 3915 2464 3969 regum
2549 3900 2605 3949 et
2651 3895 2878 3948 decreta
2946 3889 3391 3961 apostolicorum
3455 3888 3626 3953 atque

150 3981 355 4051 imperii
382 3998 519 4035 vero
562 3981 685 4050 ejus
713 3996 864 4032 anno
895 3996 968 4045 xx,
1010 3978 1324 4034 indictione
1369 3996 1461 4034 vn.

2078 3992 2250 4046 tiones
2289 3987 2547 4043 ﬁdelium
2592 3985 2696 4038 sub
2755 3987 2875 4038 tuta
2932 3978 3190 4033 custodia
3229 3978 3540 4029 teneantur
3572 3975 3626 4023 et

207 4071 336 4125 Data
366 4070 426 4124 in
455 4088 533 4123 νη
560 4069 689 4124 Idus
733 4067 937 4123 Martii.
1930 4083 2176 4137 ﬁdeliter
2202 4079 2594 4133 observentur.
2633 4076 2717 4137 Et,
2778 4076 2842 4125 ut
2874 4072 2995 4124 haec
3026 4064 3349 4122 traditionis
3378 4067 3433 4117 et
3477 4076 3627 4132 pra:-

205 4162 394 4213 Αθίυω
439 4158 684 4214 fandi"
722 4156 1068 4211 Babenber°°
1930 4170 2211 4242 ceptionis
2243 4166 2548 4221 auctoritas
2571 4163 2789 4217 stabilis
2816 4165 2872 4214 et
2913 4157 3247 4212 inconvulsa
3272 4151 3430 4207 omni
3477 4156 3623 4203 tem-

825 4244 1115 4300 Cxxxvm
1856 4269 1897 4322 D
1934 4239 2075 4333 pore
2124 4260 2477 4330 permaneat,
2520 4256 2664 4308 hanc
2694 4252 2966 4323 paginam
3015 4244 3292 4302 conscribi
3322 4248 3377 4296 et
3440 4239 3628 4310 sigillo

370 4338 496 4391 738.
545 4335 797 4389 Traditio
817 4334 1077 4387 Heinrici
1096 4333 1157 4387 II
1206 4334 1570 4401 imperatoris.
1706 4358 1709 4359 ν
1934 4355 2128 4407 nostra
2162 4364 2285 4401 eam
2309 4345 2585 4416 jussimus
2625 4340 2913 4411 insigniri,

624 4424 807 4493 (Anno
836 4423 991 4489 1024,
1034 4423 1101 4475 26
1126 4420 1325 4490 Junii.)
2006 4441 2172 4505 Signa

2079 4453 2233 4505 qnam
2298 4435 2482 4488 domni
2556 4433 2798 4485 Heinrici
2852 4427 3201 4482 invictissimi
3255 4424 3627 4477 Romanorum

531 4510 808 4582 [Dronke,
840 4510 934 4563 ubi
962 4525 1151 4578 supra,
1180 4525 1236 4579 p.
1286 4508 1433 4578 349.]
1934 4528 2174 4594 August,-
2194 4525 2559 4594 imperatoris.

208 4596 264 4651 In
324 4598 559 4652 nomine
596 4603 805 4651 sanctae
836 4604 891 4651 et
914 4598 1227 4651 individua).
1256 4598 1567 4663 Trinitatis,
1597 4600 1824 4666 :Hemm-
2010 4618 2214 4669 Datum
2248 4630 2297 4666 νι
2325 4613 2459 4677 ,ιηιη
2493 4609 2691 4663 india,
2722 4624 2792 4660 νι,

151 4699 247 4752 cus,
302 4686 498 4740 divina
528 4686 751 4740 favente
802 4687 999 4757 gratia:
1047 4686 1370 4749 clementia,
1431 4688 1823 4741 Romanorum
2002 4707 2212 4758 Actum
2244 4700 2513 4757 αοειω-ίεε
2543 4698 2800 4752 feliciter,
2841 4696 3040 4746 Amen,

151 4770 444 4843 imperator
468 4778 783 4845 Augustus.
2664 4784 2902 4839 CXXXIX

208 4862 479 4925 Quoniam
513 4868 775 4917 nostrum
829 4867 913 4916 est
962 4862 1030 4915 de
1086 4862 1253 4916 bonis
1324 4861 1489 4916 nobis
1556 4862 1756 4916 divinit

2081 4881 2313 4934 ienricus
2342 4878 2590 4931 Ecclesiae
2638 4872 2986 4929 Novariensis
3035 4867 3328 4937 privilegia
3401 4867 3451 4916 et
3502 4873 3629 4929 pose

151 4950 348 5004 collatis
428 4952 717 5023 praecipue
787 4956 1009 5005 sanctas
1062 4951 1244 5005 ditare
1303 4951 1591 5019 ecclesias,
1639 4951 1826 5006 eidem
2361 4950 2620 5001 sessiones
2645 4947 2924 5010 conﬁrmat
2944 4945 2993 4995 et
3023 4944 3204 5005 auget.

150 5037 417 5094 devotioni
449 5041 584 5095 licet
610 5057 893 5110 perpauca
916 5056 1176 5106 munera,
1212 5040 1309 5109 pia
1357 5045 1569 5105 tamen,
1630 5046 1826 5095 nostro
2581 5035 2766 5102 (Anno
2800 5028 2991 5098 1024.)

150 5133 335 5193 praesto
366 5135 454 5183 est
493 5108 754 5182 voluntas
786 5130 846 5182 in
873 5130 1115 5182 Domino
1148 5108 1247 5199 qui
1277 5128 1375 5183 dat
1431 5128 1670 5198 praemia
1720 5144 1825 5198 pro
2044 5126 2230 5197 [Apud
2266 5124 2600 5187 Baronium,
2630 5122 2836 5174 Annal.
2875 5119 3062 5172 eccles.
3103 5114 3173 5167 ad
3199 5128 3294 5165 an.
3333 5108 3519 5180 1014.]

151 5212 282 5269 bona
306 5218 619 5271 voluntate.
676 5218 1038 5287 Quapropter
1083 5217 1291 5270 Christi
1350 5217 1648 5286 [fidelium]
1718 5233 1825 5270 no-
2007 5216 2071 5269 In
2104 5214 2339 5268 nomine
2372 5216 2577 5265 sanctae
2609 5216 2665 5263 et
2697 5207 3004 5261 individua:
3050 5199 3362 5258 Trinitatis,
3396 5199 3627 5252 Hamm-

153 5305 345 5375 strique
375 5307 602 5360 noverit
630 5307 970 5360 universitas
1004 5306 1252 5376 qualiter
1272 5322 1394 5369 nos,
1437 5322 1542 5376 pro
1571 5305 1827 5359 remedio
1938 5320 2051 5369 cus,
2076 5302 2267 5356 divina
2305 5302 2606 5355 ordinante
2639 5294 2963 5358 clementia,
3000 5293 3392 5346 Romanorum
3441 5287 3626 5355 impe-

152 5392 336 5447 animaz
357 5400 595 5461 nostrae,
618 5412 721 5466 per
742 5395 1126 5449 interventum
1145 5411 1208 5448 ac
1237 5395 1576 5465 petitionem
1609 5395 1826 5447 dilecta:
1940 5397 2097 5445 rator
2126 5394 2434 5459 Augustus.

152 5481 389 5551 conjugis
445 5462 659 5536 nostrae
689 5482 1047 5551 Cuuigundaa
1102 5462 1480 5553 imperatricis
1532 5485 1825 5548 Augustae,
2011 5480 2154 5532 Dum
2182 5478 2436 5532 fidelium
2468 5473 2837 5547 petitionibus
2869 5475 3075 5524 nostra:
3107 5465 3422 5538 imperialis
3459 5462 3628 5553 celsi-

154 5579 353 5623 necnon
382 5576 440 5625 et
471 5570 652 5625 fidelis
701 5570 881 5624 nostri
911 5550 1526 5625 RichardiVFuldensis
1582 5569 1823 5635 abbatis,
1937 5567 2152 5623 tudinis
2181 5582 2475 5621 assensum
2522 5561 2961 5634 praebuerimus,
3008 5574 3105 5613 eos
3154 5560 3347 5612 nostro
3400 5550 3629 5606 servitio
