4016 6202
261 329 364 382 383

1325 325 1381 378 S.
1427 320 1718 378 HENRICI
1756 317 2261 375 IMPERATORIS.
2303 348 2372 357 _
2419 316 2690 375 CONCIO.

3666 323 3775 376 38$

258 450 641 522 promptiores
679 464 744 503 ac
792 447 1113 502 devotiores
1161 461 1280 499 esse
1339 446 1576 500 minime
1627 443 1956 498 dubitamus
1987 443 2031 494 A
2071 457 2201 495 rum
2229 440 2584 505 decursibus,
2619 439 2984 506 molendinis,
3038 440 3469 512 piscationibus,
3503 429 3678 497 cultis
3718 449 3777 497 et

259 540 619 610 QuaprOpter
674 541 1012 591 cunctorum
1053 535 1313 588 Ecclesiae
1355 534 1650 588 catholica:
1698 531 1957 586 ﬁdelium

260 633 726 697 nostrorumque,
762 630 877 678 tam
931 623 1301 694 prmsentium
1364 638 1536 692 quam
1607 621 1954 680 futurorum,

261 715 492 769 solertia
545 717 915 784 recognoscat
986 714 1237 775 Petrum,
1301 709 1680 763 venerabilem
1745 709 1955 771 virum,

261 808 469 858 sam-tm
504 801 866 856 Novaricnsis
898 801 1157 854 Ecclesia:
1177 799 1528 870 episcopum,
1579 803 1959 868 nostrumque

262 891 514 959 fidelem,
549 891 648 960 qui
687 894 896 943 nostra:
939 888 1228 942 ﬁdelitatis
1260 903 1430 941 causa
1454 888 1632 940 multa
1665 885 1958 948 sustinuit,

264 980 474 1034 famem
507 979 788 1042 videlicet,
837 977 1011 1041 sitim,
1071 980 1240 1029 iustus
1271 979 1326 1028 et
1379 975 1579 1044 frigus,
1631 979 1687 1027 et
1727 974 1963 1043 insuper

263 1074 319 1122 et
346 1069 620 1139 glaciosas
651 1082 819 1136 rupes
847 1065 1130 1135 collesque
1162 1064 1296 1118 satis
1329 1079 1582 1134 asperos,
1635 1063 1806 1116 nudis
1852 1078 1961 1131 pe-

266 1157 452 1222 dibus,
514 1153 990 1226 persequentibus
1030 1153 1280 1207 inimicis
1320 1152 1594 1221 fugiendo
1641 1150 1956 1221 superavit;

266 1245 364 1317 qui
395 1245 568 1298 etiam
618 1260 769 1298 nunc
821 1242 1259 1314 praesentialiter
1315 1241 1497 1294 multa
1539 1241 1766 1306 damna,
1821 1241 1960 1292 Har-

263 1333 430 1388 duico
470 1334 798 1386 devastante
831 1331 1084 1400 recepit:
1130 1346 1262 1382 nam
1295 1329 1571 1398 {ecclesiae
1622 1329 1781 1381 illius
1827 1332 1961 1380 sunt

263 1422 629 1492 deprmdatae,
675 1425 857 1474 castra
895 1420 1172 1488 disrupta,
1234 1419 1438 1472 domus
1487 1433 1717 1480 eversae,
1775 1416 1958 1468 vinea:

263 1510 478 1577 incisae,
515 1511 745 1562 arbores
809 1508 1190 1570 decorticataa,
1233 1506 1472 1576 insuper
1517 1505 1712 1576 plebes
1781 1504 1959 1574 ipsius

266 1604 322 1654 et
352 1602 538 1652 curtes
570 1597 640 1651 ab
671 1597 958 1652 Harduico
987 1613 1092 1667 pro
1147 1594 1425 1649 beneticio
1479 1595 1711 1665 suisque
1766 1593 1957 1646 inimi-

261 1684 341 1738 cis
363 1685 512 1739 datm
551 1688 702 1750 sunt;
761 1688 1014 1737 nostram
1045 1682 1405 1752 imperialem
1457 1681 1638 1734 adisse
1678 1680 1958 1733 excellen-

265 1775 425 1837 tiam,
465 1778 768 1844 quatenus,
811 1788 915 1842 pro
937 1773 1025 1825 sui
1073 1771 1286 1825 laboris
1347 1770 1878 1839 recompensatione
1905 1774 1960 1822 et

267 1877 506 1917 suorum
538 1861 944 1915 damnatorum
972 1859 1410 1925 restauratione,
1447 1857 1752 1929 quemdam
1785 1857 1960 1911 comi-

267 1951 534 2018 tatulum,
567 1949 663 2018 qui
692 1949 751 2002 in
782 1949 926 2002 valle
949 1949 1169 2002 Auxula
1230 1948 1376 2000 infra
1425 1947 1603 2016 ipsius
1661 1945 1961 2017 episcopa-

264 2044 356 2094 tus
385 2037 716 2108 parochiam
750 2037 1008 2106 adjacere
1037 2036 1411 2106 dignoscitur,
1443 2035 1730 2105 prmdiclae
1783 2035 1959 2089 cccle-

267 2128 364 2182 siae
400 2125 752 2193 Novarienei,
794 2139 921 2178 cum
958 2125 1227 2178 omnibus
1285 2123 1676 2178 functionibus
1729 2140 1858 2194 qua:
1891 2123 1960 2176 de

265 2218 390 2288 ipso
419 2215 753 2270 comitatulo
786 2214 1026 2284 publica:
1056 2213 1204 2284 parti
1269 2212 1578 2283 pertinent,
1629 2212 1964 2265 concedere-

268 2321 412 2359 mus.
448 2305 559 2358 Nec
590 2320 703 2358 non
735 2303 908 2357 etiam
941 2303 1278 2372 deprecatus
1299 2306 1384 2356 est
1414 2318 1516 2354 nos
1546 2305 1609 2354 ut
1649 2301 1960 2372 quamdam

265 2393 516 2463 plebem,
549 2406 721 2461 quam
766 2390 905 2443 olim
934 2390 1086 2443 malo
1118 2389 1319 2442 ordine
1375 2392 1430 2441 et
1470 2387 1684 2457 injusta
1742 2386 1961 2440 ratione

269 2497 372 2534 sua
417 2479 668 2550 perdidit
700 2478 954 2545 ecclesia,
984 2494 1114 2548 qua:
1141 2477 1248 2530 sita
1279 2480 1361 2530 est
1415 2476 1472 2530 in
1505 2476 1640 2529 villa
1693 2490 1822 2546 quae
1867 2490 1964 2527 no-

267 2569 522 2622 minatur
548 2569 800 2632 Τπ-εοεαε,
833 2583 946 2619 non
986 2567 1127 2620 adeo
1158 2565 1355 2637 procul
1395 2581 1423 2618 a
1457 2564 1706 2626 civitate,
1741 2566 1961 2616 curtem

267 2672 514 2727 quoque,
574 2671 702 2725 quae
757 2656 1074 2708 Gravanola
1129 2654 1360 2720 dicitur,
1427 2653 1721 2724 quondam
1779 2651 1962 2722 ipsius

268 2743 520 2816 episcopi
548 2745 958 2809 continentem,
994 2744 1088 2798 sed
1122 2759 1273 2796 nunc
1317 2743 1526 2811 injuste
1557 2757 1792 2812 pervasa
1840 2757 1961 2795 esse

269 2831 646 2902 dignoscitur,
688 2849 804 2884 sum
838 2833 1096 2885 Ecclesiae
1130 2831 1586 2886 restitueremus.

340 2921 535 2989 Itaque
580 2919 820 2987 dignum
875 2925 1050 2973 estut
1103 2919 1191 2972 sui
1239 2919 1452 2973 laboris
1505 2918 1962 2988 praenominatus

2069 530 2318 597 incultis,
2385 530 2579 584 divisis
2629 535 2685 584 et
2735 530 3014 596 indivisis,
3049 531 3331 596 terminis,
3385 533 3779 586 concessioni-

2068 620 2192 685 bus,
2223 620 2497 690 piscariis,
2536 619 2896 690 compariciis
2948 619 3190 690 aliisque
3221 621 3503 674 universis
3573 621 3778 674 redhi-

2066 708 2404 774 bitionibus,
2437 725 2566 761 cum
2601 708 2776 762 servis
2813 713 2869 762 et
2907 708 3146 771 ancillis,
3203 713 3258 762 et
3320 709 3676 776 aldianibus,
3720 714 3777 762 et

2068 796 2315 850 aldianis
2344 797 2642 868 utriusque
2687 813 2877 861 sexus,
2933 812 3064 850 cum
3121 796 3408 863 omnibus,
3477 813 3612 868 quae
3662 797 3778 851 dici

2070 889 2168 939 aut
2196 885 2386 938 vocari
2407 890 2662 956 possunt,
2708 885 2774 938 ad
2832 886 2952 956 jam
2986 884 3195 938 dictam
3229 885 3452 954 plebem
3502 886 3595 938 vel
3641 901 3776 939 cur-

2069 978 2184 1026 tem
2209 972 2649 1044 pertinentibus,
2683 972 2770 1027 vel
2829 972 3277 1044 respicientibus.
3335 975 3445 1027 Nec
3523 989 3642 1027 non
3720 979 3779 1027 et

2067 1067 2300 1131 portum
2330 1061 2398 1115 de
2430 1062 2707 1132 Bestagno
2741 1060 3096 1131 eidemplebi
3127 1061 3534 1130 pertinentem,
3595 1077 3775 1132 quem

2068 1149 2514 1220 gloriosissimus
2540 1151 2856 1204 avunculus
2913 1154 3103 1203 noster
3155 1149 3284 1203 Otto
3339 1150 3528 1220 major
3574 1166 3778 1220 supra-

2067 1240 2233 1294 dictae
2275 1239 2395 1293 sedi
2449 1255 2554 1309 per
2604 1244 2954 1309 prteceptum
3002 1237 3308 1305 concessit;
3340 1239 3414 1291 ita
3459 1243 3524 1292 ut
3578 1238 3776 1291 nullus

2070 1329 2340 1394 marchio,
2393 1344 2604 1396 comes,
2649 1327 2988 1394 vicecomes,
3045 1327 3402 1380 schuldasius
3457 1327 3606 1397 ejus,
3671 1344 3770 1383 seu

2069 1417 2344 1487 quaelibet
2401 1433 2609 1488 magna
2674 1432 2964 1487 parvaque
3021 1431 3270 1486 persona
3329 1416 3602 1470 homines
3644 1417 3765 1487 jam

2069 1505 2205 1558 dicti
2236 1504 2560 1569 comitatus,
2619 1520 2722 1557 seu
2787 1503 2990 1574 plebis,
3030 1503 3116 1556 vel
3166 1505 3337 1556 curtis
3397 1504 3611 1556 audeat
3665 1504 3773 1558 dis-

2069 1594 2343 1664 tringere,
2373 1597 2472 1648 aut
2495 1595 2647 1648 intra
2703 1593 2895 1664 ipsum
2933 1593 3265 1647 comitatum
3296 1593 3514 1663 aliquid
3562 1609 3774 1663 praesu-

2070 1688 2188 1737 mat
2211 1683 2457 1753 exigere,
2496 1683 2579 1737 vel
2601 1687 2828 1754 paratos
2855 1682 3062 1749 facere,
3094 1698 3200 1735 nec
3248 1683 3394 1736 ullas
3423 1681 3770 1736 redhibitio-

2076 1789 2173 1826 nes
2204 1773 2522 1843 acquirere,
2558 1773 2655 1826 sed
2684 1772 2847 1826 liceat
2877 1777 3196 1826 memorato
3249 1770 3482 1842 praesuli
3533 1771 3770 1842 suisque

2071 1860 2493 1914 successoribus
2561 1861 2682 1931 jam
2755 1877 2906 1931 smpe
2960 1859 3178 1914 dictum
3239 1859 3583 1913 comitatum
3640 1875 3768 1913 cum

2071 1949 2397 2019 supradicta
2433 1947 2599 2018 plebe
2628 1951 2715 2002 vel
2747 1953 2905 2001 curte
2944 1953 3162 2013 tenere,
3204 1951 3258 2000 et
3309 1962 3512 2000 omnes
3579 1945 3770 2000 homi-

2071 2054 2171 2092 nes
2205 2037 2379 2109 ipsius
2411 2037 2736 2103 comitatus,
2789 2037 2905 2092 sive
2957 2037 3136 2106 ipsius
3190 2036 3370 2107 plebis
3425 2051 3529 2090 seu
3571 2035 3767 2098 curtis,

2070 2144 2173 2198 per
2198 2143 2256 2180 se
2275 2127 2360 2180 vel
2383 2142 2552 2180 suum
2595 2127 2846 2196 legatum
2899 2124 3264 2194 distringere,
3333 2124 3484 2178 sicut
3527 2140 3635 2194 per
3668 2139 3770 2176 nos

2069 2217 2154 2268 vel
2184 2221 2441 2269 nostrum
2492 2215 2726 2268 missum
2783 2213 3164 2284 distringendi
3209 2217 3416 2280 essent,
3485 2216 3544 2266 et
3572 2211 3769 2265 omnia

2069 2320 2196 2374 quae
2230 2304 2298 2357 de
2327 2303 2447 2374 ipso
2473 2303 2745 2356 comitatu
2778 2302 2847 2356 ad
2883 2302 3172 2372 publicam
3196 2306 3417 2370 partem
3451 2300 3764 2372 pertinent,

2070 2394 2158 2446 vel
2187 2393 2318 2446 inde
2349 2392 2497 2462 exigi
2552 2397 2808 2462 possunt,
2869 2396 2927 2444 et
2987 2395 3358 2460 praetexatam
3409 2390 3641 2460 plebem
3699 2389 3769 2443 de

2069 2481 2320 2547 Trecate,
2355 2485 2526 2550 atque
2583 2485 2803 2533 curtem
2833 2479 2902 2533 de
2950 2479 3265 2533 Gravalona
3311 2494 3442 2532 cum
3496 2478 3768 2532 omnibus

2071 2569 2190 2621 suis
2252 2567 2608 2638 appendiciis
2688 2569 2775 2620 vel
2857 2567 3218 2638 pertinentiis
3279 2567 3509 2631 habeat,
3569 2570 3765 2620 teneat

2071 2656 2428 2726 lirmiterque
2489 2655 2794 2726 possideat,
2851 2659 2968 2708 tam
3019 2655 3139 2725 ipse
3191 2670 3364 2725 quam
3409 2671 3768 2708 successores

2070 2745 2246 2811 illius,
2304 2745 2401 2816 qui
2462 2745 2640 2812 illam,
2674 2745 2784 2798 Deo
2818 2745 3038 2797 favente
3069 2748 3124 2797 et
3175 2744 3526 2815 disponente,
3586 2743 3769 2813 ipsius

2072 2833 2218 2887 sedis
2277 2833 2607 2909 cathedram
2703 2832 3027 2900 suscepturi
3104 2838 3251 2894 sunt,
3341 2832 3500 2886 omni
3569 2837 3768 2885 nostra

2073 2927 2518 2992 nostrorumque
2559 2937 2918 2976 sucessorum
2985 2937 3184 2991 regum
3238 2925 3291 2974 et
3339 2920 3766 2991 imperatorum

267 3008 478 3079 praesul
514 3007 951 3061 retributionem
981 3024 1012 3060 a
1051 3008 1215 3061 nobis
1244 3007 1535 3078 suscipiat.
1573 3008 1656 3070 Et,
1690 3007 1960 3077 quoniam
1993 3007 2033 3061 C
2072 3016 2128 3066 et
2156 3011 2314 3066 omni
2355 3011 2653 3065 hominum
2715 3010 3164 3065 contradictione
3219 3011 3306 3064 vel
3373 3009 3766 3064 diminutione

263 3096 481 3166 justum
517 3099 602 3148 est
630 3101 690 3148 ut
724 3112 896 3166 supra
937 3097 1231 3150 nominata
1262 3097 1423 3167 plebs
1477 3101 1648 3166 atque
1679 3111 1807 3149 curs
1841 3097 1959 3166 jam

270 3182 420 3236 dicta
457 3197 560 3236 suo
591 3183 922 3237 restituatur
979 3184 1356 3255 episcopatui;
1412 3187 1467 3238 et
1522 3187 1583 3236 ut
1639 3183 1734 3237 alii
1783 3184 1963 3238 nostri

271 3268 485 3333 tideles,
521 3268 627 3322 hoc
647 3275 1074 3338 cognoscentes,
1125 3275 1337 3323 nostra:
1393 3269 1655 3326 lidelitati
1714 3271 1962 3342 amplius

272 3356 635 3410 stabiliantur
676 3357 836 3426 :ejus
869 3357 1128 3426 precibus
1184 3362 1522 3422 annuentes,
1561 3357 1681 3426 jam
1744 3357 1960 3412 dictum

271 3445 673 3498 comitatulum
705 3461 737 3498 a
777 3450 970 3497 nostro
997 3445 1127 3514 jure
1159 3444 1216 3498 in
1257 3445 1380 3514 ejus
1421 3445 1674 3499 ecclesiae
1721 3451 1964 3516 potesta-

271 3537 387 3586 tem
425 3523 662 3586 omnino
699 3533 1154 3586 transfundimus
1207 3538 1260 3586 et
1289 3533 1696 3604 perdonamus,
1731 3540 1788 3588 et
1817 3553 1960 3605 prie-

272 3621 442 3676 fatam
477 3620 704 3691 plebem
729 3627 900 3692 atque
932 3627 1148 3676 curtem
1181 3637 1284 3692 per
1315 3622 1420 3676 hoc
1459 3627 1665 3676 nostra:
1717 3625 1962 3678 auctori-

272 3709 405 3764 tatis
436 3716 790 3781 praeceptum
813 3711 934 3780 jam
967 3710 1307 3781 supradictae
1351 3711 1681 3765 Novariensi
1714 3712 1964 3768 ecclesiae

270 3798 566 3854 reddimus
595 3804 652 3854 et
679 3799 1066 3868 concedimus,
1100 3815 1229 3854 cum
1261 3800 1420 3854 omni
1482 3801 1740 3855 districtu
1791 3806 1848 3855 et
1879 3808 1964 3857 te-

272 3887 478 3952 loueis,
510 3887 941 3958 piscationibus,
975 3889 1185 3960 quaein
1218 3888 1456 3942 flumine
1514 3889 1683 3952 Toxo,
1744 3888 1803 3942 in
1857 3891 1966 3945 illis

274 3977 488 4031 scilicet
512 3977 648 4031 locis
676 3977 775 4032 ubi
820 3977 942 4046 ipsa
996 3977 1240 4031 Ecclesia
1289 3993 1358 4030 ex
1418 3981 1657 4046 utraque
1713 3976 1968 4032 ﬂuminis

273 4069 432 4120 tenet
451 4071 648 4136 parte;
681 4071 736 4118 et
757 4081 888 4119 cum
918 4065 1341 4130 venationibus,
1375 4081 1474 4117 seu
1504 4065 1770 4118 omnibus
1797 4067 1968 4120 rebus

277 4170 405 4225 qua?
433 4154 502 4207 ad
537 4154 825 4224 publicam
859 4158 1081 4222 partem
1108 4169 1172 4206 ex
1204 4153 1408 4206 eodem
1452 4152 1784 4206 comitatulo
1817 4154 1968 4224 exigi

275 4247 534 4312 possunt,
567 4257 695 4294 cum
733 4240 981 4310 capellis,
1017 4241 1205 4304 domo,
1243 4239 1450 4305 curtili,
1487 4240 1841 4309 massaritiis,
1872 4258 1964 4296 ca-

275 4330 370 4395 sis,
427 4329 824 4393 sediminibus,
883 4329 1120 4398 campis,
1181 4328 1359 4398 pratis
1443 4328 1643 4393 vineis,
1714 4330 1961 4400 pascuis,

278 4417 455 4483 silvis,
515 4417 802 4482 stallariis,
863 4416 1126 4480 salicetis,
1175 4415 1498 4486 paludibus,
1541 4417 1726 4488 aquis,
1780 4433 1967 4490 aqua-

2072 3105 2308 3154 remota.
2341 3099 2396 3154 Si
2429 3099 2558 3170 quis
2589 3099 2766 3170 igitur
2817 3101 2923 3152 hoc
2952 3105 3164 3154 nostra:
3194 3098 3576 3153 concessionis
3616 3113 3768 3169 prae-

2073 3196 2301 3260 ceptum
2332 3188 2547 3243 nefarie
2578 3205 2720 3242 ausu
2775 3189 3082 3242 temerario
3131 3188 3343 3242 violare
3379 3203 3765 3259 praesumpse-

2072 3278 2168 3342 rit,
2222 3282 2451 3331 centum
2478 3277 2651 3331 libras
2703 3277 2827 3331 auri
2865 3277 3069 3348 optimi
3115 3292 3456 3346 componere
3500 3280 3766 3345 cogatur,

2075 3367 2440 3421 medietatem
2470 3366 2684 3436 palatio
2724 3371 2940 3432 nostro,
2975 3371 3032 3420 et
3062 3365 3425 3419 medietatem
3453 3363 3767 3417 Novarien-

2074 3455 2122 3508 si
2157 3453 2426 3519 ecclesiae,
2483 3454 2722 3524 ejusque
2781 3453 3008 3519 rectori,
3065 3453 3164 3524 qui
3195 3469 3298 3523 pro
3329 3456 3589 3522 tempore
3621 3450 3767 3504 inibi

2073 3542 2395 3597 habebitur.
2431 3542 2495 3594 Et
2552 3541 2660 3596 hoc
2715 3546 2775 3594 ut
2818 3542 3007 3595 verius
3063 3542 3342 3603 credatur,
3396 3539 3765 3609 diligentius-

2075 3648 2184 3703 que
2215 3631 2284 3685 ab
2341 3630 2608 3684 omnibus
2659 3630 3011 3698 observetur,
3063 3646 3234 3684 manu
3282 3629 3509 3700 propria
3574 3627 3774 3681 subter

2074 3719 2498 3784 conﬁrmantes,
2530 3718 2822 3790 sigillique
2853 3718 3030 3773 nostri
3062 3717 3440 3788 impressione
3490 3715 3773 3787 jussimus

2073 3807 2361 3878 insigniri.

2147 3897 2374 3962 Signum
2414 3897 2630 3948 Domini

2076 3985 2420 4053 imperatoris
2450 3984 2713 4049 Augusti.

2151 4070 2354 4123 Datum
2389 4085 2540 4122 anno
2567 4067 2979 4122 incarnationis
3029 4067 3342 4122 Dominicas
3392 4067 3546 4134 1024,
3600 4066 3778 4120 indic-

2077 4157 2235 4211 tione
2262 4157 2622 4222 duodecima,
2662 4173 2811 4210 anno
2869 4173 3000 4210 vero
3052 4156 3214 4227 regni
3263 4155 3486 4210 domini
3546 4153 3777 4210 Henrici

2082 4245 2446 4316 imperatoris
2476 4246 2720 4316 Augusti
2750 4249 2830 4309 l3,
2867 4246 3097 4316 imperii
3128 4261 3279 4299 anno
3309 4244 3522 4317 primo.

2148 4335 2353 4388 Actum
2383 4336 2719 4388 Trucutanaa
2749 4334 3010 4389 faciliter.
3036 4336 3239 4388 Amen.

2720 3896 2957 3962 Henrici,
3037 3895 3364 3949 serenissimi
3430 3893 3776 3947 invictissimi

1402 4731 1927 4828 SANCTI
2042 4733 2659 4831 HENRICI

1844 4905 2219 4973 CONCIO

528 5044 731 5100 Habita
758 5047 816 5101 in
842 5047 1066 5102 concilio
1093 5045 1560 5115 Francfordiensi,
1591 5062 1692 5117 pro
1720 5050 2100 5103 constitutione
2131 5050 2472 5118 episcopatus
2500 5049 2913 5118 Bambergensis
2941 5065 3081 5106 anno
3115 5051 3249 5106 1006
3273 5049 3537 5105 celebrato

1643 5170 1864 5242 (Mansi,
1896 5171 2051 5228 Conc.
2091 5174 2222 5239 XIX,
2265 5173 2412 5244 289.)

351 5383 602 5445 Domini,
657 5389 714 5438 et
736 5387 927 5440 Patres
957 5402 991 5439 a
1024 5403 1152 5441 mea
1191 5386 1473 5458 parvitate
1506 5388 1617 5443 huc
1656 5390 1815 5444 asciti
1847 5407 1977 5444 con-

284 5471 537 5538 venistis,
585 5477 641 5526 et
671 5475 1048 5542 quamobrem
1071 5492 1169 5530 vos
1201 5476 1487 5541 ascierim,
1520 5478 1797 5547 aperiam,
1848 5496 1978 5550 pre-

284 5576 498 5631 corque
518 5560 779 5615 omnium
809 5563 1169 5619 clementiam
1243 5570 1306 5619 ut
1361 5565 1420 5619 in
1471 5565 1560 5620 his
1610 5583 1739 5637 quae
1790 5567 1982 5624 divina

2088 5392 2272 5460 gratia
2301 5391 2467 5460 mihi,
2497 5397 2562 5447 ut
2605 5409 2795 5463 spero,
2854 5393 3195 5465 insipiravit,
3255 5409 3358 5464 pro
3414 5393 3539 5463 ejus
3593 5409 3796 5448 amore

2089 5481 2342 5535 faveatis.
2382 5482 2545 5548 Nam,
2580 5483 2718 5554 quia
2773 5483 2833 5536 in
2892 5483 3086 5537 sobole
3163 5481 3426 5536 habenda
3454 5481 3614 5536 nulla
3652 5482 3796 5536 mihi

2093 5585 2221 5640 spes
2253 5575 2536 5640 superest,
2571 5570 2858 5627 Christum
2913 5572 3204 5626 haeredem
3263 5570 3433 5640 elegi,
3497 5569 3798 5641 episcopa-
