3920 6190
193 256 274 309 385
846 247 1253 305 THANGMARI
1294 249 1539 307 PRESB.
1584 251 2038 307 HILDESHEIM.
2081 280 2148 290 —
2190 253 2340 308 VlTA
2384 256 2440 310 S.
2484 254 2936 310 BEltNWARDI.
3546 264 3648 316 386

190 382 289 429 tum
316 373 369 427 in
398 370 761 437 Bavemberh,
794 386 924 425 cum
957 372 1185 426 licentia
1215 373 1468 443 episcopi
1503 374 1617 428 mei
1655 374 1836 427 facere
1876 391 1915 443 Α
1956 375 2174 429 Moveat
2200 376 2373 430 corda
2402 377 2663 432 omnium
2697 381 3067 449 przesentium
3095 383 3248 453 quod
3284 391 3657 455 augmentum

189 466 425 518 hactenus
448 461 766 531 concupivi,
801 465 857 514 et
885 461 1055 514 hodie
1087 462 1361 531 perﬁcere
1392 464 1586 517 statui.
1621 464 1703 517 Ob
1737 464 1845 517 hoc
1954 464 2009 518 S.
2041 464 2231 517 Matris
2266 465 2521 519 Ecclesia:
2552 482 2681 519 cum
2715 466 3057 537 nugigerula
3101 471 3389 539 legatione
3448 473 3656 526 annul-

190 550 567 605 serenissimain
608 550 882 618 pietatem
922 554 1168 603 vestram
1202 550 1529 621 interpello,
1580 568 1671 617 ne,
1718 553 1843 621 ejus
1953 551 2068 603 lare
2099 552 2411 621 praesumit.
2442 553 2579 606 Ecce
2608 554 2677 607 ad
2711 556 2832 608 hinc
2888 558 3153 627 conjugis
3209 574 3350 612 mea}
3407 576 3655 628 praesen-

189 638 407 694 absentia
459 638 555 707 qui
611 639 762 707 apud
822 654 911 691 me
963 638 1142 692 voluit
1188 639 1446 693 obtinere
1496 641 1649 710 quod
1699 640 1842 693 mihi
1952 641 2040 706 tis,
2075 647 2132 693 et
2165 640 2312 693 unici
2348 641 2540 694 fratris
2572 643 2684 695 mei
2707 650 2762 696 et
2793 644 3108 699 cohaeredis
3132 646 3291 716 larga
3315 648 3658 701 benevolen-

187 745 281 781 non
308 726 453 780 licuit
476 727 804 791 concedere,
842 727 1202 796 prepositum
1248 744 1442 781 meum
1487 729 1672 782 valeat
1724 728 1841 781 im-
1951 728 2031 781 tia
2058 728 2298 797 aspirat;
2335 746 2541 800 meque
2574 731 2783 800 placita
2830 732 2938 786 sibi
2965 734 3288 787 redditione
3333 736 3446 788 illis
3487 735 3657 789 resti-

186 816 357 887 pediri.
396 816 523 867 Ecce
553 816 811 878 baculus,
855 814 917 868 in
955 831 1069 886 quo
1119 820 1331 869 mutum
1390 816 1844 870 conﬁrmationis
1952 820 2111 870 tuere
2142 822 2385 887 uterque
2421 835 2523 887 pro
2544 824 2697 871 certo
2728 820 2904 874 sciat:
2938 824 3099 891 sique
3129 823 3430 893 episcopus
3462 824 3655 877 venire

184 909 380 975 signum
407 903 679 967 clarescit,
715 904 869 973 quod
901 920 1019 957 non
1074 910 1312 974 propter
1370 905 1695 971 Dominum,
1746 906 1843 959 sed
1955 911 2011 959 et
2073 907 2355 975 promissa
2411 907 2680 975 dignatur
2734 908 3043 977 suscipere,
3115 916 3377 980 paratum
3418 927 3509 965 me
3580 912 3649 965 ad

185 994 241 1048 ob
258 992 532 1062 dignitatis
561 993 887 1045 nullatenus
917 992 1298 1063 adipiscendae
1321 991 1578 1047 dolorem
1611 992 1844 1062 fugerit.
1955 1009 2125 1047 omne
2165 994 2317 1063 quod
2351 994 2511 1047 vobis
2541 997 2821 1064 placuerit
2852 997 3125 1051 inveniet.

1550 1412 1720 1452 ANNO
1767 1412 2000 1452 DOMINI
2052 1411 2245 1451 MXXV.

998 1574 2782 1748 THANGMARUS

1358 1859 1765 1914 PRESBYTER
1804 1857 2438 1913 HILDESIIEIMENSIS.

535 2262 1017 2385 VITA
1140 2262 1862 2387 SANCTI
1981 2266 3234 2390 BERNWARDI

1351 2495 1692 2540 EPISCOPI
1740 2497 2433 2541 HILDESHEIMENSIS

975 2644 1425 2717 AUCTORE
1500 2645 2106 2719 THANGMARO
2182 2647 2808 2720 PRESBYTERO

654 2827 843 2899 (Apud
882 2829 946 2882 D.
989 2828 1173 2895 Pertz,
1214 2829 1559 2881 Monumenta
1589 2826 1889 2881 Germania:
1919 2828 2198 2894 historica,
2240 2826 2443 2897 Script.
2485 2831 2625 2881 tom.
2664 2827 2754 2894 IV,
2793 2842 2925 2899 pag.
2969 2829 3118 2898 751.)

1616 3136 2149 3202 MONITUM.

216 3313 622 3384 Thangmarus,
682 3312 911 3367 natione
962 3312 1105 3367 Saxo
1166 3312 1263 3384 (l),
1321 3317 1563 3367 exeunte
1622 3314 1827 3367 saeculo
1865 3317 1901 3370 Β
1941 3313 2093 3367 solus
2125 3312 2193 3366 ad
2224 3313 2492 3367 Ottonem
2518 3312 2588 3366 Ill
2622 3316 2677 3365 et
2707 3312 3041 3367 Silvestrum
3076 3313 3121 3365 Il
3153 3313 3390 3382 legatus,
3420 3312 3641 3366 Italiam

159 3400 353 3455 decimo
384 3408 439 3455 et
470 3400 776 3455 undecimo
818 3402 1050 3454 ineunte
1080 3401 1378 3471 presbyter
1431 3402 1679 3456 ecclesia:
1735 3418 1826 3454 ca-
1937 3402 2133 3455 revisit
2164 3406 2255 3470 (0),
2309 3402 2368 3454 in
2414 3401 2656 3454 concilio
2689 3401 3005 3454 Tudertino
3066 3418 3157 3455 res
3211 3402 3470 3455 Ecclesiae
3524 3418 3641 3454 suae

158 3489 403 3544 tbedralis
446 3490 961 3544 Hildeslicimensis
992 3492 1061 3559 (2)
1087 3495 1143 3542 ot
1198 3490 1559 3559 primicerius
1617 3490 1825 3543 schola:
1938 3488 2073 3557 egit,
2126 3490 2197 3541 ab
2248 3489 2596 3558 imperatore
2661 3505 2789 3541 mox
2846 3489 3125 3542 morituro
3167 3490 3487 3559 largissime
3547 3505 3632 3542 rc-

157 3594 461 3647 puerorum,
524 3585 580 3632 et
638 3580 844 3632 saaculo
890 3577 1189 3631 undecimo
1248 3577 1498 3631 ecclesiae
1555 3578 1823 3641 decanus,
1940 3581 2275 3629 muneratus
2305 3594 2456 3629 anno
2490 3579 2622 3629 1002
2655 3576 2889 3630 domum
2920 3578 3109 3642 rediit,
3142 3583 3197 3630 et
3226 3594 3329 3646 per
3352 3578 3639 3647 reliquum

158 3666 539 3721 Bernwardum
606 3667 807 3721 litteris
874 3666 1253 3720 imbuendum
1309 3667 1677 3736 moribusque
1737 3666 1824 3718 in—
1936 3664 2065 3716 vitae
2110 3669 2339 3733 tempus
2404 3665 2733 3717 Bernwardo
2782 3666 3032 3718 convixit
3071 3666 3197 3733 (10).
3244 3668 3386 3719 Cum
3446 3673 3639 3719 autem

154 3757 463 3809 struendum
499 3756 609 3809 sibi
634 3756 908 3809 traditum
931 3761 1086 3807 tanta
1114 3754 1420 3807 dilectione
1450 3754 1607 3818 fovit,
1642 3760 1705 3807 ut
1727 3769 1826 3823 per
1934 3768 2159 3804 summa
2189 3768 2317 3805 cum
2345 3753 2609 3821 episcopo
2641 3753 3027 3805 familiaritate
3060 3754 3290 3819 viveret,
3343 3754 3459 3806 imo
3500 3770 3637 3807 con-

153 3846 303 3896 totam
344 3846 553 3897 deinde
600 3843 774 3896 vitam
809 3843 969 3913 quasi
1002 3842 1183 3896 ﬁlium
1220 3842 1363 3911 patri
1414 3842 1522 3895 sibi
1574 3842 1825 3895 devinci-
1934 3838 2114 3892 fessor
2144 3840 2253 3909 (11;
2290 3840 2411 3907 ejus
2442 3840 2612 3893 fuisse
2649 3840 2925 3907 videatur,
2961 3841 3266 3907 magnilica
3308 3842 3434 3910 ejus
3479 3846 3640 3909 gesta

153 3936 223 3982 ret
247 3936 333 3997 (3).
368 3932 705 3987 Bernwardo
736 3932 807 3985 ad
834 3932 1226 4001 episcopatum
1278 3930 1823 3984 Hildeslieimensem
1933 3927 2203 3996 colligere
2246 3944 2547 3998 aggressus
2602 3928 2736 3996 (12),
2794 3928 2999 3981 eodem
3052 3945 3205 3997 aagre
3248 3929 3335 3980 vix
3400 3928 3635 3981 tandem

150 4028 412 4088 provecto,
446 4022 571 4092 ipse
610 4022 858 4075 decanus
908 4020 1003 4086 (4),
1047 4020 1519 4072 Bibliotliecarius
1567 4024 1623 4072 et
1661 4023 1822 4071 nota-
1933 4017 2318 4069 consentiente
2345 4017 2652 4086 compegit.
2724 4022 2781 4069 et
2828 4022 2959 4086 post
3008 4018 3228 4070 obitum
3283 4016 3475 4070 dilecti
3528 4016 3635 4068 viri

148 4107 247 4159 rius
274 4110 343 4177 (ὅ)
402 4111 577 4161 rebus
635 4108 901 4177 gerendis
946 4106 1262 4176 plurimum
1311 4105 1591 4167 interfuit,
1649 4113 1705 4158 et
1764 4106 1822 4158 in
1935 4106 2173 4160 absolvit
2228 4105 2352 4173 (13).
2408 4104 2683 4158 Convenit
2726 4105 2872 4157 liber
2910 4105 2971 4157 in
3034 4105 3169 4157 locis
3228 4104 3380 4157 haud
3437 4103 3635 4173 paucis

146 4196 350 4263 negotio
381 4195 946 4250 Gandersheimeinsi
975 4211 1125 4248 anno
1176 4196 1312 4249 1000
1367 4194 1436 4248 ad
1465 4195 1820 4265 Willegisum
1932 4212 2060 4248 cum
2116 4194 2432 4247 Annalibus
2476 4193 3153 4259 tlildencshcimensibus,
3211 4194 3367 4263 quod
3419 4193 3547 4247 ideo
3602 4210 3635 4247 a

146 4283 617 4355 archiepiscopum
650 4283 724 4353 (6)
777 4300 905 4337 cum
941 4284 1068 4336 aliis
1121 4284 1363 4353 legatus,
1421 4282 1627 4336 eodem
1667 4299 1819 4337 anno
1933 4290 2128 4336 nostro
2163 4284 2403 4351 scriptos
2436 4282 2614 4335 videri
2642 4299 2816 4352 supra
2848 4284 3163 4336 memoravi
3208 4284 3342 4351 (14),
3399 4287 3457 4336 et
3513 4298 3633 4336 om-

145 4369 445 4441 episcopum
482 4388 654 4425 suum
684 4373 924 4426 Romam
970 4371 1274 4424 comitatus
1304 4371 1378 4440 (7)
1405 4376 1461 4425 et
1493 4388 1622 4425 cum
1652 4388 1718 4424 eo
1753 4388 1820 4424 ex
1932 4372 2025 4425 nia
2042 4371 2158 4423 fere
2186 4387 2313 4440 quae
2335 4377 2527 4423 narrat
2548 4377 2648 4423 aut
2685 4372 2755 4423 ab
2781 4371 2905 4439 ipso
2934 4384 3216 4441 praesente
3266 4371 3383 4425 visa
3432 4376 3531 4425 aut
3581 4371 3633 4424 ei

144 4455 279 4511 Italia
310 4477 590 4525 reversus,
622 4475 818 4514 mense
851 4464 1108 4529 Augusto
1149 4460 1285 4513 anni
1323 4462 1448 4513 1001
1514 4476 1631 4514 una
1688 4476 1815 4513 cum
1929 4460 2133 4513 saltem
2154 4459 2298 4512 bene
2329 4464 2465 4513 nota
2495 4458 2673 4513 lector
2702 4460 2864 4514 facile
2906 4460 3339 4513 animadvertet.
3379 4460 3453 4513 De
3488 4459 3633 4513 veri-

144 4545 451 4615 Eggetiardo
484 4550 703 4619 synodo
737 4549 1197 4603 Francofnrtanaa
1227 4549 1491 4603 interfuit
1533 4548 1633 4618 (8),
1693 4552 1818 4602 tum
1929 4549 2062 4603 tatis
2100 4548 2289 4603 studio
2324 4549 2381 4602 in
2421 4550 2521 4603 tali
2569 4548 2692 4603 viro
2752 4549 2991 4602 minime
3040 4548 3406 4603 dubitaveris.
3452 4548 3635 4620 Opere

1765 4675 1805 4728 Ν
1816 4674 1985 4729 ΟΤίΕ.

199 4773 265 4851 (1)
298 4776 428 4851 Cap.
470 4794 482 4830 :
527 4778 673 4831 claro
697 4782 894 4831 nostra?
923 4780 1097 4846 gentis
1122 4780 1406 4851 sanguine.
1806 4850 1809 4851 ν
2002 4778 2474 4851 (9)(Ιερη34-37.

197 4846 265 4920 (2)
322 4846 494 4900 vacat
548 4864 673 4900 eam
750 4854 991 4902 nostrum
1062 4848 1481 4902 monasterium:
1570 4850 1815 4920 exempli
2002 4849 2107 4917 (10)
2156 4850 2430 4918 Prologus
2460 4848 2518 4901 in
2550 4848 2682 4920 fine.

139 4917 297 4988 gratia
334 4934 487 4971 anno
526 4920 680 4984 1000,
712 4935 837 4985 cap.
868 4922 958 4987 18;
983 4935 1135 4972 anno
1170 4921 1326 4985 1007,
1358 4936 1482 4988 cap.
1516 4921 1605 4973 43.
1737 4917 1754 4920 ’
2002 4922 2108 4987 (11)
2163 4917 2437 4983 Quisnam
2501 4919 2610 4972 nisi
2663 4918 2956 4973 confessor
3025 4918 3145 4972 hinc
3190 4918 3406 4972 diceret
3438 4933 3450 4970 :
3520 4919 3627 4973 Nec

198 4986 261 5051 (3)
339 4990 688 5060 Βεῑιηοοριην
734 4989 926 5054 etiam,
983 4996 1178 5057 postea
1209 4986 1552 5043 Misneusem
1596 4990 1815 5060 episco-
1929 4986 2141 5058 aliquid
2196 4990 2253 5042 in
2301 4992 2445 5042 omni
2471 4991 2652 5043 studio
2708 4991 2824 5057 rius
2857 4993 2981 5044 vita:
3033 5006 3203 5042 meum
3247 4990 3629 5044 conscientiam

140 5068 274 5129 pum,
297 5060 550 5112 erudisse
580 5059 793 5128 legitur
851 5060 911 5112 in
957 5060 1166 5116 Chron.
1236 5061 1293 5115 S.
1357 5059 1644 5115 Michaelis
1696 5062 1816 5115 Hil-
1926 5076 2211 5113 rnAirmae
2242 5076 2454 5128 POTI'IT,
2490 5064 2622 5129 quin
2643 5062 3178 5129 plenissimescirem.

140 5126 268 5201 desh.
307 5129 503 5182 Leibn.
542 5130 612 5195 ll,
740 5131 872 5185 400.

806 5131 872 5185 ’0.
2000 5131 2109 5198 (12)
2138 5131 2354 5195 Prolog.

195 5198 262 5265 (4)
301 5202 433 5270 Cap.
472 5203 560 5254 33.
646 5198 659 5201 ’
1998 5204 2109 5269 (13)
2139 5202 2214 5253 De
2273 5200 2536 5253 Heinrico
2588 5202 2633 5253 Il
2690 5217 2813 5272 cap.
2856 5204 2923 5253 22
2954 5200 3033 5253 ita
3076 5199 3349 5272 loquitur,
3392 5207 3455 5253 ut
3485 5217 3617 5255 eum

196 5272 260 5335 (5)
308 5272 603 5337 Prologus.
1926 5275 2062 5324 tuuc
2093 5272 2454 5337 superstitem
2485 5271 2657 5326 fuisse
2688 5271 2907 5337 videas;
2948 5272 3091 5324 liber
3142 5271 3319 5340 igitur
3352 5278 3482 5325 ante
3515 5289 3614 5326 an-

198 5340 259 5413 (6)
298 5341 430 5413 Cap.
484 5345 570 5402 18.
597 5357 698 5411 per
720 5356 816 5396 nos
850 5342 1137 5396 mandant.
1927 5358 2066 5395 num
2106 5344 2238 5395 1024
2271 5343 2464 5395 tinitus
2497 5348 2601 5394 est.

196 5408 255 5475 (7)
296 5408 427 5481 Cap.
471 5415 566 5476 25,
594 5408 881 5482 presbyter
908 5414 977 5468 cf.
1005 5430 1128 5485 cap.
1155 5414 1241 5469 34.
2000 5414 2107 5480 (14)
2139 5414 2235 5465 SS.
2287 5413 2376 5469 III.
2415 5428 2469 5481 p.
2504 5414 2571 5463 20
2604 5412 2826 5479 (Pntrol.
2862 5416 2999 5463 tom.
3048 5412 3200 5466 CXLI
3231 5412 3290 5465 in
3324 5412 3621 5466 Lamberto

199 5482 263 5546 (8)
303 5484 434 5546 Cap.
482 5486 571 5536 33.
1926 5484 2375 5546 Aschafnaburg.
2406 5482 2473 5535 ad
2515 5499 2605 5536 an.
2646 5484 2820 5546 1039).
2880 5483 3277 5546 Thangmarus
3335 5500 3429 5539 an.
3490 5485 3621 5538 1022

218 5482 263 5548 8)
303 5484 434 5554 Cap.
482 5486 571 5536 33.
1073 5482 1090 5485 ⁷
1926 5484 2375 5553 Aschafnaburg.
2406 5482 2473 5535 ad
2515 5499 2605 5536 an.
2646 5484 2820 5548 1039).
2880 5483 3277 5553 Thangmarus
3335 5500 3429 5539 an.
3490 5485 3624 5538 1022
