4016 6202
324 275 425 328 387

1315 262 1726 320 THANGMARI
1769 260 2213 316 PRESBYTERI
2253 257 2836 316 HILDESHEIMENS.
3708 261 3794 316 388

323 392 605 457 absoluto,
635 389 789 444 haud
821 389 914 444 diu
941 387 1144 442 vixisse
1175 385 1436 452 videtur;
1476 384 1679 438 saltem
1725 398 1874 436 anno
1901 381 2023 452 jam
2061 384 2109 437 A
2136 387 2307 449 nota,
2332 382 2402 437 ad
2433 382 2680 437 litteram
2706 396 2852 451 pene
2882 397 2913 434 a
2938 396 3028 434 me
3059 394 3354 451 expressus
3406 384 3518 447 est;
3576 382 3796 452 scriptu-

332 484 465 535 1027
495 479 825 533 Tadilonem
885 479 1164 532 decanum
1221 473 1528 528 memorari
1594 471 1841 542 legimus
1883 469 2017 540 (15).

329 571 499 624 Liber
519 583 732 640 magno
760 566 1012 620 historia
1033 563 1334 618 commodo
1357 562 1415 615 in
1447 560 1683 615 ecclesia
1705 559 2022 613 Hildeshei-

327 658 515 712 mensi
545 659 885 720 asservatus,
919 652 1125 706 saculo
1155 667 1230 706 xu
1264 651 1496 704 ineunte
1526 647 1819 702 miraculis
1868 646 2021 700 beati

327 746 579 817 episcopi
613 743 804 798 virtuti
831 744 1093 811 ascriptis
1125 745 1340 803 auctus,
1366 743 1417 791 et
1460 753 1608 790 anno
1649 738 1778 790 1193
1835 735 2022 790 Coele-

323 835 568 888 stinolll
598 833 841 897 oblatus,
879 829 1278 884 Beruwardum
1335 827 1396 881 in
1439 842 1748 880 numerum
1796 829 2020 878 sancto-

323 939 454 976 rum
513 919 712 974 referri
767 917 952 972 effecit
1001 919 1135 984 (16);
1197 915 1292 969 sed
1357 920 1551 968 nostro
1620 929 1848 985 quoque
1902 929 2022 966 avo

321 1009 629 1065 lectoribus
659 1005 820 1060 valde
853 1009 1149 1073 acceptum
1181 1020 1239 1057 se
1281 1003 1499 1069 reddet,
1560 1003 1715 1072 quod
1772 1002 2024 1071 plurima

328 1100 473 1153 scitu
499 1099 674 1168 digna
703 1095 771 1149 de
813 1093 1016 1147 Ottone
1048 1093 1140 1158 Ill,
1193 1094 1355 1161 cujus
1416 1091 1821 1144 Beruwardum
1877 1107 2020 1159 pra-

324 1191 618 1254 ceptorcm
676 1187 734 1235 et
767 1180 1013 1234 amicum
1053 1179 1226 1233 fuisse
1257 1179 1551 1244 discimus,
1615 1185 1671 1231 et
1727 1178 1797 1231 de
1848 1176 2020 1230 [lein-

319 1275 423 1328 rici
456 1273 505 1328 lI
537 1287 718 1341 regno
758 1268 1031 1322 oblivioni
1060 1265 1377 1338 praripuit.
1416 1265 1552 1320 Litis
1583 1282 1812 1336 quoque
1869 1265 2024 1319 Can-

320 1358 768 1416 dersheimensis
806 1356 898 1410 cui
927 1355 1267 1410 dirimenda
1312 1355 1719 1425 imperatorem
1785 1359 1842 1407 et
1902 1353 2024 1422 epi-

325 1466 527 1519 scopos
558 1465 661 1519 per
717 1447 912 1517 plures
959 1461 1141 1498 annos
1189 1445 1474 1498 laborasse
1514 1443 1798 1508 novimus,
1849 1443 2023 1496 telam

324 1538 394 1591 ab
447 1535 682 1590 exordio
741 1533 1031 1603 expandit.
1065 1532 1322 1602 Scriptus
1363 1536 1449 1585 est
1491 1533 1636 1602 stylo
1671 1532 1916 1601 simplici
1969 1536 2026 1585 et

325 1625 646 1696 perspicuo.
694 1622 846 1676 Anni
902 1621 1137 1675 initium
1194 1636 1325 1674 cum
1363 1620 1679 1674 Annalibus
1737 1619 2024 1674 Hildenes-

321 1712 719 1769 heimensibus
751 1728 783 1764 a
813 1710 1112 1764 nativitate
1147 1709 1374 1764 Domini
1403 1709 1632 1762 inchoat
1663 1709 1792 1779 (t7).

393 1804 596 1872 Opere,
695 1801 866 1871 paulo
949 1804 1256 1870 postquam
1339 1799 1656 1867 prodierat,
1733 1813 1868 1851 usus
1940 1803 2022 1853 est

324 1889 679 1948 Wolfherius
729 1889 789 1942 in
840 1889 960 1943 Vita
1015 1887 1229 1958 duplici
1284 1886 1604 1942 Godehardi
1643 1886 1916 1957 episcopi,
1968 1891 2024 1941 et

321 1979 576 2050 plurima
657 1977 790 2031 inde
845 1976 1111 2044 decerpta
1164 1974 1374 2044 scripto
1423 1991 1526 2028 suo
1580 1973 1848 2040 inseruit;
1909 1991 2022 2028 sa—

324 2069 453 2122 culo
503 2065 845 2121 duodecimo
898 2064 1132 2117 ineunte
1170 2063 1391 2116 auctori
1447 2061 1742 2116 Chronica
1796 2061 2021 2133 episco-

323 2171 530 2228 porum
575 2151 1172 2216 Hildesheimensium,
1207 2155 1448 2203 exeunte
1505 2151 1724 2204 auctori
1765 2149 2023 2204 Historia

321 2242 706 2298 translationis
754 2241 808 2296 S.
870 2240 1196 2296 Bernwardi
1253 2240 1525 2295 innotuit.
1592 2243 1726 2294 Arte
1757 2246 2022 2311 typogra-

324 2333 492 2404 phica
547 2331 801 2397 inventa,
847 2330 1067 2400 primus
1127 2333 1396 2398 excerpta
1453 2328 1664 2382 codicis
1725 2329 2023 2398 cujusdam

325 2418 831 2476 l‘lildesheimensis
862 2417 1017 2471 dedit
1041 2415 1240 2470 Surius
1273 2416 1330 2468 iu
1361 2417 1515 2469 Actis
1540 2416 1629 2470 SS.
1666 2416 1757 2469 die
1789 2418 1856 2469 20
1909 2418 2022 2470 Νο-

324 2510 594 2573 vembris,
627 2512 684 2562 at
721 2509 1012 2560 Browerus
1062 2506 1120 2558 in
1152 2505 1442 2559 Sideribus
1500 2505 1818 2559 Germania
1849 2504 2023 2558 libros

327 2600 405 2653 De
445 2598 578 2660 vita,
611 2596 770 2650 obitu
799 2601 855 2650 et
882 2595 1256 2650 translatione
1313 2593 1373 2649 8.
1439 2593 1790 2661 Bernwardi,
1843 2598 1900 2647 et
1953 2594 2023 2648 de

324 2686 697 2742 translatione
744 2688 799 2740 S.
835 2683 1142 2756 Epiphauii
1172 2700 1302 2737 cum
1344 2683 1571 2737 scholiis
1593 2683 1794 2750 edidit,
1828 2682 2023 2738 codice

324 2792 462 2830 usus
506 2775 699 2830 saculi
730 2793 793 2828 xv
826 2778 958 2843 (18),
990 2773 1088 2826 sed
1138 2772 1507 2842 interpolato,
1565 2771 1766 2827 ordine
1823 2787 2022 2826 narra-

324 2865 499 2918 tionis
530 2865 757 2917 inverso
803 2868 859 2916 et
887 2877 1150 2914 sermone
1174 2861 1500 2930 depravato.
1532 2859 1779 2914 Broweri
1809 2865 2024 2913 textum

327 2951 688 3007 Mabillonius
718 2950 777 3002 in
805 2949 956 3002 Actis
989 2949 1080 3002 SS.
1107 2948 1170 3001 Ο.
1199 2948 1254 3001 8.
1294 2949 1352 3001 Β.
1387 2948 1526 3002 Sac.
1571 2949 1658 3016 Vl,
1720 2965 1756 3008 ι,
1792 2965 1847 3018 p.
1903 2950 2026 3017 202,

327 3043 384 3092 et
433 3033 750 3092 Leibnitius
817 3036 878 3088 in
944 3034 1035 3088 SS.
1095 3034 1344 3087 Brunsw.
1426 3035 1469 3096 Ι,
1527 3035 1616 3102 fit,
1691 3034 1785 3087 hic
1837 3039 2028 3088 tamen

328 3124 559 3195 adjectis
615 3122 810 3193 paucis
885 3122 1092 3176 codicis
1151 3122 1574 3192 Guelferbytani
1631 3129 1685 3175 et
1753 3121 2028 3176 versionis

325 3213 639 3278 Saxonica,
729 3227 859 3281 qua
913 3210 981 3264 ad
1037 3214 1255 3262 textum
1310 3209 1732 3264 Browerianum
1783 3211 2024 3278 accedit,

326 3301 689 3367 lectionibus,
722 3298 1135 3369 repetiverunt.
1175 3297 1356 3352 Editio
1390 3305 1587 3352 nostra
1605 3298 1808 3352 nititur
1841 3316 1852 3352 :

401 3395 448 3445 1.
508 3391 566 3445 C.
621 3388 801 3458 regio,
860 3386 999 3440 olim
1057 3385 1396 3440 monasterii
1459 3387 1512 3441 S.
1570 3387 1854 3441 Michaelis
1904 3387 2025 3441 Hil-

327 3473 759 3539 desheimensis,
789 3491 821 3525 a
873 3470 1208 3525 Bernwardo
1260 3470 1519 3538 conditi;
1581 3471 1681 3541 qui
1715 3473 1922 3525 saculo
1971 3488 2024 3525 x1

326 3567 589 3616 exaratus
627 3562 686 3614 in
728 3561 824 3614 fol.
861 3576 1000 3613 auro
1044 3563 1278 3630 argento
1335 3559 1685 3630 dixersisque
1738 3560 2026 3614 coloribus

326 3651 512 3722 pictus
565 3654 620 3704 et
663 3649 949 3720 lapidibus
1007 3647 1268 3720 pretiosis
1325 3647 1463 3702 olim
1483 3653 1740 3711 ornatus,
1788 3665 2024 3720 magna-

327 3757 439 3812 que
472 3739 841 3795 veneratione
891 3739 950 3791 in
1009 3737 1268 3792 coenobio
1310 3737 1538 3792 habitus
1579 3743 1679 3791 est.
1721 3739 1852 3808 Ipsa
1910 3738 2027 3792 vita

326 3831 584 3901 quinque
638 3828 1116 3900 quaternionibus
1161 3827 1498 3881 absolvitur.
1581 3827 1780 3881 Sextus
1851 3843 2025 3880 manu

327 3919 518 3972 saculi
546 3934 621 3971 xu
659 3916 912 3993 ineuntis
940 3917 1237 3981 miracula,
1271 3915 1550 3985 septimus
1583 3916 1784 3969 eadem
1847 3931 2026 3970 manu

326 4007 735 4061 revelationem
765 4005 946 4058 sancti
977 4004 1261 4059 Michaelis
1295 4009 1351 4057 et
1383 4004 1659 4056 lectiones
1692 4004 2022 4070 nonnullas,

327 4100 560 4148 octavus
616 4109 794 4148 manu
871 4092 1064 4145 saculi
1116 4109 1191 4145 xu
1250 4092 1475 4144 chartas
1547 4091 1837 4146 Benedicti
1908 4109 2023 4159 vui,

328 4180 580 4237 I’leiurici
613 4183 657 4235 II
689 4185 745 4235 et
779 4179 1023 4232 Bodonis
1054 4179 1347 4250 prapositi
1387 4177 1449 4230 in
1479 4179 1731 4232 favorem
1778 4179 2022 4233 canobii

328 4271 385 4324 S.
420 4269 708 4323 Michaelis
757 4267 888 4320 data
954 4271 1009 4320 et
1058 4267 1338 4321 nonnulla
1385 4267 1718 4334 posterioris
1766 4268 1872 4321 avi
1927 4285 2021 4322 ex-

327 4353 505 4408 hibet.
571 4353 734 4407 Liber
780 4367 1005 4421 magna
1063 4350 1416 4407 auctoritatis
1475 4356 1530 4404 et
1575 4351 1810 4422 optima
1857 4352 2026 4406 simul

2131 487 2209 524 ra
2243 471 2534 541 specimen
2572 471 2634 524 in
2664 469 2859 524 tabula
2891 469 3107 541 adjecta
3135 468 3330 524 habes.
3363 469 3464 524 Cui
3504 470 3797 540 plurimum

2130 559 2416 614 consentit
2448 575 2460 613 :

2203 705 2252 757 3.
2289 703 2328 756 C
2388 701 2580 772 regius
2612 700 2750 756 bibl.
2779 699 3106 755 Dresdensis
3126 701 3270 754 mbr.
3304 699 3362 753 in
3392 700 3450 753 4ο
3473 699 3688 754 duabus
3713 716 3802 754 sa-

2130 791 2240 845 culi
2275 807 2328 844 xi
2376 790 2640 843 manibus
2682 795 2966 854 exaratus,
2998 789 3098 844 sed
3128 806 3159 842 a
3205 788 3532 855 Wolfherio,
3592 792 3798 842 auctore

2135 881 2273 934 Vita
2303 879 2648 946 Godehardi,
2678 879 2878 933 iisdem
2911 878 3064 932 haud
3095 894 3223 932 raro
3243 877 3542 932 sententiis
3571 893 3708 946 quas
3752 877 3803 930 in

2134 969 2256 1022 Vita
2306 968 2495 1038 prima
2547 967 2890 1022 offendimus
2935 967 3332 1036 interpolatus,
3393 970 3452 1018 et
3498 965 3707 1018 notitiis
3745 965 3803 1018 de

2132 1056 2468 1111 Godehardo
2495 1056 2763 1126 episcopo
2787 1059 3003 1120 auctus,
3024 1071 3152 1125 qua
3181 1070 3310 1107 cum
3345 1053 3469 1106 Vita
3489 1053 3611 1123 ejus
3639 1053 3804 1122 prima

2132 1162 2312 1216 usque
2335 1145 2404 1199 ad
2425 1148 2630 1214 cap.26
2653 1145 3040 1198 consentiunt.
3065 1144 3368 1213 Complura
3390 1146 3621 1195 econtra
3641 1141 3803 1210 capita

2132 1234 2192 1288 in
2217 1233 2402 1287 medio
2427 1233 2573 1286 libro
2595 1233 2959 1286 omittuntur.
2990 1232 3156 1286 Initio
3189 1247 3423 1284 mancus
3462 1235 3567 1284 est.
3594 1229 3802 1284 Librum

2132 1323 2194 1376 in
2221 1338 2390 1376 usum
2434 1326 2693 1375 nostrum
2727 1337 2856 1374 cum
2892 1321 3058 1375 editis
3087 1320 3329 1374 contulit
3356 1319 3424 1376 V.
3489 1319 3560 1371 cl.
3623 1317 3801 1372 Mauri-

2132 1409 2244 1462 tius
2266 1412 2475 1480 Ilaupt,
2505 1409 2563 1462 in
2594 1409 2888 1463 academia
2915 1407 3188 1478 Lipsiensi
3244 1407 3552 1477 professor,
3599 1405 3693 1476 qui
3731 1407 3802 1459 his

2131 1497 2320 1551 verbis
2349 1514 2415 1551 ea
2440 1498 2509 1552 de
2543 1514 2605 1550 re
2659 1498 2728 1552 ad
2785 1514 2887 1550 nos
2922 1496 3151 1551 retulit:
3199 1495 3434 1550 «Codex
3490 1511 3641 1548 anno
3692 1497 3803 1548 {832

2134 1599 2200 1638 ex
2230 1585 2513 1639 tabulario
2535 1584 2698 1655 regni
2725 1584 2982 1639 Saxouia
3012 1583 3311 1637 secretiore
3329 1582 3389 1636 in
3417 1582 3804 1636 Bibliothecam

2053 1668 2092 1722 Β
2132 1673 2352 1743 regiam
2383 1673 2759 1728 Dresdensem
2789 1673 3119 1738 translatus,
3151 1671 3288 1726 folia
3313 1671 3575 1726 continet
3625 1670 3802 1740 viginti

2129 1761 2239 1816 tria
2269 1762 2464 1816 forma
2497 1763 2810 1834 quadrata,
2847 1762 3082 1816 modica
3110 1760 3545 1832 magnitudinis.
3577 1760 3802 1830 Singula

2130 1849 2358 1920 pagina
2390 1865 2586 1904 versus
2624 1849 2922 1903 continent
2969 1849 3173 1919 viginti
3231 1849 3509 1920 quinque.
3570 1847 3799 1918 Scriptus

2130 1942 2218 1992 est
2245 1937 2391 1991 liber
2421 1955 2454 1992 a
2495 1937 2760 1992 manibus
2786 1938 3024 2004 duabus,
3055 1953 3296 2008 quarum
3338 1936 3531 2006 prima
3586 1934 3807 2007 pertinet

2133 2042 2313 2096 usque
2341 2026 2412 2080 ad
2445 2026 2618 2080 tinem
2645 2025 2768 2079 folii
2807 2025 3013 2080 decimi
3047 2025 3205 2094 noni,
3229 2024 3386 2079 recti.
3421 2024 3582 2079 Folio
3629 2023 3805 2078 eodem

2132 2129 2328 2168 averso
2361 2115 2535 2168 altera
2568 2129 2771 2167 manus
2824 2113 3024 2184 incipit
3064 2112 3153 2166 bis
3203 2111 3388 2166 verbis
3425 2127 3437 2165 :
3504 2114 3602 2166 His
3644 2113 3717 2164 ita
3763 2126 3808 2164 se

2131 2203 2475 2269 habentibus,
2509 2219 2639 2274 qua
2667 2203 2937 2272 leguntur
2967 2201 3119 2272 apud
3153 2200 3500 2256 Leibnitium
3533 2199 3711 2270 capite
3751 2199 3800 2252 41

2129 2290 2269 2360 (jam
2301 2293 2423 2359 4-1);
2469 2297 2716 2362 utraque
2759 2307 2964 2344 manus
3021 2289 3212 2347 saculi
3254 2289 3546 2343 undecimi
3593 2293 3694 2353 est,
3723 2302 3809 2340 nec

2130 2380 2312 2432 multo
2343 2378 2626 2432 recentior
2650 2379 2820 2432 tertia
2860 2394 2988 2448 qua
3027 2377 3121 2431 hic
3164 2377 3281 2430 illic
3337 2376 3641 2430 nominum
3671 2390 3806 2429 com-

2130 2467 2342 2537 pendia
2372 2483 2546 2537 supra
2573 2483 2770 2520 versus
2802 2466 3069 2536 explevit,
3101 2469 3158 2519 et
3205 2464 3266 2518 in
3315 2465 3577 2534 margine
3626 2463 3811 2534 sapius

2240 2555 2432 2625 (nota),
2482 2559 2537 2608 et
2589 2555 2681 2608 hic
2729 2555 2848 2608 illic
2907 2553 3221 2608 summaria
3257 2553 3374 2607 sive
3430 2552 3808 2607 adnotationes

2131 2643 2394 2713 ascripsit
2443 2658 2562 2695 non
2593 2643 2882 2712 neglectas
2937 2659 2967 2695 a
3001 2657 3092 2695 me
3137 2641 3194 2694 in
3235 2640 3441 2694 codicis
3501 2641 3808 2703 collatione,

2134 2730 2359 2786 Contuli
2389 2734 2583 2784 autem
2616 2729 2769 2784 hunc
2808 2731 3041 2799 librum,
3072 2735 3130 2784 et
3159 2729 3236 2783 ita
3266 2729 3504 2800 quidem
3537 2737 3597 2784 ut
3627 2733 3814 2800 prater

2131 2835 2176 2874 ω
2213 2835 2240 2873 e
2276 2835 2302 2873 e
2339 2819 2659 2872 litterarum
2688 2817 3082 2888 promiscuum
3121 2833 3288 2871 usum
3319 2833 3391 2871 ne
3422 2815 3811 2887 orthographi-

2138 2921 2230 2959 cas
2285 2903 2522 2976 quidem
2595 2905 2868 2960 minutias
2935 2905 3313 2976 praeterirem,
3384 2921 3518 2958 cum
3585 2904 3813 2958 editione

2144 2993 2431 3048 Leibuitii.
2461 2993 2688 3047 Mutilus
2715 2999 2800 3048 est
2819 2995 2993 3048 codex
3021 2993 3372 3059 Dresdensis,
3406 2993 3609 3065 incipit
3636 2992 3759 3046 tolio
3791 2995 3806 3045 1

2138 3098 2300 3136 verso
2331 3091 2458 3152 post
2481 3082 2718 3137 detritas
2747 3083 3060 3138 nonnullas
3091 3083 3330 3154 syllabas
3368 3082 3460 3137 his
3509 3081 3693 3136 verbis
3728 3082 3814 3135 loci

2134 3173 2185 3222 et
2239 3173 2692 3242 congregationis,
2743 3188 2871 3242 qua
2928 3173 3200 3243 leguntur
3256 3172 3408 3242 apud
3478 3169 3808 3226 Leibnitium

2135 3272 2259 3329 cap.
2298 3262 2382 3324 l3,
2414 3275 2583 3312 versu
2638 3261 2722 3326 14,
2764 3259 2944 3331 Scrip.
2998 3276 3108 3314 rer.
3148 3261 3377 3314 Brunsv.
3424 3265 3464 3314 t.
3520 3261 3562 3327 Ι,
3621 3277 3676 3330 p.
3725 3258 3811 3312 447

2135 3345 2273 3416 (jam
2303 3363 2350 3402 c.
2413 3347 2520 3416 1‘2).
2566 3347 2757 3402 Prima
2810 3348 2983 3419 hujus
3030 3348 3154 3402 folii
3211 3348 3424 3420 pagina
3476 3347 3813 3419 agglutinata

2133 3449 2351 3506 papyro
2407 3436 2652 3490 obducta
2706 3441 2806 3492 est.
2885 3439 3145 3492 Alterum
3174 3438 3382 3491 codicis
3433 3437 3812 3508 apographum

2134 3539 2236 3576 sua
2294 3541 2467 3578 manu
2518 3525 2841 3579 confectum
2894 3526 3222 3596 nuperrime
3276 3527 3337 3579 V.
3392 3525 3462 3580 cl.
3551 3522 3810 3589 Gersdorf,

2132 3611 2497 3666 bibliotheca
2528 3612 2918 3667 universitatis
2973 3614 3276 3686 Lipsiensis
3304 3615 3632 3686 praefectus,
3679 3628 3810 3666 sum-

2133 3717 2226 3755 ma
2257 3717 2386 3756 cum
2415 3701 2816 3756 benevolentia
2845 3703 3073 3759 obtulit.

2207 3826 2368 3880 Circa
2418 3824 2631 3878 exitum
2675 3826 2867 3879 saculi
2925 3841 3021 3879 xm
3083 3829 3182 3880 aut
3231 3825 3464 3880 initium
3518 3825 3711 3881 saculi
3739 3839 3814 3878 xxv

2134 3909 2483 3981 Thangmari
2544 3910 2690 3965 liber
2731 3911 2793 3966 in
2848 3928 3018 3966 usum
3075 3911 3266 3966 Sifridi
3319 3913 3366 3966 Il
3415 3911 3670 3983 episcopi
3713 3910 3813 3965 Hil-

2133 3999 2551 4053 desheimeusis
2573 3999 2784 4054 iterum
2821 4001 3197 4072 transcriptus
3227 4004 3312 4054 est
3364 4001 3478 4070 (19,
3534 4001 3636 4056 sed
3688 4000 3812 4069 stylo

2133 4088 2458 4154 immutata,
2487 4089 2787 4144 sententiis
2834 4091 3182 4161 vocibusque
3238 4089 3504 4160 plurimis
3606 4088 3812 4152 additis,

2134 4177 2362 4231 resectis
2412 4177 2501 4230 vel
2547 4178 2802 4246 mutatis,
2851 4178 3264 4232 miraculorum
3321 4193 3551 4248 quoque
3630 4177 3700 4232 ad
3757 4191 3815 4228 ea

2139 4281 2318 4335 usque
2347 4269 2612 4334 tempora
2649 4265 3081 4320 continuatione
3133 4266 3372 4336 adjecta.
3431 4266 3606 4336 Cujus
3651 4269 3816 4319 textus

2139 4353 2208 4407 ab
2241 4354 2573 4409 authentico
2601 4354 2764 4409 valde
2805 4355 3124 4409 recedentis
3154 4353 3438 4409 rationem
3488 4353 3716 4409 nonnisi
3764 4350 3816 4404 in

1969 4442 2194 4498 ΝΟΤᾹΞ.

328 4519 387 4573 in
420 4516 579 4572 obitu
613 4517 935 4572 Bernwardi
964 4517 1263 4573 scribendo
1322 4515 1498 4570 finem
1532 4517 1754 4572 dedisse
1787 4523 2034 4574 statuen-

328 4591 433 4644 dus
472 4589 612 4657 erit;
656 4589 733 4642 ibi
783 4589 841 4642 in
895 4590 1220 4643 narratione
1275 4588 1643 4642 dedicationis
1695 4592 2031 4644 monasterii

330 4663 384 4716 S.
423 4660 704 4713 Michaelis
733 4660 845 4712 alia
875 4675 1077 4712 manus
1107 4661 1348 4714 orditur.
1391 4661 1638 4713 Annales
1672 4661 1845 4714 etiam
1878 4662 2032 4714 anti-

329 4747 472 4802 quos
506 4731 999 4802 Halberstadenses
1033 4732 1253 4784 novisse
1282 4730 1544 4802 videtur,
1596 4747 1840 4802 quorum
1900 4747 2031 4801 pars

330 4800 994 4929 iitillildes‘thimensibus
1026 4807 1081 4855 et
1139 4800 1768 4871 Quedlinburgensibus
1819 4800 2027 4870 exstat;

330 4892 359 4929 c
389 4914 402 4929 .
431 4890 556 4929 can.
667 4915 676 4926 .

330 4877 402 4930 cf.
431 4890 556 4944 cap.
597 4877 676 4928 l2.

401 4941 517 5016 (15}
545 4944 669 4998 Vita
699 4941 1042 5016 Godehardi,
1074 4957 1199 5016 cap.
1228 4945 1313 5016 32.

331 5013 516 5139 r216)
576 5017 715 5070 Hist.
767 5013 1218 5069 canonizationis
1285 5014 1338 5066 S.
1403 5013 1461 5066 Β.
1524 5013 1720 5081 Leibn,
1784 5015 1826 5079 l,
1901 5015 2030 5069 469-

379 5109 392 5139 l
443 5127 455 5139 .

369 5091 455 5141 74.

404 5157 510 5223 (17)
540 5156 797 5226 Exempli
829 5153 1037 5226 gratia,
1060 5170 1184 5224 cap.
1218 5156 1304 5226 36.

404 5225 516 5295 (18)
549 5228 690 5280 Nam
718 5224 901 5296 capite
944 5226 1144 5280 ultimo
1199 5224 1540 5279 miraculum
1591 5225 1784 5291 habet,
1831 5225 1928 5279 ubi
1958 5226 2027 5281 de

331 5296 535 5349 ducatu
566 5298 970 5350 Mekelenborh
998 5313 1185 5350 sermo
1247 5296 1329 5363 fit,
1382 5312 1555 5366 quem
1601 5297 1834 5351 nonnisi
1879 5313 2029 5351 anno

337 5368 474 5420 1348
506 5366 828 5420 institutum
869 5368 1042 5421 fuisse
1073 5372 1313 5421 constat.

401 5437 633 5508 (19)7En
656 5439 1051 5508 praefationem
1080 5438 1255 5491 libelli
1291 5453 1303 5490 :
1352 5459 1372 5486 ι
1411 5437 1616 5508 Incipit
1670 5438 1910 5508 epistola
1967 5439 2029 5492 in

336 5506 842 5580 legendam’beati
881 5508 1210 5580 Bernwardi
1248 5507 1500 5580 episcopi
1529 5506 1605 5580 fet
1663 5506 2024 5580 confessoris.

335 5575 669 5635 Reverendo
695 5575 848 5650 patri
875 5592 940 5632 ac
980 5577 1213 5633 domino
1258 5575 1362 5634 suo
1413 5575 1640 5646 Sifrido,
1694 5579 1798 5635 Dei
1843 5579 2031 5651 gratia

2143 4521 2902 4592 Hildensemensiepiscopo,
2929 4522 3191 4575 omnium
3249 4537 3545 4576 servorum
3600 4516 3819 4592 Deihvi-

2141 4593 2414 4657 lissimus,
2447 4589 2926 4646 sanctissimi—viri
2974 4593 3297 4646 Bernwardi
3357 4592 3611 4661 vestigiis
3672 4589 3820 4644 adhe-

2141 4678 2289 4729 rere,
2324 4669 2386 4716 ut
2407 4665 2590 4716 valeat
2619 4680 2812 4717 secum
2841 4679 3042 4717 serena
3094 4663 3286 4716 anima
3339 4663 3637 4716 beatorum
3694 4676 3817 4729 gau-

2143 4734 2237 4813 dia.
2289 4734 2600 4814 possidere.
2650 4735 2792 4814 Fons
2841 4733 3120 4814 sapientie
3166 4735 3296 4814 _Dei‘
3332 4733 3538 4814 patris,
3601 4733 3820 4786 verbum

2139 4804 2198 4856 in
2232 4805 2400 4858 corde
2443 4806 2605 4873 cujus
2668 4811 2752 4860 est
2791 4804 3074 4875 genitum,
3131 4804 3200 4858 ab
3249 4808 3448 4858 eterno
3493 4805 3574 4857 sic
3613 4814 3821 4926 semper

2143 4875 2672 4926 ueneraturzcuius
2699 4881 2902 4926 natura
2931 4875 3180 4926 bonitas.
3224 4891 3367 4926 onus
3425 4874 3719 4926 misericor
3756 4871 3818 4926 ia.

2141 4871 2672 4945 generatur;cujus
2699 4871 2902 4929 natura
2931 4875 3180 4939 bonitas,
3224 4891 3367 4945 opus
3425 4871 3818 4945 misericordia,

2144 4945 2435 5016 redimens
2465 4944 2607 5015 quos
2665 4946 2897 5011 creavit,
2941 4945 3182 5016 proprio
3241 4944 3484 4999 humero
3538 4944 3821 5014 imponens

2140 5015 2363 5087 ovicula
2392 5017 2772 5072 serrabundas
2803 5017 2875 5071 ad
2905 5015 3054 5071 ovile
3103 5018 3443 5087 angelorum
3491 5032 3670 5086 usque
3710 5027 3823 5087 per-

2141 5086 2320 5140 duxit.
2398 5087 2504 5149 Qui
2561 5088 2810 5153 vineam,
2872 5103 3048 5157 quam
3136 5082 3214 5140 de
3265 5086 3468 5157 Egipto
3527 5082 3820 5157 transtulit,

2138 5172 2321 5227 usque
2389 5158 2458 5211 ad
2519 5159 2695 5213 seculi
2746 5154 3332 5212 consummacionem'
3365 5154 3483 5211 non
3540 5154 3818 5226 relinquit.

2138 5229 2258 5308 Que
2289 5228 2567 5308 vineaest
2586 5229 3077 5308 gensnSaxonica,
3114 5244 3287 5298 quam
3343 5229 3519 5308 longo
3578 5234 3821 5296 tempore

2138 5299 2199 5352 in
2245 5298 2500 5352 tenebris
2553 5298 2910 5354 infidelitatis
2941 5304 3261 5353 excecatam
3314 5303 3372 5354 et
3431 5298 3554 5352 sine
3610 5303 3821 5367 pastore

2139 5369 2605 5441 errautem,ipse
2633 5371 2731 5441 qui
2755 5374 2840 5424 est
2891 5369 3081 5425 bonus
3111 5375 3309 5440 pastor
3340 5369 3408 5441 ad
3467 5368 3598 5423 fidei
3643 5375 3814 5441 trans-

2138 5441 2290 5514 vex_it
2321 5438 2680 5514 claritatem:
2722 5442 2797 5514 AIn
2851 5457 2966 5514 quo
3011 5438 3130 5494 sue'
3167 5440 3413 5494 bonitati
3443 5438 3821 5514 naturalinon

2137 5509 2548 5582 suffecittquin
2605 5508 2891 5582 pretatam
2919 5512 3143 5582 vineam
3193 5527 3295 5582 pre
3351 5511 3550 5582 multis
3587 5508 3820 5582 regioni—

2135 5578 2268 5652 bus,
2299 5578 2510 5652 quibus
2538 5578 2624 5636 est
2659 5581 3028 5650 circumdata,
3059 5578 3225 5638 beate
3248 5581 3426 5653 prolis
3471 5580 3592 5636 fetu
3642 5578 3819 5634 fecun-
