3920 6190
343 296 439 347 391

1323 290 1740 346 THANGMARI
1782 290 2227 347 PRESBYTERI
2267 291 2856 348 HILDESHEIMENS.
2892 303 2896 310 ‘

3706 300 3790 352 39'2

343 416 415 470 iis
439 431 566 486 quae
623 413 815 468 addita
870 419 1002 468 sunt
1053 415 1372 469 habendam
1405 431 1545 482 esse,
1582 415 1778 486 liquet.
1814 417 2042 488 Legitur
2070 424 2115 474 A
2153 417 2373 487 Jaspari
2425 434 2531 472 van
2569 419 2803 486 Gennep
2832 387 3067 487 prodiit,
3100 432 3214 486 qua
3243 416 3545 471 Leibnitius
3575 418 3628 472 in
3646 419 3790 474 adno-

343 505 404 560 in
443 503 733 557 codicibus
766 502 967 569 tribus,
992 504 1241 558 scilicet:

414 596 464 647 3.
492 593 552 646 C.
596 591 732 644 olim
791 592 842 646 S.
899 591 1204 653 Michaelis,
1260 593 1380 662 jam
1440 592 1549 644 viri
1604 593 1673 646 c1.
1732 594 2041 648 llermanni

340 681 526 735 Adolti
562 681 814 745 Liintzel,
848 681 1010 750 cujus
1061 697 1234 750 supra
1269 697 1400 751 pag.
1443 682 1546 734 248
1579 682 1928 734 mentionem
1953 683 2040 736 fe-

339 769 546 834 cimus,
609 769 837 822 exhibet
895 768 1068 822 etiam
1125 769 1514 822 narrationem
1556 769 1624 822 de
1667 769 2040 822 translatione

341 858 397 912 S.
432 857 773 921 Bernwardi,
816 861 871 909 et
899 873 930 909 a
964 858 1218 910 Browero
1248 857 1306 910 in
1363 856 1654 911 Sideribus
1721 857 2039 910 Germaniae

344 946 494 1018 typis
521 951 606 1000 est
628 962 945 1016 expressus.
972 945 1057 999 Ad
1097 962 1268 1016 quem
1301 961 1477 1015 prope
1510 945 1752 998 accedit:

414 1036 464 1088 4.
523 1034 580 1088 C.
633 1034 849 1086 ducalis
888 1034 1382 1104 Guelferbytanus,
1417 1033 1555 1086 olim
1609 1033 2035 1102 Heiningeusis,

336 1124 453 1193 jam
495 1139 552 1175 n.
606 1125 706 1176 353
755 1121 1016 1192 insignis,
1073 1122 1420 1189 chartaceus,
1464 1138 1590 1175 saec.
1649 1138 1738 1186 xv,
1781 1121 1840 1174 in
1878 1121 2034 1186 folio,

343 1211 504 1280 cujus
543 1211 598 1264 in
627 1211 740 1264 line
799 1211 972 1264 etiam
1023 1210 1298 1264 miracula
1354 1210 1604 1263 historiae
1646 1210 2037 1264 translationis

343 1299 554 1362 addita,
587 1314 773 1369 neque
801 1305 994 1352 tamen
1025 1298 1217 1352 omnia
1249 1315 1377 1368 quae
1422 1298 1482 1350 in
1514 1302 1567 1366 3,
1596 1298 1915 1364 habentur;
1949 1305 2031 1352 et:

409 1392 460 1442 5.
521 1388 580 1442 C.
634 1386 852 1440 ducalis
915 1387 1390 1456 Guelferbytanus
1456 1386 1606 1439 inter
1652 1388 2035 1456 Augustenses

337 1492 394 1529 n.
435 1479 516 1539 19,
551 1479 640 1541 27,
676 1481 728 1541 7,
782 1475 1114 1528 chartaceus
1170 1475 1230 1526 in
1286 1476 1364 1539 4ο,
1398 1490 1526 1527 δέξο.
1549 1490 1638 1540 xv,
1683 1490 1854 1544 quem
1885 1490 2034 1527 anno

345 1564 477 1618 1470
526 1563 872 1616 monialibus
921 1563 981 1616 in
1021 1563 1424 1633 Frankenberg
1456 1563 1830 1632 Henninghus
1858 1564 2033 1632 Pape-

337 1653 556 1716 tranus,
589 1650 962 1705 Goslariensis
1015 1651 1314 1720 plebanus,
1349 1651 1498 1705 dono
1531 1651 1707 1705 dedit.
1741 1651 1856 1704 Hoc
1886 1651 2032 1704 libro

339 1738 428 1792 ΙΙΙ.
464 1738 776 1792 Leibnitius
821 1744 961 1793 tom.
1022 1741 1048 1792 Ι
1079 1740 1170 1794 SS.
1210 1740 1514 1795 Brunswic.
1544 1740 1605 1792 in
1645 1740 1879 1794 edendis
1913 1739 2037 1792 Vita

337 1827 660 1881 Bernwardi
689 1832 746 1881 et
776 1827 1020 1881 Historia
1057 1828 1444 1881 translationis
1477 1828 1600 1898 ejus
1633 1843 1770 1880 usus
1801 1833 1911 1894 est;
1935 1844 2037 1881 nos

336 1931 467 1969 cum
494 1931 656 1986 aeque
681 1932 743 1969 ac
767 1917 1009 1968 alterum
1036 1916 1541 1987 Guelferbytanum
1568 1916 1846 1970 beneficio
1878 1917 1936 1969 V.
1963 1917 2033 1972 cl.

337 2003 776 2069 Schcenemann,
809 2003 1171 2058 bibliotheca:
1203 2007 1325 2074 ejus
1373 2004 1643 2074 praefecti,
1687 2005 2026 2059 evolvimus.

409 2091 714 2145 Conversio
740 2096 923 2145 textus
972 2091 1164 2161 hujus,
1200 2092 1381 2163 magis
1413 2094 1582 2147 etiam
1613 2093 1959 2164 interpolata
1981 2097 2038 2148 et

338 2178 579 2234 dialecto
633 2179 908 2234 Saxonica
965 2179 1244 2246 instituta,
1303 2197 1454 2236 anno
1516 2183 1650 2236 1540
1682 2182 1742 2235 in
1772 2183 1831 2235 4ο
1887 2182 2035 2253 typis

2065 1701 2106 1753 B

2153 506 2464 559 tationibus
2494 521 2610 559 suae
2636 504 2906 559 editionis
2933 521 3068 558 usus
3098 509 3210 570 est;

2222 597 2273 648 6.
2310 594 2588 648 Bruxellis
2633 594 2695 646 in
2722 592 3069 647 bibliotheca
3129 592 3286 662 regia
3322 609 3378 647 n.
3405 596 3560 658 .8950
3589 611 3794 666 apogra-

2150 682 2328 752 phum
2386 682 2598 736 codicis
2648 682 2986 736 Bodecensis
3015 682 3436 735 membranacei
3459 689 3638 744 exstat,
3668 686 3798 754 quod

2152 772 2504 825 Bethmanno
2532 772 2816 824 referente
2861 770 3086 824 nonnisi
3123 775 3383 848 excerpta
3414 771 3561 839 libri,
3591 773 3800 839 omissis,

2149 860 2396 930 exempli
2435 859 2641 929 gratia,
2694 875 2859 929 capp.
2896 859 3269 912 Leibnitianis
3303 859 3484 924 11-42,
3514 860 3681 924 46-48,
3725 864 3800 930 50,

2148 951 2336 1014 52-58,
2367 950 2554 1012 60-65,
2584 951 2648 1001 a7
2674 948 2802 1016 rel.,
2833 946 3082 1001 exhibet.

2219 1037 2436 1101 Quibus
2489 1036 2755 1090 subsidiis
2817 1037 2895 1089 ita
2944 1051 3080 1089 usus
3121 1051 3249 1089 sum
3309 1039 3394 1103 ut,
3445 1034 3624 1088 codice
3666 1038 3798 1107 regio

2147 1124 2424 1193 exscripta
2454 1124 2590 1194 (20),
2625 1124 2894 1178 lectiones
2941 1123 3268 1178 Dresdensis
3289 1139 3487 1177 omnes
3508 1123 3796 1188 indicarem,

2145 1212 2498 1283 reliquorum
2532 1212 2762 1266 nonnisi
2779 1213 2838 1265 in
2857 1212 3053 1282 paucis
3074 1211 3232 1278 locis,
3258 1212 3354 1266 ubi
3382 1213 3450 1283 tid
3476 1214 3796 1267 commodum

2145 1300 2376 1370 aliquod
2409 1301 2608 1354 afferre
2653 1315 2819 1370 posse
2846 1300 3167 1366 videbatur,
3200 1300 3420 1354 ratione
3441 1301 3642 1354 habita.
3679 1303 3794 1356 Divi-

2144 1388 2363 1441 sionem
2426 1388 2634 1458 operis,
2686 1388 2936 1442 codicem
3003 1388 3227 1459 regium
3281 1394 3526 1454 secutus,
3583 1391 3795 1442 numeris

2142 1481 2363 1530 tantum
2425 1476 2650 1542 additis,
2698 1477 2768 1530 ab
2826 1477 3205 1531 anterioribus
3252 1477 3534 1531 diversam
3597 1477 3793 1531 institui.

2144 1565 2450 1619 Historiam
2484 1564 2875 1618 translationis
2929 1566 3257 1619 Bernwardi
3304 1581 3338 1618 a
3368 1565 3618 1619 Browero
3645 1581 3699 1618 ex
3725 1581 3795 1618 co-

2146 1653 2318 1707 dice3
2349 1653 2601 1722 primum
2654 1654 2932 1724 adjectam
2968 1654 3067 1707 alii
3121 1654 3246 1706 loco
3302 1667 3606 1716 reservare,
3657 1652 3791 1705 vitam

2145 1741 2538 1794 brevissimam
2571 1742 2678 1811 (‘21)
2707 1758 2738 1794 a
2780 1740 3060 1795 Leibnitio
3085 1740 3323 1807 editam,
3358 1745 3421 1793 ut
3459 1739 3628 1793 multo
3645 1744 3793 1808 poste-

2147 1828 2313 1882 rioris
2343 1829 2470 1893 aevi,
2497 1830 2761 1883 omittere
2794 1829 3028 1898 placuit.

2214 1916 2480 1970 Miracula
2536 1917 2861 1971 Bernwardi
2892 1916 2953 1970 in
3002 1916 3260 1971 cmnobio
3296 1916 3356 1971 S.
3402 1915 3673 1970 Michaelis
3713 1930 3794 1967 saa-

2145 2005 2271 2057 culo
2325 2004 2666 2058 duodecimo
2713 2005 2950 2059 ineunte
3024 2003 3349 2075 conscripta
3397 2005 3528 2070 (2‘2),
3582 2019 3674 2074 per
3721 2001 3794 2056 de-

2145 2107 2374 2145 cursum
2429 2093 2706 2162 temporis
2773 2097 2940 2147 aucta
3014 2098 3169 2160 sunt,
3225 2097 3403 2163 prout
3454 2091 3514 2146 in
3567 2091 3795 2145 codice3

2144 2179 2514 2250 conspicitur.

1980 2278 2200 2334 ΝΟΤίΕ.

341 2373 527 2440 daret;
573 2379 629 2427 et
682 2373 1020 2444 prophetam
1081 2375 1160 2428 eis
1185 2375 1254 2429 de
1304 2375 1420 2429 suis
1452 2376 1742 2439 fratribus,
1801 2377 2032 2429 beatum

337 2445 462 2498 dico
516 2445 941 2509 Bernwardum,
1019 2445 1325 2508 suscitavit,
1387 2448 1488 2516 qui
1539 2448 1694 2500 solus
1740 2447 1808 2500 de
1855 2447 2032 2500 Saxo-

339 2531 477 2568 num
533 2517 745 2585 populo
804 2520 1128 2588 sanctorum
1187 2517 1480 2588 cathalogo
1551 2523 1636 2571 est
1701 2518 2028 2588 asscriptus,

339 2592 489 2656 quod
521 2588 678 2639 nulla
709 2587 863 2656 regio
911 2585 1312 2656 circumposita
1371 2585 1557 2656 potest
1611 2588 1679 2641 de
1737 2604 1839 2641 suo
1879 2585 2030 2641 'san-

337 2656 511 2726 guine
575 2656 989 2711 demonstrare.
1068 2658 1166 2711 Hic
1225 2658 1310 2710 vir
1381 2659 1476 2712 Dei
1549 2659 1939 2724 Bernwardus,
2000 2676 2031 2711 a

337 2726 592 2797 puericia
647 2744 745 2780 cor
801 2743 1007 2796 gerens
1075 2728 1272 2794 senile,
1346 2729 1532 2782 omnis
1606 2729 1718 2781 vite
1784 2730 2030 2798 quesivit

335 2803 647 2851 auctorem.
682 2797 787 2861 Qui
822 2799 1084 2852 sedulum
1141 2799 1288 2851 circa
1337 2807 1532 2852 sancta
1583 2797 1864 2853 Samuelis
1895 2799 2029 2852 imi-

336 2873 487 2921 tatus
516 2869 880 2938 obsequium,
935 2875 990 2921 et
1019 2868 1096 2922 ita
1130 2869 1187 2922 in
1233 2870 1505 2923 castitatis
1550 2870 1818 2923 desiderii
1849 2871 2028 2922 sancti

339 2939 588 2992 Danielis
642 2939 966 3008 piissimum
1013 2939 1366 2993 continuavit
1437 2941 1746 3006 affectum;
1799 2941 2027 3010 justicie

336 3010 565 3062 semitas
597 3025 658 3080 ac
697 3015 1020 3080 sanctorum
1068 3011 1188 3062 vias
1217 3026 1472 3080 currens,
1513 3029 1545 3064 a
1580 3012 1809 3065 Domini
1840 3013 2026 3064 taber-

337 3081 562 3151 naculo,
613 3079 669 3133 id
728 3085 811 3132 est
855 3079 1155 3133 militantis
1216 3081 1448 3135 ecclesia
1501 3083 1852 3151 magisterio,
1911 3098 2027 3135 non

337 3149 651 3220 discedens,
697 3155 754 3203 et
799 3166 1028 3203 carnem
1077 3151 1303 3220 spiritui
1333 3158 1387 3205 et
1417 3149 1840 3206 sensualitatem
1890 3154 2026 3205 sub-

329 3219 536 3289 jiciens
568 3219 802 3292 racioni,
836 3220 1013 3273 factus
1040 3219 1187 3274 unus
1217 3238 1346 3275 cum
1379 3224 1491 3276 Deo
1524 3223 1778 3292 spiritus,
1815 3223 1872 3276 in
1895 3240 2027 3277 eum
2061 3223 2101 3278 C

337 3307 440 3359 per
495 3291 705 3344 mentis
760 3306 1052 3344 excessum
1112 3308 1347 3361 pergere
1414 3291 1649 3359 studuit,
1720 3299 1774 3346 et
1843 3294 2026 3347 sobrie

337 3361 750 3431 compassionis
779 3362 981 3415 studiis
1020 3378 1052 3414 a
1098 3362 1334 3416 caritate
1380 3363 1629 3432 proximi
1688 3380 1800 3416 non
1845 3381 2025 3417 reces-

337 3432 426 3484 sit.
481 3431 581 3486 Ilic
629 3438 822 3501 pastor
868 3431 1044 3486 divini
1075 3434 1266 3501 gregis
1295 3431 1408 3486 non
1438 3436 1620 3487 solum
1653 3434 1760 3487 sibi
1791 3451 2026 3503 gregem

337 3503 703 3556 commissum
761 3508 950 3556 sancte
998 3503 1357 3573 gubernavit,
1423 3521 1619 3573 ymmo
1670 3510 1844 3558 totam
1893 3522 2026 3557 san-

337 3578 483 3626 ctam
516 3574 894 3627 universalem
919 3576 1212 3627 ecclesiam
1259 3575 1478 3628 meritis
1510 3576 1710 3628 ditavit
1740 3583 1796 3629 et
1835 3592 2025 3628 exem-

336 3644 466 3714 plis,
495 3649 550 3697 et
575 3645 718 3697 raris
747 3651 803 3697 et
836 3645 994 3697 miris
1040 3645 1218 3715 signis
1261 3646 1535 3698 debilium
1598 3647 1770 3700 ﬁdem
1819 3649 2025 3699 contir-

335 3715 530 3768 mavit.
564 3716 700 3768 Nam
738 3722 928 3784 preter
965 3732 1135 3785 opera
1162 3716 1478 3769 sanctitatis
1525 3717 1670 3787 ejus,
1730 3718 1935 3787 quibus
1967 3718 2026 3770 in
2079 3783 2084 3787 ι

336 3802 504 3839 carne
547 3787 767 3855 positus
815 3787 1126 3854 redolebat,
1176 3792 1231 3840 et
1287 3793 1480 3854 preter
1518 3790 1694 3841 multa
1729 3789 2024 3855 miracula,

335 3873 449 3929 que
479 3857 600 3926 ipsa
629 3857 720 3909 die
777 3858 1170 3911 translaciouis
1220 3858 1651 3929 contingebant,
1688 3860 1898 3912 multos
1929 3875 2022 3911 cu-

334 3928 481 3998 ravit
513 3931 812 3998 languores
845 3945 1152 3996 corporum
1189 3935 1241 3981 et
1273 3928 1613 3983 animarum.
1668 3931 1790 3983 Non
1841 3931 2024 3983 solum

334 3997 394 4051 in
441 3999 599 4052 arida
626 3997 736 4051 'sed
768 4004 824 4051 et
854 3998 910 4050 in
970 4000 1113 4051 mari
1147 3999 1458 4068 deSperatis
1506 4001 1792 4063 omnibus,
1825 4001 2028 4053 ablatis

335 4067 738 4138 gubernaculis
776 4074 832 4120 et
881 4067 1292 4134 instrumentis,
1341 4086 1468 4121 cum
1531 4070 1775 4122 lacrimis
1833 4075 2025 4122 tamen

335 4139 405 4192 ad
432 4140 554 4208 ejus
592 4139 976 4209 patrocinium
1003 4139 1456 4204 convolantibus,
1488 4143 1613 4210 plus
1648 4156 1819 4209 quam
1853 4141 2028 4193 semel

333 4215 601 4279 potenter
655 4210 937 4263 liberavit.
975 4211 1036 4263 Et
1070 4211 1326 4279 quamvis
1375 4211 1496 4280 ejus
1545 4212 1726 4264 multa
1755 4211 2029 4263 miracula

335 4295 444 4351 per
470 4280 883 4351 negligenciam
930 4281 1041 4333 sint
1096 4281 1341 4348 sepulta,
1395 4289 1587 4333 tamen
1635 4283 1904 4351 quedam,
1948 4282 2029 4334 vi-

336 4350 540 4421 delicet
590 4349 1010 4420 quinquaginta
1061 4355 1305 4420 quatuor
1334 4351 1468 4403 satis
1501 4349 1758 4421 pulchra,
1805 4352 1862 4404 in
1907 4353 2028 4420 ejus

334 4420 576 4492 legenda
632 4421 932 4489 refulgent.
983 4421 1124 4484 Quia
1157 4437 1289 4474 vero
1324 4422 1483 4474 istius
1505 4420 1649 4476 iveri
1678 4422 1884 4492 Josepli
1917 4423 2029 4476 heu

332 4490 608 4562 beneficia
666 4492 986 4561 corporalia
1017 4497 1072 4544 et
1101 4492 1421 4560 spiritualia
1472 4493 1701 4562 Egiptus
1728 4490 2026 4546 tenebrosa

333 4561 729 4631 parvipendet,
789 4568 969 4615 mater
1015 4563 1278 4616 omnium
1333 4561 1606 4616 viciorum
1655 4564 2023 4632 ingratitudo,
2060 4564 2101 4617 D

333 4647 446 4702 que
477 4633 716 4685 exsiccat
774 4633 987 4686 fontem
1039 4634 1229 4686 divine
1269 4634 1517 4702 pietatis,
1570 4634 1628 4685 in
1690 4635 1794 4686 hoc
1834 4641 2026 4687 sancto

334 4708 490 4756 tanta
512 4703 898 4772 reperiuntur,
924 4705 1077 4773 quod
1132 4705 1220 4756 vix
1247 4705 1304 4756 in
1332 4709 1448 4756 tota
1490 4705 1795 4757 Germania
1821 4705 2028 4758 similia

332 4776 558 4828 valeant
603 4774 867 4827 inveniri.
917 4774 1080 4838 Quia,
1140 4780 1201 4828 ut
1244 4775 1313 4828 de
1358 4775 1672 4844 parrochiis
1726 4775 2028 4830 Hildense-

331 4845 546 4900 mensis
598 4845 847 4899 ecclesiae
896 4851 1135 4914 taceam,
1189 4861 1362 4915 quam
1423 4847 1600 4899 multa
1640 4846 1873 4898 ecclesie
1899 4863 2031 4899 con-

328 4916 621 4970 ventuales
655 4920 805 4976 sunt,
833 4933 944 4986 que
979 4932 1080 4968 nec
1115 4917 1344 4969 unicum
1379 4917 1611 4970 verbum
1647 4918 1705 4969 in
1727 4917 1842 4969 suis
1866 4917 2028 4970 libris

330 4988 600 5041 omnibus
625 4989 693 5040 de
725 4987 847 5055 ejus
895 4987 1252 5040 sanctissima
1309 4987 1423 5040 vita
1452 4993 1767 5057 potuerunt
1801 4987 2031 5040 demon-

329 5063 530 5122 strare,
580 5075 708 5112 cum
765 5059 911 5111 Deus
964 5063 1156 5110 tamen
1202 5058 1371 5126 vulgo
1422 5059 1606 5112 dicat:
1663 5081 1682 5106 ι
1734 5060 2029 5128 Interroga

329 5136 548 5196 patrem
590 5137 775 5191 tuum,
837 5128 1053 5181 scilicet
1083 5127 1461 5196 spiritualem,
1494 5134 1550 5182 et
1579 5129 1853 5182 indicabit
1879 5127 2024 5182 tibi»

330 5202 434 5250 etc.
474 5201 586 5252 Heu
615 5200 736 5269 jam
767 5200 1013 5253 villanus
1045 5199 1111 5252 de
1136 5198 1252 5252 suis
1299 5199 1630 5267 parentibus
1662 5201 1842 5252 multa
1867 5201 2028 5268 signa

331 5271 731 5339 etrmagnalia
788 5271 856 5323 de
911 5270 1078 5324 beato
1136 5271 1470 5323 Bernwardo
1529 5286 1628 5339 per
1680 5271 2028 5323 relacionrm

329 5337 688 5410 didicit,’que
739 5340 795 5392 iu
843 5341 966 5409 ejus
1015 5341 1188 5410 gestis
1230 5357 1293 5393 ex
1327 5337 1695 5409 negligenciis
1745 5358 2024 5410 quorum-

329 5408 458 5481 dam
494 5406 610 5462 non
637 5406 952 5463 habentur!
986 5406 1042 5466 0'
1081 5406 1130 5464 si
1182 5427 1320 5481 gens
1352 5406 1561 5464 Yt'ali'ca
1608 5412 1726 5481 [dat
1754 5406 1903 5465 uolck
1934 5413 2028 5465 der

339 5480 528 5533 Walau
585 5482 880 5534 translatio
938 5480 1307 5547 Theutonica,‘
1370 5482 1437 5535 de
1509 5480 1621 5533 sua,
1654 5499 1822 5535 carne
1874 5483 2028 5535 hunc

327 5558 589 5605 sanetum
640 5552 1008 5621 progenitum
1068 5553 1324 5618 haberet,
1377 5553 1465 5606 vel
1515 5554 1690 5606 altera
1719 5568 1858 5621 gens
1904 5556 2028 5606 Ar.-

325 5622 573 5693 glicana,
620 5637 816 5678 nonne
870 5627 1052 5677 totam
1081 5624 1464 5679 universalcm
1498 5628 1738 5678 matrem
1773 5628 2026 5678 nostram

2144 2375 2436 2427 ecclesiam
2474 2390 2666 2427 secum
2724 2375 2793 2428 ad
2841 2373 3031 2444 ipsum
3097 2371 3544 2428 collaudandum
3590 2370 3796 2444 studiose

2143 2447 2527 2514 provocarat?
2578 2445 2620 2499 Ο
2667 2444 2714 2497 si
2745 2441 2889 2498 dura
2917 2446 3088 2498 corda
3142 2444 3423 2499 Saxonica
3453 2442 3637 2496 omnia
3661 2441 3797 2494 verba

2142 2513 2320 2589 sancti
2369 2515 2655 2589 evangelii
2707 2516 2792 2589 sic,
2835 2521 3139 2589 servarent
3173 2517 3320 2589 sicut
3363 2514 3542 2589 istud:
3598 2535 3615 2561 ι
3655 2513 3797 2589 Nemo

2142 2587 2423 2656 propheta
2481 2582 2566 2640 est
2613 2586 2734 2639 sine
2784 2587 3003 2640 honore
3035 2586 3144 2639 nisi
3194 2587 3250 2639 in
3302 2586 3490 2656 patria
3539 2589 3662 2656 sua!
3692 2606 3714 2629 υ
3743 2582 3798 2656 _Si

2141 2653 2276 2726 ergo
2335 2662 2524 2710 mente
2600 2658 2891 2710 revolvere
2951 2658 3203 2710 diversas
3266 2653 3553 2725 regiones,
3600 2653 3676 2706 vix
3740 2654 3798 2704 ita

2105 2725 2385 2780 ‘crudelis
2435 2728 2724 2780 invenitur
2780 2728 2974 2794 homo,
3030 2728 3170 2798 quin
3231 2729 3434 2798 magis
3455 2726 3800 2798 diligatsuam

2139 2804 2365 2867 gentem
2402 2814 2575 2868 quam
2627 2798 2902 2863 alienam;
2938 2797 3086 2852 unde
3136 2814 3250 2851 non
3306 2797 3802 2868 modicumquemf

2138 2861 2280 2922 libet
2327 2861 2456 2922 vere
2514 2869 2793 2923 Saxonem
2852 2861 3022 2922 debet
3077 2868 3445 2934 conturbare,
3485 2865 3630 2937 quod
3656 2861 3798 2917 multi
3884 2861 3885 2920 Ῠ

2138 2939 2319 2992 sancti
2344 2939 2403 2992 in
2451 2945 2611 2993 tanta
2655 2940 2985 2993 reverencia
3037 2939 3345 3005 habentur,
3395 2944 3451 2993 et
3494 2939 3580 2990 hic
3602 2937 3707 3006 jam
3745 2939 3798 2986 sit

2139 3009 2394 3063 sublatus
2445 3016 2500 3063 et
2549 3027 2665 3063 non
2726 3015 2812 3064 est
2863 3009 2963 3080 qui
3019 3010 3073 3064 id
3119 3011 3287 3064 corde
3345 3005 3651 3080 percipiat._
3682 3005 3797 3080 Quia

2135 3080 2315 3154 igitur
2343 3087 2570 3154 sanctus
2611 3081 2708 3154 Dei
2742 3076 3111 3154 Bernvvardus
3153 3076 3384 3154 semper
3423 3076 3681 3150 prdximis
3707 3076 3797 3154 suis

2135 3150 2412 3204 beneficia
2457 3152 2638 3204 multa
2678 3151 3050 3220 impendebat
3092 3152 3152 3204 in
3211 3152 3403 3216 terris,
3463 3155 3518 3203 et
3578 3164 3711 3202 nunc
3751 3150 3793 3198 iu

2138 3223 2273 3275 celis
2317 3238 2420 3291 pro
2467 3222 2583 3274 suis
2615 3223 2980 3276 dilectoribus
3037 3221 3360 3276 districtum
3408 3221 3646 3290 iudicem
3681 3233 3794 3291 sem-

2136 3308 2238 3363 per
2286 3290 2631 3363 interpellat,
2681 3297 2865 3346 vestra
2922 3292 3098 3360 igitur
3135 3291 3474 3363 reverenda,
3503 3290 3791 3363 paternitas,

2136 3360 2246 3432 que
2267 3378 2396 3416 cum
2441 3360 2689 3416 naturali
2720 3363 2906 3434 vigeat.
2934 3364 3165 3433 ingenio
3185 3368 3236 3416 et
3272 3360 3793 3434 moralibusupolleat

2135 3431 2440 3486 virtutibus
2522 3440 2577 3487 et
2661 3431 2953 3503 exemplis,
3009 3431 3096 3487 'et
3173 3435 3474 3487 ecclesiam
3541 3431 3790 3503 ilildense-

2139 3520 2370 3557 mensen
2421 3503 2660 3576 cinxerit
2711 3500 3138 3576 municionibus
3197 3503 3512 3576 [bevcstiget
3564 3507 3663 3576 my!
3699 3500 3794 3576 tte:-

2137 3591 2237 3647 gen
2278 3591 2351 3628 un
2396 3575 2575 3628 staden
2604 3576 2799 3627 transl.
2846 3576 2886 3628 Τ
2895 3575 3072 3646 heut.]
3117 3569 3333 3647 imiiltis
3387 3569 3790 3647 et_cast_ris__

2138 3646 2446 3698 Chronicou
2531 3648 2899 3714 episcoporum
2997 3641 3249 3716 Ilildesh.
3333 3645 3486 3716 apud
3560 3641 3788 3716 iLeibnit.

2135 3717 2232 3771 SS.
2313 3712 2570 3788 Brunst
2624 3718 2667 3784 Ι,
2706 3712 2840 3769 ⁷757
2895 3720 2949 3770 et
3003 3715 3155 3788 774],
3209 3731 3321 3786 que
3371 3712 3490 3769 'nisi
3559 3712 3792 3767 Dominus

2137 3786 2486 3858 custodierit,
2547 3788 2753 3839 frustra
2784 3788 2977 3856 vigilat
3037 3786 3138 3857 qui
3175 3787 3424 3840 custodit
3480 3800 3628 3858 eam:
3674 3797 3792 3858 nunc

2137 3857 2416 3929 intendat,
2472 3861 2534 3909 ut
2563 3858 2986 3910 sanctissimum
3010 3856 3192 3911 virum
3242 3856 3637 3911 Bernwardum
3665 3856 3792 3929 novis

2136 3928 2403 3981 laudibus
2464 3943 2856 3996 provocemus,
2928 3935 2989 3980 ut
3064 3945 3166 3981 nos
3231 3945 3362 3981 cum
3431 3945 3530 3980 sua
3600 3923 3793 3977 ecclesia

2137 3997 2418 4051 custodiat
2475 3997 2532 4050 in
2572 3998 2685 4050 vita
2738 3999 2952 4066 pariter
2978 4003 3034 4051 et
3062 3999 3121 4051 in
3163 4006 3366 4051 morte.
3426 3998 3793 4066 Interpretatur

2138 4068 2292 4120 enim
2351 4085 2562 4121 nomen
2612 4085 2778 4122 suum
2825 4069 3196 4123 Bernwardus
3253 4069 3420 4139 quasi
3476 4069 3598 4121 bene
3649 4069 3790 4139 custo-

2137 4139 2308 4192 diens.
2379 4139 2446 4192 Ut
2521 4155 2656 4208 ergo
2716 4156 2907 4193 secum
2974 4135 3288 4192 valeamus'
3317 4156 3544 4208 semper
3609 4135 3790 4188 vultum

2141 4210 2236 4262 Dei
2275 4210 2671 4278 contemplari,
2721 4211 2783 4263 in
2812 4211 2935 4280 ejus
2965 4211 3190 4264 laudem
3223 4210 3449 4280 tepidos
3488 4209 3790 4266 animamus,

2140 4285 2219 4351 ut,
2254 4296 2354 4332 nos
2389 4296 2537 4351 nunc
2589 4280 2649 4333 in
2705 4281 2815 4333 vita
2846 4279 2906 4333 7a
2936 4281 3096 4342 lapsu
3131 4279 3420 4351 preservet
3469 4285 3525 4334 et
3565 4279 3620 4332 in
3641 4281 3790 4330 morte

2138 4349 2256 4422 suis
2297 4350 2720 4422 oiracionibusa
2774 4352 3038 4421 malignis
3084 4349 3338 4405 hostibus
3372 4351 3569 4405 liberet
3629 4353 3680 4422 e_t
3709 4360 3790 4422 sua

2130 4421 2380 4490 jocunda
2412 4421 2726 4489 praesencia
2776 4439 2876 4474 nos
2916 4418 3161 4476 letiﬁcet
3212 4423 3270 4476 in
3317 4428 3596 4475 eternum.
3639 4418 3789 4472 Susci-

2140 4492 2257 4562 piat
2307 4491 2480 4561 igitur
2539 4497 2720 4545 vestra
2787 4493 3096 4561 paternitas
3134 4494 3432 4562 legendam
3488 4494 3643 4555 hanc,
3697 4501 3786 4556 que

2143 4562 2502 4638 vitam‘suam
2541 4565 2948 4638 compendiose
2996 4564 3158 4616 valde
3180 4561 3592 4638 complectitur,
3626 4573 3722 4638 que
3745 4561 3788 4607 et

2139 4633 2195 4685 in
2227 4650 2286 4686 se
2315 4632 2438 4702 ipsa
2468 4638 2552 4686 est
2595 4634 2756 4687 valde
2803 4635 2994 4704 longa,
3054 4639 3110 4687 et
3156 4650 3280 4687 eam
3315 4632 3469 4687 deum
3514 4632 3786 4686 devocione

2138 4703 2457 4775 revolvatis,
2492 4709 2553 4756 ut
2582 4704 2786 4759 exinde
2838 4705 2906 4758 ad
2957 4705 3232 4775 majorem
3282 4704 3645 4759 devocionem
3680 4711 3790 4769 per-

2138 4775 2330 4827 venire
2357 4774 2609 4827 valeatis.
2634 4795 2660 4824 »

2207 4846 2314 4912 (20)
2384 4844 2812 4915 Diphthongem
2882 4850 3073 4900 tamen
3139 4846 3198 4899 in
3268 4861 3404 4914 pre,
3465 4857 3615 4916 saepe,
3679 4851 3790 4916 ςιυττν

2137 4917 2309 4980 latus,
2357 4911 2598 4979 maerens,
2647 4911 2851 4970 aestimo
2904 4919 3006 4971 rel.
3076 4911 3493 4986 nonnunquam
3538 4911 3792 4980 simplicle

2138 4988 2431 5054 scriptam,
2453 4985 2694 5040 restitui.

2209 5047 2322 5126 (Ἦ)
2362 5047 2486 5131 Haec
2543 5063 2752 5131 praeter
2802 5057 3038 5131 notitias
3069 5057 3340 5131 spurias,‘
3369 5047 3792 5131 Heinricum'llla

2139 5117 2477 5181 Bernvvardo
2521 5117 2801 5180 nutritum
2851 5134 2904 5180 et
2931 5117 3173 5195 jubente
3228 5117 3386 5180 eo'in
3444 5117 3791 5195 ecclesiaAIlil-

2137 5197 2515 5252 desheimensi
2567 5198 2772 5251 litteris
2819 5190 2992 5251 sacris
3051 5199 3336 5251 imbutum
3386 5212 3530 5254 esse.
3561 5200 3613 5246 et
3662 5190 3791 5244 Otto-

2136 5285 2268 5322 nem
2298 5269 2342 5322 ll
2377 5268 2718 5321 morientem
2753 5269 3092 5322 Bernwardo
3146 5269 3349 5334 lilium,
3386 5280 3611 5320 uxorem
3636 5269 3690 5334 et
3713 5273 3792 5309 re-

2138 5355 2315 5409 gnum
2346 5339 2599 5392 curanda
2632 5340 2948 5409 reliquisse,
2982 5340 3122 5393 nihil
3176 5339 3328 5410 quod
3358 5353 3470 5392 non
3508 5337 3565 5389 in
3591 5333 3791 5396 Thang-

2137 5410 2282 5463 mari
2320 5410 2444 5462 Vita
2472 5415 2649 5463 exstet
2669 5411 2941 5463 continet.

2209 5479 2322 5550 (22)
2356 5481 2403 5534 Α
2460 5480 2695 5548 quodam
2740 5483 2919 5547 fratre
2959 5485 3160 5550 nostro,
3193 5497 3243 5535 c.
3276 5483 3372 5545 tO;
3422 5494 3474 5532 c.
3517 5478 3598 5540 l2,
3644 5467 3787 5524 abbas

2137 5551 2434 5606 Conradus
2465 5557 2834 5606 memoratur.
