3920 6190
108 269 176 321 393
1400 255 1556 311 VII‘A
1596 259 1649 310 ὃ.
1695 256 2138 312 BERNWARDI.

3418 260 3518 313 394

106 383 472 453 PROLOGUS
522 362 1033 443 THANGMARI
1087 380 1103 416 ¹
1146 378 1682 441 PRESBYTERI
1736 378 1819 439 IN
1874 381 2146 443 VITAM
2204 380 2503 442 SANCTI
2558 380 3091 444 BERNWARDI
3142 384 3519 447 EPISCOPI

1394 484 1499 544 ET
1542 484 2142 546 CONFESSORIS.

153 623 327 678 Divinas
382 617 743 689 providentia
810 615 1128 686 sapientem
1176 614 1710 686 ammirabilemque
1741 619 1786 670 A
1826 614 1952 671 illos
1982 616 2083 671 tali
2114 618 2376 687 exemplo
2407 618 2475 671 ad
2503 621 2832 689 provectum
2878 618 3149 673 virtutum
3196 619 3515 675 incitarem.

106 709 458 781 dispositionem
491 705 634 759 ratio
668 705 918 758 humana
960 720 1061 756 nec
1082 703 1297 773 liquide
1337 703 1570 767 intueri,
1613 719 1717 756 nec

107 802 228 869 digne
254 795 484 866 suppetit
510 792 824 847 ammirari.
860 791 1013 846 Miris
1046 790 1201 845 enim
1239 792 1445 845 divinze
1468 792 1715 845 clemen-

104 891 163 943 tia
186 883 458 947 beneﬁciis,
511 880 833 935 cottidianis
886 880 1239 934 successibus
1289 885 1710 945 sustentamur;

104 983 139 1030 ut
166 973 319 1044 gravis
344 972 504 1041 culpa
534 970 793 1024 videatur
818 969 916 1023 Dei
943 969 1141 1023 laudes
1170 974 1378 1035 tacere,
1411 985 1539 1022 cum
1595 984 1714 1021 ma-

101 1061 390 1117 nifestissime
410 1060 681 1129 scriptum
710 1058 818 1111 sit:
863 1060 1277 1114 Sacr-amentum
1305 1060 1448 1125 regis
1487 1057 1717 1111 abscon-

98 1153 185 1205 dere
207 1151 371 1203 bonum
398 1154 489 1213 est,
521 1163 683 1215 opera
700 1152 878 1200 autem
898 1147 999 1200 Dei
1028 1146 1266 1199 revelare
1287 1151 1337 1199 et
1361 1149 1601 1213 conﬁteri
1629 1147 1717 1199 ho-

96 1239 317 1301 noriﬁcum
344 1242 415 1289 est
443 1236 592 1301 (Tob.
621 1252 716 1299 xu,
742 1239 814 1298 7).
841 1234 937 1288 His
955 1234 1147 1304 itaque
1172 1233 1443 1303 angelicis
1473 1234 1717 1287 oraculis

95 1341 352 1397 persuasus,
380 1324 551 1377 immo
572 1323 922 1393 compulsus,
947 1338 1051 1391 ego
1080 1328 1342 1392 peccator
1362 1330 1418 1375 et
1446 1322 1716 1391 indignus

92 1412 313 1485 presbiter
336 1413 743 1481 Thangmarus,
782 1410 1142 1464 humillimus
1196 1426 1423 1480 quoque
1509 1415 1716 1463 sanctae

93 1506 252 1554 nostra:
276 1500 509 1554 ecclesiae
540 1498 1006 1552 bibliothecarius
1063 1504 1120 1551 et
1164 1499 1443 1565 notarius,
1488 1497 1715 1567 magni-

92 1589 168 1642 ﬁca
191 1595 324 1658 gesta
350 1587 733 1641 memorabilis
753 1586 878 1650 viri,
914 1586 1114 1640 domui
1145 1585 1359 1639 scilicet
1392 1585 1714 1638 Bernwardi

93 1678 230 1730 nostri
254 1676 485 1747 episcopi
515 1676 782 1745 colligere
815 1691 1114 1745 aggressus
1144 1691 1292 1740 sum,
1332 1690 1445 1727 non
1494 1674 1714 1727 vanita-

91 1767 142 1817 tis
164 1766 284 1818 fastu
318 1770 672 1835 provocatus,
718 1765 830 1817 Deo
863 1768 1027 1829 teste,
1051 1764 1146 1817 sed
1178 1763 1225 1815 si
1258 1763 1395 1833 quid
1438 1762 1716 1816 imitabile

94 1854 165 1906 Dei
197 1852 470 1907 clementia
536 1853 596 1905 in
654 1852 766 1905 illis
796 1852 1066 1920 eluceret,
1097 1851 1301 1905 divinas
1331 1851 1557 1921 pietatis
1586 1866 1715 1921 gra-

1828 708 1890 761 Et
1921 705 2056 776 quia
2085 707 2194 760 hoc
2220 706 2345 776 ipso
2371 705 2670 776 ignorante
2711 707 2903 761 subire
2944 708 3314 762 temerarium
3361 710 3517 775 scivi,

1826 794 1923 847 diu
1956 797 2251 848 cunctatus
2278 794 2382 847 hac
2412 795 2640 865 publice
2680 810 2809 849 cum
2843 795 2941 849 illo
2973 796 3349 863 confabulari,
3391 803 3518 851 tan-

1823 883 1956 936 dem
2016 883 2406 953 oportunitate
2457 892 2621 937 nacta
2690 884 2909 937 aditum
2973 885 3268 955 temptavi.
3328 887 3518 940 Primo

1822 970 2016 1042 itaque
2038 971 2171 1024 forti
2191 970 2529 1025 auctoritate
2563 972 2972 1027 adversabatur
3026 974 3231 1039 michi;
3286 991 3421 1028 nam
3462 976 3515 1029 in

1823 1059 2043 1112 cunctis
2067 1058 2401 1128 jactautiam
2434 1064 2489 1112 et
2519 1061 2858 1129 popularem
2891 1062 3141 1115 favorem
3174 1078 3279 1116 ceu
3318 1064 3517 1117 morti-

1823 1146 2006 1201 ferum
2041 1164 2323 1229 venenum
2356 1148 2593 1203 vitabat.
2623 1150 2875 1203 Tandem
2904 1166 3032 1203 cum
3064 1151 3273 1221 saepius
3299 1152 3516 1221 ingere-

1823 1252 1968 1301 rem,
1997 1252 2168 1304 grave
2218 1242 2513 1306 peccatum
2570 1252 2711 1301 esse,
2773 1238 2923 1291 bona
2977 1254 3149 1308 opera
3196 1240 3402 1307 celare,
3450 1257 3517 1295 ne

1825 1322 1918 1375 alii
1942 1325 2204 1392 exemplo
2261 1323 2361 1376 tali
2417 1324 2741 1393 proficiant,
2807 1341 2937 1378 cum
2994 1328 3267 1379 Dominus
3319 1328 3515 1382 dicat:
3598 1322 3603 1327 ’

1824 1412 2021 1465 Luceat
2060 1412 2156 1464 lue
2191 1417 2370 1465 vestra
2410 1427 2589 1465 coram
2617 1414 2921 1467 hominibus
2975 1416 3194 1478 (Matth.
3248 1432 3298 1478 ν,
3342 1419 3423 1482 16)
3466 1421 3521 1469 et

1824 1504 2048 1564 caetera,
2079 1499 2243 1552 cessit
2274 1515 2402 1553 meo
2442 1500 2721 1553 arbitratu
2778 1517 2908 1570 quae
2959 1501 3391 1571 compingerem
3420 1482 3518 1557 re-

1824 1588 2113 1657 linquens,
2148 1588 2283 1657 quia
2313 1604 2345 1640 a
2378 1604 2559 1657 puero
2584 1603 2807 1642 mecum
2860 1606 3045 1660 usque
3086 1591 3154 1644 ad
3208 1591 3517 1659 iuvenilem

1826 1680 2051 1730 aetatem
2084 1675 2435 1742 obversatus,
2470 1677 2632 1747 quasi
2654 1677 2806 1730 filius
2834 1676 2983 1747 patri
3026 1678 3367 1732 familiarius
3424 1680 3521 1733 ad-

1825 1763 1989 1818 haesit
2018 1767 2074 1817 et
2104 1764 2372 1831 convixit,
2436 1781 2539 1818 nec
2569 1765 2784 1835 aliquid
2838 1766 2897 1819 in
2938 1766 3099 1819 omni
3151 1768 3342 1821 studio
3398 1769 3523 1837 ejus

1824 1853 1953 1904 vitae
1981 1867 2167 1905 meam
2188 1852 2594 1906 conscientiam
2622 1853 2884 1908 fraudare
2906 1854 3112 1924 potuit,
3146 1855 3285 1925 quin
3311 1856 3519 1924 plenis-

92 1941 286 2007 tiam,de
326 1942 479 2012 cujus
510 1957 643 1995 rore
674 1940 856 2007 fluxit,
920 1940 1166 2009 posteris
1209 1938 1604 2009 praedicarem,
1656 1945 1713 1993 et
1746 1940 1781 1991 Β
1823 1939 1965 1993 sime
1998 1939 2222 1993 scirem.

433 2237 787 2310 INCIPIT
844 2236 1067 2307 VITA
1125 2234 1710 2306 BERNWARDI
1769 2234 2204 2307 EPISCOPI
2266 2234 2385 2306 ET
2441 2234 3117 2309 CONFESSOBIS.

142 2392 349 2447 l.0rtns
373 2392 554 2463 igitur
592 2391 837 2463 egregiae
887 2390 1097 2445 indolis
1154 2405 1299 2460 puer
1355 2389 1726 2443 Bernwardus

90 2481 202 2533 claro
226 2486 416 2535 nostra
446 2480 634 2552 gentis
666 2480 942 2550 sanguine
973 2482 1101 2547 (23),
1159 2495 1223 2531 ex
1279 2478 1394 2532 filia
1450 2478 1727 2532 Athelbe-

90 2569 207 2622 ronis
231 2570 450 2639 palatini
480 2569 708 2637 comits,
734 2569 981 2622 traditur
999 2567 1211 2621 domno
1247 2566 1494 2636 Osdago,
1531 2573 1726 2620 nostro

92 2658 301 2728 episcopo
331 2658 461 2729 (24),
502 2674 536 2711 a
562 2674 663 2711 suo
696 2657 975 2711 avunculo
1023 2656 1294 2726 religioso
1329 2655 1567 2709 diacono
1618 2654 1727 2724 (25)

96 2746 353 2813 Folcmaro,
390 2752 520 2817 post
549 2762 777 2817 quoque
805 2746 916 2815 (26)
943 2743 1288 2814 Trajectensi
1342 2743 1640 2814 episcopo;
1677 2747 1732 2796 et

98 2834 343 2888 amborum
383 2834 687 2905 diligentia
721 2849 863 2887 meas
891 2832 1178 2902 parvitati,
1213 2831 1312 2901 qui
1367 2830 1731 2900 primicerius

94 2924 215 2974 scolae
241 2939 543 2993 puerorum
574 2937 876 2992 praeeram,
930 2920 1111 2974 literis
1144 2918 1516 2985 imbuendus,
1548 2918 1731 2972 mori-

94 3009 171 3062 bus
195 3013 348 3065 etiam
378 3010 765 3066 instituendus
796 3010 1120 3080 deputatur.
1154 3009 1335 3072 Quem
1366 3007 1525 3061 omni
1555 3008 1729 3061 devo-

96 3096 209 3151 lione
236 3106 547 3170 susceptum
578 3099 899 3153 intellectus
928 3098 1083 3151 illius
1109 3096 1478 3168 capacitatem
1544 3097 1730 3165 primo

92 3186 249 3242 divina:
276 3190 496 3259 pagina:
537 3188 777 3242 :leviore
800 3187 943 3241 lacte
972 3186 1367 3257 temptandam
1420 3182 1722 3239 eestimavi.

93 3274 183 3327 llox
209 3278 401 3346 itaque,
428 3282 496 3331 ut
525 3275 595 3330 de
626 3281 821 3330 sancto
853 3275 1085 3330 Daniele
1114 3274 1326 3344 legitur
1357 3274 1516 3344 (Dari.
1551 3289 1588 3339 ι,
1620 3272 1728 3340 20),

91 3362 242 3416 inveni
265 3363 319 3417 in
346 3364 442 3417 illo
473 3362 783 3434 decuplum
848 3362 910 3415 in
940 3360 1100 3415 omni
1134 3358 1522 3429 intelligentia
1559 3372 1733 3427 super

92 3464 263 3505 comes
290 3453 426 3521 ejus.
471 3452 680 3507 Mirum
706 3465 955 3521 namque
986 3449 1044 3503 in
1076 3448 1315 3503 modum
1347 3453 1540 3501 tenera
1593 3451 1730 3501 aetas

90 3540 538 3595 calestiirradiata
564 3540 805 3605 lumine,
844 3537 1040 3593 subtili
1058 3536 1429 3592 meditatione
1460 3535 1734 3589 interiora

1837 2405 2025 2456 agere.
2071 2389 2252 2453 Quem
2292 2388 2463 2443 etiam
2502 2405 2726 2443 mecum
2776 2390 3069 2445 interdum
3130 2391 3187 2445 in
3230 2393 3526 2448 servitium

1837 2476 2035 2532 domui
2076 2477 2328 2547 episcopi
2369 2484 2530 2532 extra
2592 2480 3004 2533 monasterium
3048 2482 3321 2535 excedens
3362 2483 3530 2537 duce-

1836 2566 1990 2632 bam,
2030 2565 2272 2620 utillius
2303 2566 2622 2635 ingenium,
2658 2567 2810 2636 quod
2850 2567 2908 2620 in
2962 2569 3331 2623 multitudine
3361 2572 3531 2640 ephe-

1836 2653 2043 2707 borum
2066 2653 2390 2707 discernere
2421 2658 2477 2707 et
2515 2654 2584 2707 ad
2633 2660 2826 2708 votum
2864 2672 3057 2709 meum
3097 2656 3381 2713 discutere
3413 2674 3531 2712 non

1838 2742 2018 2813 potui,
2052 2741 2165 2795 illis
2196 2742 2447 2809 ,remotis
2512 2743 2789 2812 singulari
2842 2745 3032 2798 studio
3092 2746 3355 2799 subtilius
3401 2746 3530 2800 dili-

1838 2829 2182 2900 gentiusque
2215 2831 2608 2897 eventilarem,
2641 2832 2968 2902 mirumque
2996 2833 3056 2887 in
3095 2835 3331 2888 modum
3377 2833 3533 2889 vario

1837 2917 2117 2972 virtutum
2148 2918 2533 2989 pigmentario
2564 2919 2715 2973 ultra
2741 2920 2796 2973 id
2827 2921 3011 2974 mtatis
3054 2938 3378 2992 respersum
3407 2939 3533 2994 rep-

1837 3006 1980 3075 peri.
2028 3008 2169 3060 Nam
2210 3022 2361 3077 saepe
2406 3012 2590 3061 totum
2623 3007 2774 3061 diem
2826 3008 2977 3063 inter
3034 3010 3354 3080 equitatum
3414 3017 3532 3065 stu-

1839 3094 2028 3148 dendo
2058 3095 2401 3161 attrivimus,
2437 3111 2591 3149 nunc
2610 3096 2853 3166 legendo
2878 3113 2995 3151 non
3028 3100 3220 3151 minus
3254 3099 3535 3169 prolixam

1839 3182 2149 3236 lectionem
2215 3199 2391 3253 quam
2453 3183 2500 3236 si
2557 3184 2617 3237 in
2666 3183 2832 3237 scolis
2872 3185 2942 3239 ad
3001 3186 3149 3240 hanc
3187 3204 3534 3250 vacaremus,

1839 3286 1992 3325 nunc
2022 3271 2364 3341 poetizando
2418 3287 2521 3342 per
2548 3272 2696 3326 viam
2748 3278 2933 3327 metro
2991 3275 3342 3342 collusimns,
3402 3278 3536 3332 inde

1840 3359 1909 3413 ad
1942 3359 2258 3429 prosaicam
2286 3360 2612 3429 palaestram
2644 3362 2977 3416 exercitium
3026 3364 3403 3431 alternantes,
3454 3365 3540 3419 in-

1838 3447 2066 3501 terdum
2092 3447 2339 3517 simplici
2368 3452 2635 3502 contextu
2661 3450 2941 3503 rationem
2985 3452 3355 3521 contulimus,
3386 3468 3539 3523 saepe

1840 3536 2205 3606 syllogisticis
2225 3535 2682 3590 cavillationibus
2704 3536 3126 3591 desudavimus.
3148 3539 3272 3608 Ipse
3304 3556 3532 3610 quoque

93 3624 231 3679 divini
258 3627 621 3698 sophismatis
640 3628 766 3698 jugi
785 3627 976 3681 studio
1007 3625 1346 3693 rimabatur,
1379 3640 1532 3679 nunc
1579 3639 1734 3677 com-
1775 3604 1815 3658 δ
1850 3624 2048 3678 crebro
2084 3640 2197 3691 me,
2222 3624 2325 3676 etsi
2358 3624 2696 3692 verecunde,
2732 3625 2909 3678 acutis
2931 3630 3123 3679 tamen
3155 3631 3211 3679 et
3241 3642 3308 3679 ex
3339 3628 3543 3683 intimo

94 3715 219 3769 muni
261 3716 502 3772 lectione
535 3733 666 3771 cum
700 3717 841 3778 aliis,
873 3731 1027 3770 nunc
1056 3731 1201 3785 quos
1231 3712 1627 3783 diligentiores
1677 3711 1738 3765 in

96 3808 247 3857 sancto
275 3805 644 3859 meditamine
673 3803 960 3868 cernebat,
988 3803 1223 3857 seorsim
1268 3800 1609 3855 familiarius
1647 3816 1740 3853 as-

94 3904 298 3959 sumens,
330 3892 642 3964 propositis
671 3891 1083 3962 quaastionibus
1135 3890 1467 3960 scrupulosa
1498 3903 1743 3958 quaeque

96 3975 149 4028 ad
174 3981 460 4034 medullam
505 3980 873 4043 eventilabat,
922 3995 1085 4033 more
1118 3977 1582 4048 prudentissimae
1623 3976 1745 4046 apis

100 4063 309 4135 singulas
336 4069 633 4133 lectiones,
678 4084 818 4138 quas
859 4066 921 4120 in
979 4067 1148 4120 scolis
1187 4066 1249 4119 in
1302 4065 1538 4119 diversis
1583 4064 1746 4117 libris

101 4156 419 4223 exponebam,
480 4157 780 4211 remotiori
837 4156 959 4209 loco
1025 4154 1231 4209 sedens
1268 4153 1491 4207 intento
1548 4152 1748 4206 auditu

100 4243 333 4311 captabat,
364 4262 508 4317 quas
544 4249 734 4299 tamen
792 4250 994 4314 postea
1033 4243 1226 4313 pueris
1259 4241 1559 4295 considens
1596 4240 1750 4294 felici

98 4328 215 4384 furto
234 4335 472 4402 perfecte
501 4333 741 4388 docebat
762 4339 817 4387 et
846 4334 1074 4387 illorum
1133 4330 1385 4385 scientiae
1431 4329 1751 4399 {imprime-

99 4413 433 4475 bat.Gratanti
464 4422 717 4491 denique
756 4421 959 4474 affectu
987 4419 1374 4488 amplectebar
1415 4418 1564 4471 felici
1597 4418 1750 4471 furto

97 4502 312 4561 lectionis
352 4525 605 4580 puerum
663 4511 686 4544 ²
716 4508 1005 4573 insudare,
1073 4508 1369 4577 multoque
1418 4505 1751 4576 vigilantius

98 4590 262 4649 deinde
288 4594 311 4630 ⁸
339 4597 528 4650 institi
559 4597 856 4666 ingenium
888 4596 1040 4649 illius
1066 4597 1137 4650 ad
1184 4594 1481 4648 scientiam
1507 4593 1630 4647 veri
1658 4610 1750 4646 so-

98 4680 352 4747 phismatis
402 4685 677 4738 excitare.
750 4684 1162 4739 Nichilominus
1219 4699 1357 4753 ergo
1412 4680 1754 4736 venerabilis

99 4766 299 4825 domnus
348 4774 613 4844 Osdagus
643 4773 889 4843 quodam
937 4772 1129 4826 meriti
1167 4770 1446 4842 praesagio
1478 4785 1753 4839 magnum

1851 3712 2013 3765 aditu
2050 3711 2445 3782 phylosophiae
2475 3712 2709 3781 prolatis
2736 3713 3146 3783 quaestionibus
3183 3714 3542 3770 sollicitabat.

1853 3801 2031 3855 Tanta
2057 3816 2194 3870 ergo
2234 3799 2505 3853 facilitate
2538 3799 2795 3870 cupitum
2843 3800 2967 3869 ejus
3024 3800 3325 3870 ingenium
3374 3802 3550 3857 michi

1854 3887 2269 3957 applaudebat;
2324 3902 2470 3957 pene
2501 3886 2654 3939 enim
2700 3886 2861 3939 nulla
2887 3886 3048 3952 hora,
3081 3902 3186 3940 nec
3224 3888 3548 3943 refectionis

1854 3975 2108 4045 quidem,
2143 3974 2373 4028 desidias
2404 3973 2569 4027 illum
2600 3973 2903 4043 arguebat.
2933 3975 2997 4028 Et
3030 3991 3381 4046 quamquam
3403 3977 3552 4032 viva-

1856 4063 2083 4118 cissimo
2110 4064 2245 4133 igne
2277 4062 2455 4116 animi
2485 4062 2545 4116 in
2573 4062 2732 4115 omni
2754 4062 2979 4116 liberali
3006 4063 3244 4117 scientia
3265 4064 3549 4137 deﬂagra-

1857 4157 1963 4220 ret,
1987 4151 2395 4206 nichilominus
2444 4156 2637 4205 tamen
2694 4151 2755 4205 in
2794 4151 3104 4206 levioribus
3134 4153 3353 4207 artibus
3410 4172 3552 4226 quas

1859 4240 2219 4295 mechanicas
2256 4243 2461 4294 vocant
2508 4240 2763 4295 studium
2787 4240 3122 4312 impertivxt.
3158 4242 3223 4295 In
3254 4243 3550 4299 scribendo

1860 4346 1994 4384 vero
2027 4329 2285 4398 adprime
2313 4328 2539 4393 enituit,
2572 4328 2855 4397 picturam
2915 4329 3088 4382 etiam
3137 4328 3332 4383 limate
3385 4347 3553 4384 exer-

1860 4418 1997 4482 cuit,
2021 4417 2211 4471 fabrili
2245 4432 2474 4487 quoque
2506 4416 2743 4470 scientia
2772 4421 2828 4469 et
2842 4422 2964 4471 arte
2995 4418 3238 4471 clusoria
3278 4419 3552 4489 omnique

1862 4510 2147 4559 structura
2169 4505 2410 4559 mirifice
2441 4504 2729 4571 excelluit,
2764 4510 2830 4559 ut
2860 4505 2921 4558 in
2951 4505 3242 4576 plerisque
3273 4506 3552 4577 aediﬁciis,

1862 4609 1992 4664 qua:
2022 4592 2347 4664 pompatico
2394 4592 2597 4647 decore
2640 4592 2982 4662 composuit,
3015 4598 3143 4662 post
3171 4609 3403 4664 quoque
3433 4596 3553 4649 cla-

1864 4681 1996 4736 ruit.
2033 4682 2096 4735 In
2127 4680 2379 4750 negociis
2407 4697 2540 4734 vero
2588 4679 2915 4735 domesticis
2974 4686 3031 4734 et
3068 4680 3138 4734 ad
3170 4697 3335 4735 usum
3366 4683 3448 4736 rei
3478 4684 3555 4737 fa-

1865 4768 2103 4823 miliaris
2158 4769 2578 4839 pertinentibus
2632 4767 3018 4821 vivacissimus
3042 4774 3309 4822 executor
3373 4771 3487 4823 acsi
3525 4788 3557 4825 a
3630 4808 3633 4809 ν

97 4858 203 4923 quid
226 4860 480 4915 futurum
513 4863 571 4914 in
597 4860 696 4914 illo
721 4860 1057 4929 prazvidens,
1088 4859 1427 4913 exorcistam
1446 4857 1751 4925 ordinavit,
1781 4878 1824 4930 ι)
1865 4873 2047 4928 puero
2077 4856 2165 4911 bis
2183 4857 2433 4911 nutritus
2462 4854 2677 4909 calluit.
2722 4856 3060 4926 Hujusmodi
3120 4857 3233 4910 Deo
3276 4863 3455 4927 gratae
3503 4865 3560 4914 et

100 4942 385 5015 diligentius
407 4964 503 5002 me
534 4947 870 5002 adhortatus
902 4948 1041 5002 item
1074 4947 1328 5017 itemque
1359 4961 1552 4999 curam
1603 4945 1757 4999 illius

1866 4945 2200 5001 hominibus
2256 4949 2501 5014 acceptae
2556 4943 2766 4998 indolis
2807 4948 2991 5013 gratia
3023 4944 3235 4998 domno
3267 4945 3556 5017 episcopo,

1467 5043 1705 5096 ~VARIxE
1754 5043 2151 5098 LECTIONES.

1695 5183 1920 5237 NOTAE.

152 5115 164 5147 ¹
225 5116 491 5170 Tanmari
542 5120 585 5170 ι.
664 5114 688 5149 ²
724 5115 949 5170 deestt.
1023 5113 1270 5168 3dccst3.

154 5280 239 5347 (‘23)
279 5284 505 5336 Patrem
566 5281 980 5336 Theodericum
1029 5280 1295 5333 comitem
1332 5281 1400 5335 de
1436 5279 1754 5334 Summers-

103 5345 353 5421 chenbnrg
384 5359 550 5405 vocat
575 5353 871 5405 translatio
900 5351 1253 5405 theutonica.

152 5419 245 5488 (24)
295 5419 472 5477 Annis
506 5425 746 5477 985-989
778 5422 1077 5491 episcopo;
1130 5421 1320 5492 igitur
1339 5424 1437 5474 aut
1465 5420 1749 5492 Otwinus,

105 5501 179 5553 qui
215 5509 256 5545 a.
312 5498 413 5548 'Jii'i
451 5494 559 5547 98%
615 5494 761 5547 sedit
803 5495 909 5546 hoc
962 5494 1083 5545 loco
1143 5491 1571 5560 intelligendus,
1631 5496 1748 5557 aut,

413 5601 691 5664 Parnm.
745 5598 917 5661 CXL.

1866 5279 2016 5350 quod
2036 5277 2226 5356 magis
2255 5278 2459 5356 placet,
2498 5295 2642 5356 puer
2693 5278 2936 5356 Osdagq
2961 5279 3216 5334 nondum
3272 5281 3561 5356 episcopo,

1861 5349 2010 5404 auta
2036 5350 2330 5403 Folcmaro
2352 5351 2470 5416 jam
2497 5350 2764 5418 episcopo
2793 5349 3035 5402 traditus
3069 5356 3170 5404 est.

1934 5424 2035 5488 (25)
2070 5420 2195 5473 Scil.
2240 5419 2738 5473 Hildesha-iunmsi.

1934 5492 2037 5559 (26)
2070 5490 2247 5543 Annis
2279 5492 2534 5542 977—990.

3175 5604 3257 5661 13
