3920 6190
417 253 519 308 395

1397 251 1636 308 ’fllANG
1651 251 1818 309 MAR!
1858 251 2294 310 PRESBYTERI
2338 251 2713 308 HILDESIIEI
2726 251 2770 306 Μ
2785 249 2934 308 ENS.

3750 265 3831 318 396

417 377 1118 450 apudquemversabatur,
1146 377 1420 450 omnique
1441 376 2104 460 congregationidignus
2135 380 2181 432 A
2219 375 2486 431 discendo
2543 375 2783 430 mirifice
2838 376 3172 444 proficeret,
3227 383 3283 431 et
3332 383 3518 432 tamen
3568 381 3630 436 ad
3676 392 3840 440 cuncta

417 474 473 521 et
501 467 802 521 familiaris
815 467 1188 531 efﬁciebatur,
1216 466 1794 538 propinquorumque
1819 465 2110 520 dilectioni

415 555 854 626 probatissimus
884 556 1225 610 habebatur.
1266 561 1414 608 Avus
1455 555 1668 625 quippe
1738 554 1861 623 ejus
1911 557 2107 609 Athel-

415 646 554 699 hero
584 644 869 712 palatinas
911 660 1122 710 comes,
1177 644 1263 696 vir
1309 642 1559 712 plurima
1614 643 1890 696 virtutum
1946 643 2110 695 laude

415 732 674 800 insignis,
705 731 804 802 qui
833 732 1147 785 commissas
1202 731 1309 785 sibi
1339 731 1690 801 praefectura:
1761 731 2107 783 exactionem

417 820 600 888 magis
629 836 694 872 ex
725 819 918 873 debito
967 837 1138 890 quam
1175 836 1241 873 ex
1287 819 1608 872 intentione
1676 819 1938 888 gerebat,
1979 835 2107 871 cum

415 910 577 980 prole
635 908 1102 978 utriusquesexus
1138 907 1462 961 felicissime
1510 907 1890 970 habundaret,
1957 907 2110 960 hunc

416 997 753 1068 praeclarum
785 998 1226 1062 adolescentem,
1261 995 1465 1065 primis
1495 995 1764 1064 auspiciis
1792 995 2107 1064 pubescen-

420 1086 492 1139 tis
522 1085 744 1140 decoris
765 1086 1088 1145 florentem.
1129 1084 1188 1137 in
1219 1083 1485 1137 affectum
1531 1083 1633 1136 filii
1673 1081 1990 1151 adoptavit.
2046 1082 2109 1135 in

416 1189 528 1244 quo
550 1173 684 1243 quia
718 1173 979 1226 salutaris
1007 1172 1234 1226 consilii
1291 1173 1600 1225 stationem
1670 1170 2105 1238 saluberrimam

415 1261 670 1331 repperit
712 1261 1053 1314 familiarius
1092 1260 1197 1314 sibi
1257 1259 1537 1329 adjunxit,
1580 1265 1644 1311 ut
1687 1274 1755 1311 ne
1800 1257 2107 1312 minimum

415 1347 651 1418 quidem
686 1348 807 1402 sine
835 1348 957 1417 ejus
983 1347 1244 1401 consultu
1275 1353 1490 1415 ageret.

485 1440 541 1510 2.
586 1436 838 1505 Adeptus
875 1436 1069 1506 itaque
1127 1451 1160 1488 a
1214 1434 1506 1503 Willegiso
1561 1432 1872 1487 venerabili
1931 1432 2110 1486 archi-

414 1523 684 1593 episcopo
738 1523 1180 1576 subdiaconatus
1241 1521 1500 1591 gradum,
1559 1521 1916 1590 aliquamdiu
1976 1536 2102 1573 cum

416 1611 514 1664 illo
553 1617 942 1680 conversatus,
1018 1627 1147 1664 eum
1197 1616 1432 1680 prolnter
1470 1625 1695 1663 morum
1743 1608 2103 1663 honestatem

417 1715 481 1752 ac
518 1699 648 1752 vitae
687 1699 1034 1769 probitatem
1065 1697 1362 1768 religionis
1395 1698 1712 1767 profectum
1743 1697 1804 1750 in
1843 1697 1942 1750 illo
1974 1712 2107 1750 sen—

415 1787 568 1852 tiret,
601 1788 905 1841 diaconum
945 1787 1108 1840 illum
1163 1787 1466 1840 ordinavit.
1525 1787 1828 1856 Interjecto
1878 1800 2108 1856 quoque

416 1891 533 1929 non
563 1877 736 1945 longo
765 1875 978 1946 spacio,
1033 1875 1356 1946 presbiterii
1398 1891 1528 1928 eum
1578 1874 1796 1928 honore
1831 1873 2104 1927 sublima-

415 1963 512 2017 vit.
545 1965 936 2034 Reversusque
970 1964 1039 2016 ad
1074 1964 1377 2033 praefatum
1417 1962 1707 2026 comitem,
1744 1977 1913 2015 suum
1948 1961 2107 2015 vide-

415 2051 545 2106 licet
599 2068 791 2118 avum,
856 2051 1324 2105 affectuosissime
1373 2051 1442 2104 ab
1499 2051 1598 2104 illo
1657 2057 1952 2120 susceptus
2000 2054 2104 2115 est,

417 2140 847 2209 plurimumque
891 2147 1121 2209 rogatus
1174 2155 1243 2192 ne
1290 2137 1358 2191 ab
1415 2153 1482 2191 eo
1536 2138 1870 2204 discederet,
1944 2137 2105 2192 facile

417 2229 728 2296 acquievit;
775 2228 868 2282 cui
893 2233 1050 2282 tanta
1080 2228 1404 2282 humilitate
1435 2243 1499 2280 ac
1532 2227 1802 2280 instantia
1851 2227 2104 2298 {famula-

416 2321 603 2382 batur,
644 2323 727 2384 ut,
759 2317 978 2370 cxx-teris
1028 2316 1408 2386 refrigerandi
1456 2331 1624 2368 causa
1670 2315 1956 2370 interdum
2015 2332 2103 2369 re-

414 2406 604 2470 motis,
644 2405 767 2474 ipse
816 2405 938 2459 dies
997 2411 1311 2474 noctesque
1365 2403 1728 2469 continuans,
1789 2403 2106 2456 indefessus

413 2495 466 2546 ei
494 2493 832 2560 adhaereret,
873 2493 1011 2562 agri
1042 2492 1192 2545 senis
1223 2497 1279 2546 et
1310 2508 1431 2544 aevo
1466 2491 1620 2562 pleni
1651 2490 2105 2544 imbecillitatem

415 2581 824 2651 patientissime
879 2597 1178 2651 moresque
1209 2585 1592 2650 supportaret,
1623 2578 1772 2632 inter
1824 2579 2012 2648 ipsum
2053 2583 2108 2632 et

413 2669 690 2722 familiam
723 2669 948 2722 medius
978 2669 1284 2735 incederet,
1346 2669 1690 2722 salutaribus
1721 2667 1958 2720 monitis
1987 2671 2107 2719 cot-

413 2757 553 2810 tidie
580 2757 708 2810 illos
733 2757 803 2811 ad
825 2758 1048 2827 agenda
1073 2757 1411 2822 informans,
1445 2772 1641 2810 curam
1671 2756 1904 2809 illorum
1957 2753 2107 2824 apud

413 2845 680 2898 comitem
730 2845 991 2915 vigilanti
1031 2844 1385 2914 benignitate
1441 2845 1834 2914 frequentans.
1864 2845 1972 2896 Pro
2001 2857 2108 2912 pa-

2222 466 2358 520 foris
2387 465 2651 520 obeunda
2695 464 3096 518 liberalissimo
3151 466 3384 536 negocio
3439 468 3553 535 ejus
3597 469 3840 540 ingenium

2221 555 2469 609 feriaret.
2527 556 2590 609 Et
2640 570 2770 608 cum
2806 553 2901 606 alii
2931 553 3055 623 regi
3086 570 3263 624 puero
3323 555 3592 610 adulando
3617 560 3844 631 obseque-

2222 649 2442 708 rentur,
2471 643 2612 696 adeo
2645 648 2706 695 ut
2736 641 2957 695 ludicra
3010 648 3066 695 et
3091 658 3219 712 qua:
3250 648 3444 696 tenera
3474 651 3601 698 astas
3628 650 3846 716 poscebat

2223 731 2307 785 illi
2331 731 2762 801 persuaderent,
2799 730 3134 798 imperatrix
3167 731 3367 798 etiam,
3413 733 3581 785 verita
3625 734 3844 790 affectum

2220 820 2324 873 ﬁlii
2357 819 2464 872 sibi
2486 819 2743 889 praeripi,
2776 818 2834 871 in
2856 817 3142 887 ejusmodi
3173 820 3360 872 favore
3393 819 3449 872 in
3479 826 3680 875 tantum
3705 827 3845 878 emol-

2220 909 2319 962 lita
2352 913 2520 974 esset,
2578 911 2642 960 ut
2694 907 2890 960 omnia
2919 921 3044 976 qua!
3101 908 3338 976 puerilis
3384 914 3515 960 mtas
3571 909 3714 963 illum
3754 912 3846 967 im-

2219 995 2459 1065 pelleret
2539 995 2663 1065 ipsa
2731 994 3056 1064 gratissimo
3121 994 3318 1048 affectu
3399 997 3734 1062 consentiret,
3775 1001 3845 1053 hic

2219 1085 2376 1138 solus
2407 1089 2568 1138 tanta
2613 1087 2734 1136 arte
2792 1082 3016 1148 institit,
3063 1088 3128 1136 ut
3171 1099 3204 1136 a
3265 1099 3383 1136 non
3422 1083 3672 1139 faciendis
3723 1097 3839 1140 metu

2219 1171 2382 1226 illum
2413 1172 2764 1242 prohiberet,
2823 1176 2878 1224 et
2919 1177 3115 1226 tamen
3166 1171 3499 1242 plenissimo
3547 1173 3724 1228 affectu
3750 1177 3840 1245 ejus

2220 1258 2478 1312 animum
2509 1257 2618 1311 sibi
2660 1257 2973 1328 colligaret.

2290 1349 2343 1401 3.
2404 1347 2624 1400 Interea
2683 1346 2892 1400 domna
2952 1345 3305 1414 Theuphanu
3369 1345 3679 1416 imperatrix
3729 1350 3837 1418 apud

2221 1435 2574 1504 Neomagum
2604 1435 2855 1488 maximo
2914 1435 3111 1488 dolore
3175 1435 3351 1488 totius
3397 1435 3554 1504 regni
3597 1435 3742 1489 rebus
3769 1453 3838 1490 ex-

2219 1523 2388 1577 cessit
2409 1524 2524 1593 (an.
2557 1525 2680 1589 991,
2712 1524 2852 1577 Jun.
2891 1525 2992 1590 l6).
3043 1522 3203 1576 Unde
3227 1523 3471 1577 domnus
3509 1539 3601 1577 rex
3655 1529 3837 1594 utroque

2220 1616 2456 1681 parente
2480 1611 2758 1678 desertus,
2821 1616 3006 1665 totum
3039 1626 3097 1664 se
3146 1611 3462 1680 regendum
3512 1611 3566 1664 in
3598 1613 3834 1665 stationem

2219 1698 2480 1752 fidissimi
2527 1699 2787 1767 magistri
2825 1699 3086 1753 contulit.
3117 1700 3296 1768 Hujus
3351 1699 3582 1752 consilio
3619 1701 3836 1753 examina-

2217 1789 2314 1842 bat
2345 1787 2748 1858 quodcumque
2807 1787 2903 1840 alii
2943 1787 3233 1841 adulando
3280 1787 3704 1856 persuadebant;
3738 1789 3832 1857 quia

2217 1873 2478 1945 quamvis
2536 1874 2594 1927 iu
2650 1873 2971 1944 puerilibus
3037 1873 3308 1944 auspiciis
3354 1873 3645 1942 ociaretur,
3694 1875 3836 1927 altiori

2218 1969 2409 2017 tamen
2443 1962 2725 2016 industria
2758 1961 3122 2032 quorundam
3181 1962 3576 2016 simulationes
3628 1963 3838 2032 praevide-

2215 2049 2330 2103 bat.
2355 2049 2649 2119 Praecipua
2689 2049 2882 2113 itaque
2923 2049 3312 2102 familiaritate
3353 2050 3672 2119 magistrum
3713 2065 3835 2101 suum

2217 2137 2685 2207 amplectebatur,
2751 2153 2852 2190 nec
2911 2137 2981 2191 ab
3067 2137 3182 2191 ullo
3241 2137 3482 2191 inferius
3535 2137 3835 2200 tractabatur,

2215 2241 2388 2296 quem
2417 2225 2720 2278 universali
2751 2225 3030 2279 virtutum
3059 2225 3264 2280 decore
3310 2241 3625 2296 respersum
3661 2241 3835 2279 venera-

2215 2313 2402 2367 batur.

2285 2401 2337 2454 4.
2367 2401 2475 2454 Per
2503 2399 2656 2454 idem
2707 2407 2935 2471 tempus
2980 2401 3294 2455 venerabili
3327 2403 3588 2473 episcopo
3631 2401 3830 2471 Gerdago

2216 2488 2524 2543 decedente
2547 2489 2664 2558 (an.
2692 2491 2816 2553 993,
2871 2491 2993 2543 Jan.
3045 2492 3152 2557 15),
3209 2489 3298 2543 his
3339 2490 3628 2561 religiosus
3659 2489 3834 2559 juvenis

2220 2577 2590 2633 Bernnardus
2629 2579 2772 2632 votis
2799 2579 3060 2631 omnium
3093 2579 3159 2632 ad
3201 2580 3596 2648 pontificatum
3639 2578 3836 2648 eligitur.

2219 2668 2441 2720 Etcum
2472 2667 2734 2737 plerique
2765 2667 2985 2720 nobiles
3031 2667 3224 2721 clerici
3264 2668 3518 2736 palatina
3558 2667 3733 2721 militia
3771 2667 3840 2719 diu

2188 2747 2499 2810 certantes
2574 2755 2908 2810 missionem
2987 2762 3276 2825 optarent,
3338 2773 3633 2811 consensus
3695 2761 3840 2809 tamen

2220 2844 2480 2898 omnium
2528 2843 2586 2897 in
2643 2845 2797 2898 hunc
2853 2845 2968 2899 Deo
3010 2848 3254 2899 electum
3321 2847 3588 2916 juvenem
3658 2859 3841 2897 concor-

412 2940 577 2989 terno
611 2950 842 3004 quoque
868 2933 1068 2987 affectu
1099 2934 1165 2986 ad
1192 2934 1341 2986 filios
1381 2937 1561 2986 totum
1595 2949 1654 2985 se
1674 2931 1953 3002 profudit,
1991 2947 2109 2983 ma-
2143 2935 2183 2989 C
2221 2932 2410 2986 dabat.
2445 2932 2750 2986 Communi
2783 2932 2960 3002 igitur
3015 2933 3292 2986 electione
3359 2939 3562 2987 sanctas
3630 2932 3840 2988 Hildene-

413 3038 702 3092 gnamqae
732 3022 975 3092 gratiam
1001 3021 1151 3075 inter
1179 3021 1310 3074 illos
1362 3021 1719 3074 conciliabat.
1758 3020 1822 3073 Et
1850 3018 2110 3088 quamvis

414 3109 827 3180 inhujusmodi
881 3109 1273 3162 familiaritate
1334 3108 1547 3162 invidia
1591 3107 1756 3162 facile
1813 3107 2104 3177 subrepat,

414 3197 563 3252 hanc
594 3198 842 3252 maxima
867 3197 1089 3252 cautela
1138 3197 1196 3250 in
1231 3197 1519 3267 plerisque
1557 3195 1898 3251 declinabat.
1955 3196 2109 3248 Inter

411 3292 633 3356 patrem
661 3302 890 3357 quoque
916 3291 972 3339 et
1001 3284 1206 3350 lilium,
1241 3286 1519 3338 domnum
1576 3283 1837 3338 videlicet
1891 3283 2106 3354 episco-

411 3391 550 3445 pum
582 3379 621 3440 ‘,
656 3373 1054 3429 internuncius
1088 3389 1238 3443 saepe
1285 3372 1658 3438 discurrebat,
1719 3386 2106 3442 magnamque

411 3464 564 3516 inter
619 3461 745 3515 illos
800 3460 1210 3515 familiaritatis
1276 3460 1523 3530 gratiam
1575 3458 1936 3513 conciliabat.
1995 3457 2107 3529 Ipsi

410 3566 549 3620 ergo
593 3549 862 3620 episcopo
905 3554 1128 3603 tantum
1181 3547 1546 3619 complacuit,
1601 3553 1668 3601 ut
1732 3547 2106 3601 Daventrensi

409 3637 670 3692 coenobio
691 3654 795 3692 sua
835 3637 952 3692 vice
975 3637 1138 3691 illum
1183 3652 1524 3708 praeponere
1583 3637 1773 3702 vellet,
1806 3635 1987 3706 fitque
2021 3636 2106 3688 in-

408 3731 497 3780 ter
525 3726 857 3797 episcopum
893 3730 950 3780 et
977 3726 1243 3780 comitem
1299 3726 1367 3780 de
1424 3729 1598 3779 tantae
1653 3723 1862 3778 indolis
1892 3724 2103 3794 juvene

408 3815 677 3885 religiosa
706 3814 1075 3882 concertatio,
1131 3818 1190 3868 ut
1224 3819 1467 3884 uterque
1501 3829 1606 3884 pro
1657 3828 1886 3866 morum
1919 3811 2105 3882 gratia

407 3903 573 3956 illum
594 3904 701 3957 sibi
731 3904 1000 3973 adoptare
1043 3902 1390 3956 intenderet.
1451 3901 1560 3956 Sed
1619 3901 1742 3971 ipse
1797 3900 2102 3954 imbecillis

406 3989 495 4044 avi
523 3990 916 4044 inlirmitatem
953 3994 1291 4055 sustentare,
1320 4004 1496 4058 quam
1535 3986 1890 4056 episcopales
1940 3987 2099 4054 ,deli-

407 4077 522 4131 cias
568 4083 840 4147 appetere
901 4077 1171 4131 malebat.
1217 4077 1360 4129 Cum
1400 4091 1514 4146 quo
1559 4090 1740 4144 usque
1799 4074 1872 4127 ad
1946 4073 2101 4128 diem

405 4164 495 4217 sui
574 4165 755 4218 exitus
808 4164 962 4217 fideli
1029 4163 1333 4218 devotione
1410 4161 1742 4217 desudabat.
1804 4161 1926 4225 Quo
1992 4161 2092 4215 de-

403 4252 597 4306 functo
622 4255 732 4317 (an.
768 4254 912 4318 987),
955 4253 1025 4306 ad
1061 4251 1342 4322 palatium
1401 4267 1460 4305 se
1511 4251 1774 4316 contulit,
1828 4252 1888 4304 in
1921 4250 2094 4304 servi-

403 4338 548 4393 tium
577 4342 690 4411 ('27)
747 4339 1014 4394 videlicet
1070 4339 1234 4393 tercii
1283 4338 1502 4394 Ottonis
1559 4337 1944 4410 imperatoris,
1994 4339 2094 4409 qui

402 4427 693 4497 septennis
715 4427 902 4481 adhuc
935 4442 1096 4498 puer,
1131 4442 1261 4481 cum
1317 4426 1630 4482 venerabili
1686 4431 1742 4480 et
1787 4426 2091 4497 sapientis-

402 4515 546 4569 sima
576 4520 754 4570 matre
783 4515 994 4570 domna
1031 4516 1393 4586 Theuphanu
1443 4519 1688 4586 augusta
1733 4515 1901 4569 rebus
1949 4531 2093 4585 prte-

402 4609 542 4658 erat.
596 4608 642 4656 A
713 4620 828 4674 qua
898 4603 990 4657 hic
1035 4603 1378 4659 venerabilis
1431 4603 1658 4674 juvenis
1719 4601 2090 4657 Bernwardus

398 4691 812 4761 benignissime
880 4691 1208 4763 suscipitur,
1287 4696 1458 4762 atque
1503 4691 1562 4744 in
1625 4690 1783 4744 brevi
1846 4706 2088 4745 summie

395 4778 802 4834 familiaritatis
848 4779 1037 4833 locum
1093 4779 1247 4847 apud
1303 4779 1465 4832 illam
1522 4777 1790 4844 obtinuit,
1843 4777 1985 4832 adeo
2023 4782 2088 4831 ut

394 4867 672 4923 domnnm
704 4883 902 4938 regem
935 4866 1072 4922 fidei
1098 4867 1252 4920 illius
1273 4865 1456 4921 literis
1491 4865 1871 4920 imbuendum
1903 4864 2086 4918 mori-

394 4957 615 5026 busque
664 4955 1086 5010 instituendum
1153 4971 1433 5009 consensu
1486 4958 1824 5008 cunctorum
1880 4968 2084 5023 proce-

392 5059 522 5098 rum
556 5044 1006 5099 commendaret.
1052 5043 1116 5097 In
1135 5059 1248 5114 quo
1278 5043 1356 5097 ita
1399 5041 1682 5108 excelluit,
1737 5041 1870 5095 licet
1933 5056 2085 5111 quo-

389 5132 636 5187 rundam
674 5133 892 5188 invidia
919 5131 1300 5197 morderetur,
1368 5136 1432 5185 ut
1468 5146 1614 5202 puer
1660 5128 1977 5200 imperialis
2022 5129 2086 5182 in

459 5326 482 5360 ⁴
506 5339 554 5378 e.
589 5324 947 5379 Folcmarum
977 5328 1029 5380 3.

2216 3020 2527 3074 sheimensi
2559 3019 2828 3074 aacclesiae
2859 3020 3156 3074 ordinatur
3183 3021 3487 3092 episcopus
3541 3038 3571 3076 a
3613 3020 3840 3089 Willegiso

2217 3108 2564 3179 archiepisco
2594 3110 2762 3175 (Ann.
2821 3109 2992 3163 Hild.
3048 3125 3140 3162 an.
3201 3110 3352 3180 993),
3399 3126 3544 3163 anno
3594 3108 3837 3163 Dominicze

2213 3196 2626 3250 incarnationis
2669 3195 3105 3264 nongentesimo
3135 3199 3511 3267 nonagesimo
3571 3197 3738 3261 tercio,
3775 3194 3834 3247 in-

2212 3281 2458 3337 dictione
2481 3289 2652 3345 sexta.
2688 3289 2884 3338 octava
2910 3285 3133 3338 decima
3155 3286 3276 3339 Kal.
3308 3285 3614 3340 Februarii.

2283 3375 2334 3425 5.
2379 3372 2634 3441 Adeptus
2689 3372 2882 3443 itaque
2911 3373 3334 3443 pontificatum,
3383 3379 3588 3445 quanta
3607 3371 3834 3427 continen-

2211 3459 2290 3513 tia
2330 3459 2583 3530 juvenile
2630 3477 2838 3531 corpus
2867 3462 2939 3514 ad
2992 3461 3270 3515 virtutum
3332 3463 3556 3516 culmen
3620 3459 3829 3529 coegerit,

2209 3546 2319 3601 dici
2345 3563 2464 3601 non
2506 3553 2715 3618 potest,
2744 3549 2977 3602 modum
3034 3548 3096 3603 in
3149 3550 3374 3604 cunctis
3420 3550 3642 3621 agendis
3689 3546 3831 3619 praeci-

2209 3649 2322 3704 pue
2351 3636 2720 3704 amplectens,
2747 3636 2914 3706 juxta
2930 3637 3072 3692 illud
3095 3637 3201 3692 viri
3227 3639 3508 3708 sapientis
3538 3639 3675 3709 (Tua.
3696 3634 3829 3690 Andr.

2211 3723 2318 3790 1,1,
2342 3723 2427 3793 34)
2459 3739 2471 3777 :
2506 3725 2585 3779 Ne
2640 3723 2777 3792 quid
2830 3726 3014 3778 nimis.
3051 3727 3270 3780 Morum
3336 3743 3566 3798 quoque
3619 3724 3829 3797 gravitate

2209 3810 2451 3864 mirifice
2472 3827 2635 3864 senes
2673 3811 2829 3882 ipsos
2850 3813 3177 3882 superabat,
3211 3813 3355 3868 adeo
3399 3820 3460 3869 ut
3508 3813 3734 3868 subditos
3768 3825 3825 3862 se.

2209 3897 2461 3951 veritatis
2478 3913 2718 3952 censura
2741 3899 2811 3953 ad
2841 3900 3064 3970 agenda
3095 3901 3154 3954 in
3204 3901 3497 3972 plerisque
3553 3901 3824 3954 institueret.

2212 3985 2616 4056 Frugalitatem
2674 4003 2809 4040 vero
2875 3987 2935 4041 in
2991 3989 3330 4058 appetendis
3386 3991 3632 4045 ciborum
3669 3986 3826 4042 deliciis

2207 4074 2267 4128 in
2298 4090 2366 4128 eo
2398 4074 2631 4129 laudare
2653 4075 2743 4128 vix
2792 4075 2941 4129 ullus
2971 4076 3208 4143 sufficit;
3235 4082 3440 4146 potum
3492 4082 3640 4132 tanto
3686 4073 3828 4129 mode-

2209 4161 2430 4214 ramine
2460 4163 2836 4232 temperabat,
2869 4168 2932 4215 ut
2956 4168 3086 4233 post
3118 4180 3340 4219 caenam
3397 4171 3687 4236 antequam
3732 4167 3826 4213 stra-

2206 4253 2330 4303 tum
2345 4255 2630 4319 pergeret,
2654 4250 2767 4304 nisi
2795 4249 3166 4306 familiarium
3198 4254 3282 4306 vel
3317 4253 3605 4324 hospitum
3630 4263 3824 4322 praesen-

2202 4336 2282 4390 tia
2301 4343 2547 4404 coactus,
2599 4338 2778 4392 semel
2833 4342 3058 4393 tantum
3106 4339 3348 4407 biberet,
3401 4341 3603 4412 saepius
3651 4347 3826 4408 quoque

2202 4425 2430 4496 penitus
2468 4424 2796 4480 abstineret.
2834 4426 3037 4480 Stratis
3065 4443 3198 4481 vero
3227 4429 3594 4499 compositus,
3651 4420 3826 4480 lectioni

2202 4511 2492 4568 interdum
2522 4509 2669 4566 circa
2723 4513 2860 4583 galli
2891 4519 3120 4569 cantum
3152 4515 3501 4580 intendebat,
3546 4531 3680 4586 saepe
3712 4525 3825 4564 sum-

2201 4617 2342 4655 num
2394 4600 2843 4671 interrumpens,
2877 4602 3100 4657 furtivae
3153 4604 3421 4672 orationi,
3470 4606 3640 4660 donec
3683 4596 3825 4655 clerici

2201 4688 2270 4742 ad
2300 4688 2614 4742 matutinos
2643 4704 2850 4759 ymnos
2881 4697 3318 4762 consurgerent,
3365 4693 3610 4756 vacabat,
3658 4684 3824 4758 ymnis-

2199 4792 2311 4848 que
2383 4776 2638 4846 expletis,
2703 4778 3042 4831 multociens
3097 4780 3476 4849 psalmodiam
3522 4780 3577 4833 in
3608 4776 3821 4831 diurnum

2198 4880 2382 4934 usque
2438 4865 2839 4934 crepusculum
2894 4866 3263 4935 extendebat;
3309 4869 3513 4923 deinde
3559 4865 3824 4934 aliquantu-

2196 4953 2320 5007 lum
2367 4968 2616 5022 pausans
2674 4953 3078 5024 corpusculum
3130 4956 3443 5022 recreabat,
3500 4955 3668 5008 donec
3723 4949 3824 5001 item

2197 5041 2450 5096 diluculo
2480 5039 2819 5094 canonicum
2849 5057 3082 5096 cursum
3125 5043 3331 5113 primae
3360 5044 3516 5098 horae
3544 5043 3601 5096 in
3626 5035 3824 5093 Ecclesia

2196 5126 2576 5199 persolvebat.
2654 5127 2778 5192 Quo
2848 5129 3094 5200 expleto,
3168 5130 3330 5201 quasi
3386 5129 3702 5201 regulariter
3748 5119 3823 5174 sub

1793 5250 2027 5305 VARUE
2072 5249 2366 5305 LECTION
2379 5248 2478 5305 ES.

461 5487 574 5559 (27)
607 5507 634 5539 ››
668 5488 869 5543 Factus
897 5494 982 5544 est
1008 5489 1228 5546 aulicus
1257 5488 1441 5545 scriba
1470 5487 1670 5544 doctus
1707 5487 1933 5544 Ottonis
1964 5399 2386 5544 lli‘di'd‘fscalus
2415 5492 2472 5544 et
2496 5487 2950 5562 primiscrinius;
2988 5509 3018 5539 »
3049 5488 3200 5546 infra
3220 5507 3342 5562 cap.
3388 5491 3440 5543 5.
