3920 6190
108 322 171 373 397

1384 310 1540 367 VITA
1579 312 1637 368 S.
1680 311 1863 368 BERN
1874 311 2128 368 WARDI.

3405 322 3511 375 398

108 439 334 511 disciplina
374 435 727 501 constitutus,
777 433 1095 505 capitulum
1117 450 1247 487 cum
1285 433 1557 489 fratribus
1605 434 1706 506 qui
1733 439 1780 491 Α
1819 452 2010 489 secum
2038 436 2124 489 vel
2152 434 2223 489 ad
2250 438 2469 489 curtem
2510 434 2750 491 ducebat
2780 436 2867 491 vel
2898 452 3260 509 quocumque
3286 438 3517 511 longius

106 546 241 586 secum
285 525 753 581 conversabantur
822 524 981 577 adiit.
1065 522 1279 577 Ferirm
1338 540 1570 595 quoque
1653 529 1711 579 et
1780 560 1783 561 ν

106 618 399 681 lunationem,
456 613 691 666 nomina
745 628 976 683 quoque
1033 611 1278 666 fratrum
1334 628 1579 683 quorum
1611 628 1705 665 an-

103 706 233 760 nualis
257 702 513 757 memoria
569 700 836 767 instabat,
898 699 1126 754 cottidie
1174 700 1400 754 recitari
1444 700 1702 770 jubebat.

105 794 299 849 Oratione
347 807 469 844 vero
525 794 774 860 peracta,
848 789 998 843 circa
1049 789 1251 843 horam
1331 788 1567 849 terciam
1634 790 1705 843 ad

103 884 355 936 misssarum
407 878 744 948 sollempnia
800 877 1002 931 festiva
1057 878 1441 931 celebratione
1503 893 1703 948 proce-

102 972 206 1035 dens,
257 984 441 1037 magna
496 966 673 1020 animi
728 966 1073 1019 contritione
1130 981 1190 1019 se
1270 966 1460 1036 ipsum
1519 972 1705 1020 totum

99 1058 275 1113 Domino
340 1054 608 1127 profudit.
670 1054 804 1108 Inde
874 1055 935 1107 in
992 1053 1287 1125 publicum
1347 1070 1701 1124 progressus,

94 1150 281 1201 forenses
295 1160 475 1197 causas
495 1148 551 1196 et
580 1159 985 1214 oppressorum
1015 1142 1254 1212 negocia
1283 1141 1534 1196 breviter
1578 1158 1705 1197 exa-

92 1234 303 1299 minabat,
332 1232 459 1302 quia
497 1238 553 1285 et
581 1232 811 1301 ingenio
842 1247 907 1284 ac
934 1231 1201 1285 facundia
1232 1230 1491 1301 adprime
1529 1230 1700 1285 calle-

90 1324 169 1376 bat.
216 1322 391 1391 Sicque
446 1320 814 1391 operiebatur
895 1320 1167 1373 clericum
1226 1318 1699 1389 dispensatorem,

90 1411 156 1481 qui
173 1409 457 1463 elemosinaz
483 1413 539 1463 et
589 1408 938 1479 pauperibus
967 1414 1232 1478 praeerat,
1266 1424 1514 1478 quorum
1546 1409 1700 1461 mul-

87 1499 343 1563 titudinem,
372 1502 641 1551 centenos
673 1497 937 1551 videlicet
965 1498 1050 1549 vel
1091 1513 1158 1549 eo
1193 1496 1458 1566 amplius,
1500 1496 1697 1550 diatim

90 1585 546 1639 habundantissime
576 1585 757 1638 victus
791 1584 1013 1651 refecit;
1036 1584 1338 1655 plerosque
1380 1582 1551 1637 etiam
1610 1583 1696 1635 vel

85 1681 261 1744 argento
316 1676 395 1727 vel
442 1674 661 1727 caeteris
707 1673 997 1738 subsidiis,
1047 1678 1221 1744 prout
1273 1672 1509 1725 facultas
1556 1687 1698 1725 con—
1730 1718 1769 1771 Β

85 1765 221 1824 cessit,
264 1762 597 1816 sublevabat.
633 1761 771 1815 Inde
823 1761 1080 1815 ofﬁcinas
1133 1760 1233 1814 ubi
1289 1759 1496 1814 diversi
1560 1776 1698 1812 usus

84 1854 254 1903 metalla
282 1851 479 1904 fiebant
534 1850 835 1917 circuiens,
878 1850 1236 1919 singulorum
1291 1864 1463 1919 opera
1521 1848 1693 1901 libra-

84 1938 161 2000 bat,
185 1939 337 1992 donec
364 1940 507 1992 circa
542 1955 777 2005 nonam,
806 1938 912 1992 rite
938 1937 1205 1991 omnibus
1243 1937 1506 2007 peractis,
1565 1952 1695 1990 cum

82 2028 231 2079 timore
274 2033 322 2081 et
372 2028 767 2081 benedictione
827 2026 1069 2091 Domini,
1120 2027 1192 2080 ad
1246 2042 1525 2089 mensam,
1581 2025 1695 2077 fra-

82 2122 188 2167 trum
214 2116 779 2187 populique,stipatus
826 2115 1173 2185 frequentia,
1232 2114 1519 2179 consedit;
1579 2129 1693 2166 non

81 2205 333 2272 pompatice
385 2205 637 2275 quidem,
692 2204 789 2258 sed
861 2202 1131 2273 religioso
1183 2201 1428 2267 silentio,
1479 2202 1696 2255 cunctis

80 2292 124 2343 ad
160 2292 424 2346 lectionem
464 2293 872 2347 honestissima
926 2291 1224 2362 disciplina
1254 2289 1511 2357 intentis,
1567 2307 1695 2360 qua:

78 2378 184 2433 inter
229 2382 553 2436 ccenandum
614 2398 733 2435 non
816 2381 1003 2435 brevis
1060 2378 1374 2449 legebatur.
1444 2378 1695 2431 Infirmis

76 2470 250 2536 quidem
301 2471 568 2525 fratribus
606 2476 663 2525 et
714 2470 869 2524 senio
917 2468 1185 2524 confectis
1239 2466 1693 2521 benedictionem

76 2556 120 2608 de
143 2572 284 2612 manu
312 2576 407 2613 sua
435 2560 721 2630 dirigebat
751 2559 1028 2624 hilariter,
1066 2572 1196 2610 cum
1226 2561 1422 2609 tamen
1470 2554 1694 2608 nullum

72 2658 256 2709 egenum
284 2646 338 2698 in
370 2648 510 2700 urbe
544 2647 630 2699 vel
668 2647 729 2699 in
771 2645 1064 2710 suburbio,
1102 2658 1275 2713 quem
1302 2640 1444 2694 scire
1483 2644 1691 2710 posset,

72 2729 333 2799 hujusmodi
359 2734 572 2804 pietate
603 2735 870 2804 privaret.
904 2735 987 2786 lta
1016 2731 1230 2802 quippe
1255 2730 1416 2800 juxta
1454 2732 1693 2798 Aposto-

71 2818 153 2871 lum
185 2822 459 2889 (ICor.1x,
494 2825 586 2891 22)
617 2822 809 2875 omnia
842 2821 1110 2874 omnibus
1142 2835 1264 2873 esse
1312 2816 1690 2882 desiderabat,

70 2911 111 2957 ut
132 2922 291 2961 omnes
315 2910 371 2962 in
392 2910 619 2965 Christo
642 2909 1018 2963 lucrifaceret.

1817 524 2196 591 commeabat,
2264 540 2427 595 quos,
2488 525 2762 595 quicquid
2821 525 3051 595 dignius
3103 526 3165 579 in
3222 526 3340 581 ulla
3397 533 3517 582 arte

1816 612 2169 678 occurrebat,
2203 612 2269 666 ad
2302 613 2633 667 exercitium
2662 614 3015 684 impellebat.
3048 614 3325 669 Musivum
3365 632 3513 687 prte-
3576 624 3579 627 '

1815 705 1972 755 terea
2007 701 2065 754 in
2091 701 2436 772 pavimentis
2474 702 2747 757 ornandis
2778 702 3054 771 studium,
3104 720 3327 758 necnon
3376 705 3513 759 late-

1815 806 1903 844 res
1925 790 1997 844 ad
2028 790 2280 859 tegulam
2310 789 2547 860 propria
2594 789 2878 845 industria
2938 792 3098 845 nullo
3156 799 3513 848 monstrante

1813 878 2155 947 composuit.
2188 878 2256 931 Et
2285 883 2349 931 ut
2370 878 2621 932 breviter
2642 880 3077 948 prerstringam,
3101 897 3205 934 nec
3233 886 3512 952 punctum

1812 966 2091 1037 temporis
2112 966 2538 1037 supersedebat,
2568 968 2666 1022 sed
2695 968 2881 1022 ﬁdelis
2922 968 3224 1024 dominica:
3279 971 3513 1025 familias

1813 1054 2195 1125 dispensator,
2236 1055 2521 1109 conservis
2549 1056 2667 1109 suis
2717 1056 3038 1110 necessaria
3068 1057 3323 1112 subsidia
3378 1059 3512 1114 fide-

1811 1142 1940 1196 liter
1985 1141 2477 1197 subministrabat.
2516 1145 2580 1196 Et
2613 1160 2744 1197 cum
2781 1144 2839 1197 in
2871 1144 3077 1199 Christi
3118 1146 3510 1216 gazophilacio

1811 1246 2057 1300 qumque
2112 1229 2318 1283 idonea
2394 1230 2557 1283 scivit
2582 1230 2739 1283 fideli
2802 1231 3099 1285 devotione
3143 1236 3507 1305 ‘congereret,

1811 1333 1927 1371 non
1953 1316 2144 1371 minus
2176 1322 2369 1371 tamen
2402 1316 2610 1370 Caesari
2642 1334 2743 1370 sua
2769 1318 2936 1386 juxta
2971 1319 3336 1389 Evangelium
3377 1337 3505 1389 per-

1810 1405 2080 1459 solvebat.
2126 1406 2265 1459 Nam
2318 1405 2495 1459 tercio
2540 1404 2732 1459 Ottoni
2765 1406 3100 1475 imperatori
3149 1408 3505 1462 affectuosis-

1810 1493 1957 1547 simo
1988 1492 2182 1547 animo
2212 1510 2315 1564 pro
2347 1492 2491 1547 scire
2513 1509 2576 1547 ac
2634 1509 2798 1562 posse
2839 1494 3282 1564 obsequebatur.
3350 1497 3507 1551 Unde

1810 1588 1867 1634 et
1895 1582 2213 1636 multorum
2246 1581 2520 1636 invidiam
2553 1580 2613 1635 in
2645 1598 2704 1635 se
2752 1582 3150 1636 commovebat
3206 1584 3307 1654 qui
3355 1584 3503 1638 indi-

1810 1669 2157 1737 gnabantur,
2213 1670 2377 1724 illum
2455 1668 2803 1739 vigilantiori
2864 1669 3055 1724 studio
3121 1672 3205 1724 rei
3261 1671 3507 1741 publica:

1810 1757 2047 1827 negocia
2078 1758 2255 1811 obire.

1880 1851 1933 1899 '7.
1969 1845 2105 1915 (An.
2146 1849 2269 1913 994,
2317 1846 2463 1916 995.)
2495 1846 2736 1901 Saxonia
2758 1846 2973 1917 quippe
3002 1862 3210 1918 magna
3248 1865 3312 1902 ex
3346 1856 3506 1919 parte

1808 1942 2142 2004 pyratarum
2172 1940 2628 2004 caeterorumque
2660 1935 3036 1989 barbarorum
3057 1936 3280 1990 feritate
3321 1937 3505 2007 depo-

1806 2025 2022 2093 pulata,
2056 2023 2345 2077 continuis
2376 2023 2843 2078 latrocinantium
2898 2024 3323 2079 incursionibus
3380 2026 3503 2080 sine

1806 2111 2231 2165 intermissione
2278 2111 2525 2182 patebat.
2583 2112 2765 2175 Quam
2822 2117 3043 2183 pestem
3123 2114 3207 2167 rei
3256 2115 3502 2184 publica:

1808 2200 2093 2269 depellere
2151 2215 2361 2270 magno
2419 2199 2508 2253 sui
2577 2216 2931 2272 suorumque
2981 2201 3233 2271 periculo
3274 2219 3503 2273 semper

1806 2287 2074 2354 instabat,
2108 2295 2165 2342 et
2204 2304 2355 2342 nunc
2402 2303 2531 2342 cum
2563 2288 2710 2357 aliis,
2760 2288 3049 2344 interdum
3092 2306 3322 2361 quoque
3370 2308 3502 2346 cum

1805 2376 1921 2430 suis
1948 2377 2103 2429 solus
2133 2393 2307 2446 super
2334 2393 2431 2430 eos
2470 2377 2715 2443 irruens,
2747 2378 2969 2432 fortiter
2996 2379 3126 2433 illos
3175 2378 3491 2435 attriverat.

1804 2466 1911 2521 Sed
1942 2481 2073 2519 cum
2121 2464 2454 2535 bujusmodi
2482 2466 2832 2535 irruptiones
2886 2467 3072 2521 sedari
3121 2468 3279 2521 nullo
3327 2470 3501 2523 modo

1804 2559 2059 2625 possent,
2118 2554 2331 2625 quippe
2383 2570 2513 2607 cum
2571 2554 2803 2608 barbari
2850 2555 2945 2625 qui
3002 2562 3317 2627 utrumque
3363 2557 3501 2611 litus

1802 2643 2054 2699 Albimet
2082 2659 2252 2697 naves
2308 2658 2507 2696 omnes
2556 2659 2659 2696 sua
2706 2644 2924 2697 ditione
2972 2644 3261 2709 tenebant,
3315 2646 3502 2699 navali

1806 2734 2097 2788 evectione
2136 2750 2240 2804 per
2271 2750 2505 2788 omnem
2533 2734 2836 2789 Saxoniam
2883 2734 3154 2789 facillime
3188 2751 3246 2789 se
3299 2734 3499 2788 infun-

1807 2822 2026 2887 derent,
2060 2821 2533 2890 vigilantissimus
2557 2821 2656 2874 Dei
2686 2822 2944 2891 pontifex
2968 2838 3164 2875 curam
3206 2822 3317 2876 sibi
3342 2838 3498 2876 com-

1804 2909 1991 2963 missas
2017 2909 2199 2980 plebis
2228 2925 2423 2979 agens,
2456 2910 2748 2979 quomodo
2780 2908 3059 2980 populum
3096 2910 3194 2963 Dei
3220 2910 3288 2963 de
3338 2910 3499 2964 saevi-

117 2996 159 3048 6.
190 2997 420 3051 Arduum
442 3004 500 3051 et
551 2998 780 3051 difficile
828 3001 912 3050 est
961 2994 1340 3049 cottidianum
1394 2993 1516 3062 ejus
1570 2994 1685 3045 δω-
1723 2996 1765 3051 C
1802 3000 1890 3051 cia
1910 2998 2283 3051 barbarorum
2318 2998 2582 3067 eriperet,
2616 2998 2808 3051 animo
2838 2999 3170 3051 fluctuabat.
3228 2999 3498 3051 Furorem

71 3079 183 3134 dium
208 3085 375 3138 verbis
408 3080 820 3157 perstringere,
847 3085 981 3155 quia
1015 3086 1128 3137 Deo
1160 3088 1301 3137 teste
1357 3080 1515 3135 omni
1563 3080 1694 3133 nisu

68 3168 323 3226 interdiem
379 3181 725 3244 noctemque
784 3173 844 3227 in
900 3173 1107 3227 divinis
1154 3170 1459 3242 perstabat.
1501 3169 1691 3222 Niobi-

69 3261 252 3318 lominus
279 3285 501 3339 quoque
541 3274 779 3323 cunctos
810 3269 918 3322 sibi
968 3268 1324 3321 adhaerentes
1354 3265 1423 3318 ad
1487 3264 1692 3333 hujus-

67 3352 177 3404 modi
207 3358 519 3425 negocium,
557 3364 619 3410 ut
646 3358 723 3411 ita
779 3357 986 3423 dicam,
1019 3357 1172 3410 ultra
1230 3354 1379 3407 vires
1426 3353 1691 3423 impelle-

66 3436 147 3499 bat,
173 3458 259 3496 nec
292 3447 501 3517 aliquid
549 3448 685 3501 artis
715 3451 857 3513 erat,
916 3445 1069 3516 quod
1125 3459 1244 3498 non
1302 3445 1689 3511 attemptaret,

68 3526 192 3583 etiam
219 3532 259 3585 si
281 3534 345 3588 ad
376 3551 637 3606 unguem
669 3534 997 3606 pertingere
1018 3548 1133 3587 non
1158 3532 1385 3585 valeret.
1442 3530 1689 3600 Scripto-

64 3613 119 3665 ria
143 3633 357 3691 namque
386 3638 504 3676 non
562 3622 620 3675 in
673 3620 1018 3675 monasterio
1056 3625 1303 3684 tantum,
1361 3618 1457 3671 sed
1505 3617 1564 3669 in
1605 3616 1690 3669 di-

62 3705 187 3757 versis
214 3707 335 3762 locis
400 3710 694 3776 studebat,
755 3710 905 3763 unde
940 3714 995 3763 et
1048 3708 1338 3779 copiosam
1387 3704 1691 3760 bibliothe-

61 3804 145 3843 cam
168 3798 269 3848 tam
297 3796 627 3853 divinorum
660 3815 833 3870 quam
868 3796 1400 3869 pbilosopbicorum
1427 3792 1690 3847 codicum

61 3886 341 3951 comparavit
377 3888 515 3957 (28).
580 3887 867 3943 Picturam
932 3904 1067 3940 vero
1134 3890 1190 3938 et
1232 3885 1583 3954 sculpturam
1637 3883 1692 3932 et

59 3966 261 4026 fabrilem
299 3981 469 4046 atque
502 3976 810 4030 clusoriam
858 3980 1037 4029 artem
1090 3973 1224 4044 (29),
1302 3978 1359 4025 et
1418 3967 1692 4041 quicquid

58 4054 310 4128 elegantius
353 4063 411 4118 in
445 4064 785 4135 hujusmodi
842 4069 961 4118 arte
1010 4062 1331 4132 excogitare
1365 4058 1387 4094 ⁵
1444 4062 1688 4129 poterat,

60 4157 311 4218 numquam
339 4154 671 4224 neglectum
701 4153 1047 4224 patiebatur,
1089 4152 1227 4206 adeo
1283 4154 1347 4202 ut
1400 4163 1462 4201 ex
1513 4151 1693 4199 trans-

1802 3102 2051 3156 namque
2082 3086 2169 3138 sui
2190 3085 2438 3156 impetus
2468 3102 2613 3155 pene
2647 3086 3068 3139 Hildenesheim
3099 3101 3277 3156 usque
3309 3087 3496 3139 inten-

1799 3176 2020 3239 tabant,
2054 3179 2110 3228 et
2139 3174 2326 3245 ipsum
2360 3181 2620 3228 sanctum
2681 3174 2867 3227 locum
2900 3174 3154 3243 prmdam
3211 3174 3315 3228 sibi
3370 3191 3497 3243 pro-

1800 3263 2121 3316 mittebant.
2174 3263 2373 3316 Divino
2409 3262 2604 3333 itaque
2660 3263 2932 3316 instinctu
2967 3263 3026 3316 in
3078 3267 3335 3316 extremo
3382 3264 3498 3316 fere

1801 3352 1889 3405 sui
1919 3352 2299 3422 episc0patus,
2336 3351 2436 3405 ubi
2485 3351 2726 3405 flumina
2755 3353 2919 3405 Alera
2951 3356 3008 3405 et
3058 3351 3316 3405 Ovokare
3373 3367 3501 3405 con-

1800 3442 2005 3504 ﬂuunt,
2076 3440 2563 3493 munitiunculam
2636 3440 2948 3493 admodum
3024 3439 3310 3493 munitam
3387 3439 3497 3509 (31)

1800 3527 2067 3594 extruxit,
2097 3527 2157 3580 in
2178 3542 2291 3597 qua
2317 3526 2494 3597 copiis
2518 3527 2765 3580 militum
2788 3526 3096 3595 dispositis,
3124 3527 3499 3581 barbarorum

1798 3614 2081 3684 impetum
2116 3614 2351 3684 repulit,
2393 3615 2791 3684 populumque
2825 3613 2923 3667 Dei
2950 3614 3020 3667 ab
3051 3614 3244 3668 hostili
3273 3615 3499 3668 feritate

1798 3702 2081 3756 liberavit.
2136 3702 2235 3755 Dei
2284 3716 2535 3770 namque
2576 3701 2759 3770 gratia
2810 3706 2970 3755 tanta
3024 3702 3301 3754 securitas
3345 3702 3499 3771 pacis

1799 3807 1901 3861 per
1931 3790 2096 3843 illum
2128 3788 2186 3841 in
2226 3788 2364 3841 locis
2393 3788 2506 3841 illis
2536 3789 2801 3843 ﬁdelibus
2831 3788 3154 3841 condonata
3183 3794 3287 3854 est,
3321 3795 3383 3841 ut
3408 3789 3496 3842 ni-

1799 3878 1907 3931 cliil
1938 3876 2173 3946 dampni
2199 3875 2287 3928 Vel
2331 3875 2571 3946 periculi
2624 3881 2876 3946 posteaa
2933 3875 3192 3929 barbaris
3230 3882 3497 3944 pateren-

1798 3973 1909 4020 tur.
1964 3966 2078 4019 Hac
2131 3964 2413 4018 industria
2460 3963 2669 4018 Christi
2722 3963 3031 4017 sacerdotis
3080 3964 3375 4017 barbarico
3413 3969 3499 4017 tu-

1800 4053 1988 4107 multu
2039 4052 2099 4105 in
2130 4052 2243 4105 illis
2295 4051 2435 4105 locis
2486 4052 2801 4118 eliminata,
2847 4051 3034 4105 acrius
3090 4051 3148 4104 in
3177 4051 3502 4104 circumsita

1800 4141 1921 4194 loca
1979 4140 2279 4195 debacbati
2348 4146 2497 4195 sunt.
2584 4141 2741 4196 Unde
2789 4140 3266 4211 vigilantissimus
3318 4140 3498 4194 divini

58 4236 235 4291 marinis
263 4247 315 4295 et
334 4258 396 4295 ex
429 4242 699 4296 Scotticis
728 4242 895 4307 vasis,
950 4257 1077 4312 quae
1134 4238 1344 4310 regalis
1402 4231 1687 4305 majestati
1720 4277 1763 4330 Β
1803 4229 2228 4327 gregispastor
2274 4234 2410 4299 typo
2469 4229 2699 4297 Christi,
2732 4230 2820 4283 sui
2879 4230 3119 4298 domini,
3160 4229 3498 4283 adversariis

57 4320 273 4391 Singulari
328 4330 480 4384 dono
545 4330 954 4385 deferebantur
1003 4327 1275 4399 quicquid
1352 4339 1547 4379 rarum
1601 4322 1689 4373 vel

58 4409 270 4468 eximium
299 4419 605 4487 reperiret,
656 4418 934 4472 incultum
989 4416 1232 4471 transire
1286 4430 1402 4468 non
1456 4410 1685 4464 sineret.

57 4493 320 4564 luSeniosos
363 4522 624 4577 namque
675 4522 886 4577 pueros
932 4505 1044 4576 (30)
1099 4510 1156 4559 et
1202 4501 1427 4558 eximite
1478 4495 1690 4565 indolis

1804 4316 2093 4380 mcclesiaa,
2128 4318 2387 4371 exultans
2440 4318 2509 4371 ad
2540 4318 2881 4371 currendam
2910 4321 3061 4371 viam
3115 4323 3176 4372 ut
3204 4319 3365 4372 fortis
3395 4334 3499 4388 gy-

1800 4420 1922 4474 gas,
1955 4422 2013 4458 se
2033 4404 2326 4475 opposuit,
2348 4410 2406 4459 et
2430 4405 2489 4459 in
2512 4422 2642 4460 rure
2676 4405 2981 4459 Wirinholt
3003 4405 3114 4475 (32)
3144 4410 3499 4475 nuncupata,

1801 4493 1899 4547 ubi
1929 4493 2217 4548 tutissima
2240 4494 2474 4549 illorum
2536 4494 2704 4549 statio
2729 4493 2935 4560 fuerat,
2969 4494 3115 4548 liber
3140 4510 3370 4565 quoque
3416 4494 3497 4547 la-

1395 4595 1629 4649 VARle
1681 4586 2084 4641 LECTIONES.

100 4662 115 4694 ⁵
140 4668 209 4722 vel
234 4670 418 4742 aliquo
452 4672 801 4744 investigare
822 4670 1035 4726 addunt
1065 4672 1115 4724 3.
1158 4670 1210 4723 4.
1236 4672 1286 4723 5,

1623 4742 1663 4794 l\'
1674 4742 1849 4797 ΟΤᾹΞ.

220 4827 285 4880 Ex
313 4828 477 4883 libris
502 4830 673 4900 jussu
702 4830 824 4899 ejus
883 4827 1107 4898 scriptis
1144 4825 1373 4880 missale
1414 4842 1465 4880 a.
1531 4828 1686 4883 1014.

56 4888 201 4970 Βέὶξμὰ.
233 4906 284 4970 et
325 4900 433 4953 tria
464 4888 883 4970 E'vangeli'aria,
924 4888 1170 4969 quorum
1220 4913 1398 4970 unum
1447 4913 1499 4950 a.
1554 4901 1681 4953 1011

54 4956 459 5034 chuntbaldum
501 4956 1134 5040 scr-iptorem~'pr:z£fert,
1190 4967 1428 5040 picturis
1488 4975 1691 5024 ornata

53 5044 93 5081 tu
114 5040 307 5093 ecclesia
353 5038 669 5111 episcopali
728 5038 1203 5118 Hildesheimensi
1246 5038 1566 5118 .hodieque.
1606 5056 1689 5093 as-

54 5114 312 5181 5ervantur;
345 5114 509 5165 adest
558 5110 835 5181 praeterea
855 5132 882 5161 «
930 5111 1095 5165 Liber
1123 5110 1619 5181 mathematicalis,
1658 5130 1684 5162 ››

54 5185 133 5249 {illo
166 5178 579 5237 Bernwardum'
612 5183 672 5235 in
720 5184 929 5237 Ottone
982 5182 1057 5235 ΙΙΙ
1116 5180 1453 5234 instruendo
1519 5196 1687 5235 usum

53 5242 177 5299 fuisse
217 5250 421 5307 dicunt.
494 5254 561 5305 V.
626 5254 789 5306 Kratz
840 5253 942 5306 der
1010 5253 1155 5305 Dum
1213 5268 1280 5303 zu
1340 5250 1687 5305 Hildesbeim

56 5318 236 5393 3.,1840,
275 5326 319 5375 1.
378 5324 448 5389 ll,
497 5340 561 5393 p.
631 5325 888 5377 10-1-128.
953 5322 1120 5377 Liber
1175 5322 1518 5376 alchernicus
1575 5338 1688 5376 saa-

53 5383 256 5464 cnlngit
282 5383 474 5462 periit,
497 5383 557 5447 ἱ.
594 5394 691 5459 III,
728 5410 785 5464 p.
811 5396 899 5458 ii,
931 5396 1015 5464 12ῗ

99 5456 190 5599 (‘39;
216 5456 399 5517 Artem
434 5456 699 5534 gemmas
728 5456 972 5518 metallis
1001 5461 1353 5516 includendi.

101 5524 167 5592 l30
230 5532 647 5591 Candelabrum
712 5535 859 5589 hanc
911 5533 1345 5599 inscriptionem

101 5524 189 5599 (³0)
230 5524 647 5591 Candelabrum
712 5535 859 5589 hanc
911 5533 1345 5606 inscriptionem
1402 5532 1683 5602 praefert:

1800 4828 2163 4884 Bernwardus
2219 4829 2421 4897 praesul
2466 4828 2854 4883 candelabrum
2903 4827 2999 4883 hoc
3052 4844 3286 4898 puerum
3341 4844 3497 4884 suum

1796 4903 1975 4970 primo
2015 4901 2178 4968 hujus
2230 4903 2367 4953 artis
2405 4902 2533 4966 ﬂore
2568 4916 2675 4954 non
2725 4915 2859 4953 auro
2906 4916 3011 4970 non
3053 4906 3277 4967 argento
3315 4906 3365 4954 et
3419 4906 3499 4953 ta-

1798 4969 1921 5025 rnen
1984 4976 2045 5025 ut
2108 4971 2284 5024 cernis
2336 4973 2567 5038 conﬂare
2634 4970 2879 5039 jubebat.
2959 4969 3021 5025 V.
3092 4971 3258 5024 Kratz
3324 4976 3364 5024 t.
3424 4972 3493 5037 Il,

1797 5058 1985 5182 podii.)
2043 5110 2407 5181 Mundburg;
2459 5110 2527 5164 cf.
2590 5110 2819 5165 Henrici
2887 5112 2933 5165 ll
2999 5110 3497 5165 confirmationem

1798 5199 1849 5236 a.
1898 5184 2051 5262 1013ἶ
2086 5182 2496 5303 Οι·ἱεῆὴβμθιῑ.
2531 5183 2619 5247 IV,
2646 5184 2769 5235 435.

1869 5254 1977 5303 132)
2014 5254 2207 5303 l\euue
2306 5268 2537 5303 irtngen
2566 5268 2754 5303 neque

1869 5254 1977 5322 (32)
2014 5249 2210 5321 Neque
2234 5249 2537 5321 Wiringen
2566 5268 2754 5322 neque
2787 5249 3119 5305 Warenholz
3173 5266 3293 5305 esse
3341 5249 3495 5306 vide-

1797 5326 1912 5388 tur,
1948 5338 2127 5392 quum
2158 5322 2289 5375 villa
2318 5328 2559 5392 utraque
2586 5322 2821 5375 nonnisi
2855 5324 3037 5375 multo
3068 5327 3194 5392 post
3236 5329 3496 5392 tempore

1797 5393 1868 5446 ab
1908 5392 2157 5446 ecclesiis
2207 5392 2487 5446 matribus
2518 5392 2775 5461 sejuncta
2830 5393 2922 5445 sit.
2976 5393 3291 5446 Varenbolz
3347 5394 3496 5447 infra

1798 5463 2029 5522 Rinteln
2050 5479 2167 5517 non
2191 5461 2255 5520 in
2283 5462 2513 5519 dioecesi
2544 5462 2871 5517 Bernwardi
2897 5462 3071 5519 situm
3103 5470 3245 5519 erat.
