4016 6202
391 343 492 395 399

1382 334 1785 390 THANGMARI
1829 331 2260 389 PRESBYTER!
2307 327 2896 386 HILDESHEIMENS.

3800 327 3902 378 «itu

389 463 618 520 trocinii
645 477 933 530 excursus,
983 476 1346 532 quocumque
1396 476 1512 513 suae
1571 457 1789 512 fraudis
1845 457 2083 512 insidias
2111 460 2156 512 A
2197 455 2549 527 persedenda
2581 455 2925 526 putavimus,
2948 469 3018 508 ne
3040 452 3332 509 fastidium
3367 452 3703 524 prolixitate
3746 452 3915 524 inge-

390 554 759 619 intentarent,
793 549 1130 621 presidium
1170 547 1623 602 munitissimum
1658 546 1927 608 instituit,
1977 546 2090 600 fos-

334 631 340 636 ’
391 643 582 711 sisque
607 655 1002 711 aquarumque
1038 637 1316 692 meatibus
1355 651 1458 706 per
1479 636 1666 689 rivum
1715 635 2091 689 influentibus

393 729 742 785 tutissimum
783 727 1054 790 reddidit,
1086 725 1277 795 copias
1304 741 1534 795 quoque
1581 724 1825 776 militum
1856 723 2008 777 victu
2039 727 2095 776 et

395 818 567 871 armis
611 815 948 885 cmterisque
1003 813 1339 868 necessariis
1392 813 1702 868 instructas
1753 812 2090 866 habundan-

393 905 615 958 tissime
645 902 962 957 collocavit.
999 901 1199 954 Divina
1262 901 1458 970 itaque
1490 900 1677 971 gratia
1730 899 2092 970 periculosis-

395 991 607 1045 simum
638 990 826 1044 locum
852 989 949 1042 Dei
981 989 1196 1058 populo
1229 988 1531 1059 paciﬁcum
1574 987 1705 1042 fecit
1736 992 1792 1042 et
1821 988 2096 1057 tranquil-

396 1079 537 1146 lum,
583 1078 643 1132 in
695 1082 920 1131 tantum
943 1083 1007 1130 ut
1035 1077 1192 1130 omni
1223 1076 1500 1148 spurcicia
1531 1076 1824 1130 diabolicae
1856 1091 1921 1128 ac
1960 1075 2095 1128 bar-

395 1167 600 1220 barica?
665 1165 883 1220 fraudis
939 1165 1256 1230 eliminata,
1314 1165 1607 1219 baratrum
1654 1163 1995 1234 irruptionis
2040 1166 2098 1216 et

394 1254 617 1308 hostilis
657 1253 1003 1309 incursionis
1036 1255 1224 1308 locum
1254 1254 1468 1308 faceret
1487 1252 1788 1317 orationis,
1819 1255 1875 1305 et
1895 1267 2096 1305 oracu-

393 1342 515 1396 lum
547 1341 726 1395 sancti
748 1341 1034 1396 Lamherti
1065 1341 1350 1411 pontiﬁcis
1380 1347 1439 1394 et
1478 1340 1729 1394 martiris
1798 1340 1914 1393 Deo
1960 1355 2094 1392 con-

398 1435 664 1496 secraret,
725 1435 898 1500 atque
950 1428 1018 1482 ab
1063 1429 1163 1482 illo
1211 1428 1301 1482 die
1364 1444 1589 1482 summa
1643 1432 1780 1498 pace
1829 1427 2097 1480 (ecclesia:

401 1515 608 1570 Christi
639 1515 879 1581 reddita,
909 1515 978 1568 ab
1009 1515 1171 1569 omni
1201 1515 1396 1569 hostili
1427 1516 1650 1586 impetu
1693 1515 1790 1569 Dei
1846 1515 2099 1585 populus

400 1602 740 1656 vivacissimi
774 1602 1082 1672 provisoris
1113 1603 1396 1656 industria
1436 1603 1792 1674 quietissime
1844 1602 2093 1657 feriarct.

403 1691 512 1744 Pro
541 1689 631 1742 his
660 1695 714 1742 et
744 1690 961 1744 caeteris
991 1690 1308 1759 beneﬁciis,
1357 1707 1486 1762 quae
1518 1690 1882 1745 devotissimo
1908 1690 2095 1744 studio

402 1779 462 1832 in
485 1794 607 1832 rem
634 1779 920 1848 publicam
951 1780 1348 1850 populumque
1380 1779 1608 1833 ﬁdelem
1633 1779 1906 1845 exercuit,
1954 1780 2098 1833 mul-

404 1871 596 1921 torum
629 1874 684 1920 et
732 1867 982 1921 maxime
1031 1868 1357 1938 principum
1398 1869 1455 1922 in
1484 1884 1542 1922 se
1573 1868 1847 1922 invidiam
1879 1873 1933 1922 et
1960 1867 2103 1922 indi-

403 1955 736 2024 gnationem
775 1956 1105 2010 commovit.
1158 1956 1316 2010 Unde
1357 1961 1414 2009 et
1461 1972 1495 2010 a
1540 1956 1866 2026 Magontino
1925 1955 2104 2009 archi-

405 2042 674 2114 episcopo
687 2043 855 2113 plura
878 2049 932 2097 et
953 2042 1296 2110 miseranda,
1319 2049 1382 2098 ut
1401 2044 1461 2098 in
1483 2043 1860 2114 sequentibus
1877 2043 2102 2114 plenius

405 2130 680 2197 dicemus,
704 2131 917 2200 apertis
946 2130 1270 2185 inimiciciis
1309 2148 1613 2203 perpessus
1642 2135 1743 2186 est.
1778 2131 1954 2201 Cujus
1988 2131 2103 2184 ani-

405 2218 730 2273 mositatem
776 2219 1188 2288 patientissime
1235 2219 1441 2287 ferens,
1497 2220 1692 2274 divina
1773 2235 1837 2272 ac
1887 2219 2103 2290 regalia

404 2306 816 2377 benignissime
847 2308 1320 2362 amministrabat.

476 2397 530 2450 8.
563 2397 625 2450 Et
654 2395 785 2449 licet
814 2396 980 2467 plura
1018 2396 1428 2467 copiosissimis
1463 2395 1738 2466 impensis
1787 2396 1853 2450 ad
1909 2395 2103 2466 repel-

406 2483 633 2537 lendam
675 2483 960 2538 saeviciam
992 2484 1350 2538 barbaricam
1381 2484 1520 2538 foris
1549 2482 1927 2555 impenderet,
1989 2483 2102 2538 dici

405 2574 599 2626 tamen
633 2588 749 2625 non
802 2578 1007 2643 potest,
1055 2577 1269 2643 quanta
1313 2572 1375 2626 in
1431 2573 1758 2644 episcopatu
1813 2571 1881 2626 ad
1932 2587 2102 2626 usum

405 2675 523 2714 sua:
555 2660 823 2714 mcclesia:
849 2661 1109 2716 contulit.
1136 2662 1200 2716 In
1225 2660 1458 2732 praediis
1491 2677 1740 2732 namque
1779 2664 1940 2714 tanta
1966 2676 2102 2714 con-

407 2749 602 2817 gessit,
634 2754 697 2803 ut
724 2749 963 2819 triginta
991 2751 1078 2803 vel
1112 2750 1276 2820 plura
1319 2749 1641 2820 praecipuos
1691 2749 1922 2804 cur-tiles
1971 2764 2102 2803 cum

347 2841 351 2846 '
405 2836 642 2891 litorum
674 2853 738 2891 ac
763 2837 1102 2892 colonorum
1153 2838 1407 2902 familiis,
1461 2837 1793 2892 clarissimis
1845 2836 2102 2892 aediliciis

404 2923 797 2994 praenitentes,
845 2931 1220 2995 compararet,
1255 2941 1384 2980 cum
1415 2925 1477 2979 in
1522 2925 1648 2979 aliis
1681 2924 2106 2979 innumerabili-

2201 560 2413 600 ramus.
2447 545 2716 598 Sanctum
2767 557 2999 613 quoque
3048 542 3236 595 locum
3269 547 3537 595 nostrum
3607 557 3915 596 murorum

2201 633 2422 688 ambitu
2451 633 2662 687 vallare
2692 647 2918 684 summa
2947 630 3216 684 instantia
3251 646 3582 701 aggressus,
3614 631 3918 700 dispositis

2200 739 2304 792 per
2333 737 2540 792 gyrum
2571 721 2845 786 turribus,
2879 724 3034 772 tanta
3064 719 3367 788 prudentia
3401 736 3553 788 opus
3590 719 3918 784 inchoavit,

2204 815 2264 862 ut
2290 810 2492 864 decore
2525 809 2692 862 simul
2718 823 2781 860 ac
2814 806 3158 872 munimine,
3186 805 3340 859 velut
3373 807 3549 859 hodie
3581 812 3774 876 patet,
3842 806 3917 859 si-

2205 897 2336 950 mile
2357 896 2439 951 nil
2472 897 2533 949 in
2558 896 2718 950 omni
2747 895 2989 949 Saxonia
3037 894 3314 948 invenias.
3373 894 3671 948 Sacellum
3735 895 3919 949 etiam

2203 985 2568 1055 splendidum
2606 983 2788 1051 valde,
2817 982 2953 1036 foris
3003 997 3232 1036 murum
3272 983 3336 1036 in
3402 982 3635 1036 honore
3672 984 3920 1037 viviﬁca:

2203 1074 2386 1129 crucis
2429 1071 2724 1128 exstruxit.
2793 1071 2966 1140 Cujus
3029 1073 3203 1124 etiam
3241 1071 3607 1142 aliquantam
3662 1077 3915 1142 partem,

2203 1162 2482 1233 largiente
2513 1161 2726 1214 domno
2768 1158 2940 1213 tercio
2983 1158 3190 1214 Ottone
3232 1163 3479 1228 augusto
3535 1159 3913 1230 imperatore,

2206 1251 2418 1305 ibidem
2452 1248 2783 1303 clarissimis
2814 1247 3058 1317 gemmis
3079 1262 3334 1317 auroque
3367 1246 3690 1317 purissimo
3731 1247 3912 1301 inclu-

2206 1355 2328 1393 sam
2360 1337 2614 1392 condidit
2638 1336 2788 1406 (35);
2821 1335 2917 1390 ubi
2940 1335 3115 1388 etiam
3162 1334 3352 1388 divina
3412 1336 3606 1406 pietas
3663 1337 3916 1406 plurima

2205 1442 2323 1480 sum
2353 1424 2576 1496 pietatis
2605 1423 2818 1478 indicia
2849 1422 3062 1493 apertis
3093 1421 3392 1492 signorum
3448 1423 3759 1477 miraculis
3817 1439 3917 1494 per

2205 1515 2476 1568 virtutem
2505 1516 2715 1566 sanctas
2744 1511 2925 1565 crucis
2963 1510 3226 1564 ostendit.

2279 1605 2330 1657 9.
2366 1603 2518 1655 Inter
2540 1616 2666 1671 qua:
2721 1599 2863 1654 illud
2896 1599 3148 1664 unicum,
3181 1615 3293 1669 quo
3328 1598 3615 1652 Dominus
3648 1600 3917 1654 antistitis

2209 1689 2389 1743 nostri
2443 1687 2806 1743 devotionem
2862 1686 3146 1740 consolari
3191 1685 3460 1755 dignatus
3507 1691 3619 1754 est,
3670 1687 3915 1742 inserere

2210 1780 2367 1833 libet.
2402 1780 2542 1832 Nam
2580 1775 2917 1830 venerabilis
2964 1774 3222 1845 pontifex
3275 1776 3654 1828 Bernwardus
3693 1776 3914 1830 thecam

2210 1883 2351 1920 auro
2385 1865 2746 1936 gemmisque
2800 1863 3198 1930 lautissimam,
3232 1865 3291 1916 in
3347 1879 3466 1934 qua
3521 1863 3819 1918 viviﬁcum
3856 1866 3914 1919 li-

2210 1971 2388 2026 gnum
2420 1953 2762 2018 includeret,
2791 1952 3034 2022 paravit,
3066 1958 3122 2006 et
3150 1967 3278 2005 cum
3311 1967 3375 2005 ex
3397 1952 3589 2005 tribus
3621 1953 3918 2022 particulis

2212 2043 2392 2097 sancti
2421 2040 2566 2112 ligni
2593 2044 2856 2111 quartam
2885 2039 2933 2093 si
2974 2039 3100 2094 ﬁeri
3131 2043 3322 2110 posset
3373 2041 3643 2095 excidere
3675 2047 3919 2111 tempta-

2211 2137 2316 2199 ret,
2349 2135 2412 2185 ut
2437 2147 2541 2201 per
2571 2129 2824 2198 singulas
2855 2128 3076 2182 absides
3096 2128 3351 2198 singulas
3383 2129 3668 2182 conderet
3695 2131 3920 2199 portio-

2212 2237 2332 2285 nes,
2364 2236 2469 2274 nec
2497 2217 2783 2288 gracilitas
2812 2217 2900 2271 vel
2928 2216 3177 2286 parvitas
3220 2232 3590 2287 quacumque
3641 2232 3708 2270 ex
3756 2234 3922 2271 causa

2186 2307 2519 2365 xsectionem
2548 2306 2898 2372 admitteret,
2944 2320 3074 2358 cum
3103 2304 3506 2358 devotissimus
3535 2305 3638 2359 Dei
3670 2305 3920 2359 famulus

2211 2396 2402 2450 animo
2434 2396 2765 2449 ﬂuctuaret:
2799 2410 2927 2448 ecce
2958 2393 3145 2447 subito
3180 2392 3332 2446 inter
3361 2409 3570 2446 manus
3611 2393 3809 2464 ipsius
3833 2411 3921 2447 an-

2212 2484 2406 2538 tistitis
2436 2488 2640 2555 quarta
2665 2482 2944 2552 particula
2963 2481 3328 2536 sacratissimi
3360 2481 3507 2552 ligni
3536 2482 3815 2554 angelico
3870 2487 3928 2535 ut

2211 2571 2466 2627 creditur
2485 2569 2807 2624 ministerio
2839 2569 3028 2624 delata
3055 2569 3339 2640 apparuit.
3389 2564 3515 2623 Mo'x
3548 2570 3736 2640 igitur
3781 2587 3923 2641 prae-

2211 2661 2300 2714 sul
2330 2660 2497 2714 laetus
2519 2659 2740 2730 lignum
2773 2664 3033 2712 sanctum
3063 2673 3167 2728 per
3211 2665 3464 2728 quatuor
3491 2658 3722 2712 absides
3759 2675 3925 2730 para-

2211 2750 2316 2804 vit.
2356 2749 2399 2803 O
2431 2748 2635 2819 quanti
2656 2747 2792 2801 inde
2811 2751 3074 2817 potantes
3092 2745 3358 2800 ardorem
3390 2747 3927 2801 vehementissimae

2209 2835 2385 2891 febris
2431 2835 2639 2905 swpius
2696 2833 2903 2887 virtute
2951 2837 3160 2887 sancta:
3209 2833 3391 2887 crucis
3447 2833 3923 2905 restinguebant!

2212 2923 2544 2980 Multociens
2584 2922 2847 2976 obortam
2909 2920 3057 2975 aeris
3105 2920 3492 2992 inaequalitate
3523 2922 3926 2991 pestilentiam

405 3011 513 3065 bus
545 3012 678 3065 locis
712 3012 909 3066 decem
944 3029 1172 3068 mansos
1201 3015 1286 3068 vel
1317 3019 1462 3081 octo,
1497 3019 1594 3068 aut
1621 3014 1750 3084 plus
1778 3017 1876 3067 ant
1910 3013 2100 3067 minus
2135 3014 2175 3068 C
2213 3013 2412 3067 ﬁdeles
2437 3011 2546 3065 hoc
2565 3010 2786 3064 viviﬁco
2817 3010 2973 3080 ligno
2998 3025 3058 3062 se
3115 3027 3330 3081 suaque
3386 3010 3696 3065 lustrantes
3759 3012 3927 3066 seda-

405 3104 581 3168 prout
608 3116 774 3154 causa
807 3099 1109 3166 acciderat,
1169 3101 1227 3154 in
1268 3101 1687 3172 possessionem
1743 3118 1862 3156 sua:
1916 3102 2105 3156 asccleo

406 3186 506 3240 size
526 3187 806 3240 conferret
836 3187 992 3259 (32‘).
1037 3189 1290 3260 Antiqua
1318 3190 1530 3260 quippe
1575 3191 1698 3244 loca
1729 3190 1800 3244 ab
1848 3194 2101 3245 anteces-

406 3272 632 3328 soribus
663 3275 781 3328 suis
808 3292 1084 3346 possessa,
1119 3294 1246 3348 quae
1289 3279 1383 3332 ille
1414 3278 1630 3332 inculta
1683 3279 1920 3349 reperit,
1960 3283 2104 3350 opti-

406 3361 518 3416 mis
548 3363 804 3417 mdiﬁciis
825 3363 1194 3432 collustravit,
1219 3365 1370 3420 inter
1395 3382 1524 3437 quas
1554 3367 1818 3437 quaedam
1880 3367 2104 3438 elegan-

405 3450 541 3507 tiori
571 3457 820 3505 scemate
852 3452 980 3505 albo
1010 3469 1074 3507 ac
1101 3455 1274 3507 rubro
1308 3455 1494 3524 lapide
1523 3454 1939 3519 intermiscens,
1976 3472 2102 3510 mu-

409 3541 528 3594 siva
575 3540 801 3610 pictura
855 3540 1012 3594 varia
1094 3542 1552 3611 pulcherrimum
1611 3560 1756 3614 opus
1830 3544 2099 3600 reddidit.

409 3628 554 3694 Quid
576 3629 783 3695 dicam,
813 3645 928 3699 quo
960 3630 1150 3684 studio
1183 3632 1270 3685 vel
1325 3632 1540 3686 ambitu
1597 3636 1860 3686 sanctum
1910 3633 2099 3687 locum

408 3724 668 3772 nostrum
722 3718 810 3772 vel
884 3718 1259 3789 principalem
1324 3719 1637 3773 aecclesiam
1691 3719 2098 3786 nobilitaverit,

407 3821 538 3860 cum
571 3821 630 3859 se
663 3806 928 3875 ipsumet
973 3811 1176 3860 cuncta
1202 3823 1330 3877 quae
1372 3808 1583 3861 habere
1621 3807 1812 3878 potuit
1862 3807 1920 3862 in
1977 3809 2101 3878 ejus

404 3910 574 3948 usum
605 3894 888 3965 impertiri
919 3896 1214 3952 maluerit.
1251 3897 1556 3950 Testantur
1585 3896 1709 3966 ejus
1747 3912 1922 3966 Opera
1969 3897 2099 3967 (33),

406 3997 538 4053 quas
569 3981 762 4036 futuro
794 3998 914 4036 aivo
943 3983 1105 4052 pium
1133 3983 1284 4036 illius
1313 3983 1491 4036 animi
1521 3987 1717 4037 votum
1748 3985 1959 4054 apertis
2010 3986 2100 4039 lo-

403 4075 612 4123 cuntur
643 4070 742 4131 (34)
776 4070 1017 4124 indiciis.
1064 4070 1366 4124 Ecclesiam
1411 4087 1660 4141 namque
1693 4071 1839 4125 miro
1909 4074 2098 4128 studio

405 4158 676 4211 decorare
704 4157 973 4210 ardenter
1010 4157 1276 4211 instabat.
1312 4157 1470 4212 Unde
1500 4158 1784 4228 exquisita
1816 4175 1879 4212 ac
1914 4160 2098 4216 lucida

401 4245 688 4314 picturam
718 4248 835 4296 tam
884 4244 1132 4313 parietes
1188 4259 1362 4314 quam
1419 4245 1709 4315 laquearia
1763 4247 2071 4301 exornabat

405 4336 469 4385 ut
496 4347 560 4384 ex
591 4331 769 4384 veteri
797 4347 1000 4385 novam
1034 4337 1280 4402 putares.
1323 4333 1478 4387 Fecit
1507 4338 1562 4387 et
1590 4333 1661 4388 ad
1713 4335 2092 4406 sollempnem

401 4418 823 4487 processionem
855 4417 914 4472 in
949 4419 1254 4489 praecipuis
1284 4419 1440 4473 festis
1487 4422 1786 4491 evangelia
1839 4439 1978 4476 auro
2038 4427 2095 4476 et

400 4506 647 4576 gemmis
679 4507 1014 4575 clarissima,
1048 4507 1500 4563 thimiamateria
1556 4525 1787 4581 quoque
1817 4509 1993 4580 precii
2037 4514 2094 4564 et

400 4595 670 4665 ponderis
708 4595 1018 4665 magniﬁci,
1087 4597 1290 4651 calices
1319 4597 1731 4652 nichilominus
1780 4599 1993 4670 plures,
2036 4603 2094 4653 et

398 4698 576 4737 unum
610 4699 676 4737 ex
707 4683 998 4751 onichino,
1031 4686 1278 4738 alterum
1319 4702 1451 4739 vero
1504 4684 1882 4740 cristallinum
1945 4687 2091 4740 mira

397 4771 679 4826 industria
708 4773 1050 4842 composuit.
1084 4773 1282 4827 Adhuc
1337 4778 1529 4828 autem
1588 4789 1769 4827 unum
1826 4789 2086 4829 aureum.

395 4860 682 4914 valentem
709 4860 882 4914 libras
931 4861 1132 4932 viginti
1177 4861 1392 4932 publici
1436 4861 1725 4932 ponderis,
1756 4877 1821 4914 ex
1853 4862 2089 4930 purissi-

394 4965 490 5003 mo
523 4965 663 5002 auro
694 4949 754 5003 in
785 4965 951 5003 usum
989 4949 1294 5004 ministerii
1314 4951 1597 5005 conﬂavit.
1642 4951 1919 5006 Coronam
1951 4968 2091 5022 quo-

354 5071 358 5075 -
392 5053 505 5107 que
535 5043 772 5107 argento
793 5053 1049 5107 auroque
1108 5037 1430 5093 radiantem
1467 5038 1626 5091 mira}
1677 5038 2088 5108 magnitudinis

391 5126 453 5180 in
481 5125 621 5180 facie
654 5127 852 5197 templi
881 5125 1200 5195 suspendit,
1232 5131 1288 5180 et
1337 5127 1449 5180 alia
1473 5128 1746 5198 perplura
1799 5143 1952 5198 quas,
1991 5144 2087 5181 su-

2079 4287 2169 4340 ’D

2211 3104 2436 3153 verunt.
2470 3098 2717 3153 Nimiam
2763 3097 2937 3152 etiam
2990 3097 3322 3167 siccitatem,
3363 3099 3585 3169 prolato
3613 3098 3680 3153 in
3719 3100 3922 3170 publi-

2212 3204 2343 3243 cum
2377 3189 2483 3242 hoc
2521 3186 2798 3258 singulari
2823 3187 3003 3257 ligno,
3037 3203 3135 3240 ceu
3159 3187 3365 3258 pluviis
3393 3187 3780 3257 imperantes,
3835 3205 3922 3242 re-

2212 3275 2488 3345 pnlimus,
2519 3276 2813 3346 multaque
2835 3275 3042 3328 virtute
3061 3275 3234 3345 hujus
3268 3275 3609 3330 sanctissimi
3629 3276 3923 3347 triumphi

2212 3364 2362 3419 ﬁunt
2418 3364 2730 3419 cottidiana
2787 3364 3046 3419 remedia
3115 3365 3255 3418 dum
3337 3365 3584 3436 quisque
3663 3381 3920 3420 mmrens

2211 3452 2293 3507 ibi
2312 3457 2654 3524 prostratus,
2689 3457 2959 3523 prompta
2987 3452 3231 3523 percipit
3256 3453 3479 3507 solatia.

2285 3544 2368 3596 10.
2402 3543 2596 3612 Ipsum
2629 3557 2760 3595 vero
2792 3542 3063 3595 sacellum
3104 3546 3312 3596 sanctae
3352 3541 3554 3609 crucis,
3599 3541 3770 3596 vario
3824 3542 3914 3597 de-

2211 3647 2341 3684 core
2393 3630 2728 3700 perfectum.
2776 3629 3058 3684 dedicavit
3095 3645 3149 3683 1v
3188 3629 3314 3684 Idus
3344 3629 3723 3699 Septembris,
3764 3647 3916 3684 anno

2211 3717 2625 3772 incarnationis
2655 3717 2962 3773 Dominicae
2994 3719 3117 3782 996,
3151 3717 3466 3771 indictione
3493 3719 3547 3782 9,
3579 3718 3756 3788 regni
3787 3734 3917 3772 vero

2211 3805 2608 3876 gloriosissimi
2674 3805 2836 3860 tercii
2883 3805 3106 3860 Ottonis
3153 3805 3518 3876 imperatoris
3569 3808 3657 3872 13,
3686 3806 3917 3876 imperii

2209 3895 2422 3965 primo,
2472 3893 2850 3948 ordinationis
2898 3901 3089 3947 autem
3129 3910 3246 3948 sum
3284 3897 3531 3964 quarto;
3604 3895 3915 3964 locumque

2209 3983 2500 4053 quondam
2524 3982 2712 4036 dumis
2743 3987 2797 4034 et
2814 3983 3083 4052 vepribus
3111 3982 3435 4047 horridum,
3467 3982 3677 4036 vicinis
3711 3983 3912 4037 incolis

2207 4070 2488 4141 —-gloria
2544 4070 2670 4136 tibi,
2731 4070 2980 4126 Christe!
3038 4086 3201 4124 -εχ
3249 4070 3362 4124 tuis
3403 4071 3550 4124 datis
3611 4070 3909 4141 baptismi,

2208 4160 2539 4230 sepulturas,
2562 4159 2847 4213 unctionis
2876 4159 3010 4213 fecit
3037 4165 3317 4213 internum
3346 4159 3644 4214 solatium.

2283 4251 2367 4301 ll.
2402 4249 2510 4301 Pro
2542 4247 2754 4301 talibus
2786 4247 2967 4316 igitur
2993 4248 3233 4318 aliisque
3268 4247 3378 4319 piae
3405 4247 3737 4302 devotionis
3770 4248 3905 4302 acti-

2206 4335 2333 4402 bus,
2385 4335 2590 4406 quibus
2641 4335 2708 4389 ad
2741 4337 3004 4391 ecclesiae
3035 4337 3339 4390 utilitatem
3370 4334 3528 4390 omni
3561 4336 3690 4390 nisu
3744 4352 3908 4390 men-

2200 4423 2274 4477 tis
2318 4428 2374 4478 et
2428 4424 2684 4494 corporis
2734 4425 3060 4492 insudabat,
3107 4429 3224 4479 tam
3273 4425 3394 4491 Deo,
3442 4425 3601 4479 cordi
3655 4425 3907 4480 interius

2199 4512 2552 4584 praesidenti,
2584 4529 2756 4584 quam
2785 4513 3055 4568 mcclesiae
3095 4513 3284 4583 operis
3324 4512 3592 4567 aﬁ‘ectum
3652 4515 3908 4568 exterius

2201 4601 2563 4672 approbanti,
2617 4602 2795 4655 felicis
2866 4602 3160 4656 memoria!
3214 4601 3419 4671 praesul
3468 4601 3907 4672 acceptissimus

2200 4695 2356 4758 erat;
2387 4695 2441 4744 et
2493 4689 2622 4744 ideo
2665 4707 3021 4761 consequens
3084 4691 3213 4752 fuit,
3275 4695 3338 4743 ut
3393 4690 3480 4743 vir
3525 4692 3756 4756 beatus,
3791 4691 3903 4754 cui,

2199 4775 2344 4828 sicut
2371 4775 2442 4829 de
2475 4780 2668 4828 sancto
2685 4775 2790 4829 Job
2825 4776 3036 4845 legitur
3065 4776 3193 4843 (Job
3226 4793 3262 4839 l,
3314 4775 3389 4846 8),
3425 4779 3562 4829 tunc
3620 4777 3905 4847 temporis

2197 4862 2256 4915 in
2296 4868 2448 4916 terra
2476 4862 2679 4916 similis
2721 4879 2837 4918 non
2894 4864 3067 4918 fuisse
3127 4869 3378 4936 putatur,
3438 4880 3543 4934 per
3571 4864 3905 4935 temptatio-

2200 4949 2289 5002 nis
2331 4949 2716 5016 incommoda,
2777 4951 2922 5006 sicut
2971 4952 3216 5008 aliarum
3263 4951 3544 5006 virtutum
3594 4952 3677 5007 ita
3723 4953 3903 5007 etiam

2197 5038 2539 5092 humilitatis
2568 5045 2625 5094 et
2655 5041 2946 5111 patientiae
2997 5042 3305 5111 preaconio,
3358 5041 3640 5096 mirabilis
3678 5043 3903 5096 cunctis

2197 5127 2609 5182 ostenderetur.
2668 5132 2834 5184 Anno
2888 5130 3083 5200 itaque
3132 5129 3512 5185 ordinationis
3569 5147 3688 5185 sua:
3736 5138 3901 5185 octa-

2022 5204 2246 5261 ΝΟΤᾸΞ.

459 5285 600 5354 (32")
627 5286 705 5339 Cf.
742 5283 1063 5338 Bernwardi
1118 5282 1375 5356 chartam
1420 5284 1742 5339 donationis
1789 5301 1894 5356 pro
1948 5302 2074 5340 mo-

389 5357 634 5408 nasterio
666 5356 718 5408 S.
758 5356 1043 5410 Michaelis
1064 5355 1296 5409 editam.

459 5424 569 5494 (33)
619 5426 938 5496 Supersunt
993 5441 1128 5480 crux
1174 5441 1368 5490 aurea,
1425 5440 1559 5479 crux
1619 5431 1912 5496 argentea,
1965 5427 2078 5480 duo

386 5495 742 5549 candelabra:
771 5495 1038 5549 columna
1088 5512 1255 5562 aerea,
1289 5501 1344 5550 et
1373 5496 1550 5550 valva:
1605 5495 1769 5551 δειπρω
1827 5499 2076 5551 ecclesias

385 5565 754 5619 cathedralis.
788 5567 933 5619 Crux
961 5567 1072 5619 alia
1121 5567 1441 5638 lleiuingw,
1489 5573 1697 5636 patena
1724 5568 2076 5621 liannuverae

2186 5285 2544 5358 adversatur.
2583 5289 2661 5341 De
2688 5287 2816 5341 aliis
2843 5287 3155 5358 deperditis
3186 5306 3236 5343 v.
3292 5289 3461 5342 Kratz
3489 5288 3524 5342 l.
3558 5304 3633 5353 c.,
3686 5304 3747 5358 p.
3806 5291 3894 5343 38.

2260 5357 2372 5422 (34)
2403 5357 2461 5410 Id
2489 5364 2574 5411 est
2591 5359 2924 5428 loquuntur.

2261 5428 2373 5552 (352
2403 5428 2549 5482 Crux
2578 5427 2683 5484 ista
2706 5428 2873 5484 hodie
2902 5430 2963 5483 in
3013 5429 3245 5484 ecclesia
3269 5427 3326 5483 S.
3377 5427 3730 5498 Magdalenen
3790 5430 3895 5483 ad-

2187 5513 2348 5551 serva
2378 5514 2464 5552 ur.
