4016 6202
130 243 223 295 401
1546 237 1707 293 VITA
1747 239 1800 293 S.
1846 238 2272 295 BERNWABDI

3600 253 3705 309 402

129 382 193 417 vo
228 370 347 429 (an.
408 360 585 431 1000),
637 358 912 431 gravibus
967 358 1398 413 insecutionum
1441 360 1719 415 molestiis
1751 378 1851 432 pro
1879 368 1922 417 Α
1965 363 2138 418 tiente
2168 364 2315 417 duce
2364 357 2642 413 fabricam
2702 368 3044 423 monasterii
3092 374 3301 443 majori
3348 375 3574 430 ambitu
3608 376 3699 431 in-

129 451 430 507 territorio
489 448 1082 505 Gaudenesheimensi
1138 448 1210 502 ab
1246 447 1687 519 archiepiscopo
1718 452 1855 504 Wil-

128 543 314 612 legiso
367 541 542 611 plane
572 543 775 593 contra
805 537 1233 592 (ecclesiasticas
1263 538 1589 594 sanctiones
1620 540 1697 593 im
1708 541 1852 610 peti-

130 638 243 695 tur,
280 631 383 683 sed
411 630 491 683 eis
532 628 779 684 minime
810 645 843 681 a
876 629 1054 681 solita:
1106 626 1449 681 humilitatis
1479 636 1535 682 et
1565 629 1855 698 patientia:

130 718 323 772 tenaci
356 717 723 771 observantia
772 720 1054 769 movetur.
1116 716 1208 769 His
1248 720 1469 781 tamen,
1505 733 1633 788 qua
1665 717 1856 770 archi-

132 807 444 876 episcopus
498 820 616 858 non
652 810 772 858 tam
812 804 979 874 justas
1016 802 1251 857 rationis
1306 805 1645 859 executione
1682 820 1855 875 quam

134 897 333 950 liberm
399 893 699 963 potestatis
748 892 1211 964 praesumptione
1257 893 1641 962 attemptabat
1664 898 1852 946 aucto-

136 985 321 1037 ritatis
352 982 698 1045 constantia,
751 998 870 1034 non
928 979 1269 1034 temeritatis
1316 980 1575 1048 audacia,
1642 980 1855 1051 sagacis

130 1073 359 1143 ingenii
418 1073 504 1124 vir
590 1070 881 1135 obviabat,
944 1074 1001 1122 et
1057 1068 1371 1122 secundum
1448 1069 1591 1122 illud
1661 1068 1851 1123 Pauli:

127 1160 414 1225 Quamdiu
462 1161 704 1227 gentium
762 1159 1044 1227 apostolus
1100 1172 1237 1221 sum,
1272 1159 1637 1211 ministerium
1681 1174 1855 1211 meum

128 1248 501 1317 honoriﬁcabo
559 1248 733 1318 (Rom.
802 1262 878 1312 xx,
964 1249 1069 1312 l3),
1128 1246 1502 1316 quoadusque
1583 1246 1852 1300 aecelesiee

125 1336 347 1392 Christi
378 1335 621 1406 pastoris
677 1333 800 1388 vice
834 1333 1085 1403 praefuit,
1120 1334 1479 1404 episcopatus
1516 1334 1603 1387 sui
1637 1334 1766 1403 jura
1793 1334 1852 1389 in

127 1425 360 1496 proprii
399 1423 634 1478 honoris
674 1428 826 1476 statu
854 1421 1181 1476 conservari
1212 1437 1436 1475 summa
1468 1421 1851 1476 sollicitudine

126 1513 490 1583 procuravit,
544 1512 700 1583 quod
732 1516 790 1563 et
826 1512 942 1563 Deo
991 1514 1303 1577 annuente,
1362 1509 1641 1563 laboriose
1695 1509 1848 1577 licet,

127 1601 405 1657 obtinuit.
462 1600 570 1655 Sed
605 1616 677 1654 ne
711 1599 924 1653 similis
953 1598 1338 1653 controversia
1380 1598 1449 1652 de
1469 1599 1593 1668 ipsa
1627 1598 1850 1653 Cande-

127 1689 525 1746 nesheimensi
592 1688 852 1742 ecclesia
923 1687 1291 1758 postmodum
1360 1688 1545 1741 valeat
1614 1686 1847 1756 oboriri,

130 1794 370 1835 omnem
404 1776 838 1848 disceptationis
888 1776 1149 1829 ordinem
1209 1777 1359 1829 inter
1399 1775 1852 1846 Mogontiensem

131 1868 451 1921 antistitem
506 1871 561 1919 et
608 1864 1008 1919 venerabilem
1062 1863 1252 1917 virum
1303 1863 1584 1917 domuum
1643 1866 1664 1899 ⁸
1716 1865 1849 1919 Ber-

130 1957 432 2011 nwardum
486 1953 576 2009 hic
631 1953 892 2007 inserere
934 1952 1302 2006 commodum
1363 1952 1520 2008 duxi.
1579 1952 1851 2006 Necessa-

132 2046 285 2099 rium
314 2048 508 2097 autem
560 2058 693 2097 reor
750 2042 860 2095 ista
895 2041 1072 2111 paulo
1109 2040 1280 2094 altius
1306 2040 1635 2111 indagando
1686 2056 1850 2111 repe-

133 2138 248 2187 tere
300 2132 462 2203 quod
500 2136 697 2184 tamen
755 2129 962 2183 lectori
994 2128 1232 2183 minime
1261 2129 1432 2183 debet
1460 2144 1580 2182 esse
1641 2143 1850 2181 onero-

133 2237 279 2284 sum,
312 2220 453 2292 quia
506 2218 752 2290 posteris
806 2218 1048 2271 fortasse
1099 2217 1157 2270 in
1187 2216 1387 2270 multis
1442 2216 1552 2270 erit
1581 2215 1845 2287 profutu-

135 2326 279 2363 rum.

202 2402 283 2452 12.
318 2395 701 2452 Territorium
738 2391 1359 2458 Gandeuesheimense,
1385 2391 1559 2447 situm
1593 2392 1654 2444 in
1695 2407 1846 2461 pago

136 2485 404 2554 Flenithi,
464 2499 596 2538 cum
661 2481 1061 2554 adjacentibus
1118 2480 1267 2533 villis
1327 2481 1396 2534 ad
1455 2478 1848 2551 provisionem

136 2571 803 2632 Hildenesheimeusium
860 2569 1283 2640 episcoporum,
1338 2585 1404 2622 ex
1447 2585 1562 2640 quo
1593 2568 1849 2638 primum

129 2662 423 2735 episcopia
472 2678 574 2733 per
628 2658 944 2716 Saxoniam
976 2657 1376 2712 disterminata
1416 2662 1565 2725 sunt,
1625 2660 1849 2710 certum

133 2758 214 2808 est
261 2752 576 2822 pertinere.
635 2748 801 2813 Quod
871 2763 937 2800 ex
970 2747 1077 2800 hoc
1125 2746 1338 2800 cunctis
1382 2745 1523 2799 scire
1560 2742 1847 2814 cupienti-

136 2841 238 2895 bus
268 2838 497 2909 liquido
528 2841 789 2908 apparet,
825 2834 966 2905 quia
993 2833 1063 2887 ab
1109 2834 1234 2905 ipso
1291 2832 1574 2904 principio
1604 2832 1847 2887 novellae

140 2926 585 2984 Christianitatis
648 2929 863 2979 nostrae
908 2922 1117 2993 gentis,
1177 2921 1352 2976 etiam
1409 2926 1540 2976 ante
1587 2925 1842 2976 constru-
1878 2920 1919 2974 C

135 3018 383 3071 ctionem
414 3014 638 3086 praefati
672 3010 1030 3077 monasterii,
1054 3010 1121 3065 ad
1154 3027 1348 3064 curam
1381 3010 1557 3064 nostri
1591 3010 1843 3081 episcopi

135 3105 487 3177 pertinebat.
549 3101 930 3173 Temporibus
973 3115 1224 3170 namque
1282 3099 1477 3154 domui
1522 3101 1544 3135 ⁷
1592 3098 1841 3166 Altfridi,

136 3196 238 3266 qui
268 3197 509 3265 quartus
551 3196 763 3245 nostra:
816 3187 1083 3243 ecclesias
1118 3187 1352 3241 antistes
1383 3187 1584 3254 extitit,
1616 3186 1844 3242 Liudol-

128 3285 221 3338 fus
261 3283 380 3337 dux
407 3296 539 3335 cum
572 3279 842 3350 religiosa
889 3276 1192 3331 contectali
1222 3275 1246 3310 ⁸
1300 3292 1403 3330 sua
1451 3276 1592 3342 Oda,
1633 3291 1845 3346 magno

133 3371 327 3426 studio
390 3369 453 3424 in
500 3368 696 3423 divino
749 3368 909 3421 cultu
950 3363 1192 3430 accensi,
1243 3363 1482 3418 consilio
1528 3363 1843 3435 praescripti

138 3458 420 3514 antistitis
453 3459 698 3513 Romam
753 3454 1025 3526 perrexit,
1079 3452 1277 3523 ibique
1316 3469 1349 3506 a
1398 3452 1609 3507 domno
1650 3451 1846 3523 Sergio

133 3564 290 3620 papa
336 3545 645 3617 magniﬁce
677 3542 955 3612 suscepti;
1006 3546 1062 3597 et
1120 3557 1250 3595 cum
1291 3544 1490 3595 votum
1516 3540 1749 3594 illorum
1786 3540 1847 3595 in

147 3634 362 3689 divinis
398 3633 651 3704 agnovit,
684 3631 831 3685 datis
884 3629 1145 3702 reliquiis
1177 3636 1502 3683 sanctorum
1531 3627 1847 3699 prmsulum

141 3722 432 3779 Anastasii
454 3726 513 3776 et
545 3720 861 3775 Innocentii
908 3735 1041 3773 cum
1082 3718 1483 3772 benedictione
1523 3734 1555 3770 a
1589 3732 1647 3771 se
1678 3715 1846 3770 dimi-

142 3812 238 3866 sit.
306 3811 391 3865 Ad
442 3809 689 3881 patriam
748 3809 944 3879 itaque
1019 3805 1121 3861 Dei
1190 3806 1374 3877 gratia
1451 3803 1849 3876 pervenientes

146 3899 394 3955 consilio
466 3898 664 3953 domui
730 3896 959 3952 Altfridi
1014 3895 1339 3949 coenobium
1396 3893 1686 3965 virginum
1746 3893 1848 3947 Dei

148 3988 340 4060 primo
392 3986 877 4041 Brunesteshusen
930 3985 1345 4049 adunaverunt,
1396 3981 1577 4037 tiliam
1618 3996 1848 4052 quoque

150 4092 317 4130 suam
348 4076 613 4129 domnam
676 4073 1122 4137 Hathumodam,
1181 4070 1486 4125 duodecim
1543 4085 1722 4123 annos
1751 4068 1850 4123 ha~

148 4165 408 4230 bentem,
466 4163 700 4233 prmfato
756 4162 1025 4243 episcopo
1081 4164 1140 4214 in
1173 4159 1432 4231 regimen
1467 4156 1849 4213 intromitten-
1873 4200 1917 4253 Β

150 4254 285 4307 dam
335 4252 785 4323 assignaverunt,
846 4266 998 4307 anno
1061 4248 1370 4304 Dominicae
1440 4246 1847 4302 incarnationis

160 4343 266 4396 852
298 4340 392 4408 (cf.
422 4343 571 4394 Ann.
599 4338 847 4407 Quedl.),
881 4338 1114 4394 Rabano
1144 4337 1452 4408 Mogonciaa
1484 4334 1847 4406 praesidente,

153 4444 386 4483 omnem
415 4433 608 4482 autem
630 4427 1013 4499 provisionem
1046 4426 1301 4498 praedicti
1349 4424 1458 4480 laci
1487 4423 1510 4459 9
1540 4428 1598 4479 et
1615 4439 1850 4494 congre-

154 4516 405 4588 gationis
434 4517 642 4571 domno
673 4516 915 4571 Altfrido
971 4515 1405 4581 commiserunt.
1455 4511 1615 4568 Unde
1657 4513 1850 4567 evolu-

155 4605 230 4659 tis
259 4605 480 4676 aliquot
507 4604 691 4670 annis,
744 4605 953 4660 Karolo
1003 4603 1238 4659 Rabano
1285 4601 1646 4667 succedente,
1701 4616 1851 4655 anno

159 4693 468 4763 singularis
541 4692 854 4747 nativitatis
914 4691 1124 4747 Christi
1201 4694 1323 4759 856,
1375 4688 1697 4763 auspicatus
1771 4694 1856 4745 est

158 4781 280 4852 ipse
308 4781 617 4852 quemdam
648 4782 838 4835 locum
870 4796 1043 4850 super
1086 4780 1324 4835 ﬂuvium
1355 4779 1584 4845 Gandae,
1624 4794 1796 4850 quem
1824 4795 1856 4832 a

164 4870 335 4924 fluvio
384 4869 837 4924 Gandenesheim
879 4867 927 4905 ¹⁰
977 4868 1327 4921 nominavit:
1383 4866 1578 4937 ibique
1625 4883 1857 4920 consen-

1964 452 2207 518 choavit,
2244 448 2558 536 Liudberto
2609 448 2967 520 Mogontino
3009 460 3286 515 existente
3324 465 3365 499 ¹¹
3398 464 3697 536 episcopo,

1966 540 2064 610 qui
2142 543 2271 609 post
2350 535 2629 590 Karolum
2712 540 3083 602 subintravit.
3181 550 3358 604 Locus
3438 535 3695 624 namque

1965 631 2260 698 pratorum
2335 641 2398 678 ac
2462 638 2777 682 nemorum
2833 636 3161 691 ammuitate
3236 640 3439 708 aptior,
3511 642 3694 697 tutior

1964 732 2198 787 quoque
2267 713 2547 767 silvarum
2602 711 2895 774 densitate
2926 739 2990 776 ac
3028 725 3266 794 palustri
3306 730 3586 783 munitate
3616 731 3689 784 ad

1964 804 2379 859 habitationem
2443 801 2555 854 Deo
2609 802 2997 866 militantium
3051 814 3202 867 visus
3253 822 3355 870 est.
3422 819 3687 873 Defuncti

1963 891 2159 963 itaque
2217 895 2353 944 sunt
2419 892 2553 941 ante
2606 905 3071 953 consummatam
3128 902 3400 959 fabricam
3458 907 3684 962 Gaude-

1963 978 2380 1035 nesheimeusis
2413 976 2460 1014 ¹²
2515 980 2797 1039 mcclesia:
2848 993 2900 1041 et
2948 989 3062 1042 dux
3118 1006 3183 1043 ac
3217 992 3426 1047 domna
3460 996 3683 1051 Hathu-

1963 1069 2097 1123 mod
2133 1070 2196 1135 υ,
2230 1066 2561 1137 sepultique
2593 1066 2654 1121 in
2698 1074 2939 1145 antiqua
2969 1078 3223 1132 ecclesia
3275 1082 3685 1138 Brunesteshu-

1962 1174 2064 1211 seu
2091 1159 2154 1222 ιι,
2188 1157 2496 1227 positaque
2523 1154 2584 1208 in
2613 1159 2882 1229 regimen
2904 1163 3115 1218 domua
3145 1167 3450 1238 Gerburgis
3478 1168 3519 1208 ⁸³
3551 1172 3679 1241 pri-

1963 1244 2141 1312 mai“,
2166 1260 2329 1298 soror
2356 1244 2587 1297 domum
2619 1245 2949 1305 Hathumod
2984 1251 3046 1317 ⁸⁷,
3092 1254 3333 1311 Altfrido
3367 1258 3681 1313 venerabili

1963 1333 2232 1404 episcOpo
2291 1331 2602 1399 mediante,
2646 1334 2957 1391 Liudberto
3012 1356 3241 1411 quoque
3274 1343 3319 1378 ιδ
3350 1344 3680 1415 Mogontino

1964 1421 2415 1491 archiepiscopo,
2466 1420 2566 1491 qui
2597 1421 2813 1478 Karolo
2860 1428 3147 1482 successit.
3198 1430 3308 1484 Nec
3335 1432 3512 1486 multo
3543 1440 3683 1504 post

1964 1510 2225 1574 decessit,
2257 1509 2495 1563 biennio
2554 1516 2784 1565 tantum
2841 1529 3097 1580 emenso,
3135 1518 3471 1571 venerabilis
3501 1520 3679 1576 dom-

1963 1615 2071 1652 nus
2102 1597 2405 1652 Altfridus.
2448 1598 2723 1654 Consedit
2773 1604 2966 1655 autem
3014 1619 3143 1657 cum
3174 1605 3516 1675 Mogontiuis
3550 1610 3677 1680 epi-

1962 1686 2167 1757 scopis,
2226 1686 2462 1741 Rabano
2523 1685 2588 1753 ιθ,
2624 1688 2858 1759 Karolo,
2906 1700 2963 1744 et
2993 1691 3296 1747 duodecim
3328 1711 3508 1749 annos
3537 1714 3672 1753 cum

1962 1775 2290 1830 Liudberto.
2317 1775 2727 1830 Consummata
2750 1794 2979 1849 quoque
3002 1796 3131 1835 cum
3152 1782 3311 1835 omni
3334 1783 3538 1837 decore
3556 1786 3672 1841 Hil-

1960 1863 2423 1919 denesheimensi
2470 1865 2761 1934 (ecclesiae,
2822 1882 2996 1936 quam
3038 1869 3158 1939 ipse
3213 1886 3245 1923 a
3274 1870 3669 1929 fundamentis

1960 1956 2372 2017 construxerat,
2429 1956 2487 2005 et
2518 1952 2619 2005 Dei
2678 1954 2861 2021 gratia
2889 1962 3240 2021 consecrata,
3275 1960 3477 2029 plenus
3526 1978 3665 2032 ope-

1962 2040 2119 2094 ribus
2164 2038 2332 2093 bonis
2400 2040 2660 2094 decessit.
2719 2040 2820 2094 Cui
2877 2045 3148 2098 successit
3207 2047 3575 2102 Marcwardus
3614 2050 3665 2084 ³ο

1959 2128 2194 2199 quintus
2248 2128 2459 2197 praesul
2510 2126 2551 2164 ²¹
2613 2129 2883 2183 ωαοιθδὶω
2941 2136 3171 2198 nostra,
3230 2141 3594 2206 quatuorque
3617 2138 3665 2172 ²²

1958 2220 2184 2270 tantum
2239 2231 2423 2269 annos
2476 2215 2700 2282 sedens,
2755 2218 2943 2271 trabes
2976 2220 3243 2275 aecclesia:
3273 2223 3481 2291 posuit.
3530 2226 3663 2280 Post

1958 2306 2113 2360 hunc
2151 2302 2493 2357 subintravit
2543 2303 2787 2357 domnus
2837 2306 3166 2373 Wicbertus,
3217 2314 3407 2362 sextus
3439 2310 3661 2379 episco-

1958 2410 2087 2464 pus.
2151 2392 2249 2447 Hic
2301 2392 2577 2446 fabricam
2632 2395 3072 2461 consummavit,
3127 2400 3183 2449 et
3231 2397 3545 2451 {ecclesiam
3570 2399 3658 2453 ni-

1959 2480 2305 2536 chilomiuus
2352 2479 2729 2535 consecravit.
2780 2481 2879 2535 Hic
2921 2498 3152 2537 omnem
3212 2484 3551 2555 religionem
3604 2492 3663 2542 et

1960 2569 2322 2640 disciplinam
2352 2583 2481 2622 cum
2510 2568 2720 2622 domna
2749 2569 2868 2623 Oda
2897 2573 2953 2623 et
2980 2571 3275 2642 Gerburga
3303 2570 3349 2606 ³³
3375 2573 3661 2629 abbatissa

1961 2660 2020 2713 in
2066 2657 2302 2729 praefato
2360 2657 2485 2710 loco
2532 2656 2820 2711 inchoavit
2849 2662 2907 2712 et
2957 2660 3225 2729 perfecit;
3254 2660 3375 2730 ejus
3421 2662 3659 2717 consilio

1958 2746 2156 2802 omnia
2233 2744 2619 2815 disponebant
2677 2750 2734 2799 et
2812 2747 3075 2817 agebant.
3159 2750 3406 2803 Praaerat
3460 2755 3656 2806 autem

1960 2838 2175 2892 domna
2226 2833 2530 2904 Gerburgis
2580 2832 2629 2870 "
2684 2836 3111 2907 congregationi
3158 2840 3228 2891 22
3259 2854 3456 2904 annos,
3505 2840 3660 2908 posi-

1959 2930 2132 2995 taque
2164 2926 2249 2977 est
2271 2921 2332 2975 in
2364 2937 2509 2976 nova
2537 2922 2813 2989 ecclesia,
2847 2924 3010 2994 juxta
3038 2925 3312 2979 domuam
3349 2926 3658 2982 Hathumo-

1958 3014 2091 3069 dam
2104 3014 2149 3048 ²⁵
2162 3053 2175 3064 .
2203 3010 2469 3065 Sororem
2482 3016 2675 3064 autem
2691 3013 2812 3081 ejus
2831 3012 3133 3067 Cristinam
3149 3014 3658 3085 domuusWigber—

1956 3108 2048 3158 tus
2080 3101 2140 3155 iu
2168 3099 2427 3170 regimen
2455 3099 2769 3154 intromisit
2789 3105 2844 3154 et
2873 3101 3237 3155 consecravit.
3267 3104 3487 3156 Domna
3511 3119 3653 3173 quo-

1958 3206 2071 3262 que
2120 3187 2240 3243 Oda
2282 3188 2592 3241 centesimo
2652 3188 2894 3259 septimo
2942 3190 3124 3245 aetatis
3169 3206 3341 3255 anno,
3389 3190 3656 3245 omnibus

1957 3280 2093 3335 tiliis
2133 3276 2460 3349 praemissis,
2495 3277 2753 3343 decessit,
2804 3277 3050 3332 Cristina
3075 3283 3295 3331 tantum
3328 3278 3653 3348 superstite,

1957 3366 2259 3439 positaque
2286 3371 2370 3418 est
2389 3365 2553 3434 juxta
2590 3364 2736 3419 ﬁlias
2766 3382 2921 3420 suas.
2961 3366 3068 3420 Sed
3122 3371 3177 3419 et
3201 3365 3326 3436 ipsa
3368 3366 3656 3422 Christina

1957 3472 2052 3510 sex
2084 3458 2308 3508 tantum
2359 3468 2540 3506 annos
2588 3454 2757 3507 matri
2805 3455 3191 3525 supervivens,
3244 3453 3392 3508 felici
3421 3455 3654 3510 decessu

1960 3541 2227 3613 migravit
2264 3540 2332 3594 ad
2365 3540 2696 3596 Dominum.
2746 3543 2996 3596 Domnus
3047 3557 3279 3613 quoque
3332 3542 3654 3613 Wigbertus

1957 3630 2216 3687 consedit
2245 3645 2376 3683 cum
2427 3630 2768 3700 Mogontinis
2820 3631 3104 3701 episcopis
3160 3631 3484 3694 Liudberto,
3514 3633 3656 3687 Suu-

1956 3720 2210 3783 deraldo,
2261 3722 2316 3771 et
2364 3720 2625 3772 Hattoue.
2678 3720 2811 3773 Post
2867 3721 3018 3773 hunc
3081 3718 3400 3774 Walbertus
3454 3738 3653 3778 succe-

1958 3807 2118 3873 dens,
2165 3805 2443 3876 septimus
2486 3805 2807 3877 episcopus,
2855 3806 3216 3861 Rotsuitham
3261 3809 3654 3865 venerabilem

1957 3895 2254 3959 feminam,
2277 3893 2346 3949 de
2377 3893 2500 3964 ipsa
2523 3896 2970 3967 congregatione
3000 3895 3261 3961 electam,
3295 3896 3355 3949 in
3396 3897 3654 3967 regimen

1957 3982 2289 4049 intromisit,
2342 3984 2791 4039 consecrationes
2848 3999 3077 4055 quoque
3116 3982 3176 4036 in
3228 3984 3479 4038 aecclesia
3505 4002 3651 4056 pra:-

1957 4072 2169 4143 seripta
2218 4075 2274 4125 et
2332 4072 2670 4127 ancillarum
2723 4072 2823 4127 Dei
2885 4072 3193 4126 velationes
3250 4075 3309 4126 et
3348 4077 3554 4129 caetera
3582 4075 3655 4129 ad

1959 4159 2277 4214 ministeria
2331 4160 2722 4215 aecclesiastica
2752 4159 3100 4232 pertinentia
3130 4160 3284 4216 fecit.
3337 4162 3471 4216 Post
3504 4162 3654 4217 Wal-

1957 4249 2183 4304 bertum
2242 4246 2291 4284 ²⁶
2321 4248 2624 4314 Sehardus,
2661 4249 3000 4304 venerabilis
3032 4247 3136 4315 vir,
3192 4254 3387 4321 pastor
3426 4255 3657 4306 octavus

1956 4341 2167 4393 nostrae
2196 4337 2463 4391 escelesiaa
2493 4337 2811 4393 ordinatur.
2847 4338 2947 4393 Hic
2976 4337 3189 4409 absque
3210 4338 3391 4400 .omni
3439 4346 3659 4395 contra-

1957 4426 2203 4480 dictione
2232 4441 2609 4497 quaecumque
2666 4427 2737 4481 ad
2770 4426 3231 4482 (ecclesiasticum
3273 4427 3657 4484 ministerium

1959 4514 2327 4587 pertinebant
2378 4515 2437 4570 in
2492 4516 2734 4586 praefato
2798 4519 2919 4571 loco
2973 4515 3410 4572 administravit.
3466 4520 3660 4573 Nouus

1961 4607 2089 4674 post
2134 4602 2451 4658 Sehardum
2508 4605 2889 4659 Thiethardus
2941 4606 2986 4641 ³⁷
3012 4605 3244 4660 antistes
3303 4607 3470 4661 nobis
3510 4621 3659 4677 pre-

1963 4690 2170 4757 ﬁcitur,
2225 4691 2531 4746 Fritherico
2580 4692 3004 4763 archiepiscopo
3051 4693 3348 4763 Mogontiae
3377 4695 3426 4731 ³⁸
3456 4694 3661 4765 pressi-

1966 4779 2155 4834 dente.
2203 4780 2302 4833 Hic
2347 4782 2698 4835 consecravit
2744 4798 2950 4835 novam
3000 4782 3335 4848 ecclesiam,
3394 4782 3495 4837 ubi
3532 4797 3661 4835 mo-

1965 4869 2163 4923 nachae
2210 4885 2360 4923 nunc
2411 4868 2633 4924 Christo
2681 4870 2952 4937 militant,
2988 4875 3045 4926 et
3075 4870 3271 4926 omnia
3318 4870 3663 4940 episcopalia

1573 5016 1805 5070 VARle
1854 5016 2251 5072 LECTIONES.

234 5123 259 5159 ⁸
313 5123 611 5180 dominum
674 5127 728 5177 l.
786 5124 809 5158 ⁷
864 5121 1083 5176 domini
1142 5126 1191 5176 1.
1252 5120 1275 5156 ⁸
1326 5122 1493 5176 codem
1550 5123 1798 5175 lacunam
1849 5123 2077 5191 praefert
2118 5137 2282 5189 quam
2335 5122 2641 5176 contectali
2693 5122 3015 5191 explendam
3071 5137 3181 5177 esse
3244 5125 3426 5191 patet;
3484 5137 3663 5177 recens

167 5201 343 5250 tamen
388 5195 566 5249 scriba
625 5195 961 5248 contectrice
993 5196 1242 5258 inseruit,
1283 5193 1427 5261 quod
1459 5197 1509 5247 et
1537 5195 1588 5263 3.
1634 5192 1686 5246 4.
1789 5190 1990 5263 legunt.
2052 5191 2078 5226 ⁸
2108 5193 2208 5245 hac
2250 5207 2373 5245 voce
2402 5192 2596 5261 incipit
2622 5196 2682 5246 2.
2722 5192 2770 5230 ¹⁰
2800 5192 3172 5263 gaudesheim
3228 5195 3281 5245 2.
3318 5190 3361 5229 ¹¹
3399 5192 3564 5247 deest.
3604 5196 3661 5247 2.

166 5264 214 5299 ¹²
264 5264 768 5335 gandeshemensis
825 5267 877 5318 2.
935 5263 981 5299 ⁸³
1037 5264 1353 5318 hathomud
1396 5266 1455 5317 2.
1530 5262 1575 5299 ⁸⁸
1630 5262 2129 5317 brunisteshusum
2180 5265 2233 5315 2.
2298 5264 2342 5300 ¹⁸
2372 5263 2665 5365 gerbergis
2711 5267 2763 5317 2.
2808 5262 2868 5302 ί¹⁶
2922 5278 3088 5317 manu
3147 5268 3199 5317 2.
3266 5264 3326 5316 in
3381 5279 3556 5332 marg.
3608 5266 3661 5317 2.

170 5335 215 5369 η
264 5337 574 5369 mea...”
643 5339 674 5369 ς)
760 5333 809 5368 is
856 5335 1001 5369 ,δορυ
1047 5338 1077 5369 ε)
1153 5333 1201 5369 I9
1251 5334 1508 5369 ιινοιιηηη
1570 5336 1601 5369 ε)
1681 5331 1729 5369 ιο
1777 5333 2194 5369 ,παρηιιιιω-Αηα
2248 5337 2280 5369 ι)
2357 5336 2379 5369 s
2457 5334 2601 5369 nam
2652 5337 2668 5369 ι
2756 5332 2807 5366 ss
2870 5339 3120 5369 τωρωι...
3178 5337 3194 5369 i
3293 5332 3342 5368 ss
3389 5335 3661 5369 κωκυ-ηε,

170 5335 215 5374 ¹⁷
264 5331 576 5390 hathomud
643 5339 701 5390 2.
760 5333 809 5368 ⁸⁸
856 5335 1001 5389 deest
1047 5338 1099 5388 2.
1153 5333 1201 5371 '9
1251 5334 1533 5404 hrabonoA
1570 5336 1621 5387 2.
1681 5331 1729 5369 ²⁰
1777 5333 2195 5404 marquuardu_s
2248 5337 2301 5386 2.

2456 5332 2605 5389 deest
2652 5337 2699 5387 l.
2756 5332 3120 5404 “quatuor
3178 5337 3225 5387 1.
3293 5332 3342 5368 ³³
3387 5335 3667 5404 gerberga

168 5412 223 5460 2.
269 5406 317 5443 ἰ
358 5406 648 5476 gerbergis
701 5410 756 5461 2.
808 5404 856 5442 ’⁸
904 5405 1314 5460 hatbumodam
1372 5406 1426 5457 2.
1488 5401 1536 5437 ’δ
1594 5401 1981 5461 uualtbertum
2039 5408 2091 5458 2.
2159 5401 2205 5438 ³⁷
2264 5403 2631 5459 thiuthardus
2683 5408 2735 5459 2.
2796 5403 2845 5438 ³⁸
2888 5401 3200 5475 ἶῐιοεοῑιῐίίὶ
3255 5409 3311 5460 2.
3366 5401 3421 5461 [θ’.
3480 5422 3531 5460 a.
3593 5401 3661 5459 Π.

172 5496 228 5548 p.
255 5495 420 5541 manu
446 5477 680 5532 secunda
718 5480 775 5531 in
797 5494 974 5545 marg.
999 5480 1047 5528 2.
