4016 6202
424 276 528 338 403

1424 276 1826 334 ramosam
1869 262 2308 335 rniassmm
2347 271 2929 332 HILDESHEIMENS.
3789 278 3872 330 sei

425 403 485 458 in
517 401 755 474 praefato
782 399 906 456 loco
953 401 1062 457 rite
1107 399 1455 473 procuravit,
1487 401 1645 455 nullo
1685 400 1972 455 obviante.
2016 402 2122 455 De-
2152 403 2199 454 A
2236 399 2580 454 velationem
2671 397 2846 451 simul
2935 400 3190 468 agerent,
3275 399 3604 451 casterarum
3685 414 3876 471 quoque

426 492 610 546 cimus
637 496 766 562 post
796 491 1206 548 Thiethardum
1230 490 1276 525 ’9
1297 492 1544 545 domnus
1573 488 1826 544 Otwinus
1866 490 2123 562 praefuit.

428 582 528 636 Hic
556 581 826 635 domnam
878 581 1232 649 Gerburgam
1276 579 1323 615 ³ο
1348 579 1654 633 secundam
1703 576 1747 614 ³¹
1778 577 1837 632 in
1868 579 2128 648 regimen

426 668 721 724 constituit
752 673 810 722 et
831 668 1200 733 consecravit,
1249 673 1306 722 et
1326 666 1522 720 omnia
1560 665 1907 736 episcopalia
1953 666 2131 720 ﬁdeli-

427 763 515 811 ter
544 755 815 827 providit,
873 756 1085 810 domno
1141 756 1498 809 Willehelmo
1546 751 1596 790 ⁸³
1654 755 1848 825 magni
1907 754 2131 809 Ottonis

427 846 547 900 tilio
625 845 682 898 in
744 844 906 898 nullo
977 844 1060 898 illi
1117 845 1471 898 adversante.
1534 842 1810 897 Similiter
1863 845 2026 897 Hatto
2076 847 2133 897 et

429 933 748 990 Rodbertus
809 932 869 986 in
938 933 1097 986 nullo
1151 931 1234 984 illi
1297 931 1663 985 adversantes
1719 931 2130 986 amicissimum

431 1024 774 1078 habuerunt.
827 1020 1150 1091 Willegisns
1188 1018 1237 1053 ⁵³
1295 1036 1527 1090 quoque
1581 1019 1666 1073 illi
1709 1017 1760 1054 ³⁸
1804 1021 2128 1087 succedens,

429 1110 641 1165 veritus
687 1109 828 1164 tanti
895 1109 1003 1163 viri
1033 1113 1384 1163 senectutem
1415 1113 1473 1162 et
1511 1123 1739 1161 morum
1769 1108 2131 1179 gravitatem,

430 1199 658 1270 publice
680 1198 842 1252 illum
869 1197 1168 1267 percoluit,
1202 1197 1422 1250 occulte
1452 1212 1585 1249 vero
1611 1200 1784 1266 paulo
1811 1197 2134 1252 mordacius

430 1288 678 1358 quadam
710 1285 890 1339 animi
930 1284 1331 1354 indignatione
1360 1285 1445 1337 illi
1476 1284 1876 1352 adbellicabat,
1915 1286 1997 1340 nil
2023 1290 2132 1340 'ta-

430 1392 563 1430 men
623 1375 684 1428 in
740 1373 1021 1442 regimine
1078 1372 1298 1443 praefati
1355 1372 1603 1426 cmnobii
1679 1388 1971 1442 asperum,
2029 1389 2134 1428 nec

426 1464 615 1518 verbis
665 1479 768 1516 nec
793 1464 839 1499 ³⁵
869 1460 1031 1514 factis
1085 1461 1353 1514 ostendit.
1385 1462 1512 1514 Haec
1561 1459 1755 1530 itaque
1805 1461 1935 1516 ideo
1992 1478 2134 1533 pro-

430 1551 617 1624 posui,
643 1555 706 1604 ut
764 1549 951 1602 cuncti
981 1549 1310 1619 intelligant
1337 1546 1407 1614 ³⁵,
1441 1553 1656 1618 quanta
1699 1549 1925 1604 levitate
1955 1567 2018 1604 ac
2049 1556 2134 1605 te-

431 1639 696 1695 meritate
723 1637 793 1691 sit
821 1637 1117 1702 violatum,
1153 1637 1306 1707 quod
1338 1637 1455 1690 fere
1503 1653 1606 1708 per
1651 1638 1925 1692 ducentos
1953 1655 2133 1692 annos

432 1733 550 1782 tam
582 1725 628 1762 ³⁷
650 1725 1067 1780 venerabilium
1133 1730 1362 1796 patrum
1416 1725 1715 1796 utriusque
1765 1726 2131 1782 lociantisti-

432 1819 555 1868 tum
590 1812 897 1867 concordia
925 1813 1280 1876 rohoratum,
1311 1813 1471 1867 omni
1499 1814 1774 1868 canonica
1800 1816 2133 1870 auctoritate

435 1903 615 1958 ﬁxum
645 1906 817 1971 atque
846 1906 1039 1955 ratum
1071 1901 1316 1954 duravit.

509 1996 592 2046 13.
629 1991 736 2045 Sed
759 1990 996 2044 secundi
1046 1988 1409 2059 imperatoris
1441 1988 1663 2044 Ottonis
1695 1989 1832 2057 filia,
1865 1990 2044 2046 fomes
2073 1999 2136 2048 ut

432 2095 570 2150 pace
592 2078 852 2133 omnium
884 2077 1070 2132 dicam
1119 2077 1448 2146 hujusmodi
1503 2077 1898 2147 dissensionis,
1933 2081 2071 2136 dum
2104 2099 2136 2136 a

435 2182 539 2220 suo
592 2165 884 2235 episcopo,
920 2164 1134 2218 domno
1168 2163 1429 2218 videlicet
1453 2163 1694 2235 Osdago,
1731 2181 1955 2220 sacrum
1988 2168 2136 2221 vela-

433 2269 567 2308 men
596 2253 854 2324 accipere
885 2253 1122 2323 spernit,
1155 2252 1510 2323 Willegisum
1560 2254 1802 2324 appetit,
1830 2255 2135 2326 indignum

435 2341 724 2396 aestimans
782 2340 890 2394 nisi
919 2357 952 2394 a
996 2341 1276 2411 palligero
1325 2343 1661 2397 consecrari.
1713 2344 1872 2407 Quod
1919 2344 2046 2416 ipse
2074 2345 2138 2400 li-

436 2431 579 2485 bens
631 2429 856 2494 annuit,
926 2429 1065 2482 haut
1143 2429 1511 2484 considerans
1561 2435 1840 2501 quantum
1900 2433 2138 2505 antiqua

435 2534 722 2573 canonum
753 2521 962 2572 statuta
1000 2515 1050 2551 ⁸³
1091 2517 1410 2572 temeravit.
1472 2519 1585 2573 Nec
1619 2519 1872 2575 fraterna
1901 2522 2136 2576 caritate

437 2607 658 2662 aditum
682 2607 965 2678 quaesivit,
1016 2607 1115 2660 sed
1138 2606 1298 2660 fratri
1323 2610 1379 2660 et
1407 2607 1742 2678 coepiscopo
1771 2609 1924 2663 diem
1944 2609 2137 2681 impe-

435 2695 599 2760 ravit,
632 2700 696 2749 ut
723 2695 795 2750 ad
842 2693 1192 2750 velationem
1221 2695 1560 2751 ancillarum
1602 2697 1702 2750 Dei
1739 2697 1801 2751 in
1831 2697 2136 2753 festivitate

436 2781 617 2836 sancti
650 2781 817 2836 Lucae
874 2781 1236 2852 evangelista:
1276 2781 1360 2835 illi
1408 2787 1751 2836 occurreret.
1804 2785 2009 2838 Nactus
2031 2785 2137 2839 ita-

437 2886 550 2941 que
606 2874 1003 2940 opportunum
1050 2873 1277 2936 tempus
1326 2870 1570 2924 domnus
1621 2870 1897 2942 Osdagus,
1952 2873 2137 2927 archi-

2235 488 2483 543 domnus
2541 486 2799 557 Osdagus
2850 486 3003 539 solus
3056 484 3434 556 prospiceret;
3468 485 3769 556 factumque
3811 493 3880 542 est

2237 576 2532 631 insolitum
2590 591 2692 629 nec
2749 579 2882 628 ante
2932 590 2966 626 a
3035 575 3198 627 nobis
3264 572 3466 640 visum,
3527 578 3590 626 ut
3634 575 3735 628 duo
3781 577 3881 646 epi-

2237 665 2394 734 scopi
2423 681 2490 718 ex
2537 665 2710 717 latere
2741 663 2936 716 altaris
2975 661 3189 732 pariter
3238 661 3520 726 sederent,
3584 664 3884 731 pontiﬁcali-

2238 754 2344 808 bus
2386 753 2736 823 paramentis
2769 752 2960 806 festive
3014 750 3259 804 infulati.
3303 751 3545 803 Ventum
3599 757 3680 806 est
3727 753 3886 822 itaque

2239 843 2309 897 ad
2354 842 2694 896 ancillarum
2751 840 2851 894 Dei
2877 838 3388 906 consecrationem,
3433 855 3564 892 cum
3605 840 3883 910 episcopus,

2239 930 2339 1002 qui
2360 935 2527 984 antea
2559 946 2590 983 a
2612 927 2927 1000 pontiﬁcali
2952 930 3081 998 jure
3103 927 3410 981 timebatur
3438 927 3699 997 dejectus,
3730 929 3884 982 subito

2240 1019 2342 1074 Dei
2366 1019 2552 1090 gratia
2581 1024 2819 1078 erectus,
2861 1017 3008 1071 inter
3039 1016 3339 1070 missarum
3379 1015 3708 1085 sollempnia
3735 1017 3887 1084 primo

2239 1107 2520 1162 domuum
2569 1122 2786 1176 regem,
2820 1105 2866 1160 si
2921 1105 2982 1159 in
3029 1103 3366 1158 velationem
3397 1120 3517 1157 suae
3563 1103 3756 1158 sororis
3779 1122 3884 1158 con-

2239 1195 2499 1259 sentiret,
2532 1195 2830 1249 humiliter
2885 1192 3202 1265 requisivit,
3255 1191 3466 1247 deindo
3498 1197 3725 1246 caeteros
3752 1209 3879 1247 mun-

2240 1283 2537 1338 diburdos.
2581 1283 2796 1347 Quibus
2817 1297 3157 1336 consensum
3199 1280 3529 1345 fatentibus,
3554 1279 3729 1350 primo
3749 1281 3878 1335 dom-

2241 1388 2378 1427 nam
2452 1371 2747 1442 Sophiam,
2809 1371 2857 1425 si
2907 1370 2980 1424 ad
3041 1369 3667 1426 llildenesheimensem
3732 1370 3879 1424 sedem

2242 1460 2351 1514 sibi
2380 1460 2611 1532 suisque
2644 1458 3064 1514 successoribus
3111 1458 3528 1529 subjeclionem
3559 1462 3616 1511 et
3643 1457 3879 1513 oboedien-

2242 1548 2382 1603 tiam
2430 1550 2813 1619 profiteretur,
2873 1547 3264 1617 interrogavit,
3308 1546 3518 1600 deinde
3557 1545 3689 1599 alias
3731 1547 3880 1600 velan-

2242 1638 2362 1692 das.
2396 1637 2532 1702 Qua:
2577 1637 2838 1691 unamini
2875 1652 3152 1690 consensu
3208 1635 3549 1706 religionem
3605 1637 3658 1688 et
3707 1635 3878 1704 subjec-

2243 1727 2460 1780 tionem
2515 1727 2780 1780 confessae
2848 1729 3003 1791 sunt,
3057 1724 3400 1795 publiceque
3445 1726 3490 1759 ⁸⁵
3535 1723 3880 1777 denunciatum

2245 1819 2329 1869 est
2387 1814 2546 1868 omni
2596 1815 2747 1867 clero
2793 1821 2851 1867 et
2906 1813 3140 1883 populo,
3173 1810 3666 1881 archiepiscopum
3695 1811 3883 1880 niljnris

2245 1902 2353 1957 sibi
2391 1903 2453 1956 in
2500 1903 2596 1956 illa
2639 1901 2894 1956 aecclesia
2933 1900 3231 1955 vendicare
3259 1898 3309 1935 "
3357 1903 3571 1970 praeter
3593 1915 3876 1953 consensum

2245 1997 2302 2046 et
2333 1991 2676 2062 permissum
2728 1988 3305 2045 Hildenesheimensis
3362 1988 3639 2059 episcopi.
3663 1988 3884 2043 Omnibus

2245 2095 2475 2150 quoque
2505 2077 2614 2132 rite
2657 2077 2918 2148 peractis,
2975 2092 3199 2131 summa
3227 2090 3365 2146 pace
3415 2078 3474 2132 et
3503 2075 3777 2129 concordia
3800 2075 3884 2128 dis-

2244 2183 2466 2222 cessum
2550 2170 2661 2232 est;
2732 2165 3002 2237 stetitque
3083 2163 3436 2218 unanimitas
3520 2164 3624 2217 sub
3718 2163 3884 2217 domno

2245 2256 2468 2327 Osdago
2500 2259 2556 2310 et
2586 2254 2866 2325 Gerdago,
2925 2258 2981 2309 et
3023 2253 3243 2326 aliquot
3289 2254 3455 2308 annis
3512 2251 3556 2288 ⁸⁷
3586 2251 3884 2307 domniBer-

2245 2343 2483 2410 nwardi,
2538 2343 2682 2397 adeo
2729 2348 2794 2397 ut
2841 2342 3121 2397 acclesias
3163 2342 3384 2412 aliquas
3426 2345 3700 2412 praesente
3743 2339 3884 2393 archi-

2245 2432 2516 2503 episcopo
2563 2432 2778 2486 ibidem
2825 2435 3200 2497 consecraret,
3257 2430 3543 2501 synodum
3591 2429 3747 2484 etiam
3798 2444 3884 2481 ma-

2245 2537 2418 2592 gnam
2445 2520 2682 2575 haberet
2711 2525 2994 2592 prasente
3024 2520 3233 2574 domno
3264 2534 3398 2589 rege
3451 2519 3624 2573 tercio
3653 2519 3827 2573 Ottone
3857 2512 3888 2549 ⁸⁸

2247 2609 2529 2664 assidente
2585 2609 2998 2663 nichilominus
3053 2607 3290 2677 praefato
3331 2606 3766 2677 archiepiscopo,
3791 2618 3888 2658 cum

2245 2702 2438 2752 tamen
2491 2697 2573 2752 nil
2616 2714 2719 2752 sua
2759 2697 3096 2751 auctoritate
3147 2696 3503 2764 decerneret,
3545 2700 3741 2766 praeter
3774 2692 3889 2764 quod

2248 2801 2546 2840 assensum
2600 2802 2764 2856 aeque
2811 2790 2876 2839 ut
2929 2785 3027 2838 alii
3073 2786 3273 2838 fratres
3328 2784 3547 2838 domno
3588 2781 3889 2840 Bernwardo,

2247 2876 2347 2946 qui
2376 2875 2594 2946 synodo
2651 2875 3016 2945 praesidebat,
3067 2874 3331 2944 praebuit.
3391 2871 3891 2928 Interfueruntlsla-

437 2957 771 3028 episcopum
802 2957 1077 3012 secretius
1127 2974 1241 3028 qua
1265 2959 1600 3012 auctoritate
1630 2957 1689 3013 id
1709 2964 1906 3029 ageret
1937 2961 2134 3033 requi-
2170 2959 2211 3013 C
2249 2965 2367 3020 rius
2388 2962 2433 3001 ‘9
2485 2965 2988 3036 Magdaburgensis
3037 2963 3525 3033 archiepiscopus,
3568 2961 3827 3017 Liudolfus
3852 2957 3888 2990 ³ο

438 3045 598 3112 sivit;
651 3060 783 3098 cum
849 3045 946 3099 ille
1003 3044 1215 3098 minaci
1276 3045 1436 3098 vultu
1495 3045 1818 3100 mordacius
1870 3048 1939 3102 ad
1975 3064 2139 3104 suam

438 3132 800 3204 parrochiam
847 3132 1138 3202 pertinere
1195 3132 1512 3202 respondit,
1577 3138 1633 3186 et
1685 3138 1897 3188 statuta
1957 3135 2050 3191 die
2081 3153 2140 3191 se

437 3219 673 3273 ancillas
706 3219 808 3274 Dei
845 3220 1189 3286 velatarum,
1223 3236 1571 3291 omnemque
1613 3220 1994 3292 episcopalem
2038 3241 2140 3294 po-

437 3311 700 3362 testatem
731 3306 792 3360 in
822 3306 946 3360 illo.
969 3308 1093 3362 loco
1125 3323 1185 3362 se
1227 3307 1634 3378 adempturum
1687 3310 1964 3380 promisit.
1999 3312 2140 3367 Cum

437 3396 632 3466 itaque
658 3395 729 3449 ad
759 3394 914 3450 diem
946 3401 1182 3450 ventum
1215 3401 1319 3462 est,
1375 3396 1583 3450 restitit
1611 3397 1696 3452 illi
1741 3399 1912 3468 plena
1942 3405 2142 3455 aucto-

439 3485 606 3538 ritate
637 3485 883 3538 domnus
914 3485 1192 3555 Osdagus,
1225 3489 1513 3555 praesente
1560 3501 1697 3556 rege
1728 3487 1938 3542 domno
1967 3489 2142 3543 tercio

439 3573 665 3637 Ottone,
715 3587 846 3626 cum
877 3577 1058 3626 matre
1090 3572 1456 3642 imperatrice
1507 3573 1720 3629 domna
1746 3572 1795 3608 ³9
1840 3576 2144 3647 Theupha-

438 3677 521 3716 nu
570 3658 636 3728 ⁸ο,
694 3659 1078 3714 assidentibus
1133 3676 1362 3732 quoque
1415 3660 1713 3732 episcopis,
1776 3664 2047 3718 Rethario
2100 3665 2142 3702 ⁴⁶

441 3748 969 3804 Patherbrunnensi
996 3749 1286 3820 episcopo,
1321 3749 1527 3805 Milone
1558 3750 1834 3805 Mindensi
1855 3753 2141 3823 episcopo,

441 3837 780 3894 Hildebaldo
833 3837 884 3875 ’³⁸
932 3839 1340 3893 Wormaciensi
1399 3844 1442 3876 ⁴³
1493 3840 1780 3911 episcopo,
1832 3858 1963 3896 cum
2017 3844 2146 3898 aliis

440 3925 822 3998 principibus,
856 3927 955 3996 qui
1004 3928 1072 3981 ad
1104 3928 1590 3999 sollempnitatem
1633 3931 2001 3986 velandarum
2032 3933 2144 3986 vir-

441 4014 645 4084 ginum
665 4022 1073 4068 convenerant.
1100 4017 1242 4068 Cum
1267 4031 1404 4084 ergo
1426 4017 1598 4086 longa
1615 4017 1952 4087 disceptatio
1977 4026 2143 4088 esset,

442 4103 692 4157 domnus
724 4101 1001 4170 Osdagus,
1035 4103 1314 4172 simplicis
1347 4103 1524 4160 animi
1554 4104 1662 4173 vir,
1700 4105 1895 4159 divino
1920 4107 2146 4162 monitu

2249 3052 2608 3108 Treverensis
2659 3052 3138 3121 archiepiscopus,
3199 3051 3328 3106 Milo
3384 3050 3686 3107 Mindensis
3721 3049 3890 3119 episco-

2251 3157 2377 3212 pus,
2437 3140 2804 3196 Hildebaldus
2845 3140 3284 3195 Wormaciensis
3329 3139 3371 3176 ⁵¹
3429 3141 3739 3210 episcopus,
3769 3139 3888 3206 [lngo

2253 3228 2547 3285 Citicensis
2594 3227 2908 3297 episcopus.
2972 3227 3092 3280 Non
3159 3231 3351 3280 tamen
3426 3233 3554 3281 rata
3630 3221 3888 3296 permansit

2252 3315 2582 3386 hujusmodi
2657 3314 2979 3383 concordia,
3051 3315 3187 3385 quia
3237 3315 3297 3369 in
3355 3315 3610 3369 medium
3678 3313 3886 3385 quadam

2255 3408 2632 3471 emerserunt,
2719 3419 2848 3474 quae
2931 3402 3212 3457 orientem
3307 3403 3606 3458 caritatem
3685 3398 3889 3456 falsitatis

2254 3493 2390 3548 lolia
2419 3491 2468 3527 ⁵²
2492 3495 2881 3562 peremerunt.

2333 3583 2415 3635 14.
2448 3581 2720 3636 Odiosum
2763 3581 2978 3651 quippe
3035 3586 3123 3635 est
3163 3585 3355 3636 nostro
3413 3586 3670 3653 tempore
3704 3578 3886 3632 veritate

2257 3669 2510 3740 aliquem
2541 3674 2763 3735 notare,
2795 3670 2941 3723 sicut
2981 3686 3009 3722 a
3042 3670 3292 3740 quodam
3320 3669 3543 3724 dictum
3585 3674 3691 3724 est:
3724 3670 3887 3724 Veritas

2257 3759 2442 3812 odium
2490 3760 2665 3828 parit,
2719 3758 2817 3812 sed
2873 3756 3258 3812 scribentibus
3309 3759 3498 3829 gravis
3538 3758 3698 3828 culpa
3737 3760 3806 3808 est
3828 3752 3885 3804 vel

2256 3847 2400 3900 falsa
2443 3846 2628 3900 dicere
2670 3850 2770 3900 aut
2813 3861 2948 3900 vera
2980 3846 3380 3901 intermittere.
3418 3847 3578 3902 Unde
3617 3861 3742 3917 pace
3761 3858 3884 3897 cunc-

2259 3939 2483 3988 ctorum
2548 3934 2717 3988 liceat
2790 3934 2920 4002 dici,
2981 3936 3135 4006 quod
3216 3936 3398 3990 scelus
3452 3941 3542 3991 est
3597 3934 3769 3990 celari.
3816 3931 3886 3982 llla

2259 4023 2474 4094 quippe
2498 4023 2772 4092 praeclara
2802 4022 3136 4077 ancillarum
3170 4024 3270 4078 Dei
3313 4024 3682 4096 congregatio
3709 4020 3748 4058 ⁵³
3775 4022 3885 4074 tanto

2259 4112 2449 4166 studio
2493 4116 2550 4166 et
2590 4111 2885 4166 devotione
2933 4112 3298 4166 dominorum
3331 4117 3660 4167 nostrorum
3712 4114 3884 4181 patrum

441 4190 714 4288 incitatus
748 4189 1132 4292 episcopalem
1177 4191 1510 4292 cathedram
1555 4191 1624 4246 ad
1655 4192 1908 4292 absidem
1952 4196 2146 4251 altaris
2178 4239 2221 4292 Β
2260 4201 2480 4271 patriae,
2542 4201 2750 4255 ducum
2798 4216 2862 4254 ac
2915 4217 3136 4270 regum,
3184 4217 3288 4271 per
3340 4201 3648 4256 Altfridum
3705 4199 3886 4269 ejusque

444 4277 584 4347 poni
609 4276 902 4348 praecepit,
953 4277 1059 4330 hac
1116 4277 1362 4332 tuitione
1395 4279 1580 4334 locum
1637 4295 1703 4334 ac
1732 4281 1992 4352 regimen
2038 4284 2145 4338 sibi

445 4362 779 4428 defendens,
810 4362 1132 4418 faventibus
1158 4371 1162 4376 '
1189 4365 1274 4418 illi
1307 4365 1425 4418 fere
1451 4367 1738 4433 omnibus,
1799 4370 1935 4440 quia
1964 4371 2149 4426 archi-

447 4449 705 4522 episcopi
751 4449 1105 4519 animositas,
1158 4451 1266 4505 etsi
1313 4456 1472 4507 metu
1516 4454 1675 4508 illius
1702 4454 2146 4525 dissimularent,

345 4571 348 4574 ~
447 4540 668 4593 cunctis
729 4537 1086 4608 displicebat.
1147 4539 1466 4595 Destitutus
1515 4541 1711 4614 itaque
1769 4545 2149 4616 archiepisco-

409 4643 556 4700 .pus
603 4627 986 4682 multitudinis
1039 4628 1252 4694 favore,
1293 4629 1393 4699 qui
1421 4630 1580 4701 prius
1633 4647 1736 4685 suo
1779 4632 1898 4703 juri
1956 4634 2149 4690 omnia

445 4714 736 4788 promisit,
795 4715 884 4770 vix
928 4716 1140 4771 domna
1191 4715 1549 4787 Theuphanu
1587 4723 1644 4774 et
1689 4719 1970 4792 episcopis
2009 4723 2150 4777 obti-

406 4844 410 4846 γ
445 4804 734 4873 nantibus,
769 4804 895 4875 ipso
941 4821 1174 4876 quoque
1231 4807 1381 4860 ultra
1420 4824 1594 4878 quam
1623 4809 1778 4863 credi
1808 4815 1998 4880 potest
2025 4827 2150 4884 sup«

445 4894 717 4966 plicante,
743 4893 1018 4960 obtinuit,
1079 4899 1144 4948 ut
1189 4894 1259 4948 ad
1311 4895 1629 4967 principale
1659 4897 1837 4952 altare
1893 4899 2148 4954 misteria

445 4981 572 5055 ipsa
619 4981 711 5038 die
755 4986 970 5054 ageret,
1016 4982 1096 5036 ita
1149 4983 1412 5038 videlicet
1449 4990 1513 5040 ut
1559 4986 1786 5040 domnae.
1825 4986 2054 5056 Sophia:
2103 4992 2148 5025 ιι

2259 4304 2611 4343 successores
2666 4287 2926 4342 instituta
2973 4293 3079 4355 est,
3121 4293 3185 4343 ut
3225 4288 3284 4342 in
3341 4289 3626 4360 principio
3679 4284 3886 4341 omnibus

2255 4373 2562 4428 imitabiles
2618 4376 2907 4446 exemplar
2956 4375 3294 4431 humilitatis
3341 4392 3406 4430 ac
3464 4376 3710 4430 caritatis
3761 4373 3885 4426 ﬂore-

2259 4467 2402 4528 rent,
2457 4461 2792 4533 episcopum
2836 4479 3005 4518 suum
3060 4481 3090 4518 a
3163 4465 3274 4518 Deo
3315 4463 3365 4499 ⁵⁸
3419 4464 3529 4518 sibi
3575 4460 3886 4536 praepositum

2257 4549 2421 4619 quasi
2481 4549 2580 4604 Dei
2607 4550 2885 4604 nuncium
2918 4567 2984 4605 ac
3031 4556 3252 4628 patrem
3299 4552 3587 4618 audirent,
3616 4550 3832 4606 colerent
3849 4547 3888 4597 et

2255 4641 2534 4702 amarent,
2575 4654 2775 4692 omnes
2830 4640 3220 4705 adventantes,
3274 4645 3447 4711 prout
3498 4641 3699 4712 cuique
3744 4648 3888 4708 perso-

2255 4741 2346 4780 nas
2381 4726 2758 4796 competebat,
2812 4719 3102 4798 praecipua
3157 4728 3512 4800 benignitate
3569 4723 3883 4795 susciperent.

2257 4813 2357 4867 Hic
2377 4813 2490 4867 illis
2522 4830 2674 4883 usus,
2701 4815 2811 4869 hoc
2864 4816 3116 4871 studium
3162 4816 3298 4884 fuit;
3329 4817 3440 4871 hoc
3476 4821 3668 4871 sancto
3695 4814 3800 4867 loco
3819 4820 3885 4860 re-

2253 4901 2568 4956 verentiam
2607 4908 2666 4958 et
2717 4902 2830 4957 illis
2873 4905 3024 4975 apud
3070 4921 3270 4959 omnes
3315 4905 3560 4976 gratiam
3614 4896 3886 4958 exhibebat;

2254 4988 2364 5043 hoc
2401 4990 2740 5045 humilitatis
2769 4991 3092 5064 privilegio,
3142 5009 3271 5047 cum
3314 5009 3416 5064 pro
3460 4993 3642 5046 causis
3675 4981 3887 5042 zecclesie

1869 5110 2101 5165 VARle
2135 5111 2426 5167 LECTION
2439 5113 2535 5168 ES.

517 5216 566 5252 ’9
612 5218 1001 5274 thiothardum
1055 5224 1107 5274 2.
1157 5218 1208 5255 ⁵ο

451 5293 547 5344 ter.
617 5293 663 5325 ³*
691 5289 828 5363 illis
861 5294 916 5344 2.
949 5288 1031 5363 _‘5
1059 5293 1154 5363 uel
1215 5288 1279 5346 2f
1316 5294 1398 5363 _"A
1432 5288 1774 5363 intellegant
1829 5297 1881 5349 2.
1948 5292 1996 5329 ³⁷

557 5425 605 5463 4ο

445 5430 498 5481 2.
557 5429 605 5463 *⁸
660 5429 805 5484 deest
862 5431 915 5485 l.
991 5429 1034 5467 ⁸⁷
1085 5447 1265 5486 annos
1314 5435 1367 5486 2.
1428 5430 1473 5468 ⁸⁸
1529 5431 1582 5488 d.
1633 5433 1696 5488 Ο.
1748 5433 1788 5487 ῐ.
1862 5449 1914 5489 r.
1982 5438 2032 5489 2.

444 5491 496 5532 ⁸²
543 5499 625 5553 αα
648 5500 694 5552 l.
729 5497 781 5552 2.
805 5493 851 5535 ³⁸
881 5500 940 5553 in
969 5514 1145 5566 marg.
1180 5499 1578 5557 Gandesheim.
1612 5503 1657 5540 “
1686 5517 1751 5558 ac
1782 5503 1851 5557 de
1883 5518 1950 5560 eo
1981 5505 2032 5559 2.

1253 5221 1594 5302 ΒΘΞῬθζὲζξιἯ
1648 5225 1707 5278 2.
1757 5226 1803 5302 ξι
1833 5240 2026 5302 _map_u
2068 5226 2428 5302 _secu_ndai_2_.
2473 5225 2537 5302 5'_
2579 5229 2940 5302 uuillihelmo
2981 5233 3044 5302 2.
3109 5229 3156 5264 ⁸⁵
3214 5231 3525 5302 Willigisus
3587 5232 3636 5284 2.
3681 5228 3885 5302 constan-

451 5299 547 5344 ter.
617 5299 804 5342 uillis
861 5299 916 5344 2.
985 5299 1031 5323 οδ
1064 5299 1154 5345 uel
1215 5299 1268 5346 2.
1329 5299 1374 5327 "
1437 5299 1774 5363 intellegant
1829 5299 1881 5349 2.
1948 5299 1996 5329 ⁵⁷
2061 5299 2145 5348 tot
2191 5299 2245 5349 2.
2313 5299 2362 5332 ³⁸
2407 5299 2670 5352 instituta
2730 5303 2785 5353 2.
2848 5299 2897 5335 ³9
2955 5301 2995 5354 d

445 5359 1124 5440 stantem-“‘hretha-rio'
1169 5364 1223 5416 2.
1278 5361 1342 5440 λζ
1386 5361 1701 5440 hil_dibald_o
1748 5367 1823 5440 _2.
1881 5369 1925 5401 ⁴⁸
1975 5367 2344 5440 vvormacensi
2400 5369 2452 5420 2.
2531 5372 2584 5440 ‘7‘_
2632 5370 2866 5440 sophya:
2942 5375 2995 5425 2.

2313 5295 2362 5332 ³⁸
2407 5296 2670 5352 instituta
2730 5303 2785 5353 2.
2848 5297 2897 5335 ³9
2955 5301 3100 5354 deest
3163 5304 3216 5354 2.
3287 5298 3332 5338 ⁸ο
3368 5295 3640 5356 ῖιιεοίαηιι
3691 5300 3738 5350 2.
3790 5306 3889 5346 con-

3063 5373 3346 5443 SSBW-uf',
3415 5371 3639 5426 Publice
3706 5372 3888 5443 quicqu:

991 5426 1034 5467 ιτ
1085 5447 1265 5486 annos
1314 5435 1367 5486 2.
1428 5430 1473 5468 ιε
1529 5431 1582 5488 d.
1633 5433 1696 5488 ο.
1748 5433 1788 5487 ῐ.
1862 5449 1914 5489 r.
1982 5438 2034 5489 2.
2087 5432 2133 5472 ιο
2182 5435 2389 5491 islarus
2433 5440 2488 5491 2.
2541 5436 2588 5474 ιο
2639 5426 2920 5494 liudulfus
2973 5443 3028 5496 2.
3082 5426 3152 5479 δι’
3182 5439 3389 5496 hildib.
3446 5426 3888 5494 woman-chain
