3920 6190
110 326 176 378 405
1405 314 1561 370 νιΤΑ
1600 315 1654 369 S.
1701 314 1719 369 Ι

1907 312 2139 367 NARDI.

3421 315 3524 370 406

109 439 155 494 ad
197 433 432 508 palatium
488 430 839 498 citabantur,
894 430 1094 486 habitu
1168 431 1479 487 admodum
1527 432 1711 487 nitido
1750 436 1790 488 Α
1823 437 2149 502 suppetere,
2184 431 2615 500 oboedientiam,
2652 437 2849 487 tamen
2917 434 3215 490 caritatem
3268 442 3327 491 et
3365 454 3523 493 reve-

109 528 164 581 vel
229 523 421 593 abjecto
478 519 795 585 venientes,
881 525 948 575 ut
1015 536 1161 573 verae
1211 521 1312 575 Dei
1363 522 1585 576 ancillae
1650 523 1722 575 ab

113 612 313 668 omnibus
341 608 687 663 habebantur
726 623 789 660 ac
821 608 1256 662 venerabantur.
1285 609 1392 664 Sed
1418 616 1721 680 postquam

111 707 223 757 luxus
241 716 295 753 ac
321 696 669 767 superﬂuitas
701 696 957 765 accessit,
990 712 1219 751 morum
1249 696 1559 751 insolentia
1593 698 1719 751 sub-

111 789 300 852 intravit,
338 784 677 839 oboedientia
733 785 974 855 torpuit,
1030 786 1258 855 repulsa
1315 786 1718 856 episcoporum

111 875 377 940 reverentia;
408 874 559 944 quod
590 873 794 943 cuique
841 879 963 928 erat
1002 874 1295 944 placitum,
1332 875 1575 929 faciebat
1606 875 1723 929 lici-

112 975 207 1021 tum.
235 964 414 1019 Addita
442 967 528 1016 est
565 978 793 1033 quoque
816 948 887 1016 ad
917 967 1292 1032 augmentum
1320 964 1457 1017 mali
1499 963 1723 1017 diutina

110 1053 344 1109 inﬁrmitas
372 1052 593 1104 domum
623 1050 947 1121 Gerburgis,
979 1051 1235 1120 ejusdem
1277 1052 1524 1107 casnobii
1557 1067 1722 1106 vene-

107 1143 339 1196 rabillimaz
366 1143 407 1203 δέ
437 1142 656 1207 matris,
679 1140 738 1193 iu
769 1156 943 1210 quam
962 1141 1234 1193 Dominus
1264 1140 1512 1210 plurima
1544 1140 1719 1194 virtu-

106 1237 194 1285 tum
216 1228 435 1299 insiguia
454 1229 691 1282 contulit
713 1247 728 1294 ;
751 1228 1014 1282 decessus
1045 1244 1277 1299 quoque
1316 1228 1720 1299 religiosarum

104 1333 323 1380 sororum,
358 1330 481 1385 quas
510 1315 617 1369 sub
649 1315 965 1369 nutrimine
995 1315 1246 1386 antiquae
1277 1315 1593 1387 disciplima
1632 1316 1720 1369 in-

104 1406 267 1458 stitutae
293 1405 520 1457 fuerant.
559 1403 873 1457 Numerosa
895 1408 1089 1457 autem
1120 1403 1393 1472 juventus
1434 1402 1719 1472 virginum

102 1492 465 1547 fructiﬁcaverat
516 1492 576 1544 in
651 1492 929 1558 tyrocinio
955 1492 1177 1545 Christi.
1227 1492 1364 1556 Quae
1412 1491 1720 1561 ;delicatius

101 1581 326 1644 enutritae,
379 1585 588 1632 metam
638 1580 843 1649 prioris
908 1580 1223 1650 disciplina:
1274 1597 1337 1634 ac
1403 1579 1719 1634 severitatis

100 1670 384 1739 ignorantes,
418 1672 476 1720 ut
506 1670 594 1721 est
624 1667 940 1721 humanum
1000 1673 1126 1737 post
1162 1685 1266 1722 sua
1305 1673 1433 1721 vota
1463 1668 1715 1722 declina-

100 1758 215 1810 bant.
238 1756 428 1826 Sophia
456 1772 710 1826 quoque,
756 1757 967 1809 domna
999 1756 1291 1827 Gerhurga
1341 1756 1517 1810 invita
1567 1756 1716 1809 mul-

100 1852 281 1915 tumque
323 1845 622 1911 renitente,
686 1845 755 1897 ad
811 1843 1089 1913 palatium
1151 1844 1397 1898 factione
1446 1843 1719 1914 Willegisi

100 1933 447 2004 archiepiscopi
478 1949 539 1986 se
568 1932 829 1997 contulit,
853 1932 1048 2002 ibique
1076 1948 1291 1985 annum
1312 1932 1397 1985 vel
1420 1932 1717 1985 biennium

102 2026 401 2088 commorata,
477 2021 829 2075 dissolubilis
911 2020 1040 2073 vitae
1116 2019 1403 2073 tramitem
1451 2020 1720 2074 incedens

102 2111 267 2163 varium
317 2111 381 2164 de
427 2126 485 2162 se
541 2110 748 2180 sparsit
801 2125 1111 2162 rumorem.
1164 2109 1325 2172 Quod
1380 2108 1720 2162 venerabilis

103 2199 402 2252 Bernwardus
431 2198 732 2268 episcOpus
770 2213 883 2250 non
914 2197 1124 2265 ferens,
1191 2196 1405 2267 quippe
1436 2197 1535 2268 qui
1562 2197 1721 2252 illam

99 2303 271 2356 semper
302 2302 517 2340 summo
549 2302 742 2339 amore
774 2292 829 2339 et
859 2286 1041 2357 gratia
1088 2286 1437 2355 percolebat,
1499 2286 1722 2340 blandis

98 2373 211 2427 illam
238 2374 449 2428 monitis
470 2374 542 2428 ad
572 2373 983 2428 monasterium
1003 2374 1190 2428 redire
1222 2375 1520 2444 persuasit.
1556 2375 1722 2428 Cum-

97 2479 175 2530 que
198 2463 280 2515 illa
316 2462 577 2516 exteriori
626 2462 827 2516 auditu
853 2462 941 2516 vix
973 2463 1144 2516 verba
1172 2462 1325 2516 illius
1372 2462 1718 2527 admitteret,

96 2550 251 2620 sapius
274 2550 457 2605 eadem
492 2555 756 2621 repetens
788 2551 857 2604 ad
888 2550 1212 2605 omnobium
1266 2566 1392 2604 eam
1445 2551 1719 2620 repedare

94 2638 367 2693 familiarius
396 2638 698 2693 admonuit
725 2641 791 2693 ³⁸.
822 2640 921 2693 Illa
952 2643 1145 2693 autem
1176 2640 1218 2675 ⁵⁷
1283 2639 1407 2708 ejus
1434 2655 1720 2693 accessum

95 2727 535 2781 etconfabulatum
570 2727 759 2797 primo
810 2728 1105 2792 deliuavit,
1153 2727 1360 2781 deinde
1415 2727 1483 2780 ad
1536 2727 1720 2781 archi-

94 2815 363 2885 episcopum
396 2816 548 2869 velut
576 2815 989 2884 patrocinanda
1018 2815 1088 2869 ab
1118 2814 1217 2868 illo
1248 2815 1523 2885 confugit,
1558 2832 1719 2868 ama-

97 2902 285 2956 tioribus
331 2904 513 2957 verbis
573 2905 696 2972 ejus
748 2903 1005 2957 animum
1057 2904 1428 2973 exasperavit,
1490 2908 1720 2972 pactum

1828 520 2072 573 rentiam
2117 519 2234 572 suis
2310 520 2765 575 antecessoribus
2813 520 2881 574 ab
2921 521 3151 576 illarum
3210 525 3526 595 majoribus

1829 606 2163 671 exhibitam,
2189 621 2306 659 non
2335 622 2538 660 ausum
2598 622 2701 660 sua
2756 608 2981 663 levitate
3036 611 3347 681 negligere.
3396 614 3526 669 Haec

1830 710 1958 748 cum
1990 698 2229 763 paterno
2255 694 2446 748 animo
2478 701 2818 764 perorasset,
2874 698 3077 767 majori
3111 700 3242 753 odio
3281 702 3526 771 peccatis

1830 782 2259 835 stimulantibus
2316 782 2442 835 illas
2499 782 2558 837 in
2625 799 2684 837 se
2742 786 3066 851 concitavit,
3108 787 3320 858 Sophia
3372 795 3526 845 utro-

1831 870 2003 942 bique
2034 887 2101 923 ex
2150 874 2311 940 parte
2357 870 2774 942 archiepiscopi
2804 890 2867 926 ac
2895 877 3358 946 congregationis
3389 895 3522 949 per—

1829 964 2096 1029 urgente.

1907 1051 1989 1102 16.
2033 1048 2285 1102 Instabat
2322 1053 2515 1102 autem
2570 1049 2732 1115 hora,
2792 1065 2906 1120 qua
2948 1050 3162 1106 domna
3218 1054 3525 1125 Gerburgis

1831 1136 2141 1190 ascclesiam
2172 1152 2345 1207 quam
2373 1141 2774 1191 construxerat
2812 1139 3129 1192 consecrari
3170 1140 3522 1211 depoposce-

1830 1229 1940 1279 rat.
1982 1225 2139 1279 Unde
2173 1224 2309 1295 quia
2336 1224 2476 1294 ipsa,
2512 1224 2733 1279 diutina
2780 1226 3114 1281 inﬁrmitate
3159 1228 3417 1299 fatigata,
3448 1231 3518 1284 ad

1831 1313 2094 1367 obeunda
2116 1318 2289 1367 tanta:
2317 1312 2638 1366 festivitatis
2668 1314 3011 1383 sollempnia
3065 1316 3300 1370 minime
3353 1318 3521 1372 suffe-

1830 1406 2004 1468 cerat,
2053 1400 2282 1470 Sophia,
2339 1400 2575 1455 domina
2624 1406 2681 1455 et
2736 1407 2916 1457 matre
2948 1404 3361 1470 consentiente,
3394 1410 3519 1459 stu-

1830 1490 1988 1543 dium
2015 1490 2162 1543 tanti
2190 1489 2400 1543 laboris
2432 1494 2833 1560 assumpserat.
2888 1492 2950 1544 Et
2982 1507 3143 1545 more
3223 1510 3324 1546 suo
3381 1510 3517 1563 pro-

1830 1578 2021 1649 prium
2048 1577 2383 1648 episcopum
2403 1576 2448 1614 θί
2490 1581 2923 1649 postponuntet
2975 1578 3279 1649 abjiciunt;
3336 1580 3522 1635 archi-
3558 1582 3565 1588 ’

1830 1666 2134 1737 episcopus
2156 1665 2479 1732 accersitur,
2514 1682 2625 1737 quo
2686 1666 2983 1720 ordinante
3022 1673 3226 1721 cuncta
3254 1668 3325 1721 ad
3363 1668 3522 1721 dedi-

1828 1756 2113 1810 cationem
2179 1754 2525 1825 pertinentia
2597 1754 3011 1823 disponuntur;
3082 1756 3524 1811 consecrationis

1827 1844 2293 1910 diem‘statuunt,
2334 1842 2693 1896 exaltationis
2750 1842 3012 1897 videlicet
3059 1850 3272 1898 sanctae
3342 1846 3522 1899 crucis

1828 1932 2313 2002 sollempnitatem
2349 1930 2515 2001 (Sept.
2556 1931 2659 2000 14).
2692 1930 2932 1986 Mittitur
2960 1937 3154 1985 autem
3202 1940 3261 1986 et
3300 1934 3524 2003 legatus

1828 2036 1896 2075 ex
1924 2021 2099 2074 latere
2127 2021 2350 2073 domum
2370 2019 2691 2087 abbatissae,
2744 2018 2845 2089 qui
2894 2020 3171 2073 domuum
3230 2021 3524 2075 Bernwar—

1826 2109 1965 2163 dum
2039 2108 2113 2163 ad
2160 2107 2575 2162 dedicationem
2622 2107 2841 2163 invitet,
2876 2107 3144 2178 diemque
3194 2109 3520 2164 denunciet.

1827 2198 1934 2253 Sed
1960 2212 2311 2269 quamquam
2348 2195 2540 2266 plures
2588 2195 2754 2249 illum
2816 2196 3191 2265 anticipatum
3247 2199 3526 2267 archiepi-

1828 2286 1989 2357 scopi
2018 2286 2388 2339 advocatione
2411 2283 2745 2353 objicerent,
2788 2283 2903 2337 leni
2942 2289 3137 2338 tamen
3176 2284 3369 2338 animo
3400 2286 3520 2339 suf-

1828 2375 2034 2436 ferens,
2067 2373 2139 2428 ad
2169 2372 2567 2443 praescriptum
2600 2371 2753 2427 diem
2782 2387 2842 2425 se
2868 2376 3178 2426 venturum
3235 2373 3519 2442 promisit.

1830 2465 2074 2529 Interea,
2108 2462 2389 2515 incertum
2436 2477 2547 2530 qua
2578 2460 2646 2513 de
2677 2476 2864 2526 causa,
2925 2460 3383 2530 archiepiscopus
3410 2465 3517 2513 sta-

1829 2556 2019 2605 tutum
2046 2555 2247 2616 mutat,
2281 2549 2431 2603 diem
2457 2549 2688 2615 abdicit,
2729 2553 2899 2618 atque
2944 2548 3187 2602 eandem
3214 2548 3522 2602 dedicatio-

1830 2657 1963 2694 nem
2023 2640 2084 2694 in
2125 2639 2489 2693 festivitatem
2535 2637 2717 2691 sancti
2763 2637 2969 2691 Mathei
3022 2637 3270 2707 apostoli
3322 2638 3525 2691 indicit

1831 2732 2003 2797 (Sept.
2033 2731 2149 2795 2t),
2184 2728 2396 2780 domno
2425 2742 2654 2797 quoque
2688 2726 3023 2779 Bernwardo
3082 2726 3204 2796 pari
3237 2732 3522 2795 potestate

1830 2822 1893 2871 ut
1915 2816 2051 2869 olim
2078 2815 2137 2868 in
2160 2814 2439 2867 velatione
2471 2814 2697 2883 Sophim
2725 2812 3036 2867 venerabili
3058 2813 3269 2867 domno
3298 2814 3519 2883 Osdago

1830 2904 2175 2975 legationem
2207 2902 2418 2969 dirigit,
2455 2903 2730 2955 mandans
2784 2906 2847 2955 ut
2886 2902 3280 2954 incunctanter
3308 2901 3392 2955 illi
3452 2903 3521 2956 ad

96 2991 229 3045 {cadus
265 2994 315 3046 in
365 3010 465 3047 sua
513 2992 799 3046 velatione
848 2992 1116 3046 inanibus
1150 2992 1335 3046 verbis
1384 2993 1719 3046 annullavit'
1754 3014 1794 3067 ρ
1831 2992 2251 3048 dedicationem
2304 2990 2365 3043 in
2420 2990 2656 3060 praefata
2702 2989 3006 3043 festivitate
3063 2992 3338 3042 occurrat.
3397 2991 3522 3059 Ipse

97 3079 241 3133 dicens
261 3082 437 3135 abillo
485 3099 548 3135 se
600 3083 863 3145 velatam,
900 3097 1017 3134 non
1046 3082 1117 3134 ab
1170 3080 1723 3135 Hildenesheimeusi

95 3169 323 3240 episcOpo,
380 3172 448 3225 ad
520 3170 903 3241 provisionem
971 3169 1588 3239 Bernwardi-episcopi
1663 3185 1722 3222 se

96 3254 279 3309 minime
337 3258 644 3327 pertinere,
720 3258 789 3311 ad
835 3274 995 3312 suam
1054 3256 1325 3310 diocesim
1394 3256 1720 3312 casnobium

94 3342 625 3399 Gandenseheimense
648 3345 950 3415 respicere,
976 3346 1167 3415 plures
1193 3361 1251 3399 se
1299 3345 1583 3399 invenisse
1621 3345 1723 3415 qui

93 3427 166 3480 hoc
185 3432 427 3486 veraciter
454 3437 760 3487 testentur.
795 3432 891 3486 His
948 3438 1005 3486 et
1044 3433 1381 3502 hujusmodi
1434 3432 1479 3469 ⁵⁸
1535 3435 1720 3488 verbis

92 3516 436 3591 archiepiscopi
482 3522 743 3575 animum
801 3521 1071 3575 adversus
1109 3522 1389 3575 domuum
1428 3524 1720 3576 Bernvvar-

92 3604 191 3658 dum
219 3609 448 3677 graviter
473 3609 807 3662 commovit.
842 3610 975 3662 Post
1028 3609 1149 3662 haec
1188 3609 1642 3664 Gandenesheim
1672 3606 1718 3645 ⁸9

92 3694 268 3761 repetit,
295 3696 441 3749 varia
496 3696 570 3751 de
601 3696 869 3766 episcopo
887 3696 1038 3750 inter
1060 3712 1280 3750 sorores
1302 3696 1716 3764 disseminavit,

92 3780 183 3833 nisu
206 3799 305 3853 quo
337 3790 561 3854 poterat
588 3785 754 3839 illum
804 3786 930 3839 loco
965 3785 1250 3855 expellere
1281 3790 1452 3855 atque
1510 3785 1718 3839 abalie-

92 3882 191 3922 nare
212 3873 448 3939 parabat.

142 3961 205 4011 15.
232 3960 352 4028 (Αη.
398 3962 581 4029 1000.)
612 3962 834 4015 Interea
856 3960 1157 4032 episcopus
1181 3976 1526 4031 cognoscens
1583 3961 1719 4014 talia

91 4044 200 4098 circa
231 4063 282 4101 se
318 4049 528 4115 moliri,
588 4049 1041 4103 Gandenesheim
1079 4050 1254 4114 venit,
1310 4049 1560 4120 graviter
1588 4050 1720 4103 tulit

90 4147 131 4183 se
152 4134 445 4201 abalienari,
475 4153 579 4191 nec
626 4137 842 4207 aliquid
897 4137 1146 4191 caritatis
1200 4138 1289 4190 vel
1346 4137 1580 4191 honoris
1610 4137 1717 4190 sibi

92 4224 135 4269 ut
156 4226 571 4279 antecessoribus
602 4226 719 4279 suis
764 4225 1041 4290 exhiberi,
1075 4226 1172 4279 sed
1222 4225 1371 4280 infra
1421 4230 1715 4280 extraneos

91 4309 326 4381 episcopos
346 4330 404 4368 se
452 4312 708 4379 tractari,
740 4329 869 4366 cum
900 4317 1093 4366 tamen
1140 4312 1210 4366 ab
1262 4313 1715 4366 antecessoribus

92 4397 249 4451 soisad
272 4406 524 4456 sanctum
567 4402 756 4454 locum
785 4400 1090 4454 innumera
1135 4400 1288 4454 bona
1336 4402 1541 4454 collata
1583 4400 1713 4465 sint,

94 4483 276 4541 decima:
301 4506 530 4560 quoque
560 4506 627 4543 ex
660 4506 761 4543 sua
786 4494 947 4559 parte
979 4490 1175 4558 plures
1206 4494 1263 4543 et
1300 4488 1615 4559 antiquitus
1663 4493 1717 4540 et

93 4573 313 4628 moderno
343 4584 606 4648 tempore
671 4577 981 4647 impensm;
1038 4583 1095 4631 et
1135 4594 1237 4647 pro
1286 4577 1372 4630 his
1427 4576 1718 4631 beneficiis

90 4656 305 4726 injuriam
335 4670 389 4718 et
414 4666 827 4718 contumeliam
857 4666 964 4719 sibi
1016 4665 1444 4735 reconpensari,
1505 4666 1719 4718 tributa

90 4762 182 4810 qua:
207 4768 294 4820 pro
349 4755 588 4808 decimis
636 4755 907 4808 solvenda
960 4759 1150 4809 essent
1196 4754 1521 4819 imminuta,
1573 4772 1718 4822 saepe

90 4847 264 4906 quoque
291 4841 484 4895 fraude
518 4848 757 4911 negata;
815 4842 1244 4907 obcedieutiam,
1283 4859 1394 4911 quo
1444 4842 1600 4895 nulla
1638 4842 1718 4893 vi-

88 4922 215 4978 ctima
240 4929 340 4981 Deo
376 4930 600 5000 gratior
625 4936 728 4993 est,
759 4946 887 4983 cum
935 4931 1257 4984 humilitate
1289 4931 1348 4983 in
1404 4947 1499 4983 ara
1540 4930 1724 4983 cordis

90 5016 340 5074 persuadet
368 5018 684 5082 immolari,
717 5019 999 5089 patienter
1026 5036 1085 5072 se
1143 5019 1337 5072 omnia
1393 5034 1558 5088 posse
1616 5018 1725 5070 suf-

90 5095 211 5167 ferre,
238 5112 427 5172 paveat
474 5112 668 5161 tamen
735 5108 1045 5172 Christum,
1100 5107 1262 5177 cujus
1291 5107 1410 5160 vice
1441 5105 1723 5176 fungitur,

90 5182 129 5236 in
152 5204 195 5242 se
219 5192 516 5261 oﬁeudere,
550 5195 820 5266 quicquid
854 5196 1121 5265 ingerant
1142 5212 1244 5265 pro
1268 5195 1487 5249 meritis
1537 5195 1584 5230 ⁸ο
1619 5194 1727 5248 sibi

1833 3096 1965 3133 vero
1990 3094 2157 3132 suum
2188 3078 2437 3148 legatum
2468 3080 2636 3146 atque
2693 3076 2899 3140 scripta
2948 3075 3378 3144 archiepiscopo
3429 3092 3520 3128 re-

1833 3167 2029 3233 mittit,
2061 3170 2317 3220 astruens
2340 3162 2732 3234 imperialibus
2755 3162 2932 3231 jussis
2962 3162 3323 3227 obstrictum,
3356 3162 3519 3215 seriis

1833 3256 2176 3328 quibusdam
2200 3252 2487 3321 occupari,
2527 3268 2630 3304 nec
2656 3267 2822 3321 posse
2869 3250 2941 3304 ad
3002 3249 3420 3304 dedicationem
3460 3256 3525 3304 ut

1825 3343 2050 3414 jussum
2078 3346 2163 3394 est
2192 3341 2313 3410 ipsa
2336 3340 2427 3392 die
2467 3338 2552 3391 illi
2577 3352 2895 3390 occurrere.

1907 3435 1988 3484 17.
2040 3430 2103 3483 In
2148 3427 2490 3482 exaltatione
2542 3433 2731 3480 tamen
2806 3428 3013 3479 sanctas
3083 3426 3234 3479 curis
3300 3425 3520 3480 Gande-

1831 3517 2087 3572 nesheim
2127 3517 2300 3579 venit,
2336 3514 2645 3569 mcclesiam
2680 3513 3061 3579 dedicaturus,
3122 3514 3265 3566 sicut
3312 3514 3522 3566 domna

1829 3606 2114 3661 abbatissa
2144 3604 2202 3657 in
2232 3602 2512 3673 principio
2551 3601 2864 3671 disposuit;
2908 3601 2989 3654 nil
3016 3606 3276 3671 paratum
3309 3617 3519 3671 reppe-

1830 3695 1923 3761 rit,
1957 3695 2133 3748 immo
2165 3691 2390 3761 aliquos
2417 3691 2699 3753 collectos,
2764 3689 2864 3758 qui
2909 3688 2993 3742 illi
3049 3689 3396 3753 resisterent,
3463 3693 3521 3742 et

1829 3799 1958 3836 cum
1986 3780 2202 3850 injuria
2231 3778 2524 3847 ejicerent,
2558 3776 2605 3829 si
2664 3776 2807 3829 forte
2860 3792 2990 3829 cum
3042 3776 3159 3829 suis
3208 3775 3518 3830 mcclesiam

1830 3884 2159 3924 consecrare
2208 3866 2488 3919 violenter
2517 3868 2830 3935 appeteret.
2898 3865 3049 3917 Hanc
3108 3863 3261 3917 enim
3308 3863 3519 3917 famam

1829 3959 1941 4013 illae
1969 3957 2370 4028 disperserant,
2412 3969 2539 4007 cum
2574 3952 2673 4006 Dei
2704 3957 2845 4005 teste
2887 3950 3061 4004 nichil
3124 3949 3519 4021 hujuscemodi

1829 4051 2196 4117 attemptaret
2240 4045 2325 4098 vel
2376 4047 2566 4096 mente
2620 4041 2964 4109 conciperet.
3018 4040 3142 4092 Jam
3203 4038 3359 4092 enim
3403 4043 3519 4091 tota

1830 4140 2019 4189 mente
2058 4134 2127 4188 ad
2167 4131 2658 4201 archiepiscOpum
2689 4129 3087 4197 confugerant,
3118 4143 3175 4180 se
3233 4130 3404 4195 atque
3431 4127 3521 4179 lo-

1829 4239 1961 4278 cum
2009 4222 2132 4291 ejus
2186 4218 2417 4274 tuitioni
2469 4218 2831 4271 devoverant.
2885 4215 3099 4284 Suphia
3152 4213 3378 4266 assidue
3440 4213 3522 4266 illi

1758 4284 1797 4335 D
1830 4311 2121 4365 cohaerens
2142 4312 2197 4360 et
2224 4306 2574 4368 cohabitaus,
2607 4305 2729 4358 hmo
2761 4302 3011 4356 interdiu
3050 4307 3337 4372 noctuque
3398 4318 3517 4355 am-

1827 4399 2035 4452 biebat.
2067 4396 2364 4451 Missarum
2395 4410 2527 4447 vero
2557 4391 2604 4428 ⁶²
2635 4390 2979 4461 sollempnia
3028 4391 3273 4443 domnus
3304 4389 3519 4459 episco-

1828 4503 1936 4556 pus
1966 4486 2087 4556 ipsa
2121 4484 2211 4538 die
2242 4483 2453 4542 ibidem
2485 4479 2811 4543 celebravit,
2876 4478 3011 4531 licet
3069 4479 3317 4531 maxima
3382 4494 3519 4531 cou-

1830 4570 2625 4645 gregationisindignatione,
2660 4568 2890 4621 easdem
2920 4572 3137 4631 tamen,
3181 4571 3242 4619 ut
3283 4565 3521 4619 oblatio-

1832 4678 1931 4715 nes
1959 4659 2008 4694 ⁸⁸³
2038 4660 2311 4714 offerrent
2358 4658 2933 4725 benedictionemque
2982 4655 3362 4724 perciperent,
3416 4654 3519 4707 ad-

1831 4750 2076 4805 monuit.
2128 4749 2290 4802 Plelis
2328 4762 2581 4817 quoque,
2633 4751 2926 4814 comperto
2978 4743 3067 4795 sui
3116 4742 3369 4811 episcopi
3421 4742 3520 4794 ad-

1833 4842 2026 4902 ventu,
2060 4836 2222 4907 quasi
2255 4836 2320 4889 ad
2393 4834 2874 4901 sollempnitatem
2928 4830 3213 4895 convenit,
3279 4845 3524 4882 mmreus

1835 4932 1891 4980 et
1919 4928 2067 4979 ultra
2097 4940 2269 4994 quam
2310 4922 2463 4976 credi
2498 4924 2686 4991 posset
2717 4937 2868 4990 mgre
2925 4921 3129 4982 ferens,
3190 4918 3521 4987 episcopum

1835 5012 2138 5068 insolentia
2170 5017 2338 5081 atque
2370 5009 2779 5063 iuoboedientia
2828 5009 2954 5062 loco
2999 5007 3244 5060 detrudi.
3288 5006 3440 5069 Quos
3470 5009 3526 5059 et

1838 5119 2036 5156 omnes
2066 5102 2433 5154 adventantes
2472 5100 2668 5152 limato
2691 5112 2953 5151 sermone
3002 5096 3321 5159 consolans,
3354 5094 3522 5146 Iaeri-

1842 5190 2035 5245 mabili
2068 5194 2273 5259 questu
2321 5188 2547 5258 publice
2596 5184 3104 5248 commemorabat,
3161 5199 3219 5235 se
3256 5182 3377 5252 ipsa
3433 5182 3524 5235 die

1451 5335 1682 5389 VARIIE
1716 5330 2109 5388 LECTIONES.

143 5462 173 5493 ⁸·
224 5468 293 5519 ita
347 5471 392 5522 t.
445 5471 499 5533 '2,
566 5472 616 5522 et
670 5470 714 5522 1.
771 5467 954 5521 eadem
1013 5483 1177 5523 manu
1238 5465 1759 5533 venerabilissima'.

1836 5461 1882 5501 ιθ
1938 5461 2282 5516 ammonuit‘
2312 5463 2362 5513 2.
2441 5456 2485 5493 ³⁷
2517 5472 2765 5523 namque
2799 5459 2857 5510 2.
2940 5452 2985 5491 ⁸⁸
3049 5454 3443 5524 hujuscemodi
3471 5457 3521 5511 2.

94 5520 127 5555 δ’
184 5520 515 5600 gandeshem
548 5520 607 5590 2.
634 5520 959 5591 constanter.
1036 5520 1179 5591 “in.
1213 5537 1330 5591 suis
1357 5520 1399 5589 ὲ.
1430 5537 1481 5589 2.
1559 5532 1603 5569 ⁶¹
1638 5534 1783 5609 deest
1809 5538 1854 5589 1.
1930 5529 1981 5567 θ’
2011 5545 2241 5604 quoque
2260 5531 2314 5583 2.
2391 5529 2435 5564 ⁸⁸
2474 5544 2528 5581 o.
2559 5526 2626 5579 ad
2655 5520 2888 5579 missam
2947 5540 2999 5579 ο.
3034 5526 3092 5579 2.
