3920 6190
386 291 487 344 407

1387 290 1788 347 'l'llANGMARl
1831 291 2108 348 PRESBY'

2217 293 2267 348 tl
2312 291 2898 350 lllLDESHEIllENS.
3737 304 3819 359 408

385 414 458 470 ad
490 411 908 468 dedicationem
949 412 1221 468 aecclesias
1261 413 1582 482 invitatum,
1619 415 1697 469 nil
1738 415 1820 469 illi
1853 415 2088 470 honoris
2119 419 2166 471 Α
2206 416 2362 470 modi
2413 415 2710 470 invasione
2773 415 3026 483 desistat,
3101 431 3208 470 nec
3265 432 3322 471 se
3371 417 3686 476 intromittat
3733 427 3825 482 nisi

389 503 709 558 exhibitnm
788 502 966 556 immo
1005 503 1338 569 exclusum;
1387 504 1539 556 unde
1593 503 2081 557 consecrationem

390 591 683 657 ecclesiae,
717 605 846 661 quas
913 591 983 645 ad
1021 607 1079 645 se
1135 591 1444 662 pertineat,
1500 591 1771 646 omnibus
1815 593 1936 647 sine
1976 609 2081 647 suo

390 696 664 735 consensu
698 679 969 733 canonica
999 680 1336 733 auctoritate
1394 679 1707 735 interdicit.
1769 681 1891 745 Qua
1922 682 1992 736 de
2023 699 2083 737 re

391 767 766 839 congregatio
794 783 1058 822 sororum
1102 767 1421 839 indignata,
1490 767 1624 838 igne
1667 769 1904 839 majoris
1933 769 2082 824 iudi-

393 857 685 930 guationis
715 856 1046 911 accenditur
1075 854 1144 892 οδ·
1177 857 1388 910 Verum
1418 871 1550 909 cum
1605 855 1679 910 ad
1741 857 2087 912 oblationem

395 954 628 1003 ventum
661 949 761 1013 est,
792 946 1012 1000 oblatas
1065 944 1464 1014 indignatione
1517 949 1573 999 et
1613 945 1937 1000 incredibili
1993 946 2086 1000 fu-

396 1053 526 1092 rore
555 1034 886 1106 projiciunt,
929 1048 1079 1086 saeva
1109 1033 1412 1087 maledicta
1469 1032 1742 1104 episc0po
1794 1033 2084 1104 ingerunt.

396 1125 518 1190 Quo
564 1122 796 1176 insolito
853 1121 1109 1176 tumultu
1166 1121 1482 1191 perculsus,
1525 1121 1772 1174 lacrimis
1827 1123 2093 1192 perfusus

398 1213 648 1276 antistes,
675 1227 788 1264 non
823 1226 984 1264 suam
1015 1199 1288 1279 injuriam
1319 1213 1385 1274 ⁸⁵,
1417 1225 1590 1280 quam
1639 1209 1800 1279 parvi
1827 1209 2091 1276 ducebat,

400 1317 664 1373 pensans,
696 1301 793 1354 sed
826 1301 944 1352 veri
974 1298 1221 1369 pastoris
1247 1314 1350 1368 pro
1390 1297 1850 1369 persecutoribus
1880 1298 2094 1351 orantis

398 1391 678 1460 exemplo,
715 1389 1100 1459 ignorantiam
1143 1403 1239 1440 seu
1272 1387 1464 1458 potius
1511 1386 1958 1440 malivolentiam
2006 1386 2094 1440 fu-

399 1480 650 1534 rentium
681 1478 1030 1532 feminarum
1061 1477 1387 1545 deplorans,
1415 1476 1486 1530 ad
1515 1477 1692 1530 altare
1730 1475 1918 1542 rediit,
1952 1475 2093 1528 mis-

401 1583 523 1622 sam
564 1584 665 1621 suo
721 1565 920 1620 ordine
969 1581 1181 1636 magna
1239 1565 1416 1618 animi
1443 1563 1783 1618 contritione
1852 1563 2094 1635 peragit,

2191 509 2470 576 quantum
2505 521 2750 558 canones
2797 505 3158 577 concedunt;
3193 504 3241 558 si
3287 522 3386 560 suo
3422 507 3536 578 juri
3589 511 3818 584 singulari

2191 593 2489 665 privilegio
2529 593 2802 664 quiddam
2858 593 3160 664 suffragari
3219 594 3479 664 aestimet,
3533 597 3698 668 ipsum
3725 619 3821 657 nou

2193 683 2547 745 defuturum,
2579 682 2716 753 quin
2742 683 3034 736 communi
3066 682 3306 736 consilio
3339 683 3592 755 fratrum,
3621 687 3828 744 ubicum-

2194 789 2305 844 que
2335 772 2632 843 delegerit,
2663 771 2953 842 justiciam
3011 771 3341 842 plenissime
3391 780 3698 846 exequatur.
3740 783 3830 832 Ar-

2195 859 2592 932 ehiepiscopus
2640 869 2832 914 autem
2874 859 3156 945 acerbiori
3202 860 3588 932 indignatione
3645 865 3829 921 inﬂam-

2197 955 2402 1017 matus,
2437 950 2688 1015 mandat,
2728 953 2788 1003 ut
2819 949 3004 1020 primo
3039 965 3206 1002 mane
3242 951 3529 1020 sequentis
3573 952 3693 1020 diei,
3721 971 3822 1024 quas

2197 1046 2335 1093 tunc
2382 1038 2682 1093 Dominica
2734 1037 3097 1091 illucescebat
3141 1037 3306 1107 (Sept.
3363 1039 3472 1108 22),
3505 1039 3570 1092 ad
3592 1055 3830 1096 consecra-

2199 1129 2413 1182 tionem
2447 1128 2700 1198 praefatze
2746 1125 3016 1180 aacclesite
3069 1126 3464 1180 incunctanter
3514 1131 3825 1198 properet;si

2202 1215 2394 1270 venire
2424 1214 2754 1283 tardaverit,
2787 1213 3196 1268 nichilominus
3223 1212 3268 1248 ⁷³
3322 1214 3623 1269 mcclesiam
3651 1215 3821 1270 dedica-

2204 1309 2418 1358 turum.
2449 1305 2606 1360 Hanc
2660 1308 2851 1358 autem
2906 1303 3048 1357 iram
3104 1308 3160 1357 et
3213 1302 3656 1373 indignationem
3685 1307 3826 1359 archi-

2205 1393 2459 1463 episcopi
2526 1393 2794 1446 adversus
2875 1391 3267 1445 venerandum
3325 1392 3620 1461 przesulem
3669 1393 3830 1447 creavit

2206 1481 2452 1536 maxime
2508 1480 2802 1552 praecipua
2847 1479 3207 1534 familiaritas
3257 1479 3456 1533 domui
3507 1480 3826 1551 imperatoris,

2208 1586 2321 1639 qua
2375 1570 2538 1623 illum
2583 1568 2816 1640 speciali
2873 1568 3170 1622 devotione
3233 1567 3464 1638 pictatis
3519 1569 3714 1622 czeteris
3766 1570 3824 1624 fa-

404 1656 613 1711 deinde
639 1655 922 1726 populum
946 1653 1277 1724 alloquitur,
1304 1653 1588 1708 benedicit
1631 1659 1689 1707 et
1732 1653 2093 1719 corroborat;
2131 1696 2169 1749 B
2211 1657 2492 1712 miliarias
2545 1656 2843 1728 percoluit.
2923 1655 3407 1712 Affectuosissimo
3473 1673 3704 1728 namque
3754 1659 3829 1711 ob-

405 1744 796 1813 deductusque
842 1742 1157 1797 honoriﬁce
1196 1742 1266 1796 ab
1324 1741 1456 1807 illis,
1488 1741 1639 1796 unde
1669 1747 1905 1796 venerat
1934 1757 2094 1812 repe-

405 1831 596 1886 dabat.
655 1830 697 1884 Ο
727 1827 775 1862 ⁸⁸
810 1829 1000 1900 dignae
1049 1828 1346 1884 memoriae
1404 1828 1612 1897 virum,
1691 1829 1952 1884 omnium
2001 1844 2099 1882 ore

407 1918 832 1986 celebrandum,
875 1923 1212 1972 cunctorum
1273 1916 1572 1971 devotione
1613 1916 1819 1971 intime
1876 1917 2098 1986 ample-

407 2008 697 2074 ctendum,
731 2007 881 2077 apud
921 2021 979 2060 se
1038 2005 1274 2076 quidem
1318 2005 1733 2059 incredibiliter
1786 2006 2091 2073 humilem,

409 2097 506 2151 sed
563 2097 714 2167 apud
754 2098 958 2164 Deum,
988 2095 1172 2149 cordis
1210 2095 1612 2164 inspectorem,
1636 2096 1875 2166 ejusque
1906 2093 2102 2148 fideles

408 2201 538 2238 vere
569 2183 903 2238 sublimem!
946 2184 1082 2248 Quis
1107 2199 1240 2238 eum
1265 2183 1522 2237 crederet
1553 2183 1612 2236 in
1651 2188 1813 2237 tanto
1856 2181 2098 2254 pontifi-

407 2273 541 2328 calis
570 2271 865 2344 dignitatis
903 2273 1148 2341 honore,
1174 2272 1403 2342 generis
1452 2271 1774 2338 nobilitate,
1809 2270 2102 2326 ministro-

407 2377 538 2416 rum
569 2359 939 2415 multitudine
989 2365 1189 2414 contra
1244 2359 1526 2430 irrogatas
1583 2359 1690 2414 sibi
1729 2359 2105 2414 contumelias

410 2448 704 2519 patientiae
757 2449 943 2519 potius
1011 2464 1186 2519 quam
1263 2450 1536 2518 potentiae.
1612 2447 1880 2502 maluisse
1922 2448 2103 2519 clipeo

411 2538 666 2593 muniri?
704 2537 815 2592 Sed
846 2537 931 2591 vir
959 2537 1158 2591 beatus
1185 2536 1451 2591 humana:
1507 2535 1841 2607 abjectionis
1895 2536 2107 2606 probra

412 2642 527 2681 non
574 2627 827 2692 curabat,
879 2625 978 2696 qui
1028 2629 1182 2678 totus
1241 2625 1435 2679 divino
1485 2625 1669 2679 amori
1725 2623 2104 2696 mancipatus,

413 2714 568 2768 illius
590 2719 816 2768 tantum
848 2713 1026 2768 oculis
1055 2729 1227 2784 quem
1253 2713 1623 2784 singulariter
1667 2713 1943 2784 diligebat
1991 2713 2110 2783 pla-

414 2819 542 2858 cere
574 2817 944 2872 summopere
966 2801 1260 2873 gestiebat.
1309 2804 1437 2857 liaec
1491 2817 1595 2871 pro
1654 2801 2108 2856 commendando

416 2907 644 2962 magum
670 2891 932 2946 utilitatis
958 2891 1219 2961 exemplo
1242 2890 1309 2944 ad
1341 2889 1718 2944 imitationem
1751 2889 2107 2944 audientium

415 2979 668 3034 inserere
700 2979 896 3045 libuit;
925 2995 1075 3033 nunc
1104 2980 1174 3033 ad
1201 2978 1464 3033 ordinem
1492 2978 1816 3032 redeamus.

492 3071 574 3122 18.
605 3070 826 3122 Interea
851 3067 1307 3137 archiepiscopus
1337 3072 1392 3119 et
1423 3066 1634 3136 Sophia
1671 3081 1900 3119 omnem
1932 3081 2108 3136 appa-

419 3161 608 3210 ratum
637 3156 708 3210 ad
752 3157 990 3209 novellae
1021 3155 1288 3209 aacclesiae
1318 3154 1806 3208 consecrationem
1854 3170 2110 3208 necessa-

421 3246 572 3299 rium
621 3244 928 3315 diligenter
1005 3249 1354 3314 praeparant,
1405 3242 1729 3296 inconsulto
1775 3243 2108 3297 Bernwardo

419 3334 708 3404 episcopo,
740 3348 913 3403 quem
943 3337 1136 3385 tamen
1164 3331 1481 3400 adjungere
1536 3331 1752 3385 domna
1799 3330 2108 3397 Gerburgis

423 3425 686 3491 temptat,
719 3421 814 3474 sed
846 3421 1025 3474 verita
1074 3419 1588 3489 archiepiscopum,
1650 3418 1794 3472 votis
1831 3421 1953 3488 ejus
2007 3419 2108 3473 ob-

423 3511 579 3564 viare
608 3509 973 3580 pertimescit.
1003 3510 1285 3562 Praeterea
1331 3507 1794 3579 archiepiscopus
1822 3507 1880 3560 in
1912 3506 2109 3578 vigilia

424 3599 602 3652 sancti
640 3597 846 3652 Mathei
904 3598 1080 3666 (Sept.
1121 3596 1210 3666 20)
1243 3597 1313 3650 ad
1368 3596 1669 3667 prtefatum
1703 3595 2112 3650 monasterium

424 3689 580 3743 venit
633 3703 762 3741 cum
793 3685 1094 3757 episcopis,
1174 3685 1444 3740 Rethario
1498 3683 1545 3719 ⁵⁷
1615 3685 2116 3738 Paderbrunnensi

423 3777 712 3848 episcopo,
747 3780 803 3830 et
849 3777 1170 3844 Berengero
1222 3772 1491 3828 Vel-densi
1538 3773 1586 3809 ⁸⁸
1637 3774 1925 3844 episcopo,
1988 3774 2116 3827 Ber-

424 3866 643 3920 nhardo
675 3863 722 3899 ⁶⁹
748 3880 978 3934 quoque
1007 3864 1170 3927 duce,
1201 3878 1330 3916 cum
1391 3861 1518 3916 aliis
1571 3861 1856 3931 plurimis,
1917 3877 2116 3915 conse-

423 3959 682 4008 craturus
714 3953 975 4022 sequenti
1010 3951 1100 4006 die
1132 3950 1467 4004 ascclesiam.
1534 3950 1832 4003 Mittuntur
1879 3965 2111 4020 quoque

422 4045 636 4099 domno
678 4040 1016 4095 Bernwardo
1048 4036 1451 4109 episcopo,qui
1486 4035 1650 4090 illum
1674 4037 1742 4089 ad
1789 4035 2116 4105 sollempni-

422 4136 596 4186 tatem
621 4128 889 4183 aecclesiae
918 4127 1182 4180 invitent.
1241 4127 1476 4178 Postera
1528 4139 1664 4177 vero
1711 4123 1760 4159 το
1817 4123 1908 4177 die
1943 4124 2111 4194 (Sept.

2210 1745 2408 1816 sequio
2487 1744 2740 1800 devinxit
2811 1744 2921 1799 sibi
2979 1745 3414 1816 imperatorem,
3460 1745 3591 1816 quia
3652 1751 3825 1805 cuncta,

2209 1851 2340 1906 quas
2388 1833 2457 1888 ad
2495 1834 2738 1904 gratiam
2799 1832 2955 1887 illius
2996 1839 3322 1904 competere
3375 1834 3602 1899 sciebat,
3646 1833 3832 1904 vigilan-

2208 1922 2432 1977 tissimo
2506 1921 2696 1976 studio
2752 1920 2986 1988 obibat;
3065 1927 3121 1975 et
3181 1921 3252 1976 ob
3311 1922 3423 1976 hoc
3478 1922 3833 1975 animositatem

2209 2010 2600 2081 invidiamque
2645 2008 2693 2044 ’⁸⁵
2749 2009 3132 2080 plurimorum
3178 2010 3237 2064 in
3268 2027 3328 2064 se
3359 2011 3743 2077 commovebat,
3764 2011 3836 2064 ad-

2211 2099 2395 2171 prime
2425 2114 2656 2170 quoque
2688 2099 3000 2169 Mogontini
3027 2099 3304 2170 episcopi,
3346 2099 3446 2170 qui
3477 2098 3835 2169 indignabatur,
3865 2137 3874 2142 .

2211 2188 2461 2259 aliquem
2484 2191 2696 2258 praeter
2724 2205 2782 2242 se
2807 2187 3218 2242 familiaritatis
3248 2189 3439 2242 locum
3470 2187 3612 2258 apud
3645 2188 3836 2258 impera-

2211 2281 2398 2330 torem
2456 2275 2690 2331 habere.
2769 2276 3067 2331 Dominica
3122 2277 3318 2347 itaque
3377 2277 3693 2338 irradiaute,
3728 2275 3843 2329 adest

2211 2363 2520 2435 praedictus
2559 2363 2861 2434 episcopus
2893 2364 3261 2435 Eggehardus
3290 2367 3339 2401 ’³⁸
3399 2381 3528 2419 cum
3573 2362 3839 2418 venerando

2214 2453 2452 2508 fratrum
2504 2458 2833 2507 nostrorum
2903 2459 3104 2507 senatu
3143 2454 3187 2489 ⁷⁷
3262 2453 3387 2508 vice
3447 2452 3655 2507 domini
3704 2451 3843 2505 nostri

2215 2541 2436 2608 directi,
2471 2541 2589 2613 qui,
2651 2541 2924 2595 canonica
2987 2541 3331 2596 auctoritate
3392 2546 3450 2595 et
3467 2541 3642 2612 prisca
3681 2543 3846 2593 sancto-

2216 2645 2345 2683 rum
2400 2634 2631 2699 patrum
2679 2629 3095 2684 consuetudine
3153 2629 3400 2700 objecta,
3453 2629 3668 2685 fortiter
3702 2627 3843 2681 archi-

2219 2716 2469 2788 episc0pi
2524 2717 2720 2789 coeptis
2782 2717 3145 2785 restiterunt;
3207 2723 3384 2789 atque
3433 2718 3512 2772 sic
3559 2715 3847 2772 consecratio

2219 2805 2538 2877 praescripti
2569 2805 2904 2859 monasterii
2933 2806 3250 2876 intercepta
3308 2811 3414 2862 est.
3450 2809 3572 2878 Ipse
3611 2821 3728 2860 vero
3765 2804 3850 2874 epi-

2219 2908 2421 2964 scepus
2458 2894 2605 2946 inter
2638 2893 2941 2947 missarum
2971 2893 3313 2964 sollempnia
3345 2894 3490 2948 facto
3519 2893 3584 2948 ad
3627 2892 3848 2965 populum

2141 2973 2181 3029 C
2219 2997 2500 3046 sermone,
2542 2982 2825 3052 synodum
2863 2997 3026 3036 suam
3071 2981 3249 3036 biduo
3287 2988 3427 3037 ante
3457 2981 3627 3036 sancti
3660 2980 3849 3036 Andrea

2217 3068 2408 3122 natale
2429 3083 2560 3122 cum
2614 3067 2790 3121 banni
2857 3069 3271 3139 approbatione
3329 3069 3654 3134 denunciat;
3690 3065 3847 3121 deinde

2221 3156 2291 3210 ad
2313 3154 2492 3209 altare
2540 3170 2853 3226 regressus.
2911 3156 2973 3210 in
3019 3157 3288 3211 cathedra
3355 3158 3558 3212 sedens
3610 3153 3846 3226 privilegia

2221 3244 2482 3316 quendam
2514 3251 2647 3300 ante
2689 3245 2976 3315 incognita
3023 3245 3258 3300 mandat
3301 3245 3554 3306 recitari.
3584 3245 3641 3299 in
3693 3243 3847 3313 quibus

2220 3334 2640 3400 continebatur,
2679 3339 2742 3386 ut
2786 3349 2958 3387 nemo
2989 3333 3060 3387 de
3087 3335 3215 3402 jure
3250 3333 3410 3387 illius
3439 3333 3691 3388 aacclesiaa
3715 3331 3849 3385 aufer-

2223 3426 2326 3489 ret,
2361 3421 2632 3492 quicquid
2659 3427 2794 3475 tunc
2825 3421 2883 3474 in
2916 3420 3151 3475 decimis
3186 3422 3272 3475 vel
3301 3422 3538 3493 praediis
3580 3423 3655 3473 vel
3683 3419 3777 3472 ulla
3809 3431 3847 3467 re

2221 3509 2281 3564 in
2312 3510 2588 3564 vestitnra
2653 3509 2990 3564 contineret.
3026 3511 3138 3564 Hoc
3161 3527 3393 3582 quoque
3454 3511 3636 3565 hanno
3667 3507 3847 3562 robora-

2220 3597 2302 3650 vit
2353 3597 2546 3667 sicqne
2599 3597 2913 3651 discessum
2953 3602 3056 3652 est.
3113 3598 3376 3668 Episcopi
3459 3603 3642 3651 autem
3704 3593 3745 3628 ⁷⁸
3781 3590 3848 3662 qui

2221 3685 2458 3739 aderant
2487 3701 2638 3755 aegre
2667 3685 2977 3740 admodum
3025 3685 3445 3757 archiepiscopi
3493 3683 3848 3740 animositatem

2222 3774 2539 3844 conquesti,
2617 3774 2778 3828 fratri
2827 3779 2883 3829 et
2936 3774 3259 3845 coepiscopo
3320 3791 3428 3845 per
3467 3791 3571 3828 nos
3615 3771 3847 3829 mandant,

2222 3861 2597 3931 pertinaciam
2674 3863 2851 3934 ipsius
2919 3867 2976 3917 et
3033 3862 3409 3917 temerarium
3470 3863 3739 3933 inceptum
3809 3872 3846 3910 se

2224 3951 2522 4004 cohercerc
2553 3965 2670 4004 non
2701 3966 2898 4021 posse;
2942 3949 3002 4004 id
3033 3951 3268 4005 unicum
3317 3958 3640 4022 suppetere,
3673 3951 3847 4020 aposto-

2226 4038 2398 4092 licum
2471 4043 2640 4110 atque
2699 4037 3104 4108 imperatorem
3137 4044 3202 4092 ut
3254 4039 3453 4106 adeat;
3505 4039 3652 4092 illius
3677 4047 3846 4090 causam

2225 4127 2454 4180 illorum
2487 4142 2608 4181 esse
2632 4142 3026 4192 communem;
3057 4142 3161 4181 nec
3191 4143 3250 4180 se
3314 4127 3630 4191 defuturos,
3671 4124 3783 4194 quin
3805 4120 3848 4172 de

420 4221 510 4288 2t)
567 4218 728 4271 adest
779 4216 1028 4270 diluculo
1101 4213 1223 4267 vice
1295 4211 1494 4266 domni
1548 4211 1728 4265 nostri
1776 4211 2112 4266 venerabilis
2144 4251 2186 4305 Β
2226 4215 2436 4267 eisdem
2477 4214 2754 4283 utrisque,
2800 4213 3116 4283 apostolico
3171 4212 3438 4268 videlicet
3468 4219 3631 4285 atque
3655 4213 3847 4280 impera-

423 4306 724 4375 episcopus
754 4301 1123 4373 Eggehardus
1155 4303 1196 4337 ’τί
1231 4316 1358 4354 cum
1386 4299 1700 4370 majoribus
1741 4304 1877 4353 natu
1901 4304 2112 4356 nostra:

424 4391 886 4462 congregationis
915 4394 970 4444 et
999 4389 1290 4461 aliquibus
1336 4387 1626 4458 primariis
1651 4387 1721 4442 de
1770 4393 1964 4442 nostro
1987 4404 2112 4442 mo-

427 4480 673 4536 nasterio
696 4481 762 4534 7'.
792 4478 918 4546 Qui,
951 4478 1109 4532 fandi
1158 4477 1389 4531 licentia
1435 4477 1584 4543 data,
1618 4475 2112 4548 archiepiscopum

424 4589 554 4627 cum
588 4569 745 4624 omni
777 4569 994 4624 honore
1038 4584 1106 4622 ex
1133 4566 1369 4621 nomine
1402 4565 1602 4620 domui
1626 4566 1948 4620 Bernwardi
1987 4566 2111 4636 epi-

425 4661 584 4732 scopi
614 4661 818 4714 devoto
851 4656 1123 4728 obsequio
1180 4651 1532 4722 salutant“;
1590 4654 1876 4725 imperiali
1947 4656 2109 4710 illvm

423 4749 670 4820 obeqnio
694 4747 1012 4812 detentum,
1079 4745 1276 4799 adesse
1311 4759 1429 4798 non
1459 4759 1656 4814 posse;
1691 4743 1889 4797 mirari
1919 4747 2110 4798 tamen

420 4839 808 4904 vehementer,
839 4835 899 4888 in
921 4851 1021 4888 sua
1046 4833 1352 4903 parrochia
1405 4836 1460 4886 et
1499 4831 1756 4886 tecclesia
1813 4831 1886 4886 ab
1921 4837 2109 4886 tante-

420 4926 739 4983 cessoribus
765 4924 883 4978 suis
905 4922 1117 4993 absque
1158 4921 1318 4976 omni
1375 4919 1829 4975 contradictione
1887 4935 2113 4991 semper

420 5032 702 5088 possessa,
733 5013 856 5067 sine
886 5027 988 5064 suo
1017 5025 1296 5063 consensu
1319 5008 1588 5063 ecclesiae
1626 5007 2110 5062 consecrationem

421 5104 627 5172 indici;
678 5103 932 5158 fraterna
966 5098 1199 5154 caritate
1245 5096 1577 5168 depraacari,
1630 5101 1693 5150 ut
1729 5095 1798 5150 ab
1847 5095 2109 5165 hujusce-

2224 4303 2355 4367 tori,
2379 4301 2708 4357 scriberent.

2295 4393 2377 4445 t9.
2425 4390 2774 4444 Venerabilis
2805 4389 3000 4460 itaque
3046 4391 3213 4443 Pater
3243 4390 3494 4444 domnus
3549 4383 3852 4443 Bernwardus

2223 4479 2372 4532 ultra
2399 4479 2630 4532 modum
2671 4477 2908 4531 sollicite
2934 4479 3121 4531 ferens
3149 4478 3724 4548 quantulumcumque
3757 4471 3852 4524 scis-

2220 4583 2313 4620 ma
2362 4566 2422 4620 in
2493 4565 2744 4620 tecclesia
2794 4565 3060 4635 grassari,
3121 4565 3306 4620 sciens
3363 4581 3611 4636 quoque,
3655 4561 3852 4616 infusum

2220 4670 2503 4708 venenum
2526 4653 2634 4707 nisi
2675 4652 2986 4723 apostolico
3017 4657 3072 4707 et
3115 4652 3402 4722 imperiali
3471 4651 3715 4706 antidoto
3757 4659 3854 4700 con-

2220 4741 2394 4814 primi
2416 4757 2529 4795 non
2561 4757 2745 4811 posse,
2802 4740 3064 4811 quamvis
3121 4740 3284 4810 gravi
3341 4740 3598 4810 corporis
3651 4731 3857 4792 molestia

2219 4830 2430 4901 saapius
2459 4831 2787 4894 lassaretur,
2820 4834 2876 4882 et
2904 4833 3128 4883 tantum
3159 4828 3269 4882 iter
3293 4827 3578 4905 imbecilli
3621 4825 3730 4895 ejus
3768 4834 3856 4874 cor.

2219 4918 2349 4989 pori
2379 4917 2723 4972 omnimodis
2754 4921 2900 4970 esset
2929 4915 3308 4981 contrarium,
3360 4922 3572 4981 tamen,
3629 4919 3687 4966 ut
3709 4919 3857 4981 pacem

2220 5007 2578 5071 reformaret,
2612 5009 2812 5058 contra
2837 5004 2986 5058 vires
3035 5020 3167 5057 suas
3222 5004 3416 5058 subire
3474 5019 3589 5057 non
3616 4993 3858 5055 recusavit

2222 5097 2363 5150 Nam
2387 5095 2508 5164 jam
2538 5093 2764 5164 pridem
2821 5093 3058 5147 ardebat
3108 5093 3254 5147 miro
3297 5091 3578 5148 desiderio
3630 5089 3856 5143 domuum

1841 5219 2078 5274 VABUE
2104 5219 2395 5274 LECTION
2408 5217 2500 5273 ES.

492 5329 538 5364 οι
577 5344 612 5380 ι.
655 5342 734 5380 m.
794 5342 826 5378 ι.
889 5342 939 5380 a.
977 5329 1173 5379 desunt
1218 5329 1272 5377 2.
1351 5329 1399 5358 οδ
1429 5337 1482 5374 n.
1527 5337 1569 5375 s.

419 5397 606 5451 thario
660 5399 712 5451 2.
788 5394 838 5430 ⁵⁸
891 5395 1174 5465 berngero
1229 5391 1499 5465 nardenisi
1559 5395 1608 5465 2.

424 5468 472 5504 ⁷³
492 5469 657 5533 deest,
716 5468 895 5535 spatio
931 5467 1118 5521 relicto
1159 5469 1211 5519 2.

889 5342 939 5380 a.
977 5324 1173 5379 desunt
1218 5325 1272 5377 2.
1351 5320 1399 5358 ⁸⁸
1429 5337 1482 5374 n.
1527 5337 1569 5375 s.
1618 5319 1655 5374 i.
1688 5335 1858 5389 usque
1893 5321 1931 5374 f.
1982 5322 2288 5389 deplorans
2344 5321 2538 5375 desunt
2592 5323 2647 5376 2.
2725 5320 2774 5358 ⁸⁸
2823 5321 3038 5385 reliqua
3091 5322 3291 5389 capitis
3321 5320 3514 5374 desunt
3565 5319 3615 5371 2.
3685 5312 3726 5348 ⁶⁷
3766 5310 3860 5363 hrc-

891 5395 1174 5427 ιηηηηηημη
1229 5391 1495 5427 uane-Anne;
1559 5395 1587 5427 θ
1685 5388 1733 5427 es
1791 5391 2120 5427 harnmnrﬂn
2174 5395 2205 5427 ε)
2302 5391 2351 5426 το
2391 5407 2639 5427 ηητηηηα
2694 5393 2726 5427 o
2826 5393 2872 5427 τι
2926 5390 2980 5427 Δρ
3036 5407 3199 5427 mm...
3255 5391 3484 5427 οορηοιιιη
3549 5383 3800 5427 ρσσιιιιηιο
3821 5381 3856 5427 Ξ.

1292 5391 1499 5446 lrdeusi
1559 5395 1608 5444 2.
1685 5391 1733 5427 ⁸9
1789 5391 2120 5444 bernwardo
2174 5395 2227 5445 2.
2302 5391 2351 5426 ’⁷ο

1292 5461 1341 5500 ⁷³
1379 5462 1644 5517 salutavit
1685 5462 1877 5515 dicens
1919 5463 1958 5516 i.
2003 5465 2053 5516 3.
2087 5463 2139 5515 4.
2174 5465 2225 5516 5.
2303 5460 2351 5498 ⁷⁸⁸

2826 5393 2872 5428 τι
2919 5381 2980 5443 (Ε
3035 5381 3200 5445 ηιαηὶι
3251 5391 3486 5452 secunda
3549 5383 3800 5458 egggardo
3821 5381 3856 5430 Ξ.

2302 5391 2351 5426 ’10

2391 5407 2639 5462 namque
2694 5393 2748 5445 2.
2826 5393 2872 5428 τι
2919 5393 2980 5443 (Ε
3035 5407 3200 5445 manu
3251 5393 3486 5452 secunda
3549 5393 3800 5458 eggeardo
3821 5393 3856 5430 2.

2410 5479 2468 5517 n.
2520 5479 2578 5517 se
2606 5478 2707 5517 tec.
2752 5464 2806 5516 2.
2881 5460 2930 5497 ⁷⁸
2969 5466 3025 5516 et
3053 5461 3386 5517 individiam
3413 5463 3466 5514 2.
3542 5457 3589 5493 ⁷⁸
3629 5455 3692 5511 Ε
3735 5462 3861 5506 manu

2410 5479 2468 5517 n.
2520 5479 2578 5517 se
2606 5478 2707 5517 tec.
2752 5464 2806 5516 2.

420 5537 626 5596 munda
645 5531 969 5592 eclieardus
995 5539 1049 5592 2.
1128 5538 1174 5572 ⁷⁷
1201 5535 1346 5590 deest
1375 5537 1393 5590 t
1435 5538 1559 5589 ceto
1580 5536 1636 5588 et
1668 5537 1868 5587 senatu
1897 5535 1956 5589 3.
2031 5531 2079 5569 ⁷⁸
2101 5549 2330 5606 quoque
2353 5534 2408 5588 2.
