3920 6190
162 302 244 356 400

161 429 548 498 imperatorem,
604 437 776 494 quem
828 420 997 475 unice
1030 420 1276 485 amabat,
1320 419 1533 474 videre.
1588 421 1804 475 Paratis
1833 425 1877 478 Α

162 518 323 586 itaque
338 518 486 567 tanto
503 511 695 565 itineri
716 510 1070 577 necessariis,
1090 525 1195 579 per
1210 509 1414 563 vallem
1428 509 1659 564 Tarenti
1682 511 1809 580 (36),

163 605 275 676 quia
297 620 356 656 ea
392 602 479 655 via
505 600 856 654 commodior
899 604 985 653 est
1031 598 1173 666 visa,
1209 602 1291 652 ire
1347 597 1395 633 7°
1460 599 1807 668 procuravit,

163 693 342 749 habens
384 706 568 744 secum
599 689 807 758 scripta
862 685 912 721 ⁸ο
941 687 1201 741 omnium
1249 686 1658 757 cisalpinorum
1688 687 1809 758 epi-

165 796 445 853 scoporum.
478 781 652 833 Porro
686 793 837 832 anno
868 777 1282 830 incarnationis
1316 776 1543 831 Domini
1572 775 1810 830 millesi-

162 868 313 937 mo“,
342 886 389 923 1v
422 869 608 922 Nonas
655 864 988 920 Novembris
1019 867 1171 934 (Nov.
1228 868 1281 932 2)
1333 864 1513 918 nimio
1566 880 1810 918 mmrore

161 961 302 1013 totius
344 955 798 1027 congregationis
858 954 1040 1024 plebis
1100 969 1329 1025 quoque
1374 970 1407 1006 a
1455 953 1805 1007 monasterio

161 1062 399 1117 egressus,
432 1060 639 1115 magna
695 1042 1131 1114 compunctione
1187 1042 1587 1097 universorum
1630 1042 1811 1097 dedu-

162 1137 312 1199 citur;
362 1133 454 1186 Dei
495 1137 607 1202 (rm.
664 1133 821 1201 lUOi)
879 1131 1064 1202 gratia
1114 1132 1437 1191 comitatus,
1496 1131 1568 1185 ad
1613 1136 1807 1185 votum

162 1224 298 1278 rebus
324 1219 665 1287 cedentibus,
718 1219 967 1274 secundo
1016 1220 1203 1273 Nonas
1256 1218 1517 1275 Januarii
1567 1220 1805 1274 Romam

160 1314 409 1383 ingressus
437 1315 522 1363 est
550 1309 697 1377 (Jan.
732 1309 806 1379 4).
848 1309 1010 1374 Quod
1035 1309 1393 1362 humillimus
1423 1324 1487 1362 ac
1517 1307 1809 1379 piissimus

160 1402 432 1471 imperator
459 1398 718 1465 audiens,
753 1397 898 1451 miro
931 1397 1133 1452 affectu
1167 1397 1438 1452 dilectum
1469 1397 1808 1467 magistrum

158 1488 353 1543 videndi
382 1488 645 1559 ﬂagrans,
706 1487 777 1541 ad
832 1502 996 1540 suam
1050 1486 1417 1557 praesentiam
1452 1488 1644 1540 tamen
1677 1502 1808 1540 eum

159 1578 357 1647 fatigare
385 1576 632 1643 nolebat,
670 1578 765 1630 sed
807 1575 1049 1629 festinus
1079 1592 1111 1629 a
1141 1575 1355 1645 palatio
1387 1575 1506 1629 fere
1554 1574 1667 1629 duo
1697 1575 1805 1628 mi-

160 1667 288 1721 liaria
315 1665 377 1719 ad
406 1669 662 1719 sanctum
704 1666 935 1719 Petrum
966 1664 1050 1717 illi
1074 1663 1339 1727 occurrit,
1373 1663 1806 1732 benignissime-

161 1770 249 1825 que
286 1759 624 1824 susceptum,
677 1752 828 1806 inter
886 1753 1180 1822 amplexus
1216 1750 1659 1806 familiarissime
1708 1752 1805 1805 de-

160 1843 453 1903 osculatum,
486 1842 560 1895 ad
592 1840 909 1911 hospitium
942 1840 1198 1905 deduxit,
1260 1839 1473 1911 diuque
1529 1855 1659 1893 cum
1706 1840 1805 1893 illo

160 1930 507 1997 confabulans,
570 1928 831 1999 sequenti
887 1928 979 1982 die
1013 1928 1080 1981 ad
1114 1927 1390 1998 palatium
1420 1927 1580 1981 illum
1613 1928 1805 1981 venire

159 2017 357 2089 rogavit,
389 2033 490 2071 nec
522 2017 785 2086 permisit
839 2022 901 2070 ut
957 2017 1549 2087 quantulumcumque
1605 2015 1673 2069 de
1705 2032 1805 2069 suo

158 2104 351 2177 proprio
378 2105 436 2159 in
473 2105 860 2159 ministerium
904 2120 1070 2157 suum
1103 2104 1481 2174 impenderet,
1540 2103 1636 2157 sed
1704 2120 1808 2173 per

161 2210 234 2247 sex
253 2192 605 2263 septimanas,
634 2193 842 2264 quibus
874 2193 1023 2264 apud
1050 2193 1213 2246 illum
1246 2192 1594 2257 morabatur,
1648 2192 1806 2245 sufﬁ-

159 2281 335 2334 cienter
360 2280 416 2333 in
443 2297 613 2334 usum
641 2281 729 2334 sui
774 2296 1124 2351 suorumque
1172 2286 1375 2334 cuncta
1420 2280 1656 2350 indigna
1694 2280 1805 2333 lar-

158 2370 275 2439 giter
322 2370 629 2424 ministrari
676 2370 948 2441 praecepit
994 2369 1065 2423 3’.
1139 2371 1299 2424 Mane
1351 2386 1484 2423 vero
1532 2370 1805 2423 domuum

158 2459 483 2527 apostolicum
515 2460 846 2513 convocavit
870 2460 929 2514 in
981 2474 1279 2513 occursum
1313 2457 1592 2510 carissimi
1615 2457 1805 2528 hospi-

158 2546 212 2599 tis
236 2548 372 2617 (Jun.
422 2548 496 2615 5).
559 2548 884 2602 venientem
938 2563 1171 2618 quoque
1202 2546 1340 2600 foris
1371 2546 1431 2598 in
1457 2546 1668 2599 atrium
1702 2546 1805 2599 ob-

157 2634 277 2688 viam
300 2636 662 2706 procedentes
692 2635 1067 2689 libentissime
1101 2639 1492 2704 susceperunt,
1527 2650 1631 2687 nec
1678 2650 1807 2704 per-

161 2724 324 2776 missus
381 2729 461 2777 est
488 2724 561 2777 ad
595 2740 761 2777 suum
825 2723 1183 2777 domicilium
1218 2722 1442 2787 reverti,
1476 2722 1570 2776 sed
1648 2722 1808 2791 juxta

162 2802 236 2864 tibi
262 2828 367 2883 ipse
395 2812 642 2866 domnus
668 2812 981 2882 imperator
1012 2810 1307 2865 habitabat
1336 2808 1403 2877 ⁸³,
1471 2809 1809 2881 splendidis-

162 2899 332 2953 simum
398 2901 481 2955 illi
567 2900 954 2955 habitaculum
1025 2899 1074 2934 ”
1141 2899 1464 2953 exhibebat.
1554 2898 1807 2951 Vicissim

161 3004 512 3059 quoquenunc
538 2989 901 3060 imperatoris
928 2988 1211 3054 cubiculo,
1236 2988 1526 3041 interdum
1581 2986 1809 3056 episco-
1841 2988 1882 3044 C

160 3076 207 3142 pi
230 3077 584 3144 considentes,
648 3082 704 3130 et
764 3077 1015 3131 forenses
1071 3093 1267 3130 causas
1319 3081 1373 3129 et
1426 3076 1508 3129 rei
1564 3075 1809 3145 publicae

160 3165 431 3218 necessaria
496 3165 887 3219 conferebant.
953 3166 1093 3219 Nam
1151 3165 1219 3219 de
1268 3163 1698 3235 archiepiscopo
1755 3168 1811 3217 et

160 3253 369 3306 tumultu
399 3254 855 3308 Gandenesheim
886 3253 1086 3307 oborto
1117 3258 1247 3307 ante
1280 3268 1565 3306 accessum
1614 3252 1812 3306 domni

161 3340 373 3411 episcopi
450 3342 606 3396 fama
690 3358 1047 3412 praecurrens
1100 3349 1305 3396 cuncta
1377 3341 1807 3412 divulgaverat;

160 3430 280 3482 unde
316 3446 423 3483 non
479 3447 630 3501 Opus
658 3430 904 3485 habebat
929 3431 1157 3502 singula
1205 3432 1486 3500 evolvere,
1543 3430 1641 3485 sed
1682 3430 1811 3484 bre-

160 3515 273 3569 viter
321 3518 696 3591 strictimque,
759 3521 1106 3589 imperatore
1160 3521 1572 3591 interrogante,
1634 3536 1814 3590 pauca

164 3607 410 3659 contexuit
437 3606 503 3662 ⁸⁸.

215 3696 292 3748 20.
334 3695 438 3750 Sed
494 3695 963 3766 archiepiscopus
1016 3695 1165 3767 quod
1221 3700 1412 3749 mente
1454 3700 1808 3765 perceperat,

164 3786 260 3834 actu
288 3785 609 3853 perfecerat.
642 3784 882 3849 Quidam
927 3784 1079 3839 enim
1118 3784 1355 3855 maligni
1414 3785 1579 3838 illum
1617 3784 1812 3854 impu-

161 3867 330 3937 lerunt,
351 3872 560 3942 Sophia
590 3872 1000 3926 nichilominus
1046 3873 1353 3926 institerat.
1404 3872 1569 3926 Venit
1618 3871 1812 3943 itaque

162 3954 299 4009 biduo
327 3967 452 4013 ante
479 3960 663 4013 sancti
698 3961 936 4013 Andreae
980 3961 1190 4013 festum
1253 3960 1710 4015 Gandenesheim
1742 3962 1809 4014 ad

161 4047 397 4112 synodum
452 4052 563 4114 (an.
609 4050 760 4115 1000,
819 4050 953 4104 Nov.
1015 4049 1121 4118 28),
1170 4053 1230 4103 ut
1284 4049 1658 4118 disposuerat,
1705 4050 1810 4103 ha-

159 4130 267 4185 bens
314 4151 496 4191 secum
550 4136 939 4190 venerabilem
989 4137 1321 4207 episcopum
1379 4137 1713 4191 Retharium
1741 4135 1809 4204 ⁸⁸,

158 4220 366 4293 aliosque
396 4226 721 4294 complures
762 4230 1080 4291 extraneos,
1113 4226 1373 4279 videlicet
1425 4226 1493 4279 de
1558 4227 1811 4280 Thurin-

160 4309 227 4377 gis
248 4317 295 4364 et
316 4313 517 4382 Hassis,
550 4330 797 4384 quorum
846 4314 899 4367 id
929 4314 1101 4368 nichil
1132 4315 1423 4379 intererat,
1508 4315 1812 4369 nonnullos

160 4399 296 4454 etiam
318 4403 381 4456 de
408 4420 508 4457 sua
539 4404 751 4458 diocesi
796 4404 946 4458 infra
992 4405 1316 4460 Saxoniam.
1371 4404 1477 4460 Sed
1544 4405 1600 4458 in
1658 4406 1812 4474 prin-

160 4489 276 4557 cipio
304 4492 532 4546 actionis
560 4492 921 4546 venerandus
946 4494 1155 4563 praesul
1214 4493 1581 4563 Eggehardus
1610 4492 1657 4529 ⁸⁷
1717 4509 1814 4546 ar-

160 4575 539 4652 chiepiscopum
588 4586 933 4649 commonet,
984 4587 1107 4636 uta
1132 4582 1347 4652 synodo
1379 4581 1633 4649 desistat,
1712 4598 1816 4636 nec

159 4662 205 4715 in
246 4668 413 4722 aliena
462 4670 714 4724 aecclesia
772 4670 907 4723 talia
946 4675 1276 4740 praesumat,
1328 4672 1617 4741 praecipue
1684 4686 1814 4724 cum

160 4749 363 4809 domnus
402 4758 701 4828 episcopus
727 4759 795 4812 ad
827 4774 997 4829 quem
1029 4758 1281 4812 aacclesia
1334 4759 1616 4828 pertineat
1667 4759 1814 4813 absit

1836 1707 1875 1761 B

1845 4272 1886 4324 D

1495 294 1652 350 VITA
1693 296 1747 351 S.
1792 296 2238 353 BEBNWABDI.

3512 309 3617 363 410

1915 425 1970 474 et
1999 436 2129 474 cum
2158 421 2367 475 domno
2397 421 2713 492 apostolico
2744 426 2801 477 et
2825 422 3174 496 imperatore
3201 428 3492 484 consistat.
3526 432 3611 486 Ad

1920 510 2042 565 haec
2094 510 2418 564 incredibili
2488 510 2681 566 furore
2750 512 3209 584 archiepiscopus
3286 532 3610 585 succensus,

1920 599 2080 653 vultu
2110 603 2269 652 torvo
2292 615 2356 652 ac
2386 598 2767 670 minacijubet
2788 606 2850 655 ut
2879 602 3042 656 sileat
3069 621 3083 671 ;
3109 602 3189 656 nil
3213 605 3283 658 ad
3308 621 3367 658 se
3409 606 3614 661 talium

1920 689 2240 759 pertinere;
2268 692 2333 743 ut
2360 690 2656 760 propriam
2689 691 3005 745 ascclesiam
3042 692 3272 758 habeat,
3302 694 3459 748 illam
3505 711 3613 765 gu-

1920 776 2146 831 bernet!
2210 778 2447 831 Econtra
2523 780 2921 849 Eggehardus:
2994 802 3016 830 ι
3079 782 3348 848 Peccatis,
3423 782 3615 855 inquit

1921 866 2240 936 agentibus,
2283 866 2514 921 termini
2572 868 2930 939 episcopatus
2979 871 3091 924 mei
3141 871 3435 926 barbarica
3482 878 3615 927 sunt

1916 954 2143 1008 feritate
2171 954 2522 1025 depopulati,
2580 957 2777 1010 civitas
2851 958 3093 1021 deserta,
3157 960 3411 1014 aacclesia
3444 960 3608 1015 deso-

1920 1042 2061 1108 lata;
2097 1042 2289 1096 sedem
2322 1058 2439 1096 non
2474 1043 2679 1111 habeo,
2730 1060 2957 1098 servum
2998 1061 3086 1099 me
3118 1051 3325 1099 sanctae
3349 1048 3535 1101 Marim
3559 1052 3617 1102 et

1921 1130 2506 1185 Hildenesheimensis
2561 1133 2831 1187 ascclesiaa
2888 1150 3261 1204 recognosco,
3303 1137 3441 1189 etin
3472 1153 3610 1190 cun-

1919 1218 2023 1272 ctis
2052 1220 2241 1289 quoad
2273 1225 2474 1288 potero
2505 1227 2700 1274 sancto
2750 1221 2874 1275 loco
2930 1223 3202 1291 prodesse
3260 1224 3521 1280 studebo.
3582 1246 3607 1272 ››

1917 1307 2391 1378 Archiepiscopus
2430 1308 2643 1378 itaque,
2677 1309 2970 1380 productis
2994 1310 3130 1364 viris
3153 1328 3294 1383 quos
3351 1313 3610 1367 adduxe-

1920 1400 2027 1462 rat,
2059 1396 2351 1467 requisivit
2381 1396 2697 1467 episcopos,
2720 1398 2768 1450 si
2810 1398 2972 1451 liceat
3001 1394 3129 1452 illos
3161 1400 3423 1455 homines
3470 1402 3611 1455 han-

1918 1500 1993 1539 no
2016 1501 2116 1538 suo
2146 1486 2215 1539 ad
2256 1490 2612 1539 sacramenta
2653 1485 3071 1557 constringere,
3126 1487 3196 1540 ad
3227 1488 3389 1557 cujus
3420 1489 3609 1543 dioce-

1919 1573 2028 1627 sim
2059 1572 2201 1627 illud
2251 1573 2575 1627 coenobium
2631 1573 2929 1642 pertineat.
2963 1574 3051 1627 Illi
3082 1591 3433 1646 quamquam
3486 1593 3612 1631 me-

1917 1666 2042 1716 tum
2098 1660 2252 1715 illius
2292 1660 2475 1724 veriti,
2522 1660 2702 1726 aiunt,
2774 1660 3030 1732 legitime
3079 1662 3206 1716 ﬁeri
3262 1680 3376 1717 non
3424 1680 3611 1734 posse,

1917 1750 2147 1804 absente
2175 1750 2442 1819 episcopo
2476 1748 2832 1803 Bernwardo.
2882 1750 3246 1820 Eggehardus
3299 1748 3350 1783 ⁸⁸
3422 1752 3614 1823 itaque

1914 1840 2124 1910 praesul
2180 1844 2237 1892 et
2283 1839 2487 1892 fratres
2558 1838 2758 1903 nostri,
2810 1840 3061 1908 populus
3141 1856 3393 1910 quoque,
3452 1845 3617 1895 orant

1914 1928 2208 1990 instanter,
2272 1931 2629 1980 sacramenta
2714 1925 3006 1997 suspendi.
3058 1927 3181 1990 Qua
3234 1926 3615 1980 unanimitate

1915 2014 2339 2085 cleriebplebis
2368 2013 2825 2083 archiepiscopus
2865 2020 3210 2083 commotus,
3283 2014 3616 2085 Eggehardo

1916 2104 2183 2175 episcopo
2223 2104 2495 2169 minatur,
2528 2102 2639 2156 nisi
2668 2102 2832 2156 sileat
2853 2103 3007 2173 quod
3046 2118 3176 2156 cum
3208 2103 3422 2173 injuria
3450 2103 3618 2157 illum

1916 2193 2123 2264 ejiciat,
2162 2194 2346 2261 Super
2374 2192 2482 2246 hoc
2522 2190 2685 2245 multi
2718 2190 3003 2259 indignati
3036 2197 3092 2244 et
3147 2191 3430 2262 aliquanti
3470 2208 3616 2262 quos

1915 2281 2378 2351 archiepiscopus
2407 2280 2740 2345 adduxerat,
2768 2295 2899 2333 cum
2940 2280 3357 2350 propemodum
3386 2280 3620 2345 tumul-

1916 2379 2008 2426 tus
2039 2370 2305 2435 oriretur,
2341 2368 2707 2441 Eggehardus
2739 2369 2945 2439 praesul
3004 2369 3074 2422 ab
3123 2368 3405 2438 episcopis
3454 2384 3619 2438 roga-

1916 2464 2009 2514 tus
2058 2458 2337 2524 seccessit,
2446 2462 2792 2528 cunctosque
2881 2458 3500 2513 Gaudenesheimenses
3567 2460 3622 2511 et

1918 2564 2119 2602 omnes
2163 2548 2231 2601 ad
2263 2546 2886 2602 Hildenesheimensem
2923 2547 3195 2601 diocesim
3269 2546 3620 2617 pertinentes

1918 2637 1987 2691 ad
2014 2653 2176 2691 suam
2215 2636 2498 2706 synodum
2544 2635 2820 2689 invitavit.
2869 2635 2953 2689 Ad
2982 2635 3144 2706 cujus
3182 2636 3435 2689 bannum
3476 2650 3620 2688 una-

1919 2724 2371 2779 nimiteromnes
2424 2723 2659 2794 egressi,
2707 2723 2872 2777 illum
2939 2725 3085 2778 sicut
3151 2729 3305 2789 sunt,
3363 2728 3619 2777 tantum-

1919 2813 2094 2867 modo
2126 2829 2255 2868 cum
2289 2812 2719 2883 archiepiscopo
2740 2813 2858 2866 suis
2912 2812 3182 2883 propriis,
3241 2829 3383 2883 quos
3429 2812 3619 2866 addu-

1920 2909 2099 2966 xerat,
2166 2901 2397 2956 relictis.
2460 2903 2600 2956 Cum
2666 2918 2798 2956 vero
2865 2903 2934 2957 de
2992 2902 3204 2956 diocesi
3254 2898 3622 2956 sacramentis

1923 2990 2232 3045 examinati
2265 2989 2716 3060 requirerentur,
2751 2989 2847 3043 alii
2896 2990 3189 3043 Ethrinam
3224 2989 3359 3060 (37),
3397 2989 3619 3044 Frides-

1919 3081 2204 3134 larensem
2234 3079 2499 3143 ﬂuvium,
2530 3078 2841 3131 terminum
2876 3077 3455 3132 Hildenesheimensis
3488 3094 3620 3148 par-

1921 3168 2134 3222 rochias
2174 3167 2558 3231 affirmabant,
2631 3182 2883 3220 errorem
2916 3166 3157 3221 faciente
3189 3167 3423 3220 nomine
3444 3166 3622 3220 Eder-

1921 3273 2010 3310 ηαξ
2051 3256 2325 3318 ﬂuminis,
2352 3255 2502 3326 quod
2538 3254 2990 3309 Gandenesheim
3024 3254 3224 3321 alluit;
3254 3255 3370 3319 alii,
3403 3258 3623 3308 certum

1922 3345 1997 3399 nil
2040 3345 2183 3399 scire
2227 3343 2335 3398 nisi
2389 3349 2669 3415 quantum
2716 3344 2962 3397 aliorum
3026 3344 3204 3397 relatu
3294 3343 3620 3403 didicerint,

1922 3429 2350 3503 approbant”;
2415 3432 2607 3485 nullus
2640 3430 2859 3501 aliquid
2899 3431 2985 3484 vel
3043 3430 3318 3484 memoria
3379 3431 3621 3501 dignum

1923 3521 2183 3577 asseruit.
2234 3520 2708 3590 Arcbiepiscopus
2737 3524 2952 3584 tamen,
2988 3519 3101 3572 acsi
3135 3520 3375 3573 veritate
3421 3524 3625 3573 cuncta

1921 3611 2033 3665 ﬁxa
2066 3614 2415 3675 constarent,
2454 3610 2665 3673 banno,
2704 3625 2772 3661 ne
2830 3609 2957 3678 quis
2990 3607 3075 3661 illi
3130 3613 3484 3662 sacramento
3534 3623 3621 3661 re-

1920 3704 2144 3753 tentum
2177 3698 2503 3752 coenobium
2569 3696 2835 3762 auferret,
2869 3696 3146 3761 munivit;
3208 3698 3403 3766 sicque
3437 3696 3616 3751 libero

1921 3803 2115 3842 errore
2172 3787 2479 3840 discessum
2538 3789 2641 3839 est.
2694 3785 2942 3853 Pupulus
2989 3800 3123 3837 vero
3211 3784 3481 3854 quicquid
3551 3785 3621 3838 ab

1925 3873 2480 3931 Hildenesheimensi
2555 3877 2759 3926 senatu
2848 3872 3180 3943 jubebatur,
3268 3872 3625 3926 oboedienter

1931 3964 2127 4018 obivit.

1993 4055 2080 4106 2t.
2107 4052 2235 4122 (An.
2275 4049 2453 4119 1001.)
2486 4050 2706 4103 Interea
2763 4050 2980 4119 legatus
3013 4048 3254 4103 Romam
3309 4063 3481 4116 super
3533 4048 3623 4102 his

1923 4141 2134 4195 domno
2188 4138 2454 4209 episcopo
2519 4137 2806 4207 dirigitur,
2854 4136 3063 4207 scripta
3130 4152 3358 4209 quoque
3406 4137 3620 4191 domno

1925 4229 2233 4300 apostolico
2282 4234 2337 4281 et
2383 4226 2717 4296 imperatori
2773 4226 3074 4281 lacrimoso
3116 4226 3427 4280 admodum
3491 4227 3622 4280 stilo

1924 4317 2159 4372 ferebat.
2197 4317 2356 4371 Unde
2388 4320 2502 4369 tam
2560 4316 2903 4385 apostolicus
2942 4300 3132 4386 quam
3190 4314 3504 4385 imperator
3569 4320 3626 4368 et

1923 4422 2121 4459 omnes
2161 4404 2404 4459 Romani
2436 4404 2681 4474 graviter
2731 4405 3005 4458 commoti
3040 4420 3361 4458 .canonum
3430 4407 3622 4457 aucto-

1921 4494 2168 4559 ritatem,
2200 4497 2425 4561 patrum
2458 4491 2868 4545 nichilominus
2915 4492 3283 4546 traditionem
3317 4491 3621 4558 violatam;

1923 4587 2315 4650 contemptum
2402 4595 2634 4650 quoque
2695 4582 3008 4635 maximum
3068 4582 3341 4635 Romanas
3392 4579 3512 4634 sedi
3570 4586 3625 4633 et

1924 4669 2254 4740 apostolico,
2283 4668 2617 4739 imperatori
2638 4667 2830 4735 etiam,
2884 4669 2986 4722 tali
3044 4669 3491 4739 praesumptione
3544 4668 3623 4721 ir-

1923 4759 2142 4829 rogari;
2180 4758 2562 4829 periculosum
2589 4757 2921 4811 scandalum
2984 4756 3045 4809 in
3105 4757 3338 4810 ecclesia
3395 4756 3503 4810 hac
3534 4755 3623 4809 in-

1543 4885 1773 4938 VARL/E
1798 4884 2203 4938 LECTIONES.

212 4967 254 5003 '9
279 4972 415 5029 deest
441 4979 493 5031 2.
573 4975 625 5012 ⁸ο
652 4994 695 5031 s.
726 4977 844 5031 fere
876 4994 927 5032 o.
964 4994 1010 5032 c.
1042 4977 1281 5033 fratrum
1306 4983 1363 5034 2.

1447 4978 1492 5013 ει
1524 4996 1573 5033 a.
1606 4979 1647 5033 i.
1680 4980 1749 5033 D.
1793 4978 2078 5032 m.desunt
2102 4982 2155 5032 2.

2232 4977 2285 5011 "
2313 4976 2480 5031 eodem
2523 4978 2556 5029 2
2587 4976 2749 5030 addit
2777 4991 2790 5029 :
2830 4976 3119 5030 naturales
3179 4990 3411 5046 quoque
3442 4972 3620 5037 cibos,

161 5041 338 5120 gnibua
366 5046 423 5099 in
445 5047 628 5116 patria
660 5049 823 5102 illum
846 5065 1010 5102 usum
1045 5056 1299 5117 noverat,
1330 5051 1458 5120 pius
1480 5050 1714 5103 conviva
1745 5049 2071 5117 exhibebat,
2096 5048 2326 5120 medum
2360 5054 2680 5120 quoqueet
2711 5046 2988 5120 cervisam
3040 5041 3617 5120 famafprra—ecurrente

164 5114 521 5192 .lnjadventu—m
561 5120 963 5192 amantissimi,
992 5121 1233 5189 hospitis
1266 5114 1641 5192 praeparabat,
1695 5136 1828 5192 vasa
1856 5114 2330 5192 etiam,'picarios
2355 5114 2420 5171 ac
2468 5114 2696 5192 nitidas
2736 5118 3022 5192 scutellas,
3075 5114 3338 5192 candelas
3387 5131 3623 5192 quoque

161 5188 285 5259 ιρῐθιξ
306 5189 699 5255 prandendum
746 5191 997 5258 providit
1062 5185 1190 5258 (38).
1268 5191 1316 5225 ⁸³
1365 5185 1585 5246 habitat
1616 5194 1668 5244 2.
1745 5189 1793 5227 δι
1823 5185 2147 5244 cubiculum
2179 5194 2232 5244 2.
2309 5186 2357 5224 ⁸⁸
2409 5194 2633 5244 contex.
2677 5191 2729 5243 2.
2808 5185 2859 5221 ⁸⁸
2906 5191 2987 5242 ita
3017 5193 3069 5242 et
3123 5190 3176 5242 2.
3255 5186 3302 5223 ⁸⁷
3351 5186 3619 5259 eggihar-

164 5248 246 5304 dus
271 5248 322 5309 2:
347 5263 563 5327 saepius.
637 5258 686 5293 ⁸⁸
718 5248 1078 5316 ΕἸίιίὶὴδτᾶυέ
1106 5248 1164 5316 2.
1249 5261 1301 5297 ⁸9
1326 5262 1721 5334 approbabant
1750 5266 1803 5315 2.

1762 5377 1985 5432 ΝΟΤΑΞ.

1983 5467 2092 5537 (38)
2148 5468 2350 5524 Saeculi
2383 5465 2671 5522 undecimi
2717 5481 2902 5521 mores
2934 5484 2967 5521 a
2997 5467 3206 5524 nostris
3259 5469 3408 5525 haud
3459 5472 3614 5526 mul-

1918 5544 2040 5594 tum
2072 5539 2321 5594 diversos
2366 5539 2570 5593 cernis.

219 5456 313 5521 (36)
333 5461 601 5518 Tridenti.

218 5526 315 5595 (37)
344 5532 498 5586 Eder.
