4016 6202
295 273 390 325 411
572 339 578 343 _
1291 271 1694 326 TIIANGMARI
1736 273 2177 329 PRESBYTER!
2222 271 2807 329 HILDESHEIMENS.
3726 274 3838 326 $12

300 391 541 447 solentia
574 390 624 429 9°
652 407 817 462 posse
845 393 1111 465 generari
1138 413 1153 461 ;
1183 392 1513 465 hujusmodi
1561 394 1716 448 virus
1743 394 2004 450 funditus
2033 398 2079 449 Α
2122 395 2589 465 Sapientissimus
2621 411 2770 466 papa
2791 394 2934 449 dixit
2966 411 2978 448 :
3014 416 3042 443 «
3074 395 3399 465 Apostolica
3446 400 3749 467 potestate
3782 403 3848 450 et

303 482 708 551 extirpandum
741 480 808 535 9'.
1796 534 1808 545 ,
2114 491 2444 539 sanctorum
2461 486 2689 539 Patrum
2707 484 3040 538 auctoritate
3082 484 3846 556 dissipamus,eﬂ'ringimus

372 574 458 624 22.
503 572 609 624 Per
685 570 837 624 idem
913 575 1141 641 tempus
1206 571 1417 625 mansit
1464 587 1595 626 cum
1649 572 2001 642 imperatore
2114 577 2169 627 et
2216 574 2584 627 adnullamus
2664 588 2809 643 qua,
2869 572 3102 626 absente
3133 573 3307 626 fratre
3361 578 3418 626 et
3473 574 3844 643 coepiscopo

304 658 538 714 unicum
571 660 741 712 decus
797 659 1029 730 imperii
1050 660 1294 713 domnus
1352 659 1670 727 Heinricus,
1726 673 1861 715 tunc
1890 663 2003 716 dux
2118 663 2476 725 Bernwardo,
2508 661 2962 715 Gandenesheim
2996 661 3056 714 in
3102 677 3203 714 sua
3259 661 3474 715 diocesi
3532 663 3607 716 ab
3637 661 3846 715 archi-

306 747 754 819 potentissimus,
790 747 850 801 in
880 749 1145 818 proximo
1196 748 1432 819 quidem
1487 748 1588 802 Dei
1642 749 1854 819 pietate
1904 766 2005 803 rex
2116 751 2379 822 episcopo
2410 750 2667 821 Willegio
2725 755 2783 803 et
2811 750 2929 803 suis
2986 750 3357 819 complicibus
3413 751 3743 804 adinventa
3787 754 3851 803 et

306 836 554 897 futurus,
605 836 664 889 in
720 852 891 906 quem
952 836 1228 890 Dominus
1281 843 1515 890 cunctos
1566 837 1863 891 thesauros
1916 838 2006 892 di-
2115 836 2485 889 sacramentis
2514 839 2724 888 statuta
2764 840 2916 886 sunt.
2954 854 2975 880 ι
3016 835 3079 887 Et
3115 834 3593 905 superadjecitza
3629 836 3848 889 Frater

310 926 460 978 vinas
516 928 570 977 et
623 925 892 979 humanae
951 925 1245 996 sapientia:
1303 924 1566 978 contulit.
1611 925 1711 979 Hic
1756 926 2009 995 graviter
2116 932 2170 979 et
2249 924 2618 993 coepiscopus
2682 919 2731 955 9⁸
2803 923 3174 977 Bernwardus
3245 924 3391 992 petit
3436 923 3548 975 sibi
3595 922 3846 975 restitui

309 1028 536 1083 semper
586 1013 798 1066 ferebat
848 1014 1303 1067 Gandenesbeim
1354 1014 1614 1067 obortam
1670 1019 2004 1067 controver-
2115 1015 2397 1068 sublatam
2427 1011 2761 1064 vestituram
2793 1011 2863 1065 ab
2914 1010 3388 1081 archiepiscopo:
3446 1010 3587 1080 quid
3636 1010 3843 1079 {sanc—

309 1102 474 1166 siam,
505 1108 676 1170 atque
707 1102 975 1156 ardenter
1003 1102 1252 1157 instabat
1308 1103 1620 1158 {ecclesiam
1680 1102 2002 1172 paciﬁcare,
2116 1103 2263 1167 citis,
2295 1099 2539 1154 fratres?
2563 1117 2590 1149 io
2614 1100 2880 1153 Sanctum
2903 1098 3205 1152 concilium
3223 1098 3561 1169 respondit:
3592 1118 3619 1145 α
3650 1099 3841 1151 Vesti~

311 1189 491 1242 etsub
525 1188 734 1242 Christi
772 1189 949 1258 signis
979 1190 1290 1243 militantes
1322 1192 1394 1245 ad
1425 1191 1721 1245 caritatem
1780 1195 1836 1243 et
1874 1206 2005 1260 gra-
2116 1197 2325 1253 turam,
2377 1203 2551 1259 quam
2620 1186 3083 1257 archiepiscopus
3147 1202 3261 1240 non
3310 1186 3506 1256 potuit
3569 1186 3840 1249 auferre,

309 1278 446 1330 tiam
483 1277 812 1331 reformare.
865 1278 1042 1347 Hujus
1097 1278 1292 1350 itaque
1346 1296 1516 1333 suasu
1570 1283 1626 1333 et
1673 1279 1811 1332 cleri
1864 1279 2005 1349 iple-
2118 1296 2231 1335 non
2253 1282 2336 1332 est
2361 1292 2590 1330 necesse
2637 1274 2722 1328 illi
2785 1274 3054 1340 reddere;
3095 1274 3193 1328 sed
3242 1275 3380 1345 quia
3420 1275 3527 1329 hoc
3570 1273 3707 1345 ipse
3742 1290 3843 1343 pe-

308 1366 509 1436 bisque
557 1366 839 1419 coadunta
892 1371 977 1420 est
1030 1369 1279 1437 synodus
1335 1368 1537 1437 viginti
1608 1368 2007 1438 episcoporum
2116 1363 2288 1417 tendo
2326 1362 2517 1425 instat,
2541 1362 2587 1415 si
2613 1362 2828 1416 domno
2858 1362 3193 1432 imperatori
3234 1364 3477 1433 placeat,
3523 1362 3840 1432 apostola-

309 1455 378 1508 de
438 1454 746 1519 Romania;
795 1454 1074 1525 aliquanti
1118 1456 1292 1509 etiam
1343 1456 1556 1510 alfuere
1610 1456 1679 1510 de
1738 1458 1898 1510 Italia
1953 1462 2009 1510 et
2117 1457 2210 1505 tus
2238 1452 2411 1506 vestri
2442 1452 2628 1520 ferula.
2653 1452 2927 1505 vestitura
2955 1451 3037 1505 illi
3071 1452 3497 1523 redintegretur
3543 1457 3604 1505 et
3655 1452 3838 1504 robo-

310 1543 540 1607 Tuscia;
571 1543 641 1595 de
664 1543 870 1596 nostris
917 1559 1147 1613 quoque
1180 1544 1495 1613 Sigel‘ridus
1523 1541 1573 1577 9‘
1610 1544 2007 1616 Augustensis,
2117 1545 2291 1594 retur.
2331 1560 2357 1590 υ
2415 1540 2882 1610 Sapientissimus
2935 1555 3085 1609 papa
3140 1539 3287 1593 dixit
3331 1556 3344 1592 :
3403 1562 3423 1587 ι
3478 1539 3602 1594 Fiat
3667 1542 3843 1609 juxta

311 1629 607 1684 Heinricus
655 1630 1149 1701 Wirciburgensis,
1207 1632 1372 1701 Hugo
1422 1632 1596 1684 etiam
1628 1632 1830 1701 junior
1870 1631 2003 1686 Citi-
2038 1680 2077 1732 Β
2118 1629 2390 1699 placitum
2420 1628 2655 1683 vestri.»
2688 1629 2752 1682 Et
2781 1627 3016 1682 tradidit
3045 1627 3523 1698 illiapostolicam
3551 1628 3838 1689 ferulam,

310 1718 521 1783 censis;
553 1718 898 1788 praesidente
930 1720 1141 1773 domno
1190 1720 1464 1774 Gerberto
1512 1720 1829 1789 apostolico
1876 1736 2004 1774 cum
2041 1716 2077 1732 "
2115 1717 2308 1771 dicens
2340 1734 2353 1773 :
2384 1738 2411 1766 ‹‹
2443 1716 3034 1771 Gandenesheimense
3088 1716 3411 1771 ccenobium
3456 1732 3595 1770 cum
3660 1716 3829 1785 adja-

309 1806 659 1876 imperatore
682 1807 741 1859 in
773 1807 966 1876 palare
1004 1805 1055 1841 9⁵
1086 1809 1195 1878 (39)
1224 1808 1280 1861 in
1312 1808 1565 1861 aecclesia
1614 1808 1791 1862 sancti
1834 1808 2003 1862 Seba-
2116 1806 2376 1860 centibus
2406 1805 2556 1860 villis
2608 1811 2665 1859 et
2718 1805 2981 1859 terminis
3036 1810 3134 1858 tuo
3185 1804 3307 1875 juri
3365 1803 3711 1874 redintegro
3787 1810 3843 1857 et

311 1894 483 1947 stiani
532 1894 799 1960 martiris,
886 1902 1169 1965 praesente
1230 1896 1631 1950 nichilominus
1702 1896 2009 1966 singularis
2116 1896 2451 1959 corroboro,
2487 1900 2544 1949 et
2576 1894 2886 1965 apostolica
2965 1899 3290 1947 sanctorum
3341 1892 3491 1946 Petri
3534 1897 3596 1946 et
3665 1894 3839 1947 Pauli

312 1982 505 2036 meriti
530 1983 650 2036 viro
682 1984 895 2038 domno
946 1984 1206 2038 Heinrico
1237 1984 1284 2022 9‘
1314 1986 1458 2039 duce
1524 1984 1885 2055 pacatissimo
1953 1989 2010 2038 et
2117 1982 2452 2037 auctoritate
2504 1981 2804 2047 interdico,
2838 1998 2909 2034 ne
2964 1980 3169 2051 aliquis
3196 1980 3325 2047 tibi,
3384 1980 3495 2034 nisi
3527 1986 3831 2051 quantum

312 2070 636 2135 abbatibus,
672 2073 989 2126 astantibus
1046 2090 1275 2143 quoque
1327 2073 1656 2144 presbiteris
1715 2078 1772 2126 et
1811 2074 2008 2127 diaco-
2116 2086 2363 2125 canones
2403 2070 2761 2140 permittunt.
2805 2069 3062 2123 obsistat.
3117 2090 3139 2117 ι
3185 2069 3282 2122 His
3324 2068 3505 2121 tinitis
3564 2068 3833 2121 domnus

314 2158 483 2211 nibus
515 2158 788 2229 omnique
823 2162 1077 2214 Bouiana
1120 2162 1418 2231 dignitate.
1457 2164 1517 2216 In
1562 2163 1750 2216 fronte
1814 2162 2010 2232 itaque
2117 2160 2482 2229 apostolicus,
2509 2158 2644 2229 quid
2693 2157 3016 2212 faciendum
3077 2161 3245 2223 esset,
3273 2156 3587 2210 concilium
3629 2157 3839 2227 requi—

314 2245 556 2299 actionis
586 2252 711 2316 post
741 2248 1035 2317 evangelia
1064 2250 1209 2303 lecta
1248 2256 1304 2304 et
1334 2250 1596 2321 quaedam
1653 2252 1881 2303 Patrum
1918 2267 2008 2303 ca-
2118 2247 2274 2302 sivit.
2344 2248 2698 2317 Responsum
2773 2250 2875 2305 est,
2937 2245 2985 2298 si
3045 2246 3302 2315 utrisque
3358 2245 3740 2315 principibus
3782 2246 3839 2298 id

315 2335 518 2406 pitulo,
548 2335 945 2390 benedictione
1003 2338 1135 2391 data
1190 2355 1320 2392 cum
1377 2338 1786 2403 consedissent,
1863 2338 2011 2392 facto
2120 2336 2439 2403 conveniat,
2534 2334 2757 2404 scriptis
2840 2333 3337 2404 archiepiscopum
3411 2333 3840 2397 incusandum,

313 2423 541 2477 silentio
589 2425 929 2478 venerabilis
960 2425 1262 2496 episcopus
1330 2427 1697 2481 Bernwardus
1757 2427 1826 2480 de
1886 2428 2009 2481 loco
2120 2424 2278 2496 quod
2315 2431 2432 2478 tam
2486 2424 2671 2478 audax
2741 2423 3056 2493 inceptum,
3107 2422 3422 2476 canonibus
3472 2424 3841 2493 Patrumque

317 2510 583 2564 sessionis
613 2528 730 2565 suae
772 2513 1058 2567 modicum
1124 2531 1482 2584 progressus,
1541 2514 1838 2568 humiliter
1878 2532 2015 2585 apo-
2121 2513 2336 2581 regulis
2364 2513 2847 2581 contrarium,vir
2906 2529 3145 2566 summa:
3204 2511 3502 2583 gravitatis
3582 2516 3843 2581 attemp-

318 2598 517 2652 stolico
549 2603 605 2652 et
632 2599 965 2670 imperatori
991 2606 1046 2656 et
1075 2602 1289 2657 domno
1322 2602 1589 2659 Heinrico
1646 2602 1779 2656 duci
1833 2603 2013 2656 omni-
2121 2606 2294 2668 taret;
2354 2600 2644 2671 simulque
2677 2607 2738 2654 ut
2784 2601 2842 2654 in
2872 2606 3167 2671 posterum
3217 2618 3249 2653 a
3275 2601 3376 2653 tali
3432 2600 3846 2654 controversia

318 2702 431 2756 que
456 2688 672 2756 synodo
723 2705 950 2743 causam
986 2707 1102 2744 suae
1132 2691 1403 2745 (ecclesiae
1463 2691 1698 2745 elimato
1748 2707 2012 2746 sermone
2122 2690 2371 2757 desistat,
2407 2705 2513 2742 nec
2541 2688 2759 2759 aliquid
2812 2705 2871 2741 se
2928 2688 3293 2749 intromittat,
3361 2688 3476 2741 nisi
3554 2688 3845 2741 canonice

318 2775 569 2845 exponit.
648 2777 878 2833 Cunctis
929 2778 1124 2850 itaque
1182 2781 1305 2849 ejus
1361 2786 1569 2851 questu
1628 2780 2006 2850 compunctis,
2122 2778 2471 2848 emancipet;
2530 2778 2813 2847 synodum
2859 2793 3089 2848 quoque
3138 2776 3423 2846 episcopis
3476 2792 3587 2846 per
3667 2777 3846 2832 Saxo-

316 2863 771 2933 sapientissimus
818 2882 967 2936 papa
1019 2867 1388 2938 interrogavit
1435 2868 1764 2934 concilium,
1817 2869 1864 2921 si
1921 2885 2010 2937 sy-
2123 2869 2279 2923 niam
2302 2865 2494 2932 indici,
2530 2866 2804 2920 vicarium
2838 2865 3244 2920 nichilominus
3310 2881 3378 2918 ex
3434 2871 3603 2934 parte
3634 2866 3841 2919 domni

316 2950 499 3004 nodus
530 2951 791 3005 habenda
821 2955 908 3006 vel
960 2955 1209 3008 vocanda
1254 2961 1423 3019 esset,
1488 2972 1662 3026 quam
1720 2955 2006 3025 archiepi-
2039 2963 2078 3017 C
2117 2956 2413 3027 apostolici
2443 2954 2737 3021 destinari,
2770 2954 2870 3025 qui
2898 2955 3116 3026 synodo
3175 2953 3495 3024 praesideat.
3561 2956 3839 3025 Compla-

318 3053 522 3107 scopus
540 3054 669 3092 cum
692 3040 809 3094 suis
831 3057 971 3111 quos
1023 3043 1338 3097 adduxerat
1370 3045 1710 3114 collegisset,
1788 3043 1848 3097 in
1900 3059 2009 3096 ωει-
2120 3047 2296 3100 citum
2340 3050 2452 3107 est;
2486 3045 2643 3098 locus
2674 3044 2879 3098 Palitbi
2932 3044 3208 3098 habendae
3232 3043 3439 3113 synodi
3467 3044 3836 3111 disponitur,

320 3125 491 3179 clesia
555 3127 625 3181 ab
674 3128 1332 3185 Hildenesheimensibus
1362 3132 1640 3201 episcopis
1669 3129 1717 3165 9⁵
1787 3147 2013 3201 semper
2119 3135 2241 3188 dies
2318 3149 2373 3187 ιι
2427 3133 2711 3186 Kalendas
2797 3132 2935 3186 Julii
3005 3131 3403 3198 denunciatur,
3468 3132 3837 3187 Frithericus

320 3229 595 3282 possessa,
656 3216 946 3285 prmcipue
1004 3233 1134 3270 cum
1191 3217 1493 3288 episcopus
1543 3218 1789 3272 defuerit
1836 3224 1894 3273 et
1941 3219 2012 3272 ad
2119 3221 2425 3277 cardinalis
2452 3222 2737 3291 presbiter
2791 3225 3001 3274 sancta:
3030 3223 3300 3275 Romanae
3344 3219 3643 3284 ecclesias,
3700 3223 3836 3290 post

322 3302 641 3356 Romanam
682 3303 873 3357 sedem
903 3320 1007 3374 pro
1066 3305 1279 3359 eisdem
1326 3307 1509 3360 causis
1547 3306 1895 3376 confugerit;
1929 3308 2009 3362 vel
2120 3310 2349 3382 quidem
2380 3310 2665 3364 Ravennae
2704 3308 3184 3379 archiepiscopus,
3235 3309 3381 3363 Saxo
3436 3323 3680 3378 genere,
3740 3308 3833 3378 ju-

319 3405 434 3458 quo
495 3390 728 3444 nomine
787 3393 898 3445 tale
980 3394 1444 3449 conventiculum
1502 3395 1867 3449 vocitandum
1919 3395 2009 3448 sit.
2119 3399 2279 3452 venis
2308 3402 2471 3452 aetate
2529 3397 2630 3451 sed
2689 3396 2881 3450 senior
2932 3412 3157 3449 morum
3209 3396 3519 3466 probitate,
3575 3396 3835 3449 vicarius

319 3477 588 3532 Sanctum
620 3480 921 3534 consilium
945 3497 1227 3536 secessum
1257 3484 1419 3552 petit,
1456 3488 1519 3536 ut
1552 3483 1824 3538 secretius
1853 3484 2015 3547 finter
2119 3486 2317 3541 domni
2347 3484 2648 3555 apostolici
2678 3484 2908 3555 eligitur
2928 3490 3099 3554 atque
3142 3483 3432 3553 dirigitur,
3490 3485 3834 3554 apostolicis

321 3581 379 3617 se
410 3566 480 3620 de
508 3566 968 3638 hisconquirant.
992 3570 1155 3633 Quod
1177 3570 1223 3607 9⁸
1244 3572 1534 3642 piissimus
1556 3589 1705 3642 papa
1724 3571 1769 3607 9"
1788 3574 2009 3627 annuit.
2118 3573 2466 3645 paramentis
2525 3576 2696 3641 atque
2763 3571 3025 3640 insigniis
3086 3588 3203 3625 non
3272 3571 3462 3624 minus
3515 3570 3829 3635 infulatus,

321 3655 659 3725 Egressique
689 3662 824 3711 sunt
855 3658 960 3711 soli
982 3660 1227 3713 Romani
1249 3661 1520 3731 episcopi,
1550 3665 1607 3714 et
1646 3662 2010 3732 postmodum
2121 3677 2293 3733 quam
2324 3661 2371 3713 si
2398 3660 2520 3730 ipse
2551 3676 2700 3730 papa
2729 3658 3004 3729 procedat
3028 3656 3096 3712 99.

317 3743 654 3815 introgressi
681 3762 811 3800 cum
842 3747 1051 3802 iterum
1092 3749 1505 3815 consedissent,
1556 3749 2014 3821 sapientissimus
2191 3749 2262 3787 ¹⁰⁰
2290 3752 2377 3803 23.
2413 3748 2530 3802 Illis
2550 3748 2762 3819 quippe
2785 3746 2987 3800 diebus
3018 3747 3267 3801 domnus
3298 3746 3621 3816 imperator
3646 3747 3827 3815 Tybe-

310 3848 466 3903 papa
500 3832 639 3886 dixit
670 3851 683 3888 :
720 3856 746 3882 α
772 3835 918 3898 Quid
939 3837 1168 3890 sancitis
1188 3837 1413 3902 fratres,
1434 3837 1503 3891 de
1525 3839 1741 3908 synodo
1762 3837 1789 3889 ?
1816 3859 1843 3887 ››
1877 3838 2013 3892 San-
2122 3838 2304 3891 rinam
2324 3836 2610 3891 civitatem
2641 3836 2749 3906 (40)
2772 3840 2925 3888 arcta
2952 3835 3247 3888 obsidione
3277 3833 3827 3887 vallavit.Machinis

321 3922 474 3972 ctum
503 3920 807 3974 concilium
830 3923 1129 3992 respondit
1170 3940 1183 3977 :
1221 3945 1248 3972 α
1280 3925 1341 3977 In
1374 3923 1561 3977 aliena
1589 3924 1843 3978 eacolesia
1868 3928 1924 3977 et
1944 3925 2014 3978 ab
2121 3932 2313 3980 autem
2342 3929 2399 3979 et
2446 3924 2736 3996 plerisque
2789 3923 3187 3977 instrumentis
3216 3938 3281 3975 ac
3327 3921 3841 3991 expugnationem

320 4006 447 4060 aliis
480 4024 738 4078 possessa
759 4010 839 4063 nil
878 4010 1027 4080 juris
1066 4011 1299 4077 habuit;
1360 4027 1546 4080 neque
1610 4011 1878 4065 canonice
1934 4012 2014 4065 ibi
2122 4014 2375 4085 praesidii
2404 4013 2641 4084 paratis,
2703 4010 2866 4065 fossis
2923 4011 3102 4065 etiam
3152 4010 3318 4064 mirae
3376 4009 3829 4078 magnitudinis,

322 4098 598 4164 synodum
628 4097 839 4152 habere
853 4103 952 4151 aut
978 4098 1193 4168 aliquid
1224 4098 1572 4153 constituere
1599 4098 2015 4153 sineconsensu
2123 4106 2187 4156 ut
2210 4118 2418 4173 aquam
2450 4118 2483 4154 a
2511 4105 2704 4155 meatu
2768 4099 3136 4161 deducerent,
3188 4113 3318 4151 cum
3377 4112 3654 4167 magnam
3726 4097 3837 4149 vim

322 4184 537 4252 proprii
568 4186 820 4255 episcopi
847 4186 1056 4255 potuit,
1116 4202 1220 4239 nec
1250 4185 1602 4239 omnimodis
1636 4187 1892 4255 synodus
1921 4203 2012 4241 ca-
2047 4241 2086 4260 η
2125 4191 2340 4245 civibus
2364 4190 2715 4260 ingererent,
2747 4204 2852 4241 nec
2896 4187 2966 4242 ad
3025 4186 3376 4241 deditionem
3425 4201 3636 4256 cogere
3700 4202 3841 4254 pos-

323 4271 531 4323 nonice
574 4272 685 4326 dici
739 4274 965 4343 poterit.
1029 4294 1051 4322 ο
1109 4273 1575 4344 Sapientissimus
1624 4291 1772 4346 papa
1828 4275 2012 4329 dixit:
2048 4271 2088 4292 ”
2132 4283 2277 4344 sent,
2344 4278 2659 4347 imperator
2708 4275 3001 4330 invitatur.
3078 4277 3188 4330 Nec
3246 4290 3427 4339 mora,
3488 4273 3652 4327 adest
3704 4290 3837 4327 cum

330 4379 350 4403 α
391 4358 535 4428 Ergo
559 4374 673 4428 quo
706 4360 940 4413 nomine
988 4360 1097 4416 rite
1153 4361 1340 4416 vocari
1395 4363 1618 4432 potest?
1678 4385 1698 4410 ι
1748 4365 2019 4419 Sanctum
2132 4365 2445 4435 apostolico
2503 4370 2559 4418 et
2595 4363 2909 4417 venerabili
2947 4362 3213 4435 episcopo
3250 4361 3615 4416 Bernwardo.
3669 4363 3841 4415 Cum-

325 4446 630 4501 concilium
652 4450 982 4519 respondit:
1005 4473 1024 4497 α
1050 4451 1264 4506 Scisma
1280 4452 1590 4506 concilians
1632 4452 1964 4507 discordias.
1989 4474 2016 4505 η
2131 4470 2243 4523 que
2272 4458 2337 4508 ut
2366 4454 2425 4508 in
2448 4453 2657 4507 talibus
2686 4454 2770 4518 fit,
2831 4452 2928 4506 alii
2983 4468 3191 4523 augere
3237 4450 3597 4504 obsidionem
3630 4451 3839 4503 suade-

330 4533 797 4603 Sapieulissimus
827 4555 975 4608 papa
1005 4539 1147 4593 dixit
1204 4558 1283 4594 ;‹‹
1340 4540 1673 4611 Abjicienda
1720 4546 1853 4595 sunt
1890 4558 2019 4612 quae
2129 4548 2277 4608 rent,
2332 4542 2430 4594 alii
2478 4541 2753 4595 diuturno
2802 4556 2867 4594 ac
2913 4538 3115 4609 grandi
3186 4538 3381 4593 labore
3476 4554 3689 4607 parum
3783 4554 3839 4591 se

326 4620 403 4675 ibi
471 4628 629 4692 gesta
680 4629 850 4681 sunt?
916 4648 938 4674 ι
992 4628 1259 4682 Sanctum
1320 4628 1626 4683 concilium
1673 4629 2015 4699 respondit:
2128 4629 2435 4700 profecisse
2478 4630 2755 4696 dicerent,
2794 4628 3011 4682 bonum
3060 4626 3257 4691 videri,
3318 4632 3548 4680 tantum
3590 4632 3653 4679 ut
3707 4643 3838 4680 cum

330 4731 357 4757 ‹‹
391 4710 675 4767 Canonica
712 4716 1048 4771 auctoritate
1080 4722 1137 4770 et
1179 4722 1505 4772 sanctorum
1538 4720 1769 4772 Patrum
1834 4722 2017 4771 exter-
2129 4718 2344 4772 honore
2367 4719 2486 4783 fiat,
2519 4718 2874 4772 obsidionem
2896 4716 3059 4786 solvi,
3083 4716 3395 4785 imperator
3424 4714 3839 4768 Bernwardum

328 4798 603 4856 minanda
632 4809 783 4873 sunt,
825 4822 955 4877 quas
992 4806 1071 4860 ibi
1103 4805 1410 4861 adinventa
1441 4807 1526 4861 vel
1557 4810 1768 4860 statuta
1798 4810 1951 4860 sunt.
1993 4827 2014 4855 ι
2128 4808 2434 4878 praesulem
2491 4822 2751 4861 seorsum
2798 4805 3108 4871 abducens,
3176 4804 3315 4875 quid
3373 4810 3508 4874 agat
3562 4803 3837 4864 consulit,

1754 4967 1991 5020 VARI/EI
2048 4966 2339 5022 LECTION
2350 4967 2441 5021 ES.

399 5086 516 5160 9°_i.
552 5090 794 5143 scientes
823 5104 860 5160 ρ
909 5089 1051 5160 3-5._
1103 5084 1149 5122 9‘
1183 5086 1554 5141 decreverunt
1576 5090 1689 5143 3-5.
1767 5087 1817 5123 9’
1846 5089 2075 5160 sifridus
2108 5089 2484 5160 l._sigifridus
2511 5093 2565 5143 2.
2642 5086 2691 5123 9³
2732 5089 2793 5143 in
2839 5106 2895 5160 p.
2925 5090 3202 5160 desunt_2.
3280 5083 3326 5122 9‘
3355 5086 3429 5160 Η.
3480 5088 3535 5139 2.
3614 5083 3664 5120 9‘
3694 5085 3839 5160 deest

336 5163 383 5212 t.
458 5158 507 5195 9°
536 5161 684 5216 deest
712 5164 763 5213 2.
826 5156 888 5193 ’97
913 5175 968 5228 p.
995 5158 1179 5232 libens
1210 5175 1260 5211 a.
1286 5161 1408 5232 3-5.
1457 5160 1791 5232 Lepiscopns
1822 5165 1877 5215 l.
1960 5159 2009 5193 9⁸
2038 5165 2083 5215 l.
2161 5158 2210 5193 99
2231 5156 2268 5214 i'.
2299 5160 2569 5232 procedat
2589 5156 2936 5231 apostolicus
2963 5164 3015 5215 2.
3097 5156 3167 5197 ¹⁰⁰
3191 5159 3466 5225 sequentia
3488 5171 3664 5223 usque
3684 5156 3841 5210 Con-

330 5236 615 5283 venerunt
642 5233 841 5299 capitis
863 5233 955 5297 28,
984 5230 1139 5283 nulla
1161 5229 1357 5282 lacuna
1374 5228 1643 5295 indicata,
1677 5228 1869 5285 desunt
1898 5235 1951 5283 2.

1964 5333 2167 5388 ΝΟΤιΕ
2181 5373 2194 5387 .

403 5424 516 5491 (39)
554 5425 854 5496 Aspastico
887 5426 1030 5496 forte
1082 5432 1141 5496 et
1186 5427 1523 5496 salutatorio
1600 5428 1688 5481 vel
1745 5427 2020 5482 locutorio
2205 5428 2311 5496 (40)
2342 5426 2541 5482 Tivoli.

344 5494 599 5549 Bnowza.
628 5494 807 5564 Vulgo
832 5494 1210 5551 Parlatorium
1232 5500 1434 5552 vocant
1461 5494 1704 5552 LEIBNIZ.
