4016 6202
168 249 281 301 413

1574 249 1734 303 νΙΤΑ
1773 252 1827 305 S.
1873 252 2218 308 BERNWAR
2231 254 2339 308 01(

3582 257 3709 329 ,414

166 385 327 441 aegre
373 365 689 423 admodum
731 363 887 418 ferre
945 381 1026 431 se,
1089 380 1221 419 cum
1266 364 1480 437 injuria
1528 374 1712 441 coepta
1762 350 1978 426 desi-A
2017 373 2223 429 Christi
2252 391 2384 428 mox
2414 374 2608 429 adesse
2639 376 3024 447 praesentiam,
3077 378 3238 448 cujus
3287 383 3343 431 et
3381 378 3441 431 iu
3495 377 3700 432 nativi-

166 464 345 513 stere.
380 458 465 512 Ad
500 471 679 527 quem
733 454 835 508 ille
863 472 881 508 :
917 472 944 504 «
998 454 1121 507 Non
1177 455 1386 524 patior,
1446 456 1545 524 ait,
1577 475 1751 530 super
1805 460 1894 514 his

167 565 291 613 vos,
314 547 510 601 anima
538 544 638 610 mi,
676 559 859 615 quem
908 542 1022 595 vita
1077 542 1357 598 cariorem
1396 545 1601 612 habeo,
1634 565 1891 602 commo-

165 638 310 692 veri.
361 636 469 690 Sed
528 648 685 687 nunc
742 631 1044 702 praecipito
1098 632 1301 686 artiori
1358 634 1658 690 obsidione
1689 639 1892 692 urbem

165 725 407 791 vallari;
472 739 605 776 nam
676 721 787 775 etsi
834 719 1089 774 reditum
1151 720 1221 772 ad
1255 722 1496 791 patriam
1539 726 1729 793 cupio,
1779 742 1893 780 non

165 818 305 866 ante
336 828 370 864 a
394 812 690 880 majestate
720 812 912 863 vestra
967 807 1215 874 diverto,
1247 825 1418 878 quam
1451 811 1652 865 urbem
1705 829 1891 882 popu-

168 904 411 972 lumque
468 904 655 953 vestro
706 898 832 969 juri
877 897 1140 963 subacta,
1206 898 1308 953 Dei
1336 900 1570 969 pietate,
1605 902 1830 956 videbo.
1865 921 1891 952 ι)

169 991 254 1043 Ad
281 991 409 1043 haec
439 988 760 1056 imperator
790 986 961 1039 laetus
1016 984 1231 1038 dilecto
1282 992 1539 1056 gratatur
1591 990 1893 1059 magistro,

170 1080 371 1132 locum
402 1077 592 1130 artiori
626 1075 928 1128 obsidione
960 1072 1171 1139 munit,
1226 1075 1440 1129 milites
1483 1076 1551 1129 ad
1601 1093 1896 1148 expugna—

171 1166 397 1218 tionem
425 1164 674 1229 instruit,
700 1161 961 1216 intrandi
1005 1160 1092 1215 vel
1127 1164 1378 1217 exeundi
1427 1164 1719 1219 licentiam
1778 1183 1896 1219 om-

171 1255 348 1309 nibus
382 1250 662 1321 imperiali
690 1251 1033 1304 auctoritate
1066 1250 1387 1306 interdicit.
1418 1252 1661 1324 Aliquot
1692 1253 1896 1308 diebus

173 1343 407 1404 exactis,
437 1342 679 1395 domnus
726 1339 1106 1393 Bernwardus
1166 1343 1227 1392 et
1283 1341 1633 1411 apostolicus
1685 1344 1895 1413 praefa-

174 1436 295 1485 tam
360 1429 551 1483 urbem
601 1427 844 1481 adeunt.
882 1427 1041 1481 Cives
1080 1426 1198 1480 lazti
1262 1429 1645 1483 adventantes
1703 1447 1895 1485 servos

175 1520 278 1573 Dei
344 1518 648 1572 honoriﬁco
698 1514 1026 1585 excipiunt,
1087 1514 1220 1568 urbi
1288 1516 1733 1585 intromittunt;
1794 1536 1896 1573 nec

174 1607 346 1679 prius
379 1606 649 1660 desistunt
681 1604 824 1675 (41),
865 1620 1039 1674 quam
1112 1619 1315 1659 omnes
1363 1610 1600 1676 pacatos
1646 1608 1892 1677 impera-

178 1695 329 1751 toris
397 1694 593 1748 ditioni
664 1692 773 1747 Dei
820 1692 1005 1762 gratia
1070 1691 1259 1765 adjuti
1310 1695 1595 1749 subdunt.
1662 1697 1895 1750 Postera

175 1800 431 1854 namque
461 1784 570 1850 die,
598 1781 788 1837 nobili
812 1781 1115 1850 triumpho
1170 1783 1591 1855 subsequente,
1644 1785 1897 1857 episcopi

185 1874 593 1942 imperatorem
652 1871 887 1924 adeunt.
976 1871 1120 1924 Nam
1175 1872 1371 1924 cuncti
1432 1872 1700 1941 primarii
1751 1873 1899 1928 cives

178 1962 524 2031 pra-scriptae
593 1959 840 2013 civitatis
899 1965 1104 2012 assunt
1141 1959 1279 2012 nudi
1336 1960 1715 2015 femoralibus
1773 1967 1898 2015 tan-

178 2056 306 2104 tum
338 2050 488 2116 tecti,
520 2049 715 2102 dextra
744 2048 987 2118 gladios,
1046 2048 1181 2100 laeva
1247 2064 1454 2119 scopas
1510 2050 1582 2102 ad
1618 2051 1899 2119 palatium

178 2138 637 2209 praetendentes;
696 2136 990 2207 imperiali
1037 2135 1159 2206 juri
1204 2153 1262 2191 se
1322 2154 1546 2210 suaque
1596 2139 1898 2207 subactos;

181 2227 259 2279 nil
295 2225 524 2295 pacisci,
570 2241 672 2279 nec
708 2225 888 2296 ipsam
935 2224 1180 2295 quidem
1236 2225 1443 2293 vitam;
1507 2244 1652 2298 quos
1698 2228 1903 2297 dignos

180 2313 533 2379 indicaverit,
592 2328 725 2367 ense
785 2313 982 2379 feriat,
1049 2312 1135 2366 vel
1194 2328 1300 2383 pro
1375 2315 1772 2369 misericordia
1832 2318 1902 2372 ad

178 2403 375 2472 palam
407 2402 589 2471 scopis
619 2401 933 2456 examinari
975 2400 1205 2471 jubeat.
1246 2401 1303 2456 Si
1356 2419 1551 2458 muros
1590 2403 1749 2458 urbis
1780 2406 1903 2460 solo

177 2489 539 2560 complanari
600 2489 742 2543 votis
801 2490 927 2560 ejus
972 2493 1276 2559 suppetat,
1351 2497 1654 2563 promptos
1701 2493 1904 2547 libenti

176 2580 378 2634 animo
401 2582 599 2631 cuncta
629 2577 847 2647 exequi,
884 2593 997 2630 nec
1028 2576 1214 2647 jussis
1235 2577 1356 2648 ejus
1416 2580 1729 2650 majestatis
1762 2580 1903 2635 dum

109 2672 118 2683 '
179 2669 373 2722 vivant
403 2665 867 2720 contradicturos.
903 2665 1246 2735 Imperator
1279 2667 1434 2737 pacis
1483 2668 1899 2737 conciliatores,

178 2772 391 2828 papam
450 2760 506 2808 et
558 2755 832 2809 domuum
873 2755 1301 2811 Beruwardum
1361 2756 1716 2826 episcopum,
1782 2774 1902 2812 ma-

181 2846 391 2917 gniﬁce
420 2843 693 2913 gratando
732 2843 977 2907 extollit,
1002 2846 1187 2915 atque
1269 2843 1340 2897 ad
1390 2843 1620 2898 illorum
1696 2852 1898 2900 nutum

2004 463 2137 516 tatis
2158 468 2283 517 ortu
2308 462 2561 533 primum
2592 464 2746 534 pacis
2784 466 2995 536 gaudia
3024 466 3386 534 nunciantur,
3438 472 3497 520 et
3536 471 3699 537 post-

2004 552 2238 604 modum
2270 551 2524 620 ejusdem
2558 552 2711 621 pacis
2733 560 3016 608 amatores
3076 555 3406 624 evangelica
3461 555 3699 608 veritate

2004 638 2253 693 ﬁliorum
2293 640 2391 693 Dei
2456 640 2839 709 appellatione
2891 646 3215 695 censentur.
3283 642 3465 713 Ipsius
3506 643 3699 714 itaque

2004 727 2216 796 pietate
2272 727 2445 781 totius
2506 728 2805 782 discordiae
2868 731 3179 784 rebellione
3239 733 3445 801 sopita,
3507 732 3700 785 hostes

2004 832 2202 885 pacem
2235 822 2567 886 exposcunt,
2591 833 2749 870 arma
2780 818 3113 888 projiciunt,
3148 818 3206 871 iu
3262 819 3576 873 crastinum
3643 836 3702 873 se

2003 905 2066 958 ad
2138 903 2415 974 palatium
2464 911 2733 957 venturos
2777 907 3143 975 promittunt.
3199 908 3356 961 Mane
3424 909 3524 961 Dei
3581 909 3702 962 cle—

2005 992 2221 1045 mentia
2252 996 2467 1057 assunt,
2500 1008 2697 1062 pacem
2730 998 2953 1062 petunt,
3002 1001 3355 1048 sacramenta
3398 997 3697 1060 innovant,

2006 1080 2181 1134 fidem
2238 1096 2297 1134 se
2341 1079 2675 1150 imperatori
2732 1087 3009 1152 perpetuo
3068 1089 3391 1136 servaturos
3448 1084 3695 1153 promit-

2005 1172 2151 1221 tunt.

2074 1258 2163 1310 25.
2220 1255 2457 1310 Interim
2535 1256 2824 1325 piissimus
2876 1274 2940 1312 ac
3005 1259 3337 1313 mitissimus
3389 1259 3707 1330 imperator

2005 1359 2139 1397 cum
2192 1344 2389 1413 paucis
2446 1346 2653 1399 turrim
2713 1346 3002 1415 quandam
3062 1349 3394 1414 ascendens,
3447 1348 3519 1402 ad
3573 1346 3706 1401 illos

2004 1431 2457 1486 concionabatur
2497 1433 2690 1487 dicens
2746 1449 2761 1486 :
2825 1452 2851 1483 ‹‹
2905 1436 3231 1489 Auscultate
3297 1435 3470 1489 verba
3526 1436 3707 1506 patris

2006 1519 2184 1573 vestri
2214 1524 2269 1573 et
2290 1521 2587 1588 attendite,
2618 1526 2673 1575 et
2712 1537 2778 1575 ea
2811 1528 3000 1577 mente
3051 1524 3356 1593 diligenter
3420 1524 3703 1594 reponite.

1929 1645 1967 1698 Β
2010 1609 2195 1661 Vosne
2226 1608 2357 1662 estis
2381 1610 2492 1663 mei
2532 1611 2813 1665 Romani?
2845 1614 3085 1682 Propter
3108 1630 3203 1666 vos
3238 1613 3472 1682 quidem
3518 1627 3709 1665 meam

2008 1696 2278 1767 patriam,
2316 1699 2674 1769 propinquos
2722 1701 3211 1771 quoquevreliqui.
3242 1704 3451 1754 Amore
3520 1705 3710 1754 vestro

2011 1801 2173 1839 meos
2216 1784 2460 1840 Saxones
2541 1791 2597 1840 et
2679 1794 2915 1842 cunctos
2962 1789 3313 1854 Theotiscos,
3364 1787 3709 1859 sanguinem

2013 1888 2209 1927 meum
2249 1874 2489 1943 projeci;
2523 1892 2620 1927 vos
2650 1874 2711 1929 in
2742 1882 2988 1930 remotas
3023 1882 3210 1948 partes
3242 1876 3421 1930 nostri
3477 1876 3711 1948 imperii

2011 1961 2246 2027 adduxi,
2280 1978 2395 2032 quo
2415 1968 2604 2033 patres
2642 1964 2835 2033 vestri,
2868 1982 2999 2021 cum
3046 1967 3253 2021 Orbem
3310 1966 3527 2019 ditione
3572 1982 3708 2037 pre-

2015 2054 2576 2121 merentnumquam
2604 2053 2809 2121 pedem
2852 2059 3193 2122 posuerunt;
3228 2054 3443 2107 scilicet
3500 2059 3560 2107 ut
3601 2070 3708 2108 no-

2015 2151 2151 2189 men
2182 2142 2431 2191 vestrum
2455 2143 2509 2191 et
2530 2139 2771 2209 gloriam
2792 2141 2857 2194 ad
2878 2143 3019 2195 lines
3039 2159 3216 2212 usque
3239 2143 3348 2211 (44)
3374 2143 3709 2210 dilatarem;

2013 2240 2116 2277 vos
2146 2224 2294 2278 ﬁlios
2318 2226 2601 2296 adoptavi,
2644 2244 2743 2280 vos
2773 2230 2991 2283 cunctis
3022 2231 3267 2300 praetuli.
3288 2231 3469 2284 Causa
3500 2238 3706 2299 vestra,

2013 2313 2151 2367 dum
2213 2330 2309 2367 vos
2386 2314 2655 2368 omnibus
2710 2317 3006 2387 proposui,
3066 2318 3461 2371 universorum
3519 2319 3578 2372 in
3619 2336 3710 2373 me

2014 2399 2290 2454 invidiam
2313 2406 2368 2455 et
2401 2403 2598 2457 odium
2647 2405 2950 2459 commovi.
2989 2407 3053 2459 Et
3092 2422 3244 2459 nunc
3283 2422 3386 2476 pro
3440 2406 3710 2460 omnibus

2013 2487 2105 2543 his
2187 2496 2408 2558 patrem
2491 2496 2743 2546 vestrum
2804 2493 3114 2563 abjecistis,
3195 2494 3507 2548 familiares
3550 2510 3711 2549 meos

2014 2576 2230 2630 crudeli
2290 2583 2471 2631 morte
2502 2578 2892 2648 interemistis,
2950 2598 3043 2635 me
3076 2581 3409 2647 exclusistis,
3453 2597 3582 2635 cum
3623 2588 3712 2635 ta-

2016 2682 2150 2718 men
2211 2668 2511 2722 excludere
2569 2685 2683 2721 non
2736 2670 3007 2740 potestis;
3077 2670 3215 2742 quia
3274 2686 3420 2740 quos
3472 2676 3711 2741 paterno

2014 2754 2207 2808 animo
2238 2757 2600 2825 complector,
2635 2773 2956 2828 numquam
2985 2758 3055 2813 ab
3080 2758 3279 2813 aﬁ‘ectu
3316 2774 3442 2811 meo
3491 2757 3711 2811 exulari

2016 2844 2219 2912 patior.
2279 2843 2404 2897 Scio
2481 2845 2749 2915 equidem
2810 2851 2867 2899 et
2930 2852 3077 2901 nutu
3133 2848 3363 2900 oculum
3410 2845 3710 2899 seditionis

183 2935 297 2989 reis
337 2933 563 2987 veniam
594 2931 824 2998 tribuit;
859 2930 1193 3004 placitoque
1255 2931 1474 3001 habito,
1527 2933 1729 2986 urbem
1787 2951 1904 2989 non
1936 2922 1976 2977 ί)
2014 2930 2300 3001 principes
2324 2931 2589 3003 assigno;
2620 2949 2726 2988 nec
2758 2940 3048 3004 verentur,
3106 2935 3243 2989 dum
3297 2934 3520 3005 publice
3582 2951 3707 2988 om-

189 3022 413 3078 destrui
434 3022 489 3074 in
521 3036 825 3074 commune
847 3018 1193 3075 deliberant.
1232 3019 1445 3074 Urbani
1499 3020 1683 3089 gratia
1728 3018 1907 3090 impe-

187 3111 399 3167 ratoris
444 3110 752 3174 donantur,
804 3112 863 3162 et
910 3111 975 3161 ut
1018 3124 1075 3162 se
1126 3108 1367 3181 paciﬁca
1413 3113 1607 3179 agant,
1662 3124 1768 3162 nec
1832 3109 1901 3162 ab

188 3201 541 3269 imperatore
574 3197 861 3263 deﬁciant,
894 3202 1355 3253 commonentur.

262 3289 354 3342 2’s.
413 3286 653 3340 Romani
707 3284 958 3356 denique
1006 3284 1248 3357 indigne
1279 3286 1549 3354 ferentes,
1586 3283 1902 3353 Tyberiuos

192 3390 328 3427 cum
378 3373 729 3444 imperatore
769 3377 1024 3443 pacatos,
1066 3375 1225 3428 urbis
1275 3389 1508 3443 quoque
1552 3389 1669 3425 suae
1708 3378 1903 3442 portas

194 3462 340 3516 seris
394 3462 682 3527 muniunt,
738 3461 861 3515 vias
920 3461 1253 3531 obstruunt;
1288 3460 1464 3515 libere
1510 3460 1763 3514 intrandi
1816 3463 1903 3515 vel

195 3550 452 3604 exeundi
478 3552 720 3604 Romam
744 3550 983 3604 facultas
1004 3557 1268 3621 negatur,
1287 3550 1571 3605 vendendi
1595 3554 1651 3604 et
1676 3551 1905 3604 emendi

197 3638 647 3693 mercimonium
698 3637 1092 3706 interdicitur;
1156 3638 1422 3693 nonnulli
1490 3653 1725 3709 quoque
1755 3638 1904 3707 regis

196 3728 525 3781 amicorum
577 3726 791 3796 injuste
872 3726 1256 3796 perimuntur.
1328 3724 1573 3779 Palatini
1629 3728 1824 3778 autem
1872 3741 1906 3778 a

198 3817 418 3871 domno
454 3814 794 3869 Bernwardo
826 3813 1090 3885 episcopo
1151 3814 1495 3869 salutaribus
1555 3812 1901 3868 monitisin-

198 3906 424 3965 structi,
473 3902 828 3957 confessione
870 3902 1277 3957 nichilominus
1300 3902 1548 3972 purgati,
1577 3917 1738 3956 sacro
1766 3917 1905 3971 quo-

200 4008 319 4063 que
377 3989 580 4044 viatico
656 3989 811 4044 inter
877 3991 1181 4045 missarum
1261 3991 1603 4061 sollempnia
1667 3990 1900 4059 muniti,

199 4083 437 4133 econtra
482 4078 675 4149 egredi
723 4081 781 4131 et
814 4077 1005 4132 hostes
1060 4079 1282 4133 fortiter
1327 4079 1605 4149 impetere
1673 4083 1900 4148 parant.

204 4167 577 4255 ﬁemwardus
600 4166 905 4237 episcopus
950 4166 1297 4255 dominicam
1360 4168 1581 4221 hastam
1616 4167 1726 4255 (42)
1758 4165 1899 4255 sub-
1932 4203 1973 4255 Β

202 4253 303 4319 iit;
334 4268 393 4306 se
441 4268 670 4324 quoque
717 4258 891 4322 atque
942 4270 1138 4308 omnes
1194 4254 1433 4308 viviticae
1490 4253 1675 4308 crucis
1706 4254 1897 4307 muni-

205 4341 365 4396 mine
394 4341 598 4412 signat,
631 4342 1028 4397 benedictione
1084 4342 1308 4413 publice
1339 4343 1488 4409 data,
1517 4359 1581 4397 ac
1637 4341 1905 4397 vitalibus

203 4428 442 4483 monitis
463 4429 764 4482 cons-dans
795 4433 851 4482 et
898 4430 1296 4496 corroborans,
1337 4431 1575 4500 signifer
1621 4430 1742 4500 ipse
1775 4447 1902 4485 cum

204 4521 401 4569 sancta
432 4516 590 4570 hasta
621 4517 680 4570 in
708 4516 894 4587 prima
932 4518 1118 4571 fronte
1151 4519 1291 4572 aciei
1349 4518 1545 4588 egredi
1583 4522 1762 4588 parat.
1806 4519 1904 4572 Se-

205 4604 412 4675 quenti
441 4610 631 4658 autem
657 4621 824 4659 mane
877 4606 1192 4675 imperator
1222 4623 1353 4660 cum
1398 4607 1513 4659 suis
1539 4611 1672 4677 post
1702 4605 1902 4660 missa-

204 4708 360 4747 rum.
406 4693 747 4764 sollempnia
811 4695 1127 4749 venerabili
1207 4695 1545 4749 Bernwardo
1633 4693 1901 4764 episcOpo

205 4781 576 4836 sacramentis
640 4782 964 4836 caelestibus
1026 4800 1090 4837 ac
1137 4783 1344 4837 divinis
1405 4781 1901 4837 exhortationibus

206 4871 507 4937 consolati,
540 4872 810 4925 adversus
849 4874 1039 4927 hostes
1084 4877 1373 4927 certamen
1419 4872 1737 4939 instruunt,
1762 4870 1899 4940 lipso

208 4958 465 5012 antistite
489 4974 619 5012 cum
667 4962 864 5013 sancta
911 4960 1071 5014 hasta
1102 4960 1162 5013 in
1218 4960 1504 5030 principio
1562 4958 1901 5012 terribiliter

207 5047 551 5101 fulminante
600 5046 732 5118 (43),
800 5048 987 5101 cordis
1058 5064 1192 5102 vero
1245 5048 1519 5102 instantia
1568 5062 1766 5117 pacem
1827 5047 1897 5100 ab

207 5139 442 5188 auctore
496 5136 645 5204 pacis
676 5136 1013 5206 suppliciter
1048 5136 1359 5207 flagitante.
1424 5137 1581 5191 Unde
1638 5134 1894 5205 contigit,

208 5221 393 5277 devoti
428 5222 626 5277 militis
676 5224 765 5277 sui
798 5224 1062 5294 precibus
1117 5229 1406 5278 exoratam
1468 5222 1692 5295 paciﬁci
1745 5223 1896 5293 regis

2013 3019 2174 3073 nium
2206 3019 2381 3072 oculis
2411 3025 2715 3088 notantur;
2755 3022 3162 3076 nichilominus
3193 3022 3366 3077 etiam
3399 3022 3707 3076 fidissimos

2017 3122 2192 3172 meos,
2216 3107 2285 3160 de
2310 3124 2555 3177 quorum
2585 3108 2915 3163 innocentia
2945 3110 3259 3181 triumpho,
3301 3112 3705 3165 sceleratorum

2015 3194 2365 3250 admixtione
2403 3198 2833 3265 commaculari,
2859 3215 2959 3253 nec
2982 3216 3146 3270 posse
3178 3198 3472 3270 distingui,
3532 3214 3707 3252 mon-

2013 3288 2128 3337 stro
2160 3284 2348 3338 simile
2408 3285 2672 3339 arbitror.
2740 3308 2760 3335 ι
2811 3287 2924 3340 Hac
2976 3288 3196 3342 ratione
3237 3287 3600 3357 imperatoris
3633 3286 3706 3340 ad

2013 3372 2181 3427 ﬂetus
2235 3389 2418 3444 usque
2476 3374 2807 3444 compuncti
2859 3375 3306 3429 satisfactionem
3338 3375 3704 3446 promittunt,

2012 3462 2155 3516 duos
2174 3462 2513 3532 corripiunt,
2547 3463 2877 3517 Benilonem
2930 3470 2984 3517 et
3006 3465 3185 3519 alium
3220 3464 3528 3535 quendam,
3563 3480 3708 3534 quos

2013 3549 2319 3603 crudeliter
2350 3566 2543 3615 caesos,
2579 3551 2762 3605 nudos
2811 3552 3054 3621 pedibus
3092 3568 3193 3622 per
3252 3552 3461 3622 gradus
3499 3556 3707 3606 tractos

2012 3637 2318 3692 semivivos
2347 3638 2407 3693 in
2444 3638 2684 3709 praefata
2712 3641 2859 3695 turri
2912 3645 3042 3695 ante
3084 3641 3491 3710 imperatorem
3528 3641 3706 3711 proji-

2012 3726 2188 3780 ciunt.

2081 3817 2170 3868 ‘26.
2208 3814 2320 3868 Hac
2348 3819 2542 3869 autem
2592 3816 2871 3871 seditione
2901 3817 3115 3883 sedata,
3168 3817 3509 3871 venerabilis
3539 3818 3707 3871 Pater

2014 3903 2384 3957 Bernwardus
2438 3904 2511 3958 ad
2560 3908 2819 3959 sanctum
2897 3906 3137 3959 Paulum
3210 3904 3482 3959 orationis
3539 3922 3709 3959 causa

2011 3992 2272 4058 accessit;
2317 3996 2631 4063 apertoque
2697 3994 2987 4065 sarcofago
3043 3993 3224 4047 sancti
3278 3993 3581 4059 Timothei,
3632 3994 3703 4047 do

2012 4080 2207 4151 quoin
2232 4080 2357 4135 Vita
2386 4080 2565 4134 sancti
2592 4080 2847 4137 Silvestri
2901 4083 3134 4153 legitur,
3186 4087 3405 4137 astante
3469 4082 3703 4137 custode

2012 4186 2185 4240 quem
2236 4168 2359 4239 ipse
2411 4170 2725 4239 imperator
2771 4171 2986 4226 ibidem
3027 4178 3315 4242 posuerat,
3362 4172 3432 4225 de
3480 4170 3707 4241 integro

2015 4257 2309 4311 brachium
2339 4258 2518 4312 sancti
2552 4258 2803 4313 martiris
2834 4261 3084 4315 abstulit.
3136 4261 3424 4315 Presbiter
3477 4277 3707 4332 quoque

2014 4346 2135 4414 ejus
2168 4345 2274 4415 (45)
2322 4363 2438 4400 non
2494 4346 2794 4403 minimam
2836 4356 3058 4420 partem
3089 4349 3159 4403 de
3204 4350 3421 4403 eisdem
3450 4350 3709 4420 reliquiis

2014 4433 2084 4487 ad
2114 4439 2297 4486 castra
2336 4434 2664 4504 asportavit.

2082 4525 2169 4575 27.
2208 4523 2430 4592 Egressi
2468 4523 2662 4593 itaque
2714 4540 2858 4594 papa
2910 4529 2967 4577 et
3032 4524 3347 4595 imperator
3422 4526 3706 4581 dominica

2013 4609 2232 4673 Exurge
2264 4624 2431 4676 quare
2466 4610 2640 4675 (Febr.
2703 4613 2807 4676 l6),
2844 4609 3137 4663 immensis
3186 4612 3436 4666 lacrimis
3497 4612 3707 4667 civium

2011 4711 2126 4748 non
2158 4696 2323 4767 longe
2356 4696 2423 4749 ab
2460 4697 2606 4751 Urbe
2638 4703 2819 4751 castra
2870 4704 3110 4767 ponunt.
3161 4700 3411 4753 Domnus
3475 4716 3706 4771 quoque

2014 4783 2381 4838 Bernwardus
2420 4785 2741 4855 episcopus,
2782 4786 2902 4855 jam
2953 4787 3172 4857 pridem
3227 4794 3533 4858 antequam
3571 4789 3707 4843 Urbi

2011 4873 2348 4927 excederent
2405 4879 2634 4942 accepta
2686 4873 2910 4927 licentia
2967 4876 3034 4929 ad
3104 4876 3349 4946 patriam
3406 4876 3703 4943 redeundi,

2009 4961 2314 5029 praemissis
2345 4961 2613 5014 omnibus
2653 4961 2791 5027 suis,
2841 4963 3088 5033 simplici
3136 4968 3359 5017 tantum
3409 4968 3561 5015 veste
3602 4962 3706 5015 im-

2007 5052 2330 5117 peratorem
2388 5049 2458 5102 ad
2511 5049 2653 5103 duas
2726 5051 3053 5104 mansiones
3101 5050 3430 5116 comitatus,
3504 5051 3708 5120 quinta

2006 5137 2150 5191 feria
2184 5138 2443 5207 ejusdem
2480 5139 2813 5207 septimanae
2852 5140 3032 5205 (Febr.
3081 5142 3170 5205 ‘20)
3217 5139 3285 5192 ab
3327 5155 3394 5192 eo
3436 5138 3705 5192 dimissus

2005 5229 2089 5277 est
2124 5241 2136 5279 :
2196 5224 2305 5280 dici
2352 5242 2465 5279 non
2517 5231 2723 5296 potest,
2765 5231 2980 5295 quanto
3008 5242 3268 5292 maerore,
3302 5226 3535 5296 quantis
3571 5233 3703 5281 utro

1830 5309 2054 5364 ΝΟΤιιΕ.

281 5379 393 5445 (41)
426 5379 577 5445 Papa
607 5382 662 5435 et
691 5380 1084 5434 Bernwardus.

279 5447 389 5587 $42)
418 5462 471 5499 v.
505 5447 647 5527 Trp.
680 5449 773 5504 III.
816 5465 871 5513 p.
896 5451 1020 5505 322.
1057 5448 1290 5523 Liudpr.
1324 5450 1529 5521 Antap.
1565 5449 1654 5504 IV.
1698 5451 1766 5505 24

306 5517 395 5587 43)
418 5516 488 5571 cf.
522 5516 751 5574 Ricberi
771 5520 809 5575 l.
841 5522 895 5573 9.

306 5517 395 5587 43)
418 5516 488 5571 cf.
522 5516 751 5574 Ricberi
771 5520 809 5575 1.
841 5522 895 5573 9.

2080 5381 2336 5457 (tygcil.
2373 5382 2553 5437 Orbis.

2079 5452 2587 5523 (tiiﬂ‘bangmarus
2618 5466 2769 5522 ipse;
2804 5452 2872 5507 cf.
2900 5467 2946 5505 c.
2983 5452 3050 5507 34
