4016 6202
349 295 450 347 415

1308 293 1716 349 TIIANGMARI
1757 293 2200 388 PRESBYTER!
2240 291 2896 347 HILDESHEIMENSIS.
3757 285 3856 350 416

349 431 596 487 rumque
651 413 902 469 lacrimis
956 413 1118 481 fusis,
1169 418 1235 469 ut
1276 413 1336 469 in
1384 413 1678 485 publicum
1736 414 2046 484 procedere
2074 417 2120 470 A
2159 412 2240 466 vit
2288 413 2494 482 (April.
2542 411 2648 483 lO).
2704 409 2998 482 Reliquias
3061 427 3294 483 quoque
3343 417 3676 468 sanctorum
3721 432 3862 486 quas

348 509 697 560 vererentur.
729 502 1024 557 Piissimus
1052 503 1388 574 imperator,
1421 518 1551 573 quas
1589 502 1721 556 stilo
1774 503 1857 557 vel
1890 503 2045 573 lega-

349 593 499 648 torio
543 591 812 646 intimare
873 591 1257 657 dubitaverat,
1325 591 1438 645 fido
1508 590 1783 661 magistro
1835 591 1897 646 in
1958 607 2048 645 ar-

348 683 598 737 chanum
699 681 912 735 mentis
1018 679 1387 734 secretarium
1474 679 1720 748 sapienti
1830 680 2044 734 trutina

350 769 613 825 libranda
667 767 1052 823 commendat.
1137 767 1427 838 Reliquias
1475 767 1902 834 nichilominus,
1953 768 2046 822 in-

349 859 576 928 tegrum
611 857 873 910 videlicet
892 871 1100 925 corpus
1129 855 1311 909 sancti
1359 855 1731 925 Exuperantii
1770 856 2042 923 martiris,

347 945 575 1001 diaconi
614 945 791 1000 sancti
840 945 1036 1000 Sabini
1089 943 1358 1016 episcopi,
1408 945 1677 1000 Goslariaa
1731 963 1836 1016 per
1879 946 2045 1000 illum

349 1034 558 1090 direxit
587 1033 802 1088 ibidem
835 1050 938 1087 sua
967 1033 1252 1088 industria
1277 1033 1339 1087 in
1370 1034 1580 1088 celebri
1637 1035 1760 1088 loco
1817 1035 1930 1104 (46)
1962 1052 2046 1089 re-

347 1123 663 1195 ponendas.
720 1121 1030 1192 Episcopus
1082 1138 1311 1192 quoque
1369 1123 1591 1176 mellito
1649 1123 1918 1177 affamine
1984 1127 2048 1176 ut

348 1209 724 1280 magisteriali
753 1208 1169 1273 moderamine,
1201 1213 1262 1262 ut
1293 1210 1582 1279 quondam
1617 1225 1795 1279 puero
1825 1209 2043 1264 allude-

345 1298 464 1364 bat,
496 1297 718 1368 agenda
759 1313 1004 1368 quaeque
1039 1297 1542 1361 commemorabat,
1597 1297 1874 1368 fugienda
1927 1313 2049 1352 sua-

346 1386 516 1441 debat
535 1385 701 1451 vicia,
737 1401 922 1440 mores
951 1385 1211 1440 omnium
1245 1385 1535 1456 aequitatis
1564 1386 1726 1440 lance
1780 1401 2042 1456 pensare,

347 1474 687 1546 patientiam
741 1473 1247 1528 familiarissimam
1291 1474 1352 1528 in
1405 1474 1621 1529 cunctis
1681 1474 2046 1528 vernaculam

347 1563 799 1630 sibiconciliare,
836 1566 966 1616 ante
1007 1563 1222 1631 omnia,
1269 1578 1342 1616 ne
1398 1563 1535 1634 quid
1588 1562 1832 1618 nimium
1881 1561 2048 1633 perti-

347 1651 568 1706 naciter
618 1651 880 1704 intentet.
923 1650 1018 1704 His
1063 1651 1238 1722 gestis
1313 1651 1650 1705 unanimem
1709 1651 2042 1722 magistrum

347 1740 408 1795 in
464 1738 784 1810 hospitium
842 1739 1074 1806 ducens,
1135 1739 1433 1810 exquisitis
1483 1740 1644 1794 donis
1676 1745 2042 1806 remunerat;

349 1828 553 1884 deinde
581 1827 892 1899 apostolico
945 1835 1273 1896 convocato,
1307 1829 1712 1884 benedictione
1777 1829 1908 1883 data
1953 1845 2046 1882 ca-

347 1917 644 1972 rissimum
676 1918 1018 1987 magistrum
1044 1917 1193 1971 inter
1221 1918 1413 1971 oscula
1457 1918 1656 1972 flentes
1706 1916 1806 1973 Dei
1861 1917 2045 1989 gratia

348 2019 488 2075 pace
519 2002 839 2057 dimittunt.
864 2003 1056 2059 Socios
1087 2020 1317 2075 quoque
1351 2005 1455 2058 viae
1511 2020 1577 2058 ex
1635 2003 1752 2058 suis
1795 2004 2046 2074 impera-

346 2097 441 2147 tor
493 2108 622 2146 cum
663 2090 763 2145 illo
807 2091 1020 2162 dirigit,
1055 2093 1154 2164 qui
1185 2109 1318 2147 eum
1375 2093 1682 2160 deducant,
1715 2093 1784 2147 ad
1819 2109 1876 2147 se
1909 2108 2048 2164 quo-

353 2196 464 2252 que
543 2184 883 2247 remeantes,
962 2180 1116 2235 illius
1171 2181 1437 2247 salutem,
1528 2180 1754 2235 itineris
1814 2196 2046 2252 quoque

348 2267 789 2340 prosperitatem
818 2273 1127 2340 exponant.
1175 2269 1363 2324 Rebus
1419 2268 1614 2340 itaque
1656 2268 1756 2324 Dei
1795 2269 2044 2322 clemen-

351 2358 430 2413 tia
460 2362 660 2411 votum
716 2357 1071 2424 cedentibus,
1128 2357 1364 2426 Papiam
1431 2356 1716 2426 pervenit,
1777 2357 1872 2411 ubi
1922 2356 2046 2426 ejus

350 2447 658 2501 adventum
704 2447 980 2516 praesules
1009 2460 1074 2499 ac
1101 2447 1339 2499 comites
1377 2444 1554 2498 totius
1591 2445 1835 2514 Liguriae
1874 2461 2045 2516 expe-

354 2535 603 2589 ctabant.
639 2534 857 2598 Quibus
888 2533 1240 2604 legationem
1271 2532 1633 2603 imperatoris
1667 2533 1843 2602 dedit,
1876 2539 2046 2606 atque

352 2623 416 2677 in
447 2623 657 2693 placito
695 2622 1019 2688 considens,
1078 2623 1246 2692 plura
1270 2638 1398 2676 cum
1434 2623 1548 2676 illis
1569 2622 1639 2676 de
1689 2622 1770 2676 rei
1803 2623 2046 2693 publica:

354 2711 701 2766 utilitatibus
737 2710 998 2765 contulit.
1031 2709 1200 2770 ,Illius
1267 2726 1515 2781 namque
1563 2710 1804 2765 consilio
1860 2713 2046 2766 cuncti

348 2800 646 2872 parebant,
679 2799 836 2870 quia,
869 2803 1152 2870 quantum
1186 2798 1253 2852 ab
1287 2799 1628 2869 imperatore
1682 2799 2042 2871 diligeretur,

253 2951 269 2966 ,
353 2888 621 2943 sciebant.
656 2889 765 2943 Leo
798 2887 1011 2958 quippe
1042 2887 1412 2941 Vercellensis
1450 2888 1772 2958 episcopus,
1833 2889 1918 2943 vir
1949 2890 2042 2944 lit-

2153 501 2394 566 advexit,
2431 516 2640 571 magno
2673 500 2895 554 honore
2927 499 2986 552 in
3017 500 3272 554 ecclesia
3300 501 3592 568 condidit;
3622 501 3861 556 immen-

2155 606 2276 645 sam
2306 605 2538 662 quoque
2585 587 2893 659 pecuniam
2925 589 2984 642 in
3028 589 3224 643 altaris
3264 591 3567 644 servitium
3597 597 3772 662 atque
3804 592 3860 645 in

2153 694 2292 751 usus
2346 693 2668 749 pauperum
2729 675 3014 746 expendit.
3073 677 3282 731 Totum
3333 683 3528 732 autem
3597 679 3861 733 aestivum

2153 771 2384 838 tempus
2438 766 2498 820 in
2555 765 2939 819 exstructione
2992 780 3292 819 murorum
3351 765 3626 835 civitatis,
3689 782 3862 837 quam

2155 854 2581 911 Hildenesheim
2619 855 3020 926 inchoaverat.
3089 854 3316 922 institit,
3357 854 3660 910 interdum
3693 857 3860 911 etiam

2154 945 2315 1016 gravi
2361 944 2638 999 stomachi
2678 945 2944 998 molestia
2981 945 3281 999 laboravit.

2224 1036 2313 1089 28.
2367 1035 2591 1088 Interea
2645 1032 2829 1099 affuit,
2879 1032 2948 1086 ab
3030 1033 3338 1103 apostolico
3399 1039 3459 1088 et
3506 1033 3862 1104 imperatore

2154 1122 2275 1176 vice
2297 1139 2457 1194 papae
2487 1122 2753 1191 directus,
2807 1122 3108 1176 cardinalis
3149 1121 3428 1192 presbiter
3482 1123 3859 1190 Fritliericus,

2155 1211 2422 1265 omnibus
2461 1210 2725 1282 insigniis
2809 1210 3133 1281 apostolicis
3191 1211 3303 1264 acsi
3355 1227 3508 1282 papa
3587 1211 3862 1281 procedat

2155 1298 2451 1364 infulatus,
2512 1299 2676 1370 equis
2735 1299 3045 1369 apostolica
3139 1299 3275 1353 sella
3342 1300 3610 1353 Romano
3707 1313 3859 1351 more

2156 1392 2312 1442 ostro
2332 1387 2628 1442 instratus.
2665 1387 2889 1458 Scripta
2919 1403 3150 1458 quoque
3179 1405 3212 1441 a
3243 1404 3393 1458 papa
3415 1393 3472 1442 et
3503 1387 3859 1458 imperatore

2156 1476 2438 1548 episcopis
2484 1482 2541 1532 et
2591 1477 2815 1532 caeteris
2871 1476 3227 1548 principibus
3274 1478 3609 1542 mittuntur,
3656 1481 3725 1530 ut
3757 1477 3859 1530 lto-

2157 1581 2392 1620 manum
2434 1567 2687 1637 legatum
2747 1565 2924 1636 digno
2973 1565 3196 1621 honore
3228 1565 3569 1636 suscipiant,
3625 1565 3862 1636 ejusque

2156 1653 2435 1724 legationi
2517 1653 2916 1708 indubitanter
2989 1669 3212 1720 omnes,
3272 1653 3436 1725 quasi
3508 1653 3862 1724 apostolicus

2155 1757 2409 1810 praesens
2438 1746 2724 1807 cernatur,
2765 1740 3063 1796 oboediant
3093 1739 3176 1793 .
3230 1741 3644 1796 Convenerunt
3669 1741 3862 1810 itaque

2155 1830 2364 1885 Palithi
2395 1830 2466 1885 ad
2512 1830 2794 1901 synodum
2859 1829 3080 1885 decimo
3225 1829 3512 1884 Kalendas
3539 1830 3688 1884 Julii
3721 1833 3859 1896 (Jun.

2154 1919 2267 1989 22),
2327 1918 2491 1988 juxta
2521 1918 2814 1972 decretum
2854 1918 3150 1988 apostolici
3184 1919 3593 1989 praescriptum
3635 1916 3727 1972 I".
3773 1917 3863 1971 Le-

2155 2013 2352 2078 gatum
2393 2023 2530 2077 ergo
2577 2007 2734 2061 vario
2795 2007 2997 2062 affectu
3029 2007 3358 2076 excipiunt;
3392 2007 3864 2077 archiepiscopus

2152 2111 2288 2150 vero
2323 2101 2378 2149 et
2407 2096 2506 2166 qui
2533 2096 2584 2150 ei
2614 2095 2880 2150 favebant
2911 2096 3056 2150 mira
3106 2095 3511 2165 indignatione
3543 2101 3604 2149 et
3637 2111 3865 2149 execra-

2153 2184 2306 2238 tione
2340 2185 2503 2238 illum
2528 2185 2893 2253 spernebant.
2921 2185 3231 2254 Episcopus
3281 2200 3414 2237 vero
3458 2184 3862 2251 Bernwardus,

2156 2277 2213 2326 et
2244 2271 2474 2326 Lievezo
2509 2270 2580 2310 10
2613 2271 3199 2342 Hammenburgensis
3230 2271 3606 2342 archipraesul
3650 2272 3865 2342 aliique

2154 2362 2478 2430 conplures,
2505 2365 2828 2414 reverenter
2887 2377 3018 2415 eum
3074 2361 3393 2415 tractabant
3446 2359 3868 2431 praecipuoque

2155 2449 2374 2503 honore
2406 2449 2690 2503 colebant.
2731 2449 2839 2504 Sed
2893 2453 3198 2520 postquam
3252 2449 3323 2502 ad
3380 2448 3704 2502 concilium
3740 2463 3869 2501 ven-

2157 2542 2281 2591 tum
2311 2542 2414 2603 est,
2445 2537 2534 2591 vix
2567 2537 2677 2591 dici
2709 2537 2940 2608 poterit,
2976 2543 3190 2608 quanta
3209 2536 3493 2591 seditione
3521 2541 3580 2590 et
3603 2537 3864 2591 tumultu

2154 2624 2492 2695 agitaretur.
2541 2627 2683 2679 Nam
2706 2642 2811 2680 nec
2864 2625 3022 2679 locus
3053 2625 3320 2679 sessionis
3379 2625 3595 2679 vicario
3625 2633 3865 2696 aposto-

2155 2712 2250 2767 lici
2280 2713 2520 2768 idoneus
2549 2714 2900 2778 conceditur,
2933 2713 3222 2769 horribilis
3269 2714 3548 2783 strepitus
3609 2713 3866 2784 ingemi-

2156 2806 2341 2870 natur,
2376 2802 2471 2872 jus
2525 2801 2723 2873 fasque
2880 2803 3329 2872 contempnitur,
3385 2802 3670 2857 canonica
3703 2803 3869 2856 disci-

2155 2891 2314 2960 plina
2352 2891 2702 2945 annullatur.
2756 2891 3008 2945 Vicarius
3058 2891 3204 2946 inter
3241 2891 3544 2962 episcopos
3601 2891 3867 2946 Lievizo-

357 2977 498 3032 teris
525 2977 802 3042 eruditus,
844 2975 1004 3029 fandi
1053 2992 1285 3047 quoque
1348 2976 1513 3048 c0pia
1567 2977 1932 3044 exercitatus,
1975 2980 2044 3032 ad
2073 2980 2114 3035 C
2152 2996 2282 3034 nem
2412 2985 2468 3034 et
2498 2980 2862 3034 Berwardum
2924 2981 3147 3048 sedens,
3201 2980 3502 3050 apostolici
3558 2981 3782 3052 scripta
3813 2984 3868 3034 et

354 3081 520 3119 suam
541 3063 828 3118 civitatem
861 3064 1108 3118 maximo
1166 3064 1385 3119 honore
1416 3071 1472 3119 et
1500 3065 1706 3120 affectu
1741 3066 1906 3119 illum
1962 3066 2048 3120 in-

353 3152 588 3221 vitavit;
618 3153 708 3206 vix
743 3167 976 3222 quoque
1005 3152 1279 3216 obtinuit;
1321 3154 1790 3225 praeveniensque
1817 3155 2048 3208 collecto

357 3240 606 3295 maximo
781 3239 920 3293 cleri
975 3240 1290 3311 populique
1348 3246 1514 3307 coetu,
1574 3241 1634 3294 in
1687 3242 1910 3296 laudem
1950 3243 2049 3296 Dei

356 3327 573 3384 cunctis
631 3326 1027 3398 psallentibus,
1055 3328 1349 3398 campanis
1404 3345 1636 3401 quoque
1668 3331 2049 3400 'personanti-

355 3419 485 3485 bus,
535 3432 652 3471 non
710 3415 925 3470 minori
971 3417 1189 3471 ambitu
1223 3434 1397 3488 quam
1449 3418 1496 3472 si
1549 3435 1699 3489 papa
1755 3420 2052 3475 aiveniret

357 3510 615 3576 excepto,
643 3504 954 3574 omniaque
996 3505 1055 3559 in
1107 3506 1426 3560 ministerio
1457 3507 1578 3576 ejus
1610 3507 2050 3576 opulentissimo

356 3595 493 3650 luxu
539 3599 818 3665 quantum
852 3593 1222 3664 imperatum,
1252 3595 1655 3666 estimpendit,
1687 3595 1852 3649 donis
1906 3611 2050 3666 quo-

359 3695 471 3756 que
511 3682 732 3737 eximiis
756 3682 1080 3738 honoravit.
1113 3683 1306 3739 Socios
1337 3699 1570 3755 quoque
1593 3700 1720 3738 cum
1751 3684 1849 3738 illo
1877 3685 2050 3751 misit,

357 3773 457 3846 qui
488 3773 752 3844 sequenti
805 3772 896 3826 die
936 3773 1256 3843 hospitium
1312 3773 1498 3844 plenis
1551 3773 1729 3842 copiis
1785 3773 2050 3844 provide-

356 3861 516 3917 bant.
573 3862 708 3916 Inde
762 3877 867 3933 per
916 3861 1138 3916 diversa
1202 3863 1324 3916 loca
1388 3867 1446 3916 et
1497 3862 1748 3916 civitates
1794 3863 2051 3932 veniens,

358 3951 746 4023 plurimorum
805 3951 1160 4020 benignitate
1197 3951 1256 4004 in
1290 3951 1484 4005 multis
1530 3952 1663 4006 locis
1719 3969 1871 4018 usus,
1926 3953 2051 4006 clu-

357 4057 447 4094 sas
486 4040 781 4107 excedens,
847 4037 1086 4108 Alpibus
1135 4040 1240 4108 (47)
1303 4040 1402 4093 Dei
1465 4038 1682 4109 pietate
1749 4041 2049 4110 superatis,

357 4127 707 4183 Octodorum
737 4127 852 4197 (48)
886 4131 1344 4196 praetergressus,
1374 4129 1680 4196 Agaunum
1712 4126 1823 4196 (49)
1888 4127 2050 4193 adiit,

356 4214 552 4284 ibique
597 4232 630 4268 a
685 4213 953 4281 Rodulfo,
1023 4229 1158 4283 rege
1218 4213 1583 4284 Burgundiaa,
1649 4213 2050 4268 liberalissime

356 4301 658 4377 excipitur.
723 4301 832 4367 Qui
915 4301 1150 4356 tradidit
1205 4301 1473 4372 episcopo
1527 4301 1587 4355 in
1639 4303 2049 4372 proprietatem

358 4389 510 4443 infra
538 4389 772 4460 Papiam
805 4405 935 4443 cum
968 4391 1356 4460 manuscripto
1386 4394 1501 4443 tres
1552 4390 1801 4460 curtiles,
1841 4396 1899 4446 et
1950 4409 2052 4446 sua

359 4477 779 4548 subscriptione
844 4477 1115 4548 anulique
1153 4476 1534 4547 impressione
1569 4478 1878 4536 roboravit.
1913 4480 2049 4535 Inde

365 4566 464 4620 Dei
490 4567 672 4635 gratia
712 4565 970 4620 munitus
1001 4567 1308 4633 divertens,
1356 4581 1635 4636 prospero
1697 4567 1795 4621 Dei
1841 4567 2052 4637 pietate

360 4654 563 4708 itinere
597 4653 1026 4710 Hildenesheim
1067 4671 1198 4710 cum
1248 4654 1498 4709 maximo
1557 4653 1695 4708 cleri
1751 4655 2051 4728 plebisque

357 4743 616 4815 tripudio
643 4745 704 4799 in
742 4749 936 4800 sancta
961 4744 1266 4800 festivitate
1324 4744 1588 4816 heroycaa
1639 4759 1814 4798 ccenaa
1871 4745 2051 4799 intra-

2158 3068 2500 3139 legationem
2534 3069 2602 3138 ad
2634 3069 2932 3140 episcopos
2955 3086 3011 3122 se
3041 3069 3275 3136 habere;
3331 3069 3672 3124 facultatem
3738 3085 3864 3123 exe-

2159 3156 2373 3229 quendi
2415 3173 2544 3228 quae
2599 3157 2764 3222 ferat,
2813 3157 2922 3212 sibi
2969 3157 3224 3212 exhiberi
3256 3158 3475 3212 orabat.
3543 3159 3864 3229 Impetrato

2158 3245 2410 3316 denique
2565 3245 2818 3308 silentio,
2847 3245 3036 3316 primo
3065 3246 3217 3300 dulci
3247 3245 3518 3300 affamine
3550 3245 3863 3316 episcopos

2160 3335 2229 3390 de
2288 3350 2426 3405 pace
2456 3340 2511 3390 et
2540 3334 2776 3388 caritate
2806 3341 2862 3387 et
2907 3335 3211 3389 concordia
3231 3341 3585 3401 commonet,
3646 3335 3861 3388 deinde

2161 3423 2460 3493 epistolam
2511 3439 2674 3491 papze
2710 3422 3143 3492 archiepiscopo
3199 3423 3522 3494 specialiter
3578 3423 3862 3478 directam

2161 3509 2399 3579 profert,
2422 3508 2768 3578 publiceque
2815 3508 2873 3562 in
2905 3509 3144 3563 auribus
3174 3509 3432 3563 omnium
3467 3510 3702 3563 recitari
3740 3526 3865 3581 pre-

2160 3602 2338 3651 catur.
2375 3598 2556 3662 Quam
2590 3612 2719 3650 cum
2762 3596 3224 3669 archiepiscopus
3255 3603 3490 3669 tangere
3548 3599 3636 3651 vel
3668 3597 3863 3651 videre

2163 3686 2571 3755 dedignaretur
2620 3682 2717 3752 4,
2769 3685 3169 3757 episcoporum
3185 3686 3402 3757 judicio
3426 3687 3617 3758 palam
3651 3692 3746 3740 est
3778 3701 3862 3739 re.

2161 3773 2358 3829 citata:
2403 3773 2464 3827 in
2519 3789 2634 3844 qua
2688 3774 2811 3844 ipse
2847 3773 3149 3846 episcOpus
3173 3780 3365 3846 aperte
3419 3774 3742 3845 corripitur
3774 3772 3860 3838 ,

2161 3867 2218 3916 et
2239 3862 2308 3916 de
2329 3863 2581 3917 fraterna
2609 3863 2920 3917 concordia
2951 3867 3006 3916 et
3066 3863 3416 3918 obmdientia
3464 3867 3861 3918 ammonetur.

2159 3950 2415 4006 Vicarius
2444 3956 2636 4005 autem
2667 3951 2930 4022 quamvis
3079 3951 3569 4022 archiepiscopum
3629 3951 3861 4004 irritare

2163 4054 2372 4111 magno
2399 4040 2584 4094 studio
2631 4044 2908 4108 parceret,
2937 4043 3130 4093 tamen
3164 4039 3289 4094 miti
3332 4040 3528 4104 affatu,
3559 4053 3860 4110 quascum-

2162 4144 2274 4199 que
2321 4127 2407 4181 illi
2463 4126 2826 4198 objiciantur,
2887 4127 3243 4181 oboedienter
3291 4127 3538 4181 fratrum
3585 4128 3862 4181 consultu

2160 4215 2503 4283 satisfacere,
2559 4215 2869 4286 apostolica
2906 4215 3244 4270 auctoritate
3291 4220 3641 4269 commonet.
3676 4215 3865 4285 Super

2162 4303 2270 4371 his,
2307 4303 2413 4357 etsi
2437 4303 2790 4374 indignatus,
2830 4303 3134 4358 consilium
3157 4320 3190 4358 a
3219 4303 3492 4359 fratribus
3545 4308 3605 4357 et
3649 4303 3865 4374 praeci-

2160 4407 2273 4462 pue
2328 4392 2396 4446 ab
2478 4392 2899 4464 archiepiscopo
2959 4393 3258 4447 Lievizone
3314 4393 3540 4463 quaerit.
3600 4394 3687 4447 Ad
3747 4395 3868 4447 hec

2161 4479 2278 4547 ille,
2301 4479 2519 4535 bonum
2553 4480 2662 4534 sibi
2697 4481 2893 4549 videri,
2924 4481 3061 4553 quia
3088 4482 3252 4536 laesus
3282 4481 3457 4536 frater
3487 4481 3867 4536 dominorum

2163 4574 2510 4632 nostrorum,
2541 4569 2863 4640 apostolici,
2911 4578 2967 4625 et
3020 4571 3404 4640 imperatoris,
3454 4571 3736 4640 suffragia
3769 4589 3867 4642 pe-

2161 4657 2271 4720 tiit,
2307 4674 2502 4712 coram
2528 4657 2739 4712 vicario
2797 4658 2984 4726 illum,
3045 4659 3447 4731 episcoporum
3499 4658 3726 4728 judicio
3776 4673 3869 4714 sa-

2162 4745 2427 4800 tisfaciat.
2487 4748 2686 4800 Januaa
2737 4745 2970 4800 interim
3015 4746 3283 4801 aacclesiaa
3333 4746 3695 4818 panduntur,
3739 4746 3870 4802 laici

1781 4903 2014 4957 VARME
2052 4903 2452 4960 LECTIONES.

541 5016 800 5072 collectio
881 5013 1134 5069 maxima
1220 5017 1268 5069 1.

360 5086 566 5141 affectu
595 5089 890 5158 excipiunt
920 5084 1405 5158 archiepiscopus,
1439 5093 1496 5158 et

1360 5016 1443 5071 hic
1497 5018 1682 5087 pergit
1734 5019 1786 5070 2.
1990 5019 2051 5072 .
2117 5018 2206 5072 Kl.
2241 5017 2374 5072 Julii
2426 5020 2476 5072 2.
2669 5017 3055 5090 Proscriptum
3113 5018 3327 5124 qqippe
3387 5016 3646 5084 legatum
3709 5019 3872 5073 vario

2137 5092 2168 5124 o
2271 5087 2339 5124 10$
2389 5088 2594 5124 .
2643 5090 2914 5124 summa.
2983 5093 3015 5124 )
3450 5091 3483 5124 )
3705 5090 3872 5124 "ani-

1535 5087 1634 5158 qui
1661 5103 1793 5142 eum
1816 5087 2082 5142 favebant
2137 5092 2191 5142 2.
2388 5088 2594 5142 lieuizo
2643 5087 2933 5144 hammab.
2983 5093 3038 5145 2.

3212 5087 3272 5143 et
3314 5088 3396 5143 fas
3450 5091 3504 5143 2.
3705 5090 3873 5144 Haul-

363 5173 564 5212 zonem
590 5155 844 5230 23.22pm.
929 5155 1000 5194 0
1036 5155 1234 5228 itaque
1284 5155 1345 5212 2.
1523 5155 1826 5230 indignum
1857 5159 2088 5214 duceret
2115 5161 2169 5213 2.
2248 5158 2319 5198 0
2338 5159 2593 5230 carpitur
2621 5164 2674 5214 2.
2852 5176 3200 5232 quamquam
3239 5163 3294 5214 2.

1998 5285 2221 5340 NOTAE.

437 5394 550 5464 (46)
575 5396 827 5470 G_oslaria
855 5397 1033 5467 igitur
1065 5415 1132 5454 eo
1153 5358 1274 5467 jam
1306 5402 1582 5470 tempore,
1626 5397 2053 5470 metallifodinis

365 5466 575 5539 qttone
604 5467 652 5539 .
680 5466 954 5539 regnante
989 5466 1246 5539 detectis,
1281 5466 1520 5524 celebris
1565 5475 1688 5525 erat
1739 5474 1796 5526 et
1848 5468 2055 5525 diocesi

371 5536 847 5592 Hildesbeimensi
866 5539 1169 5612 adscripta.

2236 5398 2346 5462 (47)
2388 5399 2573 5452 Monte
2604 5400 2776 5453 Iovis.

2237 5468 2348 5538 (48)
2387 5470 2724 5524 Martiuach.
2829 5527 2831 5529 ,

2239 5539 2350 5609 (te)
2380 5540 2435 5595 S.
2470 5541 2682 5595 Moritz.
