3920 6190
167 303 249 355 4ίῖ

163 421 609 483 intromittuntur,
667 416 735 472 ﬁt
789 414 1059 488 strepitus
1122 415 1519 486 tumultusque
1575 416 1816 487 validus,
1848 420 1889 472 A

163 508 469 582 Mogontinis
526 506 915 561 exultantibus
948 504 1019 545 ¹¹²
1050 521 1208 559 arma
1236 507 1552 577 exposcunt
1596 509 1684 571 1³³,
1708 506 1822 560 im-

163 616 358 658 mensas
390 598 570 652 minas
616 596 888 666 ingerunt
934 593 1005 631 ¹¹⁸
1032 594 1302 648 adversus
1347 594 1643 664 apostolici
1669 595 1822 649 vica-

163 692 290 746 rium
317 694 370 741 et
420 685 821 740 Bernwardum
851 684 1203 755 episcopum.
1260 684 1501 753 Legatus
1549 686 1823 737 autemet

165 780 432 850 episcopus
466 774 857 837 Bernwardus,
917 789 1020 827 nec
1070 773 1328 826 tumultu
1384 770 1543 837 moti,
1578 788 1681 826 nec
1712 773 1817 825 mi-

165 868 235 921 nis
262 864 450 929 territi,
504 863 637 917 licet
684 861 1107 915 numerosiores
1137 861 1417 915 haberent
1447 860 1694 916 militum
1728 877 1820 914 co-

164 957 282 1027 pias,
312 968 419 1007 non
451 968 611 1004 arma
664 951 938 1015 fremunt,
994 950 1091 1003 sed
1160 948 1504 1003 seditionem
1563 965 1818 1019 compes-

164 1048 290 1098 cunt.
325 1040 576 1111 Episcopi
623 1039 921 1110 negotium
974 1038 1033 1092 in
1076 1045 1367 1109 posterum
1417 1037 1569 1091 diem
1622 1043 1822 1108 prote-

163 1127 461 1188 laudanti“s
508 1132 844 1199 suggerunt,
900 1127 962 1180 in
1022 1128 1196 1182 tidem
1255 1143 1415 1181 suam
1481 1127 1818 1196 suscipiunt,

164 1216 617 1287 archiepiscopum
666 1216 1045 1270 adventuram
1095 1215 1499 1286 justiciamque
1539 1215 1824 1269 oboedien-

162 1315 233 1362 ter
255 1312 630 1361 executurum.

218 1399 291 1452 29.
344 1396 565 1450 Interea
609 1393 1071 1464 archiepiscopus
1123 1392 1315 1446 furore
1358 1391 1539 1447 nimio
1586 1407 1816 1447 succen-

161 1502 237 1540 sus
263 1485 564 1556 egreditur,
596 1499 768 1555 quem
825 1483 975 1537 infra
1005 1499 1273 1537 coronam
1304 1482 1548 1536 fratrum
1577 1482 1820 1536 vicarius

160 1574 463 1645 insequitur,
524 1578 583 1627 et
627 1574 815 1626 banno
856 1571 1180 1641 apostolicae
1221 1571 1575 1625 auctoritatis
1626 1570 1695 1625 ad
1728 1588 1816 1641 sy-

160 1664 344 1717 nodum
378 1662 435 1715 in
477 1661 720 1716 eandem
754 1660 1066 1714 aecclesiam
1108 1658 1371 1730 sequenti
1402 1660 1653 1713 diluculo
1680 1660 1821 1712 invi-
1852 1701 1891 1754 Β

161 1758 252 1817 tat;
303 1752 487 1821 sicque
554 1750 649 1803 illa
705 1750 849 1803 actio
882 1749 1068 1802 soluta
1097 1746 1163 1792 H5
1186 1753 1289 1802 est.
1326 1748 1602 1802 Matutino
1629 1748 1820 1818 itaque

161 1840 456 1911 crepusculo
490 1839 636 1892 clam
689 1837 1169 1908 archiepiscopus,
1230 1828 1497 1890 omnibus
1544 1836 1819 1904 ignoran-

160 1929 302 1995 tibus,
328 1945 451 1983 cum
500 1928 615 1981 suis
654 1927 943 1982 abscessit.
987 1926 1240 1979 Vicarius
1271 1931 1462 1978 autem
1523 1922 1588 1958 ¹¹⁷
1618 1940 1822 1977 secun-

160 2019 264 2071 dam
293 2018 567 2071 actionem
623 2016 823 2087 synodi
867 2016 1123 2085 sequenti
1158 2014 1249 2067 die
1308 2013 1458 2079 (Jun.
1518 2016 1607 2079 23)
1667 2013 1823 2066 ador-

161 2123 253 2172 sus,
282 2107 336 2159 in
382 2105 670 2176 principio
726 2103 967 2158 actionis
1019 2102 1509 2173 archiepiscopum
1551 2100 1821 2171 inquirit;

161 2207 322 2262 quem,
344 2190 475 2261 quia
504 2205 619 2243 non
667 2189 884 2255 aderat,
915 2189 986 2241 ab
1035 2186 1193 2240 omni
1225 2186 1531 2257 episcopali
1564 2184 1821 2238 ministe-

160 2279 229 2331 rio
266 2295 431 2349 usque
484 2278 554 2330 ad
597 2276 963 2347 praesentiam
1014 2291 1178 2345 papze
1236 2274 1551 2344 suspendit.
1596 2274 1822 2326 Cunctis

160 2382 268 2421 vero
295 2366 573 2437 episcopis
603 2365 886 2436 synodum
914 2364 975 2417 in
1008 2363 1181 2417 natali
1211 2362 1441 2416 Domini
1468 2362 1536 2416 ad
1570 2378 1820 2431 praesen-

159 2455 271 2509 tiam
314 2471 471 2525 papae
533 2453 843 2525 apostolica
894 2451 1231 2506 auctoritate
1273 2450 1821 2519 indicit;archiepi-

90 2542 99 2553 ⁶
159 2559 299 2614 scopo
338 2544 715 2597 nihilominus
764 2541 975 2611 scripta
1030 2540 1089 2593 in
1144 2540 1295 2593 hunc
1335 2539 1570 2593 modum
1593 2538 1818 2603 dirigit:

160 2633 275 2696 Quia
318 2633 515 2700 synodo
564 2638 616 2686 te
670 2631 1003 2686 subtraxisti
1031 2633 1079 2681 ct
1096 2629 1269 2697 jussis
1302 2630 1532 2683 Romani
1542 2627 1820 2696 ponti/teis

158 2721 441 2774 inobcediens
496 2718 681 2787 fuisti,
740 2721 1063 2772 auctoritate
1118 2720 1429 2771 sanctorum
1458 2716 1820 2784 apostolorum

159 2811 279 2863 Petri
312 2814 358 2863 et
385 2808 567 2877 Pauli,
621 2813 670 2863 et
727 2810 943 2861 illorum
999 2808 1198 2860 vicarii
1249 2820 1411 2874 papa:
1442 2804 1691 2859 Silvestri
1720 2801 1813 2868 με,

160 2898 212 2949 ab
238 2902 366 2952 omni
413 2898 742 2953 sacerdotali
790 2898 972 2963 ofﬁcio
1018 2895 1159 2949 scias
1219 2900 1267 2947 te
1320 2909 1489 2963 usque
1544 2894 1618 2946 ad
1670 2908 1816 2961 pra:-

158 2989 349 3041 sentiam
376 2987 529 3042 illius
584 3001 919 3056 suspensum.
982 2984 1073 3039 Sic
1105 2981 1177 3018 “9
1230 2983 1479 3036 secunda
1525 2982 1668 3036 actio
1696 2986 1815 3035 ter—

158 3076 340 3129 minata
370 3081 469 3130 est.

213 3162 286 3213 30.
316 3160 566 3214 Vicarius
618 3162 808 3211 autem
841 3154 909 3193 ¹²⁰
961 3171 1091 3209 cum
1141 3155 1350 3209 domno
1384 3154 1650 3224 episcopo
1684 3153 1814 3209 Ber-

157 3249 349 3303 nwardo
393 3250 759 3319 aliquantum
798 3250 1077 3311 moratus,
1117 3243 1423 3315 praecipuis
1479 3243 1815 3297 muneribus

155 3336 250 3407 ipse
275 3342 325 3391 et
351 3353 552 3391 omnes
585 3335 671 3390 sui
720 3333 1090 3397 remunerati,
1135 3333 1194 3385 in
1225 3347 1364 3402 pace
1409 3330 1676 3385 dimissus
1702 3336 1816 3399 est;

155 3427 569 3496 perveniensque
624 3425 685 3459 ¹²¹
736 3424 805 3478 ad
854 3420 1226 3493 apostolicum
1285 3425 1341 3473 et
1384 3419 1813 3490 imperatorem,

155 3514 417 3583 legationis
457 3514 725 3567 ordinem
758 3511 1001 3581 aperuit.
1026 3510 1210 3580 Super
1239 3525 1354 3579 quo
1395 3510 1644 3578 graviter
1674 3509 1819 3563 indi-

157 3604 283 3671 gnati
304 3602 383 3669 ¹²¹,
436 3602 650 3673 jubent
699 3600 992 3654 universos
1038 3597 1367 3652 Theotiscos
1406 3598 1470 3633 ¹²³
1522 3597 1817 3668 episcopos

157 3690 273 3745 circa
298 3693 480 3745 natale
503 3688 736 3744 Domini
756 3688 826 3741 ad
858 3688 1085 3741 illorum
1130 3686 1497 3756 praesentiam
1528 3685 1815 3752 festinare,

157 3794 250 3833 non
275 3782 448 3834 solum
480 3780 553 3833 ad
595 3778 899 3849 synodum,
963 3776 1058 3830 sed
1089 3791 1220 3828 curn
1263 3772 1423 3828 omni
1454 3790 1557 3828 suo
1586 3773 1820 3827 vassati-

160 3882 210 3921 co
230 3871 321 3935 (50)
344 3869 419 3922 ita
439 3872 508 3905 ¹²ι
526 3867 854 3930 instructos,
885 3868 949 3918 ut
970 3864 1036 3917 ad
1069 3863 1305 3928 bellum,
1333 3878 1694 3933 quocumque
1716 3863 1822 3916 im-

161 3963 357 4024 perator
382 3956 702 4027 praecipiat,
732 3956 965 4025 possent
993 3952 1321 4022 procedere.
1355 3951 1627 4005 Prmfatus
1678 3968 1820 4021 quo-

163 4058 249 4114 que
285 4046 619 4100 Frithericus
673 4060 787 4097 non
818 4042 1000 4096 multo
1040 4045 1169 4111 post
1215 4040 1597 4110 episcopalem
1626 4040 1819 4094 cathe-

165 4132 294 4188 dram
325 4136 610 4189 Ravennae
641 4132 903 4186 obtinuit.

219 4223 292 4275 3t.
328 4225 607 4277 Praeterea
662 4221 960 4291 episcopus
1016 4217 1385 4273 Bernwardus
1431 4232 1664 4286 sperans
1722 4216 1821 4270 Dei

164 4312 312 4377 gratia
342 4317 395 4365 et
446 4290 829 4379 utrorumque
869 4306 1195 4378 principum
1238 4305 1562 4371 clementia,
1597 4321 1823 4359 summa
1850 4290 1892 4342 Ῑ)

163 4413 272 4466 pace
317 4417 371 4454 se
421 4405 912 4463 conversaturum,
957 4395 1244 4450 abbatiam
1278 4391 1348 4431 ¹²⁵
1402 4394 1821 4448 Hildewarden-

1854 3041 1893 3095 C

1502 293 1661 348 VlTA
1806 296 2253 352 BERNWARDI.

3494 306 3630 366 ,418

1932 416 2007 471 sis
2034 419 2149 486 (51)
2179 418 2467 485 mcclesiaa,
2503 417 2613 473 sibi
2644 419 2714 474 ab
2741 419 3089 491 imperatore
3118 422 3409 491 traditam,
3441 430 3496 480 et
3515 429 3628 482 sol-

1933 506 2149 576 lempni
2179 506 2247 560 ab
2268 507 2393 577 ipso
2431 507 2790 562 dedicatione
2829 508 3190 563 devotissime
3216 520 3626 581 consecratam,

1930 599 1986 648 et
2050 594 2243 649 divino
2298 596 2527 649 servitio
2588 598 2885 662 excultam,
2938 598 3311 669 pluribusque
3339 600 3629 655 beneﬁciis

1931 698 1995 736 ac
2037 684 2203 737 donis
2234 684 2303 738 ab
2351 700 2418 737 eo
2445 685 2706 753 ditatam,
2739 687 2835 739 ubi
2867 686 3037 741 etiam
3070 704 3171 740 sua
3230 694 3535 743 matertera
3562 690 3629 727 ¹²⁶

1930 772 2129 825 matris
2187 772 2444 843 regimen
2488 774 2712 843 agebat,
2745 775 2803 828 in
2835 776 3126 845 praecipua
3154 777 3471 845 ifestivitate
3502 780 3628 833 illa-

1931 876 2059 913 rum
2095 858 2159 895 ¹²⁷
2212 861 2369 915 adire
2400 861 2760 931 disponebat,
2812 864 3106 933 pra-misso
3156 866 3313 919 omni
3349 873 3628 937 apparatu

1930 949 2001 1002 ad
2032 953 2247 1002 tantam
2278 950 2761 1020 sollempnitatem
2815 953 3235 1007 conﬂuentibus
3289 956 3623 1011 necessario.

1932 1038 2070 1091 Cum
2114 1038 2234 1106 jam
2281 1039 2475 1090 omnia
2531 1043 2729 1109 parata
2783 1046 2972 1095 essent
3001 1045 3056 1095 et
3113 1041 3234 1111 ipse
3274 1043 3331 1096 in
3372 1046 3627 1115 proximo

1929 1125 2155 1179 futurus
2186 1130 2351 1193 esset,
2416 1128 2882 1197 supervenientes
2933 1135 3213 1184 nocturno
3244 1136 3499 1202 tempore
3532 1135 3629 1188 lio-

1930 1215 2113 1268 mines
2144 1214 2555 1285 archiepiscopi
2586 1222 2791 1271 cuncta
2818 1216 3151 1273 invadentes
3180 1220 3620 1290 dissipaverunt,

1931 1302 2256 1374 aliquantos
2288 1320 2419 1357 vero
2451 1304 2790 1359 domesticos
2838 1305 3089 1376 episcopi
3117 1308 3423 1363 crudeliter
3450 1326 3625 1365 caesos

1933 1392 2298 1445 dimiserunt.

2003 1482 2089 1533 32.
2150 1481 2263 1533 Hac
2317 1478 2531 1549 injuria
2573 1484 2786 1546 exacta,
2847 1480 3189 1534 venerabilis
3237 1485 3441 1552 praesul
3497 1487 3633 1541 Gan-

1933 1568 2404 1622 denesheimense
2417 1568 2739 1622 coenobium
2755 1567 2911 1622 adire
2926 1575 3240 1640 etquaeque
3272 1574 3631 1629 emendanda

1932 1661 2121 1709 essent
2174 1656 2459 1726 corrigere
2509 1656 2870 1727 disponebat,
2904 1674 2975 1711 ne
3011 1675 3123 1729 qua
3167 1676 3268 1712 sua
3297 1661 3462 1732 culpa
3484 1669 3631 1717 esset

1930 1745 2276 1813 neglectum.
2337 1745 2439 1799 Cui
2493 1745 2711 1799 obstitit
2784 1746 3065 1799 immensa
3126 1748 3434 1803 multitudo
3513 1767 3629 1806 non

1929 1834 2120 1887 minus
2174 1834 2348 1886 armis
2378 1834 2673 1898 instructa,
2706 1851 2879 1903 quam
2911 1836 2956 1887 si
2978 1835 3047 1888 ad
3094 1837 3389 1905 publicum
3413 1838 3628 1896 bellum

1926 1925 2286 1990 cogerentur.
2354 1922 2460 1975 Hos
2519 1921 2761 1975 concivit
2792 1920 2864 1959 1³⁸
2906 1923 3155 1993 Sophya,
3202 1930 3432 1979 cunctos
3473 1928 3626 1982 vide-

1928 2002 2058 2063 licet
2115 2027 2259 2079 quos
2311 2012 2400 2065 vel
2464 2011 2533 2065 de
2615 2012 2891 2065 vassatico
2951 2013 3363 2083 archiepiscopi
3420 2017 3507 2069 vel
3557 2018 3626 2071 de

1926 2099 2145 2153 familia
2184 2098 2338 2152 illius
2393 2115 2704 2153 convocare
2734 2104 2982 2169 poterat,
3038 2117 3239 2155 omnes
3292 2120 3423 2156 suos
3464 2111 3627 2158 notos

1928 2191 1984 2239 et
2008 2186 2337 2250 familiares,
2370 2190 2423 2239 et
2455 2186 2524 2239 de
2564 2186 2797 2257 propria
2827 2186 3044 2240 familia
3084 2203 3318 2241 manum
3346 2190 3620 2256 validam;

1927 2278 2113 2327 turres
2144 2279 2199 2327 et
2222 2273 2535 2327 munitiora
2565 2274 2686 2327 loca
2712 2274 2862 2327 circa
2892 2275 3203 2328 ecclesiam
3235 2283 3453 2330 armato
3478 2295 3627 2332 com-

1926 2363 2090 2433 plent
2114 2362 2317 2427 milite,
2349 2368 2405 2416 et
2423 2367 2619 2416 contra
2638 2378 2815 2416 unum
2841 2363 3157 2429 hominem,
3175 2380 3342 2418 suum
3365 2366 3627 2422 videlicet

1928 2451 2661 2522 episcopum,inermem,et
2680 2451 3267 2505 benedictionemillis
3281 2459 3621 2523 portantem,

1925 2540 2006 2593 ita
2063 2540 2359 2594 castellum
2423 2540 2713 2605 muniunt,
2773 2539 2936 2610 quasi
2996 2540 3293 2595 barbarico
3328 2544 3625 2613 procinctu

1925 2644 1984 2682 se
2042 2628 2346 2683 defendere
2397 2632 2600 2698 parent
2648 2627 2752 2693 "9;
2784 2634 2846 2681 ut
2897 2630 3172 2683 veraciter
3200 2630 3339 2685 illud
3374 2634 3625 2701 Apostoli

1924 2716 2226 2787 impletum
2257 2716 2316 2771 in
2347 2717 2445 2771 illo
2479 2717 2763 2771 videatur:
2786 2718 2975 2772 Omnes
2999 2720 3096 2785 qui
3124 2721 3213 2786 pie
3232 2721 3417 2773 volunt
3448 2723 3627 2776 vivere

1923 2806 1983 2857 in
2031 2806 2254 2859 Christo
2306 2807 2724 2873 persecutionem
2777 2808 3058 2874 patientur
3087 2806 3184 2873 (II
3216 2809 3350 2860 Tim.
3388 2824 3468 2869 ιη,
3517 2811 3621 2875 t2).

1924 2892 2019 2946 llis
2044 2894 2253 2962 praesul
2306 2892 2532 2959 auditis,
2567 2909 2697 2946 suos
2730 2894 2867 2963 quid
2898 2899 3032 2963 agat
3084 2896 3352 2948 consulit.
3423 2896 3623 2951 Cuncti

1922 2981 2178 3051 periculo
2205 2981 2522 3035 cedendum
2574 2986 2861 3049 statuunt;
2894 2981 3224 3051 diriguntur
3255 3000 3485 3055 quoque
3524 2986 3621 3055 qui

1925 3070 2220 3123 veritatem
2278 3071 2583 3141 diligenter
2655 3070 3028 3140 investigent;
3096 3071 3195 3141 qui
3247 3072 3440 3126 omnia
3495 3089 3623 3144 quae

1925 3162 2252 3229 sparserant
2294 3156 2364 3198 ιδο
2395 3175 2544 3222 vera,
2582 3160 2639 3212 et
2668 3158 2756 3212 his
2781 3158 2999 3228 majora
3023 3160 3380 3214 renunciant.

1996 3250 2083 3302 33.
2136 3248 2232 3301 His
2278 3248 2384 3301 hoc
2428 3248 2595 3301 modo
2626 3247 2819 3316 gestis,
2853 3247 3105 3318 episcopi
3137 3249 3465 3318 hujusmodi
3496 3267 3627 3306 con-

1925 3335 2259 3389 troversiam
2320 3335 2379 3389 in
2445 3334 2697 3389 azcclesia
2747 3335 2994 3405 grassari
3046 3344 3343 3392 cernentes
3404 3340 3489 3405 ¹³¹,
3529 3357 3622 3394 su-

1924 3437 2143 3492 perque
2198 3422 2343 3475 tauti
2399 3421 2505 3475 viri
2553 3428 2671 3475 tam
2722 3423 2993 3477 inauditis
3059 3429 3116 3478 et
3168 3425 3624 3481 intolerabilibus

1927 3509 2151 3578 injuriis
2166 3509 2408 3563 nimium
2435 3510 2712 3575 dolentes,
2736 3516 3076 3565 conventum
3098 3512 3528 3569 Francanavord
3558 3520 3625 3555 1³³

1928 3601 2057 3665 post
2104 3596 2555 3667 assumptionem
2607 3603 2815 3651 sanctae.
2875 3599 3065 3654 Marias
3121 3606 3411 3667 expetunt.
3474 3603 3624 3657 Invi-

1926 3689 2120 3737 tantur
2145 3685 2318 3738 etiam
2349 3684 2761 3755 archiepiscopi
2780 3687 3132 3740 Coloniensis
3159 3694 3214 3742 et
3241 3690 3620 3746 Treverensis.

1928 3774 2174 3827 Ventum
2220 3777 2275 3826 et
2326 3772 2396 3826 ad
2451 3773 2602 3827 diem
2652 3774 2899 3842 concilii,
2958 3775 3396 3843 praesidentibus
3445 3780 3625 3832 archi-

1929 3860 2233 3930 episcopis,
2297 3861 2587 3930 Willegiso
2640 3862 3043 3931 Mogontiensi,
3110 3862 3408 3917 Heriberto
3459 3865 3621 3920 Colo-

1931 3949 2135 4017 niensi,
2172 3949 2430 4003 Liudolfo
2484 3949 2836 4018 Treverensi,
2876 3966 3005 4003 cum
3036 3951 3253 4003 caeteris
3284 3953 3459 4005 servis
3500 3955 3622 4023 Dei,

1932 4039 2201 4094 Rethario
2259 4038 2803 4105 Patherbrunnensi,
2854 4039 3138 4094 Rodberto
3191 4039 3464 4109 Spirensi,
3519 4044 3621 4095 Be-

1931 4128 2162 4197 ringero
2222 4128 2288 4163 ¹³³
2353 4127 2645 4194 Vardensi,
2723 4128 3059 4198 Eggebardo
3130 4128 3478 4183 Sleswicensi
3534 4130 3620 4187 ¹³’⁸.

1930 4216 2037 4271 Sed
2094 4215 2230 4287 quia
2285 4217 2653 4286 Eggehardus
2715 4215 2781 4253 ¹³⁵
2818 4217 2940 4288 ipse
2974 4218 3391 4272 Hildenesheim
3423 4218 3622 4290 hospi-

1931 4306 2176 4371 tabatur,
2209 4304 2507 4359 barbarico
2561 4306 2813 4360 tumultu
2866 4322 2967 4360 sua
3004 4306 3225 4360 civitate
3266 4312 3321 4361 et
3372 4309 3625 4362 azcclesia

1932 4393 2299 4465 depopulata,
2320 4393 2566 4449 domnus
2591 4394 2963 4449 Bernwardus
2993 4393 3063 4429 ¹³⁶
3080 4396 3340 4449 molestia
3370 4397 3626 4466 corporis

1542 4551 1772 4604 VAHI/E
1804 4551 2097 4606 LECTION
2110 4552 2203 4607 BS.

212 4679 278 4713 ¹⁶²
316 4680 690 4736 excitantibus
741 4681 795 4733 2.
855 4676 923 4714 ⁸⁸³
980 4680 1221 4748 poscunt
1272 4678 1331 4730 2.
1371 4674 1462 4748 μ¹¹⁴
1539 4674 1832 4748 ingerunt,
1868 4692 2015 4748 cum
2060 4681 2254 4729 tamen
2314 4677 2463 4748 apud
2520 4676 2798 4731 vicarium
2854 4683 2910 4733 et
2966 4680 3288 4736 dominum.
3359 4684 3417 4736 Β.
3478 4688 3626 4739 esset

158 4762 462 4806 numerosus
514 4751 819 4805 exercitus.
879 4744 997 4802 Sed—
1044 4764 1148 4800 nec
1200 4746 1453 4799 tumultu
1512 4744 1650 4799 moti
1704 4749 1755 4798 2.
1820 4744 1889 4783 ηδ

1929 4749 2213 4817 protelare
2254 4745 2467 4817 _2."'6
2526 4748 2721 4801 relicta
2778 4764 2917 4802 corr.
2973 4752 3158 4805 soluta
3188 4756 3239 4805 2.
3298 4756 3363 4789 “7
3393 4770 3524 4808 vero
3567 4757 3620 4808 2.

158 4819 212 4891 ξξδ
250 4825 302 4875 in
352 4839 528 4890 marg.
573 4822 669 4891 qui
719 4819 1026 4891 Gerbertus
1070 4815 1229 4891 2.}‘9
1287 4817 1364 4891 sic
1395 4824 1556 4891 ets.
1615 4820 1673 4891 2.
1704 4813 2056 4891 mnam—que
2089 4821 2140 4891 2.
2200 4813 2284 4891 ‘9“
2325 4818 2663 4871 Pervenieus
2712 4826 2903 4891 autem
2955 4820 3022 4874 ad
3054 4824 3103 4874 2.
3172 4821 3242 4857 ¹²²
3269 4824 3539 4877 commoti
3567 4828 3619 4878 2.

158 4887 213 4924 ⁸³³
254 4887 553 4947 theutiscos
590 4887 656 4945 ’2.
718 4891 789 4927 ¹³⁴
843 4890 988 4943 deest
1033 4892 1086 4941 2.
1123 4887 1191 4924 ⁴²⁵
1246 4904 1298 4940 a.
1351 4887 1835 4941 hildiuuardensis
1901 4889 2169 4942 recclesia:
2235 4888 2306 4942 ab
2386 4890 2838 4943 antecessoribus
2908 4892 3023 4944 suis

3112 4892 3305 4947 divino
3384 4894 3621 4947 servicio

157 4964 395 5018 excultam
425 4970 599 5032 atque
630 4961 1014 5025 exercitatam,
1044 4959 1176 5032 _sibi
1219 4974 1455 5032 quoque
1497 4959 1568 5011 ab
1624 4959 1968 5032 imperatore
1998 4960 2288 5032 traditam,
2335 4959 2428 5012 ubi
2459 4962 2540 5032 2.Δ
2565 4960 2630 4994 ¹²⁸
2686 4961 2743 5014 in
2772 4977 2946 5029 marg.
2983 4963 3218 5016 Hemina
3265 4965 3621 5019 sanctissima

156 5046 235 5098 per
266 5051 427 5105 quam
478 5028 755 5087 Dominus
805 5030 1167 5105 multa__facit
1224 5028 1495 5105 miracula
1553 5032 1604 5081 2.
1654 5028 1723 5065 υτ
1773 5029 2007 5105 illorum
2067 5033 2119 5084 2.
2181 5028 2251 5065 ⁸³⁸
2298 5029 2571 5105 conscivit
2624 5033 2673 5083 1.
2721 5032 3061 5105 conciverat
3097 5035 3147 5085 2.
3195 5032 3285 5068 “9

3337 5041 3542 5105 parant
3574 5040 3617 5090 t.

157 5098 346 5171 parent.
416 5105 644 5158 Mittunt
692 5110 882 5156 tamen
944 5101 1165 5170 aliquos
1213 5098 1313 5169 qui
1356 5114 1654 5171 accensum
1698 5101 1965 5171 nongsine
2018 5116 2226 5169 magno
2258 5100 2511 5170 periculo
2541 5104 2937 5171 temptandum
2980 5104 3257 5171 referant;
3300 5098 3623 5160 consulcius

159 5170 249 5227 fore
295 5176 412 5229 loco
460 5175 800 5229 cedendum.
861 5171 954 5225 Sin
1006 5169 1165 5223 secus
1220 5186 1395 5241 agere
1441 5169 1733 5233 deliberet,
1784 5169 2057 5224 nimirum
2126 5169 2443 5224 maximum
2500 5169 2818 5241 dampuum
2872 5175 3157 5228 conciliet.

158 5246 328 5297 auditis
370 5249 423 5299 2.
481 5244 556 5281 ¹³⁰

3233 5177 3332 5231 His
3412 5178 3621 5247 praesul

600 5261 652 5315 q.
711 5246 859 5297 fama
912 5245 1196 5315 sparserat
1242 5237 1415 5315 21f“
1474 5256 1627 5315 γαπ-εξ.
1698 5247 1739 5315 t_.
1797 5258 1848 5295 v.
1906 5247 1979 5315 ιη
2012 5242 2052 5296 i.
2109 5246 2167 5295 et
2222 5241 2261 5295 i.
2320 5240 2359 5295 i.
2406 5258 2462 5295 n.
2514 5243 2568 5296 d.
2603 5237 2797 5299 desunt
2854 5246 2907 5298 2.
2967 5242 3038 5281 ¹δ²
3097 5237 3519 5303 francanafordi
3563 5251 3617 5302 2.

158 5308 489 5386 “iber-egero
520 5317 578 5370 2.
611 5308 678 5351 ῖ³⁶
705 5308 1091 5368 sliesuvicensi
1117 5314 1168 5366 2.
1204 5309 1273 5350 "5
1294 5310 1437 5365 deest
1464 5314 1516 5365 2.
1542 5308 1613 5347 ¹³⁸
1644 5311 1939 5382 episc0pus
1962 5314 2021 5368 2.

1756 5423 1976 5477 NOTAE.

212 5530 308 5599 (50)
336 5530 708 5583 Vassallorum
739 5530 907 5581 ccetu.

1993 5524 2107 5595 (51)
2168 5524 2664 5581 HiIWardshauseu
2696 5528 2765 5582 ad
2811 5529 3100 5598 Wiseram,
3152 5532 3299 5587 infra
3327 5534 3615 5588 Mandant.
