4016 6202
287 313 394 368 419

1281 309 1688 366 TllANGMARl
1737 305 2172 366 PRESBYTERI
2212 302 2804 360 HlLDESHElMENS.

3698 307 3802 362 420

288 435 618 507 impeditus,
683 434 752 490 ad
811 439 1154 490 conventum
1202 434 1322 490 vice
1381 451 1483 489 sua
1538 433 1702 490 illum
1761 431 1987 495 direxit,
2021 437 2067 488 A
2106 430 2331 496 missus,
2383 428 2770 500 plurimorum
2829 425 3217 484 benivolentia
3271 445 3376 500 per
3427 427 3583 484 viam
3622 432 3808 500 gratia

291 525 503 580 addens
542 523 595 579 ei
644 525 862 579 socium
891 522 956 561 ¹³τ
1011 525 1440 596 Tbaugmarum
1471 521 1557 590 ίδθ,
1605 522 1993 593 presbiterum

291 619 348 668 et
394 613 726 668 monasterii
773 613 1076 679 decauum,
1124 613 1224 684 qui
1257 611 1716 666 subcenturiatus
1746 611 1988 678 adesset,

290 703 337 756 si
368 702 506 772 quid
549 702 693 756 forte
745 701 967 754 adversi
1026 717 1090 754 ex
1141 705 1300 771 parte
1355 698 1770 770 archiepiscopi
1805 713 1992 753 emer-

292 791 472 844 sisset.
507 791 568 844 ln
627 788 911 860 principio
938 789 1132 859 itaque
1187 788 1388 857 prima;
1418 784 1486 824 ¹³⁹
1537 786 1778 841 actionis
1799 785 1992 840 archi-

293 880 590 950 episcopus
641 877 852 932 mitiori
900 877 1083 930 relatu
1114 877 1385 930 fratribus
1438 876 1754 930 absentiam
1795 875 1991 929 domui

293 968 614 1023 Bernwardi
669 967 1055 1037 conqueritur,
1120 965 1404 1036 justitiam
1453 965 1706 1020 fraterno
1751 964 1988 1036 judicio,

293 1057 341 1110 si
389 1057 627 1123 adesset,
684 1072 741 1110 se
772 1055 854 1110 illi
908 1055 1191 1109 facturum
1248 1055 1465 1109 asserit.
1499 1055 1738 1108 Econtra
1780 1069 1900 1122 non
1921 1059 1993 1107 te-

292 1147 554 1200 meritate
586 1145 674 1199 vel
711 1143 1124 1199 iuobmdientia
1151 1145 1344 1198 deesse
1375 1142 1673 1210 refellitur,
1708 1141 1810 1197 sed
1833 1141 1992 1213 gravi

292 1232 542 1304 corporis
594 1232 859 1286 molestia
936 1230 1311 1301 impeditum:
1384 1246 1766 1301 quascumque
1835 1245 1992 1284 sacer

291 1326 601 1376 conventus
649 1321 840 1375 divino
895 1321 1038 1374 flatu
1071 1317 1140 1355 ¹⁴⁰
1178 1319 1498 1374 illustratus
1549 1319 1848 1384 deliberet,
1871 1322 1988 1372 sta-

290 1415 435 1476 tuat,
486 1409 575 1463 vel
632 1408 896 1477 imperet,
956 1406 1311 1460 obmdienter
1357 1423 1415 1460 se
1461 1407 1869 1461 obsecuturum
1925 1423 1991 1460 ac

290 1502 648 1552 servaturum
673 1497 759 1551 1“.
792 1495 882 1551 Sic
919 1509 1149 1566 quoque
1184 1500 1384 1549 mutua
1411 1493 1811 1549 benedictione
1835 1494 1984 1560 data,

290 1585 416 1655 ipsa
445 1584 537 1638 die
578 1585 724 1637 actio
757 1583 920 1636 ﬁnita
950 1587 1054 1637 est.
1092 1583 1365 1652 Sequenti
1397 1583 1487 1636 die
1513 1582 1986 1653 archiepiscopus,

292 1671 498 1740 quibus
537 1671 968 1740 impellentibus
992 1670 1298 1738 incertum,
1333 1671 1653 1724 mordacior
1683 1669 1750 1708 ιδ’
1773 1670 1842 1725 ad
1866 1687 1988 1724 ses-

290 1759 512 1813 sionem
561 1759 950 1829 progreditur.
1000 1758 1196 1828 Aliqui
1245 1774 1494 1829 namque
1547 1762 1604 1812 et
1649 1758 1882 1829 quidam
1916 1757 1985 1812 de

291 1847 571 1918 episcopis
627 1844 714 1914 ³⁸³,
746 1846 938 1900 favore
987 1846 1141 1899 illius
1191 1847 1446 1911 adducti,
1503 1847 1834 1918 episcopum
1864 1849 1988 1901 Ber-

291 1937 584 1990 nwardum
617 1935 844 2005 publice
874 1935 932 1988 in
968 1935 1181 2006 synodo
1217 1935 1635 2006 requirendum
1663 1936 1989 1990 suadent‘“

291 2025 690 2094 Thangmarus
756 2029 944 2077 autem
1031 2024 1315 2095 presbiter
1392 2024 1637 2079 domuos
1693 2025 1989 2095 episcopos

291 2117 635 2176 commouet,
698 2117 764 2166 ut
819 2112 1308 2182 archiepiscopum
1337 2129 1370 2166 a
1403 2112 1680 2182 pertinaci
1714 2111 1989 2166 animosi-

287 2205 401 2254 tate
439 2206 822 2270 compescant.
887 2200 1141 2271 Denique
1197 2201 1296 2255 Dei
1325 2202 1539 2271 pietate
1571 2201 1766 2256 mitior
1796 2201 1986 2256 archi-

288 2289 501 2358 prwsul
552 2288 824 2356 efficitur;
878 2288 1220 2343 instantibus
1257 2294 1454 2343 tamen
1493 2291 1736 2358 cunctis,
1797 2294 1862 2343 ut
1886 2306 1986 2344 ve-

291 2377 555 2431 stituram
623 2376 1232 2432 Gaudenesheimensis
1299 2377 1544 2432 caenobii
1617 2377 1988 2432 Bernwardus

291 2465 498 2535 praesul
544 2465 882 2534 possideret,
940 2464 1097 2518 nullo
1151 2465 1319 2518 modo
1351 2464 1654 2535 episcopus
1682 2466 1986 2532 consensit,

292 2553 389 2607 sed
419 2558 482 2606 ut
509 2549 578 2588 ¹⁸⁵
623 2559 827 2607 neuter
856 2553 1109 2620 illorum,
1147 2569 1327 2624 usque
1375 2558 1601 2607 octavas
1629 2559 1988 2624 pentecostes

293 2639 595 2695 Fridislare
659 2639 727 2676 ιη
783 2641 851 2695 ad
911 2641 1187 2711 palatium
1229 2641 1593 2707 conveniant,
1622 2658 1680 2695 se
1719 2641 1990 2698 1"'iutro-

292 2729 502 2784 mittat.
532 2728 737 2801 Sicque
767 2728 1070 2783 concilium
1097 2729 1196 2784 Dei
1225 2730 1407 2800 gratia
1429 2730 1676 2784 solutum
1724 2733 1828 2784 est.

363 2820 453 2874 34.
506 2820 818 2890 Episcopus
883 2820 1122 2891 perinde
1174 2821 1422 2874 domnus
1480 2821 1848 2876 Bernwardus
1888 2836 1986 2890 ge-

293 2909 452 2962 mina
505 2908 684 2976 gratia
735 2908 957 2961 Italiam
1016 2908 1249 2962 ardebat
1307 2908 1485 2974 adire,
1526 2914 1813 2978 praecepto
1840 2908 1989 2963 vide-

2103 517 2323 575 domiui
2349 517 2438 572 sui
2471 534 2625 584 usus,
2671 517 3083 587 imperatorem
3114 517 3176 571 in
3203 518 3516 588 Spolitauis
3545 519 3810 589 partibus

2101 608 2379 680 repperit,
2408 625 2440 661 a
2486 623 2600 678 quo
2630 607 2834 662 merito
2865 608 3063 661 domui
3093 607 3343 678 episcopi
3385 607 3809 677 benignissime

2104 702 2422 768 susceptus,
2473 694 2768 766 apostolici
2817 696 3122 750 adventum
3165 696 3632 767 praestolabatur.
3669 695 3808 759 Qui-

2104 787 2210 841 bus
2254 785 2750 852 convenientibus,
2810 784 3159 855 legationem
3191 791 3248 839 et
3296 785 3511 854 scripta
3549 784 3810 850 tradidit,

2102 878 2450 946 imperatore
2517 875 2827 928 clementer
2887 873 3041 943 apud
3112 873 3492 944 apostolicum
3551 872 3814 942 episcopi

2101 980 2329 1020 causam
2387 969 2794 1034 prosequente.
2858 963 3075 1017 Deinde
3114 963 3350 1032 jubetur
3400 961 3699 1032 synodum
3729 978 3816 1014 ex-

2101 1060 2349 1125 pectare,
2379 1068 2508 1124 quae
2561 1053 2714 1123 apud
2740 1051 3112 1106 Tudertinam
3139 1051 3426 1105 civitatem
3475 1050 3594 1119 (52)
3630 1049 3691 1102 in
3725 1065 3814 1101 ua~

2099 1143 2212 1196 tale
2267 1142 2498 1196 Domini
2544 1141 2738 1195 futura
2783 1146 2922 1204 erat,
2983 1140 3148 1194 bonis
3201 1138 3472 1194 omnibus
3527 1154 3598 1192 ex
3655 1144 3814 1208 parte

2099 1230 2401 1302 utriusque
2418 1229 2694 1301 principis
2721 1228 3155 1300 opulentissime
3183 1233 3546 1283 sustentatus
3581 1225 3673 1280 ³⁵³.

2172 1323 2258 1375 35.
2308 1319 2516 1374 Eodem
2546 1323 2803 1388 tempore
2835 1318 3176 1388 quibusdam
3197 1317 3370 1387 jussis
3391 1314 3811 1387 {imperialibus

2101 1407 2513 1474 obuitentibus,
2539 1406 2744 1478 [frater
2787 1405 3109 1460 Beruwardi
3136 1407 3370 1460 Tammo
3405 1419 3613 1457 comes
3640 1403 3812 1472 impe-

2099 1497 2278 1552 ratori
2300 1502 2518 1568 gratus,
2549 1496 2636 1550 vir
2678 1499 2830 1550 certe
2887 1494 3048 1549 omni
3087 1511 3310 1548 morum
3339 1493 3642 1564 probitate
3668 1508 3810 1560 prm-

2099 1587 2304 1650 clarus,
2357 1586 2429 1639 ad
2475 1585 2629 1655 regis
2657 1583 2967 1656 imperium
3021 1585 3086 1619 ¹⁵³
3109 1585 3416 1638 Paternum
3440 1580 3590 1651 (53),
3623 1582 3810 1634 muni-

2100 1679 2225 1728 tum
2259 1673 2423 1728 valde
2470 1673 2786 1738 castellum,
2840 1671 3078 1737 insedit;
3127 1671 3290 1741 cujus
3330 1668 3602 1724 sollertia
3647 1673 3810 1739 atque

2096 1761 2382 1816 industria
2407 1761 2466 1815 in
2499 1760 2612 1814 illis
2638 1759 2776 1814 locis
2806 1759 2950 1813 bene
2971 1760 3240 1814 tuebatur
3265 1774 3355 1811 res
3378 1757 3641 1828 publica.

2168 1853 2253 1905 36.
2287 1855 2455 1904 Auno
2505 1849 2812 1919 singularis
2841 1847 3147 1902 nativitatis
3189 1846 3420 1900 Domini
3453 1844 3647 1900 nostri
3687 1846 3811 1899 Jesu

2097 1939 2307 1994 Christi
2349 1937 2654 1993 millesimo
2688 1940 2957 2005 secundo,
2978 1935 3292 1990 indictione
3344 1939 3433 1997 15,
3459 1934 3811 2004 apostolicus

2097 2044 2227 2082 cum
2257 2027 2605 2098 imperatore
2655 2025 2979 2080 Tudertinze
3013 2025 3201 2078 natale
3260 2023 3497 2078 Domini
3559 2023 3811 2076 celebra-

2096 2117 2204 2183 vit;
2255 2115 2357 2170 ubi
2405 2115 2466 2170 in
2517 2114 2820 2168 festivitate
2879 2113 3060 2166 sancti
3129 2111 3364 2167 Joannis
3437 2112 3810 2181 evangelista:

2099 2203 2259 2274 (Dec.
2336 2203 2428 2273 27)
2480 2201 2791 2256 concilium
2843 2201 3196 2254 eoadunatur
3242 2199 3662 2270 episcoporum
3715 2213 3814 2267 per

2100 2290 2440 2346 Romaniam
2486 2291 2543 2344 et
2570 2290 2900 2360 aliquorum
2949 2289 3018 2343 de
3069 2287 3271 2342 Tuscia
3314 2293 3372 2340 et
3398 2288 3471 2322 ¹⁶δ
3513 2286 3708 2340 Italia.
3739 2287 3812 2339 De

2098 2378 2310 2433 nostris
2368 2393 2600 2449 quoque
2656 2377 3039 2431 consederunt
3087 2377 3371 2445 Notgerus
3423 2373 3808 2439 Leodiceusis,

2098 2466 2339 2521 Sifridus
2391 2465 2791 2536 Augustensis,
2846 2465 3005 2535 Hugo
3063 2463 3376 2519 Citicensis.
3411 2463 3577 2516 lnter
3616 2461 3810 2515 missa-

2098 2571 2228 2609 rum
2261 2554 2456 2624 itaque
2489 2552 2556 2589 ¹⁵⁵
2595 2553 2940 2624 sollempuia
2987 2551 3421 2606 considentibus
3454 2550 3530 2604 ad
3573 2551 3814 2620 triginta
3899 2545 3906 2552 ’

2099 2643 2378 2714 patribus,
2424 2641 2873 2712 praesidentibus
2926 2657 3158 2712 quoque
3191 2640 3421 2695 domuis
3447 2638 3813 2710 principibus

2102 2731 2268 2786 Urbis
2314 2730 2382 2766 ¹⁸⁶
2429 2747 2578 2800 papa
2626 2735 2799 2801 atque
2851 2730 3211 2802 imperatore,
3264 2734 3400 2799 post
3443 2729 3512 2764 ίδτ
3566 2743 3812 2797 evange-

2098 2820 2242 2875 lium
2290 2819 2538 2872 recitatis
2581 2835 2650 2873 ex
2705 2819 2947 2874 decretis
2979 2821 3302 2874 sanctarum
3333 2818 3576 2872 Patrum
3603 2815 3810 2886 aliqui-

2098 2908 2206 2963 bus
2244 2907 2532 2978 capitulis,
2613 2907 2688 2962 ad
2734 2907 3100 2979 praesentiam
3157 2905 3360 2978 synodi
3408 2921 3517 2975 per
3571 2905 3808 2959 oblatio-

295 2997 425 3049 licet
454 2995 750 3065 apostolici
809 2993 880 3030 ¹⁴³⁸
925 2995 1266 3062 satisfacere,
1317 3002 1371 3050 et
1429 2995 1786 3050 carissimum
1827 2996 1989 3050 dom-
2023 3001 2064 3055 C
2102 2997 2330 3051 uarium
2388 2997 2608 3065 legatus
2661 2996 3002 3050 venerabilis
3054 2994 3122 3031 ¹⁸⁸
3164 2995 3491 3050 Beruwardi
3554 2991 3810 3065 episcopi

294 3100 437 3138 num
485 3099 676 3153 regem
730 3081 799 3122 “9
851 3083 1062 3149 videre,
1095 3100 1270 3154 quem
1301 3084 1414 3138 vita
1459 3085 1865 3154 preciosiorem
1904 3101 1992 3139 co-

297 3172 470 3226 lebat.
508 3169 578 3214 ι⁵⁰
611 3172 824 3226 Direxit
875 3176 1064 3226 autem
1113 3173 1542 3243 Thaugmarum
1599 3176 1660 3212 ¹⁸¹
1709 3173 1986 3244 presbite-

292 3276 424 3315 rum
456 3259 574 3314 vice
629 3276 750 3326 sua,
799 3261 895 3330 qui
946 3264 1002 3314 et
1051 3260 1229 3330 priori
1259 3278 1407 3316 anno
1437 3277 1627 3334 comes
1657 3261 1984 3334 peregrina-

290 3348 464 3404 tionis
494 3348 617 3419 ejus
643 3347 796 3419 apud
827 3348 1234 3419 imperatorem
1279 3350 1484 3414 fuerat,
1518 3333 1618 3421 qui
1658 3368 1691 3403 a
1713 3333 1986 3421 primaeva

286 3437 588 3507 juventute
621 3451 803 3506 usque
835 3436 906 3490 ad
939 3436 1215 3490 caniciem
1246 3437 1448 3490 scolari
1487 3437 1675 3491 studio
1708 3437 1980 3506 intentus,

290 3523 612 3578 nutriendis
634 3523 832 3594 pueris
881 3539 1116 3594 operam
1147 3524 1346 3580 dabat.
1401 3524 1501 3578 llic
1527 3525 1596 3580 ad
1619 3526 1982 3595 prmsentiam

288 3628 457 3684 papae
489 3615 544 3665 et
599 3611 967 3683 imperatoris
1011 3628 1143 3668 cum
1203 3612 1461 3684 epistolis
1505 3628 1570 3667 ac
1624 3613 1987 3668 mandaticiis

2099 3091 2345 3140 statutus
2376 3082 2442 3121 “9
2472 3091 2575 3139 est.
2629 3084 2710 3139 Ad
2743 3101 2915 3155 quem
2952 3082 3023 3122 ¹⁶⁰
3053 3084 3398 3154 apostolicus
3421 3081 3605 3138 dixit:
3637 3105 3658 3131 ι
3694 3083 3806 3147 Dic,

2095 3191 2209 3246 qua
2265 3189 2435 3228 causa
2481 3173 2552 3228 ad
2599 3178 2855 3227 nostram
2898 3172 3268 3243 praesentiam
3325 3171 3564 3226 veneris
3597 3169 3691 3237 ‘5‘,
3724 3172 3805 3224 vel

2094 3263 2234 3334 quid
2289 3263 2360 3317 ad
2407 3261 2692 3333 synodum
2734 3261 2962 3315 habeas.
2993 3283 3013 3309 ι
3078 3261 3198 3315 Mox
3246 3261 3471 3330 legatus
3519 3259 3808 3329 presbiter

2091 3352 2486 3422 Thangmarus
2523 3356 2646 3405 toto
2677 3366 2912 3420 corpore
2943 3350 3016 3404 ad
3048 3354 3260 3403 terram
3299 3352 3654 3419 prostratus,
3687 3363 3805 3400 ere-

2093 3444 2332 3510 ctusque
2358 3439 2673 3492 faventium
2709 3438 2992 3506 manibus,
3023 3437 3266 3509 pedibus
3299 3436 3613 3506 utriusque
3649 3435 3802 3507 priu-

2093 3527 2234 3598 cipis
2309 3527 2697 3598 provolvitur;
2767 3542 3240 3598 consurgeusque
3293 3525 3372 3580 ita
3432 3522 3507 3560 ¹⁶¹
3573 3525 3801 3594 incipit:

2096 3636 2122 3663 α
2175 3616 2454 3669 Dominus
2528 3631 2691 3669 meus
2734 3616 3090 3686 apostolatus
3144 3613 3317 3668 vestri
3372 3613 3802 3679 auctoritatem,

1698 3763 1930 3819 VARle
1976 3764 2264 3821 LECTION
2272 3764 2368 3820 ES.

375 3864 446 3904 ¹³⁷
493 3865 784 3921 notarium
837 3868 888 3920 3.
953 3863 1022 3900 ⁸³⁸
1070 3867 1132 3920 Τ.
1207 3868 1260 3920 2.
1322 3863 1393 3902 ¹⁸⁹
1446 3881 1646 3936 prona:
1707 3869 1760 3920 l.
1822 3864 1896 3902 ⁴ι⁰
1944 3871 2094 3921 statu
2162 3871 2205 3922 ι.
2283 3867 2427 3922 ﬂatu
2495 3870 2549 3921 2.
2614 3864 2683 3903 ‘“
2742 3871 3123 3921 servaturum.
3181 3864 3491 3920 Acerbiora
3553 3881 3804 3936 namque

288 3938 589 4006 utrobique
645 3937 905 4007 asperius
953 3941 1112 4006 gesta
1144 3935 1472 3990 afratribus
1526 3945 1660 3992 ante
1707 3937 2130 4006 processionem
2163 3938 2600 3993 consedeutibus
2629 3943 2763 3992 sunt
2815 3939 3040 4006 publice
3070 3937 3392 4007 explanata,
3436 3952 3574 4006 quae
3608 3935 3804 4007 iui’si-

283 4011 438 4080 nodo
495 4004 753 4080 reticere,
782 4004 1092 4080 imperant,
1152 4023 1223 4059 ne
1267 4007 1411 4080 forte
1461 4008 1617 4062 litem
1672 4004 1968 4077 gemerent.
2020 4009 2109 4063 Sic
2156 4011 2208 4062 2.
2261 4008 2334 4046 ια
2391 4011 2429 4064 i.
2488 4026 2544 4080 q.
2603 4007 2641 4061 i.
2691 4004 2865 4078 paulo
2915 4024 2992 4061 ω.
3050 4010 3102 4060 2.
3143 4004 3212 4042 ¹⁴³
3269 4024 3318 4060 e.
3354 4004 3516 4060 metu
3550 4024 3621 4080 ac
3681 4006 3720 4060 f.
3750 4009 3801 4060 2.

287 4077 358 4113 “"
415 4079 674 4133 suadent.
732 4079 1002 4150 Directos
1036 4092 1267 4148 quoque
1307 4077 1376 4130 ab
1425 4092 1514 4141 eo,
1564 4084 1621 4131 et
1678 4079 1962 4148 praecipue
2013 4080 2434 4150 presbyterum,
2474 4077 2882 4150 commonent,
2939 4082 3296 4150 sacramento
3351 4081 3415 4130 ut
3463 4079 3803 4150 episcopum

286 4154 529 4202 excuset.
565 4150 664 4202 llle
715 4148 784 4202 de
815 4147 1008 4219 segnil
1037 4146 1434 4219 praesumens,
1484 4163 1614 4201 cum
1670 4146 1868 4202 tamen
1895 4146 2199 4219 sepissime
2245 4148 2516 4204 siuodicis
2560 4149 2891 4203 interfuerit
2936 4148 3210 4210 conciliis,
3264 4163 3393 4201 cum
3449 4146 3684 4201 caeteris
3711 4146 3804 4216 qui

284 4219 448 4292 illum
502 4219 768 4272 favebant
797 4217 1352 4288 archiepiscoporum
1385 4223 1840 4292 creterorumque
1887 4217 2138 4287 clericos,
2174 4221 2274 4292 qui
2305 4222 2363 4275 in
2394 4219 2602 4292 divinis
2647 4219 2987 4289 peritissimi
3029 4219 3291 4292 aderant,
3321 4219 3636 4288 negocium
3670 4234 3802 4287 per-

283 4291 538 4366 pendere
576 4295 732 4353 orat;
757 4357 769 4366 _
782 4295 1230 4366 sacramentum,
1263 4288 1424 4366 quod.
1471 4288 1580 4342 sibi
1632 4288 1952 4355 intendant,
1987 4288 2293 4366 nunquam
2308 4363 2315 4366 _
2345 4291 2458 4344 nisi
2486 4288 2774 4366 canonum
2824 4289 3161 4366 auctoritate
3208 4289 3446 4366 subeat;
3504 4296 3800 4358 postremo

285 4363 632 4430 conventum
673 4357 833 4411 nulla
884 4358 1222 4430 auctoritate
1261 4357 1590 4430 subnixum,
1625 4375 1796 4428 quem
1850 4377 2023 4430 super
2076 4357 2449 4430 apostolicam
2503 4361 2770 4414 siuodum
2811 4360 3190 4425 couciveriut;
3232 4357 3549 4430 humiliter
3579 4376 3643 4412 se
3671 4374 3799 4428 sup-

284 4429 498 4498 plicare
528 4434 583 4482 et
612 4429 930 4500 obsecrare,
962 4434 1026 4482 ut
1057 4429 1324 4500 dominos
1344 4429 1435 4500 7(a)
1469 4429 1766 4499 episcopos
1811 4429 2237 4492 commoueant.
2271 4439 2336 4486 ut
2383 4431 2875 4500 archiepiscopum
2901 4448 2938 4500 _a
2966 4429 3281 4500 pertinacia
3328 4436 3385 4482 et
3426 4430 3801 4500 animositate

283 4503 667 4567 compescant.
755 4499 896 4569 Qum
969 4504 1101 4569 post
1155 4499 1264 4569 hoc
1341 4499 1440 4569 Dei
1499 4498 1709 4569 pietate
1766 4501 1962 4555 mitior
2017 4503 2380 4569 archiprmsul
2438 4498 2684 4555 efﬁci—tur
2737 4498 2794 4556 2.
2853 4498 2921 4544 1⁸⁵
2966 4498 3128 4554 Ηρεεε
3189 4503 3236 4553 1.
3291 4501 3358 4536 ’³⁸
3411 4499 3694 4554 fridislari
3745 4500 3797 4550 2.

285 4569 354 4648 ff"
411 4563 555 4648 deest
605 4575 666 4648 ξ.
726 4567 796 4648 ¹⁴ξ⁵
844 4563 1038 4648 θριὶίξε)⁸
1195 4563 1266 4604 ¹⁴⁹
1318 4568 1461 4624 deest
1501 4563 1617 4648 ’2.Α.
1647 4569 1716 4605 ¹⁵⁰
1771 4573 2027 4648 colebat;
2090 4563 2202 4628 Sed
2258 4573 2559 4648 frequenti
2594 4573 2764 4648 febre.
2810 4572 3078 4648 laborans
3143 4574 3371 4648 tantum
3437 4570 3551 4648 iter
3585 4569 3844 4648 _subire'

283 4639 546 4692 timebat.
605 4639 818 4694 Direxit
871 4643 924 4692 2.
969 4638 1042 4673 ‘5‘
1098 4640 1530 4709 Thongmarum
1582 4642 1610 4690 2
1669 4645 1885 4710 saepius.
1957 4641 2028 4679 ³⁸³
2076 4638 2447 4697 sustentatus.
2524 4641 2770 4697 Romani
2825 4657 2961 4695 vero
3016 4641 3414 4710 imperialibus
3447 4640 3630 4709 jussis
3653 4638 3798 4693 obti-

285 4714 501 4771 nentes.
532 4711 730 4764 crebra
762 4710 1090 4764 incursione
1114 4710 1447 4780 fatigantur.
1486 4710 1677 4780 (Sopita
1703 4713 2064 4780 imperatoris
2094 4715 2403 4768 Paternum
2453 4713 2743 4767 munitum
2797 4713 2960 4766 valde
3007 4711 3304 4765 castellum
3331 4710 3676 4774 insidentes,
3714 4710 3799 4762 iu-

282 4781 918 4855 cessauter__irruptioue
949 4781 1457 4855 et_depraedatioue
1488 4787 1552 4855 et
1601 4783 1912 4855 multorum
1943 4800 2074 4855 sepe
2105 4785 2499 4839 internecione
2541 4784 2793 4853 graviter
2842 4783 2970 4855 illos
2996 4782 3291 4836 vexabant.
3323 4781 3547 4855 AFrater
3575 4782 3791 4855 quippe

284 4852 608 4908 Beruwardi
670 4850 923 4924 episcopi
974 4853 1222 4924 _Tammo
1281 4867 1489 4912 eomes,
1539 4852 1873 4924 imperatori
1931 4850 2146 4923 gratus,
2207 4872 2338 4909 cum
2395 4850 2689 4924 aliqu—ibus
2750 4853 2966 4924 vassis,
3009 4869 3154 4922 quos
3193 4850 3466 4923 praefatus
3495 4850 3801 4924 episcopus

281 4925 342 4977 in
371 4939 534 4976 arma
579 4921 904 4991 imperialia
959 4921 1363 4988 destinaverat,
1415 4923 1747 4992 praesidium
1807 4921 2132 4990 servabant,
2185 4931 2240 4979 et
2287 4926 2359 4980 ad
2413 4921 2648 4978 illorum
2703 4929 2912 4978 nutum
2956 4921 3212 4977 bellicus
3249 4922 3800 4992 apparatus_ageba-

281 4999 395 5048 tur.
456 4988 820 5064 Aposto'licus
879 4993 1119 5063 perinde
1177 4988 1489 5047 Tudertiue
1537 4994 1886 5063 singularem
1938 4988 2143 5049 Christi
2195 4995 2553 5050 nativitatem
2608 4995 2934 5048 celebravit.
2986 4995 3040 5046 2.
3092 4996 3167 5059 cf.
3213 4988 3343 5061 cap:
3401 4994 3489 5046 35.
3523 4988 3595 5064 f“
3641 4988 3687 5045 l.
3733 4990 3799 5042 de

279 5063 869 5132 Sommerscbeuburg
917 5070 1224 5131 paternum
1256 5065 1314 5116 in
1372 5065 1480 5118 loco
1532 5079 1657 5119 raso
1704 5069 1756 5129 3;
1819 5070 2074 5120 correctio
2130 5067 2443 5135 insipientis
2495 5066 2739 5131 librarii,
2803 5067 2910 5135 qui,
2964 5065 3253 5126 Paternum
3311 5065 3371 5115 in
3429 5063 3599 5116 Italia
3647 5064 3798 5135 igne;

281 5151 434 5204 rans,
495 5137 582 5189 hic
630 5136 695 5189 de
745 5127 963 5189 castello
1024 5135 1334 5204 Tammo‘uis
1387 5140 1615 5202 paterno
1668 5127 1818 5204 quod
1875 5127 2417 5204 Sommrrscheuburg
2489 5127 2982 5204 fuissegcreaidit,
3029 5148 3320 5204 Sermonem
3367 5146 3480 5204 esse
3533 5127 3794 5204 putabat!

285 5203 358 5276 “ff
415 5206 511 5276 vel
547 5209 605 5259 2.
673 5204 744 5242 ’⁵⁵
782 5221 1029 5276 namque
1083 5207 1135 5259 2.
1189 5200 1258 5276 ίβσ
1312 5200 1464 5258 orbis
1503 5207 1558 5260 2.
1617 5200 1700 5240 “7'
1738 5215 1870 5261 ante
1920 5210 1978 5262 2.
2031 5205 2105 5240 ⁸³⁸
2155 5200 2580 5263 νεηθιηιιὶἀῖλ
2635 5202 2706 5243 “9
2761 5207 3030 5260 statuitur
3072 5205 3129 5258 2.
3178 5202 3246 5241 ¹⁶⁰
3303 5219 3366 5272 q.
3419 5200 3717 5257 domnusa
3743 5202 3794 5253 2.

285 5272 356 5311 ³⁵⁸
387 5275 612 5329 venires
633 5279 687 5330 2.
719 5277 790 5313 ⁴⁶²
809 5272 1400 5346 Consurgeus‘itaque
1438 5277 1491 5330 2.

1923 5347 2146 5403 NOTIE.

357 5434 463 5500 (52)
494 5431 648 5486 Todi.
2165 5436 2241 5509 (α)
2261 5435 2512 5491 dimiuos
2542 5438 2596 5490 2.

353 5535 465 5606 (53)
496 5533 760 5588 Paterno.
