3920 6190
122 288 193 341 Ml

121 400 415 477 imperialem
443 412 672 469 quoque
728 398 1084 469 majestatem
1137 398 1441 471 magnitice
1494 407 1749 471 gratatus
1778 408 1818 460 Α

121 499 185 550 est
209 489 266 528 κδ
292 506 384 560 pro
404 487 689 542 cunctisin
711 488 918 559 quibus
940 489 1251 543 clementer
1270 506 1374 560 pro
1395 507 1498 544 sua
1514 491 1754 546 ecclesia

122 579 380 639 laborastis.
423 576 568 639 Quid
598 582 791 630 autem
827 576 897 613 ³⁸⁸
926 578 1151 648 legatus
1193 584 1382 632 vester
1429 580 1752 648 profecerit,

122 668 323 740 autquid
366 665 411 718 ei
458 664 518 717 in
556 680 659 717 sua
701 664 989 734 legatione
1022 665 1355 731 occurrerit,
1420 666 1563 735 ipse,
1618 668 1755 737 quia

120 772 320 829 praesens
344 757 436 817 est,
471 752 675 806 melius
712 758 978 822 exponet.
1030 754 1163 807 Post
1192 753 1503 808 discessum
1558 759 1751 809 autem

120 848 235 901 illius
260 842 509 914 episcopi,
542 841 803 896 dolentes
824 842 985 895 litem
1033 847 1088 896 et
1126 843 1575 896 controversiam
1627 843 1750 897 diu-

122 937 207 988 tius
255 931 482 992 bacbari,
563 937 910 983 conventum
967 930 1420 984 Francanavordi
1471 936 1748 986 statuunt.

121 1024 182 1076 Ad
206 1036 351 1091 quem
378 1036 502 1072 cum
529 1034 689 1071 meus
723 1018 916 1071 senior
944 1018 1138 1072 venire
1192 1036 1309 1073 non
1358 1025 1571 1089 posset,
1628 1036 1752 1073 cor-

120 1111 240 1181 poris
264 1107 405 1178 gravi
433 1106 764 1160 intirmitate
793 1107 1123 1177 impeditus,
1160 1108 1280 1161 vice
1311 1108 1468 1161 illius
1516 1124 1608 1161 me
1661 1109 1753 1162 di-

120 1198 247 1252 rexit.
268 1196 503 1251 Tandem
532 1196 594 1248 in
633 1210 937 1248 commune
994 1196 1295 1250 reverendi
1349 1202 1539 1266 patres
1566 1197 1755 1250 decre-

119 1292 297 1349 verunt,
329 1290 383 1337 ut
420 1300 606 1354 neque
643 1282 1109 1353 archiepiscopus
1141 1300 1244 1337 nec
1278 1300 1439 1337 meus
1470 1283 1664 1338 senior
1695 1284 1754 1337 in

120 1372 651 1427 Gandenesheimense
693 1370 1019 1425 coenobium
1055 1389 1112 1425 se
1143 1372 1507 1439 intromittat,
1569 1388 1751 1442 usque

118 1466 217 1531 post
242 1467 439 1515 octavas
460 1466 837 1530 pentecostes,
872 1468 928 1514 et
964 1464 1100 1514 tunc
1129 1460 1442 1515 Frideslare
1483 1460 1552 1515 ad
1592 1478 1754 1531 syno-

117 1550 223 1602 dum
253 1566 344 1619 pro
364 1548 603 1619 hacipsa
630 1565 799 1602 causa
838 1550 1199 1603 conveniant.
1238 1551 1302 1603 Et
1346 1549 1482 1620 quia
1512 1550 1633 1603 haec
1681 1551 1748 1603 ad

118 1639 409 1707 apostolatus
480 1637 652 1690 vestri
717 1637 911 1690 sedem
991 1637 1198 1703 delata,
1260 1638 1463 1691 vestris
1527 1637 1750 1707 scriptis

118 1727 398 1779 multocieus
427 1731 512 1779 est
574 1725 643 1759 ¹⁶⁵
672 1728 982 1789 annullata,
1043 1733 1294 1780 vestrum
1353 1728 1567 1795 expetit
1599 1726 1753 1796 judio

119 1815 254 1879 cium,
281 1820 335 1868 ut
361 1820 544 1867 vestra
590 1815 893 1868 auctoritas
944 1815 1163 1883 jubeat,
1202 1814 1262 1867 in
1318 1831 1432 1885 quo
1500 1814 1624 1868 foro
1663 1814 1751 1867 vel

118 1902 196 1954 sub
223 1902 723 1972 quibusjudicibus
777 1918 1006 1955 causam
1039 1904 1351 1956 terminare
1397 1902 1618 1956 debeat.
1667 1902 1753 1957 Ad

118 1992 423 2059 praesentiam
470 1991 885 2045 nichilominus
917 1991 1090 2061 hujus
1131 1990 1472 2045 sanctissimi
1509 2007 1753 2045 conven-

117 2082 200 2143 tus,
240 2078 406 2146 gratia
430 2078 612 2131 sancti
642 2078 886 2149 Spiritus
916 2079 1008 2133 hic
1039 2096 1143 2149 per
1172 2096 1272 2133 vos
1336 2080 1633 2150 aggregati
1654 2078 1751 2148 “’5,

117 2165 396 2234 parvitatem
451 2183 643 2221 meam
721 2167 1049 2233 destinavit,
1130 2172 1196 2222 ut
1263 2169 1451 2222 omnis
1522 2174 1753 2223 senatus

115 2255 382 2324 apostolicae
414 2255 683 2309 recclesiae
710 2256 937 2326 publice
988 2265 1311 2327 cognoscat,
1362 2257 1525 2311 illum
1575 2257 1749 2311 devo-

116 2340 289 2395 tissimo
315 2344 515 2397 affectu
568 2344 778 2397 domno
841 2345 1157 2413 apostolico
1211 2351 1267 2398 et
1310 2346 1581 2399 Romanae
1631 2346 1752 2399 sedi

116 2430 321 2484 oboedire
350 2437 401 2484 et
437 2434 786 2499 consentire,
828 2440 884 2486 et
932 2438 1115 2487 vestro
1168 2434 1385 2502 judicio
1448 2434 1751 2487 adinventa

115 2520 178 2570 vel
203 2519 401 2573 decreta
445 2537 684 2590 poscere
717 2521 787 2556 ¹⁶⁷
838 2525 893 2574 et
937 2538 1044 2592 pro
1100 2539 1265 2592 posse
1325 2529 1606 2592 perpetuo
1634 2539 1751 2575 ser-

112 2621 224 2659 vare.
270 2628 294 2657 ι›
339 2609 418 2662 Ad
448 2609 574 2662 haec
633 2610 882 2663 domnus
955 2610 1297 2679 apostolicus
1342 2610 1749 2664 oboedientiam

110 2693 263 2748 domni
291 2698 538 2768 episcopi
573 2702 628 2752 et
658 2698 1019 2752 devotionem
1052 2715 1116 2752 ac
1171 2699 1421 2752 studium
1451 2698 1751 2769 magnifice

111 2781 358 2850 collaudat,
406 2785 775 2855 prosequitur
827 2802 1056 2857 quoque
1097 2786 1435 2840 venerabilis
1461 2787 1752 2841 Ravenna-

110 2870 161 2921 tis
189 2874 424 2927 azcclesiaz
470 2875 949 2944 metropolitanus
998 2875 1311 2929 Fridericus
1363 2874 1454 2941 1°”,
1526 2880 1580 2928 et
1621 2892 1750 2944 qua:

111 2957 267 3013 Palithi
302 2961 381 3015 illi
422 2967 598 3032 atque
657 2963 715 3015 in
755 2967 874 3016 tota
913 2964 1200 3033 legatione
1242 2980 1343 3018 sua
1398 2963 1750 3018 occurrerint
1779 2962 1818 3015 C

108 3049 364 3115 contexuit,
421 3051 845 3121 archiepiscopi
901 3051 1393 3119 inobmdientiam,
1452 3052 1746 3123 injuriam,

110 3141 445 3207 contemptum
485 3139 661 3193 etiam
694 3140 966 3193 Romana:
1024 3140 1192 3193 sedis.
1253 3141 1498 3193 Econtra
1551 3140 1750 3193 domui

108 3223 373 3279 Bernwardi
425 3228 863 3297 benignitatem,
924 3229 1220 3282 caritatem
1284 3227 1352 3262 ¹⁶⁹
1409 3229 1664 3299 exponit,
1695 3234 1752 3282 et

108 3312 222 3378 quod
239 3313 300 3366 ab
319 3314 409 3368 illo
443 3316 735 3386 praecipuo
757 3318 977 3371 honore
1005 3318 1078 3370 sit
1108 3316 1337 3370 habitus
1368 3322 1425 3370 et
1448 3318 1745 3370 afﬂuentia

106 3400 315 3455 omnium
348 3404 632 3458 bonorum
684 3406 1122 3475 opulentissime
1188 3404 1448 3459 refertus.
1514 3406 1597 3458 Ad
1632 3406 1751 3460 haec

108 3488 379 3544 animositas
426 3493 845 3564 archiepiscopi
890 3494 1081 3562 palam
1127 3493 1197 3547 ab
1254 3494 1521 3547 omnibus
1552 3493 1752 3548 Roma-

103 3575 169 3627 nis
193 3578 446 3650 episcopis
477 3581 806 3651 improbata
839 3581 931 3647 ”0,
954 3582 1245 3635 temeritas
1279 3581 1750 3651 praesumptionis

106 3660 223 3716 illius
247 3669 506 3737 carpitur.
535 3671 602 3723 In
657 3685 964 3723 commune
993 3675 1188 3724 tamen
1218 3670 1407 3723 cuncti
1435 3669 1751 3723 deliberant

104 3748 445 3811 Coloniensem
508 3758 979 3829 arcliiprzesulem
1025 3764 1375 3828 ceterosque
1431 3757 1746 3827 episc0pos,

106 3840 179 3906 qui
202 3847 433 3910 proxime
466 3848 696 3901 venturi
753 3853 935 3912 erant,
979 3847 1394 3917 expectandos;
1441 3847 1753 3901 mittuntur

104 3927 236 3983 etiam
273 3935 479 4002 nuncii,
544 3936 646 4006 qui
694 3937 749 3989 in
775 3936 1086 4006 epiphania
1139 3935 1368 3989 Domini
1395 3935 1467 3988 ad
1506 3950 1751 4005 praesen-

106 4013 210 4069 tiam
232 4022 517 4091 utriusque
572 4023 852 4093 principis
911 4024 1041 4077 illos
1091 4024 1285 4076 venire
1310 4023 1569 4092 jubeant.
1643 4022 1749 4076 Sed

104 4116 201 4157 Cum
243 4108 472 4164 minime
540 4112 824 4179 venirent,
883 4116 1259 4181 expectantur
1313 4112 1384 4165 ad
1436 4116 1549 4165 tres
1588 4110 1749 4163 indu-

1786 1681 1825 1733 Β

1425 273 1591 335 νιτΑ
1631 279 1686 335 S.
1729 279 2175 339 BERNWARDI.

3422 322 3431 333 -
3452 294 3557 348 422

1858 404 1972 458 cias
2005 406 2069 441 ³⁷³
2110 422 2123 461 :
2157 422 2285 461 cum
2308 410 2497 462 autem
2523 407 2859 464 nullomodo
2889 410 3014 465 ﬁeri
3043 418 3234 482 posset
3264 419 3325 468 ut
3353 431 3555 472 conve-

1865 493 2075 560 nirent,
2158 496 2438 565 presbiter
2468 494 2539 529 ¹⁷²
2598 498 2974 567 Tangmarus,
3028 506 3088 554 ut
3145 502 3555 572 absolveretur,

1862 584 2019 636 omni
2053 584 2179 637 nisu
2209 584 2417 639 institit
2458 585 2548 639 ‘7‘.
2605 587 2799 640 Tercia
2857 587 3052 658 itaque
3102 590 3252 643 Ydus
3295 592 3553 645 Januarii

1863 679 1969 737 (an.
2000 675 2151 726 1002.
2193 675 2332 728 Jan.
2372 678 2480 744 £3).
2520 673 2835 745 imperator
2865 677 3082 733 dimisit
3130 698 3159 732 a
3200 696 3257 732 se
3299 681 3553 751 legatum

1861 760 1975 814 cari
2005 761 2265 832 magistri
2319 762 2405 815 sui
2457 764 2779 819 Bernwardi
2828 766 3103 837 episcopi,
3152 784 3304 839 saepe
3343 769 3557 823 dictum

1861 849 2245 918 presbiterum
2312 851 2633 920 largissime
2736 861 3192 910 remnneratum.
3282 858 3558 929 Episcopo

1862 937 2077 1008 quippe
2118 955 2355 992 munera
2378 940 2666 1011 praecipua
2696 940 2938 1008 direxit;
2987 943 3136 998 inter
3182 946 3295 999 alia
3346 946 3562 1000 onichi—

1862 1041 2001 1078 num
2028 1042 2125 1079 vas
2155 1027 2351 1097 magni
2382 1028 2594 1098 praecii,
2643 1030 2860 1100 species
2899 1047 3129 1103 quoque
3190 1034 3559 1090 medicinales

1861 1113 2130 1182 diversas,
2154 1115 2449 1185 pigmenta
2472 1118 2642 1170 etiam
2666 1118 2909 1172 diversa.

1934 1205 2021 1256 37.
2080 1203 2205 1256 Jam
2256 1220 2389 1257 vero
2437 1203 2497 1257 in
2549 1204 2809 1275 proximo
2848 1206 3187 1263 imminebat
3217 1210 3559 1265 miserabilis

1861 1289 2004 1355 dies,
2035 1290 2223 1344 obitus
2267 1292 2526 1345 videlicet
2559 1292 2849 1348 mitissimi
2889 1295 3272 1365 imperatoris.
3319 1298 3550 1353 Confes-

1862 1394 1957 1431 sus
2004 1382 2090 1433 est
2128 1395 2377 1449 namque
2421 1381 2764 1450 presbitero,
2786 1397 2916 1436 cum
2942 1384 3012 1436 ab
3043 1385 3144 1438 illo
3176 1385 3556 1456 interrogare-

1860 1471 1974 1533 tur,
2027 1467 2296 1521 leviterse
2326 1467 2659 1522 febricitari.
2696 1471 3125 1539 Ingravescente
3156 1488 3292 1543 ergo
3326 1475 3556 1529 cottidie

1863 1555 2087 1621 morbo,
2122 1557 2435 1610 astantibus
2480 1557 2760 1627 episcopis
2791 1560 3178 1613 communitus
3200 1567 3555 1615 sacramento

1864 1643 2118 1714 corporis
2139 1649 2195 1697 et
2226 1644 2519 1713 sanguinis
2554 1646 2800 1712 Domini,
2852 1646 3003 1700 inter
3033 1649 3202 1701 verba
3231 1666 3390 1719 pura:
3428 1666 3557 1703 con-

1865 1731 2149 1795 fessionis,
2188 1734 2251 1785 lO
2296 1732 2573 1785 Kalendas
2636 1734 2928 1787 Februarii
2987 1738 3101 1802 (53)
3164 1738 3302 1800 (Jan.
3334 1739 3423 1807 23)
3457 1737 3559 1790 mi-

1864 1819 2117 1872 tissimus
2148 1835 2210 1872 ac
2238 1820 2596 1874 humillimus
2626 1821 2942 1891 imperator
2964 1839 3092 1876 cum
3124 1823 3343 1893 ingenti
3363 1825 3556 1878 dolore

1863 1907 2124 1961 omnium
2146 1908 2431 1962 bonorum
2462 1909 2730 1978 spiritum
2765 1910 2997 1965 efﬂavit.
3058 1911 3195 1975 Quis
3246 1914 3397 1967 valet
3427 1914 3556 1967 stilo

1864 1996 2182 2065 exprimere
2215 1997 2299 2050 vel
2335 1998 2507 2051 fando
2538 1997 2816 2051 disserere
2850 1998 3344 2053 inremediabilem
3392 2001 3558 2055 dolo-

1862 2100 1985 2137 rem
2045 2085 2301 2154 undique
2351 2086 2420 2139 ad
2470 2086 2741 2156 exequias
2788 2086 3247 2141 conﬂuentium?
3303 2090 3556 2144 Funerea

1862 2172 2056 2242 itaque
2084 2172 2450 2225 Theutonum
2484 2172 2652 2242 legio,
2689 2175 3026 2243 prmparatis
3076 2174 3294 2228 cunctis
3326 2176 3394 2229 ad
3446 2177 3557 2230 iter

1862 2260 2116 2329 indignis
2173 2276 2380 2330 corpus
2416 2260 2662 2330 piissimi
2710 2260 2928 2315 domini
2980 2262 3156 2331 Aquis
3222 2263 3553 2332 portabant;

1862 2353 2304 2421 susceptumque
2335 2356 2420 2403 est
2457 2355 2650 2403 sancta
2680 2348 2773 2403 die
2826 2349 3153 2419 palmarum
3217 2353 3403 2417 (Mart.
3464 2356 3555 2420 29)

1860 2435 2062 2489 festivo
2093 2436 2369 2505 obsequio
2407 2436 2582 2489 totius
2614 2436 2799 2506 regni,
2834 2438 3168 2508 cunctisque
3203 2438 3557 2509 principibus

1861 2522 2155 2592 praecipuo
2207 2522 2409 2575 affectu
2469 2522 2537 2575 ad
2593 2522 2866 2592 exequias
2894 2523 3325 2591 famulantibus,
3360 2526 3551 2596 sepul-

1862 2616 2069 2680 tusque
2100 2615 2185 2663 est
2215 2610 2273 2663 in
2314 2610 2503 2664 medio
2526 2610 2720 2663 choro.

1934 2701 2023 2753 38.
2069 2699 2292 2752 Interea
2338 2704 2469 2751 vota
2500 2698 2825 2770 principum
2855 2699 2916 2753 in
2964 2699 3187 2754 diversa
3227 2702 3552 2772 rapiuntur,

1864 2786 2152 2857 plerisque
2184 2787 2349 2856 regni
2380 2787 2669 2857 fastigium
2728 2788 2850 2841 sine
2907 2792 3167 2858 respectu
3208 2788 3430 2843 timoris
3454 2790 3554 2844 Dei

1863 2891 2138 2943 usurpare
2189 2875 2523 2929 nitentibus.
2562 2875 2719 2930 Unde
2777 2877 3041 2946 princeps
3087 2877 3319 2947 quidam
3361 2880 3553 2933 Bruno

1858 2963 2114 3029 nomine,
2147 2964 2329 3016 sciens
2359 2964 2750 3018 venerabilem
2788 2965 3191 3019 Bernwardum
3219 2966 3553 3036 episcopum

1857 3051 2068 3105 domno
2098 3052 2362 3106 Heinrico
2413 3052 2545 3106 duci
2567 3053 3030 3107 reverentissimo
3061 3070 3180 3107 esse
3212 3054 3555 3110 ﬁdissimum

1855 3140 2063 3193 timens
2086 3156 2155 3192 ne
2184 3139 2383 3210 ereptis
2414 3141 2538 3209 ejus
2567 3140 2966 3195 adversaretur
2996 3142 3043 3194 si
3076 3140 3216 3211 quid
3248 3141 3553 3212 inciperet,

1856 3241 2247 3296 quoscumque
2280 3226 2337 3278 in
2366 3226 2613 3279 exicium
2634 3226 2790 3279 illius
2821 3228 2908 3281 vel
2931 3228 2991 3281 in
3018 3228 3333 3297 dampnum
3364 3230 3558 3284 llilde-

1858 3313 2271 3367 nesheimensis
2302 3314 2571 3367 oecclesiaa
2602 3330 2828 3368 armare
2878 3322 3125 3387 poterat,
3174 3332 3279 3386 pro
3339 3318 3557 3372 viribus

1859 3401 2085 3467 institit,
2139 3401 2273 3454 hinc
2303 3402 2510 3471 praedis
2566 3407 2622 3455 et
2674 3403 2889 3473 rapinis
2934 3405 3148 3474 passim
3194 3406 3466 3459 bacbatus
3498 3408 3556 3461 in

1858 3490 1982 3543 loca
2011 3496 2067 3543 et
2100 3490 2362 3543 homines
2390 3490 2659 3560 episcopi.
2686 3491 2793 3544 Sed
2825 3492 2921 3545 ille
2952 3508 3113 3546 more
3144 3510 3245 3547 suo
3271 3511 3557 3565 nusquam

1861 3594 1892 3631 a
1950 3577 2064 3631 ﬁde
2120 3578 2453 3640 desciverat,
2483 3578 2747 3648 quamvis
2784 3580 2982 3633 multis
3032 3598 3182 3650 saepe
3232 3583 3555 3638 lascessitus

1858 3666 2106 3735 injuriis.
2159 3666 2309 3720 More
2389 3671 2580 3719 autem
2632 3666 3035 3736 sapientissimi
3082 3670 3378 3724 architecti
3418 3689 3555 3741 pru-

1858 3753 2229 3807 dentissimus
2265 3755 2475 3823 praesul
2542 3754 2883 3808 fundamina
2941 3756 3076 3808 novi
3105 3758 3268 3826 regni
3318 3775 3555 3827 precum

1856 3841 2045 3896 iuiciis
2072 3840 2377 3894 inchoavit.
2414 3841 2621 3895 Omnes
2651 3858 2902 3913 namque
2930 3843 3170 3897 fratrum
3201 3861 3265 3897 ac
3294 3862 3554 3900 sororum

1844 3936 2107 4009 'catervas
2139 3944 2268 3999 quae
2316 3928 2523 3982 divinis
2577 3930 2817 3999 sceptris
2846 3931 2950 3984 sub
2983 3932 3104 4001 ejus
3136 3932 3351 3985 vexillis
3398 3934 3556 3986 mili—

1856 4020 2071 4085 tabant,
2106 4018 2327 4071 intenta
2355 4018 2775 4088 supplicatione
2815 4018 2876 4073 in
2898 4025 3056 4073 tanta
3088 4036 3281 4075 rerum
3310 4023 3555 4076 necessi-

1840 4113 1969 4163 tate
2017 4106 2327 4176 advigilare
2378 4106 2669 4161 monebat.
2728 4107 2853 4178 Ipse
2900 4124 3133 4180 quoque
3165 4110 3317 4180 quod
3359 4115 3553 4166 tamen

1470 4266 1708 4322 VARIAE
1757 4264 2138 4320 LECTlONES

130 4390 213 4463 Κ¹⁶³
236 4399 482 4461 gratatur
509 4400 564 4451 2.
645 4398 717 4433 ¹⁶ι
745 4415 796 4451 a.
829 4398 915 4451 vel
947 4399 983 4452 l.
1013 4402 1065 4452 2.
1148 4400 1217 4434 ¹⁶³
1246 4402 1379 4451 sunt
1409 4399 1461 4449 2.

103 4462 394 4539 ritatemqne
442 4470 523 4539 2.7
581 4467 651 4539 ‘7“
701 4468 1060 4539 improbatur
1106 4472 1158 4522 2.

103 4527 227 4584 sicuti
254 4527 567 4591 necessaria
595 4527 849 4593 invenire
883 4545 1166 4608 poterant.
1201 4540 1343 4593 Cum
1396 4541 1447 4591 2.

1544 4398 1614 4433 ¹⁶⁶
1652 4414 1707 4467 p.
1734 4395 2067 4466 congregati
2232 4395 2300 4429 “7
2329 4412 2384 4464 p.
2420 4395 2563 4478 scire
2594 4400 2739 4478 etp.
2770 4399 2820 4449 2.
2902 4398 2973 4432 “'3
3004 4398 3179 4478 Frith.
3221 4470 3229 4478 _

1239 4469 1303 4503 ¹τ¹
1357 4470 1395 4522 l.
1429 4469 1569 4521 Nam
1618 4484 1719 4537 per
1765 4484 1966 4520 omnes
1998 4467 2261 4545 regiones
2290 4467 2599 4520 comitatus
2634 4474 2690 4519 et
2719 4483 2936 4520 marcas
2993 4470 3234 4539 dispersi
3256 4470 3554 4539 sedebant,

1239 4556 1343 4590 .um
1396 4541 1447 4590 2.
1531 4541 1599 4573 ¹τ²
1648 4538 1795 4590 deost
1825 4542 1874 4589 2.
1955 4539 2022 4571 ¹⁷³
2073 4537 2299 4589 institit.
2364 4537 2651 4590 [inmensa
2705 4553 2954 4590 namque
2997 4540 3239 4590 nenuria
3290 4542 3551 4590 omnium

3366 4397 3439 4432 res
3464 4416 3555 4453 οδ,

2232 4393 2300 4429 ¹⁶⁷
2329 4412 2384 4464 ρ.
2420 4395 2563 4449 scire
2594 4400 2651 4449 et
2682 4413 2739 4466 p.
2770 4399 2820 4449 2.
2902 4398 2973 4432 “'3
3004 4398 3179 4451 Frith.
3231 4400 3284 4451 2.

1955 4539 2022 4571 ¹⁷³
2073 4537 2299 4589 institit.
2364 4537 2651 4591 [inmensa
2705 4553 2954 4606 namque
2997 4537 3239 4607 penuria
3290 4537 3551 4595 omnium

102 4609 384 4678 sumptuum
417 4609 825 4663 miserabiliter
862 4606 1225 4677 laborabant;
1257 4616 1313 4663 et
1346 4609 1466 4678 jam
1489 4608 1549 4661 in
1582 4609 1839 4678 proximo
1874 4607 2216 4660 imminebat
2259 4607 2601 4659 miserabilis
2631 4606 2783 4678 dies,
2836 4606 3021 4661 obitus
3054 4610 3317 4665 videlicet
3370 4612 3550 4664 mitis-

102 4672 202 4747 simi
230 4674 584 4747 imperatoris
617 4680 816 4747 nostri,
840 4696 970 4734 cum
1002 4688 1193 4734 tamen
1214 4672 1663 4733 validissime-se
1686 4680 1939 4742 haberet,
1975 4693 2078 4730 nec
2110 4678 2339 4747 signum
2362 4678 2595 4746 aliquod
2624 4677 2978 4730 inﬁrmitatis
3029 4681 3180 4732 ullus
3237 4681 3295 4733 in
3326 4698 3393 4733 eo
3425 4698 3555 4733 sen-

101 4742 217 4821 tiret.
242 4742 427 4821 Tercia
461 4750 595 4803 ldus
635 4742 913 4817 Januarii,
975 4750 1193 4804 dimisit
1222 4767 1252 4803 a
1299 4767 1357 4803 se
1409 4751 1632 4818 legatus
1654 4750 1779 4821 cari
1811 4748 2070 4814 magistri
2096 4742 2187 4800 sui
2227 4742 2549 4821 Bernwardi
2607 4748 2864 4821 episcopi
2893 4765 3025 4821 sepe
3075 4750 3287 4821 dictum
3321 4753 3551 4821 presby-

100 4810 245 4889 lerutn
277 4817 336 4889 Τ.
368 4820 690 4889 largissime
754 4810 1205 4875 remuneratum.
1244 4810 1521 4889 EpiSCopb
1569 4819 1784 4889 quippe
1817 4810 2060 4872 mu—nera
2118 4820 2413 4887 prtecipua
2441 4810 2675 4882 direxit;
2740 4810 2890 4870 inter
2939 4810 3050 4871 alia
3094 4810 3426 4873 onitrbnium
3459 4810 3554 4873 vas

100 4885 291 4961 maximi
322 4885 522 4957 pretii,
574 4891 789 4961 species
841 4908 1070 4961 quoque
1129 4885 1495 4944 medicinales
1545 4885 1814 4955 diversas,
1874 4885 2165 4961 pigmenta
2232 4891 2419 4941 etiam.
2481 4890 2783 4961 Confessus
2820 4906 3047 4959 nanque
3081 4893 3410 4959 presbytero
3470 4896 3556 4944 est

104 4962 199 5004 cum
235 4957 342 5033 hoc
360 4961 431 5013 ab
481 4962 584 5033 illo
603 4957 1011 5033 interrogaret,
1063 4963 1261 5016 leviter
1294 4978 1371 5033 se
1420 4960 1749 5033 febricitari.
1792 4957 1895 5033 sed
1941 4960 2370 5033 ingravescente
2401 4959 2607 5033 cotidie
2635 4959 2854 5024 morbo,
2882 4957 3219 5033 astantibus
3246 4957 3553 5033 episcopis,

102 5030 444 5102 90mmunitus
476 5032 655 5085 etiam
697 5030 1052 5086 sacramento
1082 5032 1335 5102 corporis
1384 5038 1441 5085 et
1488 5031 1783 5100 sanguinis
1841 5030 2088 5102 Domini,
2136 5030 2284 5081 inter
2340 5030 2729 5102 verbapurm
2761 5030 3132 5102 confessionis
3164 5033 3226 5084 10
3250 5031 3377 5085 Kal.
3444 5030 3552 5085 Fe-

107 5087 278 5172 limarii
298 5101 635 5155 mitissimus
687 5119 751 5157 ac
783 5104 1140 5157 humillimus
1181 5087 1502 5172 imperator
1541 5087 1671 5154 ch
1726 5102 1944 5170 ingenti
1975 5087 2172 5172 dolore
2215 5100 2495 5172 omnium
2535 5087 2592 5151 in
2640 5101 2964 5169 vespertino
3005 5104 3339 5171 crepusculo
3380 5106 3555 5172 spiri-

104 5163 219 5244 tum“
243 5170 463 5244 efﬂavit.
511 5174 644 5227 Post
677 5174 840 5244 cujus
873 5176 1207 5239 discessum,
1240 5163 1450 5226 domno
1490 5171 1753 5244 Heinrico
1791 5163 2097 5240 vregalibus
2145 5170 2382 5244 sceptris
2409 5170 2501 5244 dei
2550 5163 2965 5244 gratia-potito,
3003 5163 3117 5244 non
3148 5173 3337 5225 minor
3370 5163 3556 5228 fuerat

102 5235 317 5315 Rredictze
342 5242 712 5315 dissentionis
746 5235 1093 5315 'deceptatio.
1145 5235 1297 5314 Rege
1329 5258 1579 5314 namque
1620 5235 2126 5296 Patherbrunnum
2180 5235 2359 5293 sancti
2420 5235 2713 5295 Laurentii
2744 5235 2930 5295 natale
2961 5242 3309 5313 celebrante,
3342 5244 3553 5299 domna

104 5304 394 5377 tinnigunda
421 5316 572 5380 (etc.,
596 5330 647 5369 υ.
682 5317 837 5382 infra
873 5304 993 5384 cap.
1028 5317 1140 5385 39).

1696 5418 1919 5471 NOTA'I.

158 5517 254 5587 (54)
284 5522 361 5577 lla
381 5529 438 5579 et
467 5527 621 5580 Ann.
646 5525 901 5581 Hildesh.
927 5530 984 5581 et
1022 5525 1251 5580 Einsidl.
1284 5552 1349 5564 —-
1374 5526 1404 5577 9
1440 5523 1524 5579 Kl.
1553 5520 1713 5577 Febr.
1747 5526 1896 5577 Ann.
1921 5521 2121 5586 Quedl.
2154 5520 2357 5576 Tietm.
2383 5524 2440 5575 et
2463 5520 2627 5575 Necr.
2652 5519 2814 5575 Fuld.
