4016 6202
399 283 522 338 423.

1401 275 1806 332 ἸΊΙΑΝΟΜΑΙὶΙ
1849 271 2283 330 PRESBYTER!
2325 270 2913 330 lliLDESHElliiENS.

2325 270 2913 330 lliLDESHElMENS.
3797 275 3889 327 4‘21:

401 411 635 460 cunctos
663 404 901 470 celabat,
924 405 1046 457 arta
1075 399 1420 456 abstinentia
1445 397 1674 454 Domini
1717 397 2081 452 clementiam
2112 402 2156 452 Α
2197 398 2476 452 immensa
2533 394 2780 450 militum
2819 411 2995 449 manu
3024 399 3270 460 secutus,
3315 395 3751 466 vigilantissimo
3800 399 3892 453 ob-

391 495 694 565 exorabat.
728 493 886 548 Unde
916 492 982 545 tit
1030 489 1308 544 mirabilis
1341 488 1441 543 Dei
1500 489 1712 558 pietate
1762 485 1818 539 in
1859 486 2101 540 electum

410 582 705 648 adunatio,
737 579 1176 650 utpopularium
1210 581 1339 631 vota
1368 575 1685 647 primorum
1716 573 2104 644 prmvenireut

411 670 620 725 studia.
658 671 799 723 Nam
856 667 1035 721 sicubi
1086 665 1300 737 publici
1360 669 1677 718 conventus
1727 662 2098 732 cogebantur,

403 776 507 814 vox
573 774 688 812 una
758 756 1105 827 vulgarium,
1187 754 1466 808 domuum
1517 751 1841 806 Heinricqu
1895 751 2100 805 deberi-

405 847 724 918 imperare;
767 845 978 915 ipsum,
1032 859 1145 896 non
1199 842 1376 895 alium
1429 841 1764 912 quemlibet,
1801 839 1969 892 rebus
2009 839 2098 891 de-

403 935 540 989 bere
594 949 858 1004 przeesse.
911 931 1188 986 Omnibus
1230 945 1366 1000 ergo
1400 929 1527 1000 pari
1556 932 1685 980 voto
1719 927 1776 980 in
1822 925 2101 979 electione

404 1023 562 1077 illius
596 1019 1094 1085 concordantibus,
1153 1017 1476 1088 Willegisus
1531 1014 1990 1086 archiepiscopus
2046 1019 2104 1067 et

410 1110 782 1164 Bernwardus
817 1108 1026 1178 praesul
1084 1122 1214 1160 cum
1254 1106 1477 1161 caeteris
1519 1105 1683 1175 regni
1743 1103 2102 1174 principibus

407 1199 690 1253 domuum
733 1197 1027 1250 Heinicum
1058 1195 1403 1264 Mogontiam
1463 1210 1592 1247 cum
1625 1209 1850 1246 summo
1881 1192 2102 1244 honore

406 1288 700 1354 ducentes,
761 1284 1054 1339 Dominica
1109 1289 1305 1336 octava
1368 1283 1730 1336 Pentecostes
1791 1281 1941 1348 (Mai.
2013 1281 2099 1343 3t)

402 1375 664 1445 regimen
689 1373 972 1442 etregiam
1005 1377 1345 1441 potestatem
1370 1386 1500 1424 cum
1523 1368 1811 1423 dominica
1840 1369 2002 1422 hasta
2029 1365 2099 1404 ¹⁷⁴

402 1463 489 1516 illi
529 1461 920 1525 tradiderunt;
973 1475 1035 1512 ac
1101 1457 1308 1512 deinde
1357 1459 1465 1511 rite
1512 1457 1780 1511 omnibus
1835 1456 2096 1526 peractis,

404 1565 537 1604 cum
597 1549 848 1602 maximo
915 1547 1168 1616 tripudio
1233 1546 1636 1600 universorum
1695 1543 2093 1615 sollempniter

404 1639 569 1692 illum
597 1638 694 1691 Dei
723 1635 906 1706 gratia
937 1640 1244 1688 unxerunt.
1804 1655 1806 1657 ν

478 1729 564 1781 39.
604 1727 789 1779 Novus
850 1729 1040 1778 antem
1091 1740 1187 1777 rex
1236 1722 1693 1776 Paderbrunnun
1719 1721 1898 1775 sancti
1959 1721 2099 1775 Lau-

404 1814 575 1868 rentii
634 1813 823 1866 natale
875 1812 1045 1881 (Aug.
1112 1811 1198 1880 10)
1239 1810 1562 1876 celebravit,
1636 1809 1831 1879 ibique
1883 1809 2096 1863 domna

405 1902 746 1972 Cuniguuda
804 1902 1052 1970 regalem
1112 1915 1383 1953 coronam
1438 1904 1491 1952 et
1551 1898 2007 1952 benedictionem
2074 1915 2103 1950 δ

403 1990 715 2044 venerabili
793 1989 1086 2058 Willegiso
1116 1988 1543 2057 archiepiscopo
1605 1987 1846 2057 accepit.
1893 1986 2105 2058 Sophia

405 2096 538 2133 vero
589 2078 657 2131 ad
691 2075 760 2112 “5
812 2076 1401 2131 Gandeuesheimense
1458 2074 1715 2144 regimen
1740 2076 1916 2129 electa
1949 2093 2102 2130 more

405 2184 531 2233 suo,
569 2166 724 2219 velut
754 2165 814 2218 in
847 2180 1003 2218 sacro
1033 2164 1316 2219 velamine
1354 2164 1653 2234 proprium
1693 2163 1992 2234 repudiata
2021 2169 2103 2218 est

404 2254 759 2326 episcopum,
790 2253 872 2307 ita
892 2268 1042 2306 nunc
1061 2268 1292 2323 quoque
1323 2252 1628 2322 dedignata
1657 2268 1691 2304 a
1719 2267 1821 2304 suo
1855 2256 2103 2321 pastore,

405 2349 462 2397 et
499 2348 658 2412 patre
696 2341 997 2411 regiminis
1054 2343 1120 2377 Πο
1179 2346 1234 2394 et
1267 2340 1755 2394 consecrationem
1785 2339 2104 2410 percipere,

404 2437 630 2485 tumore
679 2435 735 2484 et
780 2431 926 2485 fastu
962 2429 1226 2484 vanitatis
1280 2446 1314 2483 a
1352 2428 1629 2499 palligero
1685 2427 1946 2482 benedici
2003 2429 2104 2482 ob-

405 2525 572 2574 tentu
617 2518 767 2589 regis
815 2524 870 2572 et
916 2517 1131 2588 reginae
1180 2533 1244 2570 ac
1291 2518 1621 2587 principum
1655 2515 1888 2586 expetit,
1936 2517 2105 2570 Dom-

405 2624 514 2662 nus
551 2612 740 2660 autem
801 2605 869 2641 1⁷⁷
931 2607 1321 2671 Bernwardus,
1398 2621 1514 2659 non
1578 2605 1772 2658 valens
1842 2605 2106 2660 resistere

404 2695 628 2750 annun.

474 2785 563 2837 40.
599 2785 760 2837 Anno
795 2779 866 2816 17‘
915 2780 1322 2835 incarnationis
1356 2780 1581 2834 Domini
1632 2779 1936 2834 millesimo
1993 2783 2105 2833 ter-

403 2871 492 2926 cio
518 2887 613 2924 rex
641 2869 918 2924 orationis
947 2884 1116 2922 causa
1162 2867 1447 2938 episcopia
1478 2873 1534 2922 et
1566 2867 1845 2930 abbatias,
1903 2869 2104 2937 Isancta

405 2959 670 3014 videlicet
717 2960 862 3024 loca,
909 2955 1271 3022 circumiens,
1303 2956 1402 3010 ubi
1435 2957 1578 3010 servi
1615 2957 1712 3010 Dei
1745 2957 1830 3009 vel
1883 2956 2103 3010 ancilla:

403 3045 730 3116 religiosius
777 3044 838 3099 in
877 3043 1070 3099 divino
1109 3044 1339 3099 servitio
1391 3044 1766 3108 excubabant,
1807 3049 1871 3097 ut
1911 3061 1969 3098 se
2023 3061 2102 3098 re-

403 3151 699 3206 gnumque
744 3131 814 3168 ³⁷9
871 3133 1146 3188 divinitus
1174 3133 1257 3186 illi
1283 3133 1552 3186 collatum
1581 3132 1808 3186 illorum
1840 3133 2104 3203 precibus

403 3230 680 3288 tueretur,
714 3222 1140 3278 Hildenesheim
1193 3222 1350 3276 adire
1383 3221 1686 3292 magniﬁce
1713 3222 2099 3286 desiderabat,

403 3312 512 3368 Sed
542 3312 678 3383 quia
706 3312 898 3365 nullus
952 3325 1156 3381 regum
1189 3314 1318 3362 ante
1351 3309 1511 3363 illum
1553 3309 1830 3379 religione
1889 3310 1997 3364 loci
2042 3310 2102 3365 id

403 3400 640 3472 aggredi
666 3398 1001 3470 temptabat,
1059 3398 1460 3467 Bemwardlim
1501 3397 1834 3468 episcopum
1899 3415 2101 3453 conve-

400 3491 520 3556 nit;
562 3505 677 3560 qua
722 3489 948 3542 ratione
1017 3491 1278 3541 sanctum
1334 3487 1524 3540 locum
1578 3486 1808 3541 visitare
1870 3487 2096 3556 audeat,

402 3577 674 3632 consulit.
729 3575 980 3630 Licentia
1005 3591 1232 3646 quoque
1268 3575 1339 3628 ab
1371 3575 1471 3628 illo
1501 3580 1750 3646 accepta,
1806 3581 1936 3630 ante
1975 3577 2093 3646 pal-

399 3679 630 3718 marum
657 3662 766 3733 (55)
797 3666 1060 3716 sanctum
1078 3662 1232 3716 diem
1263 3662 1560 3731 praefatam
1599 3660 1910 3715 eeeclesiam
1961 3661 2101 3714 adiit

397 3756 810 3824 susceptusque
842 3754 929 3805 est
955 3748 1260 3822 sollempni
1283 3749 1520 3804 honore.
1578 3750 1704 3820 Ipse
1751 3765 1985 3820 quoque
2037 3749 2099 3803 in

398 3841 594 3896 altaris
625 3857 689 3895 ac
714 3841 953 3895 fratrum
998 3839 1384 3894 ministerium
1409 3839 1762 3909 praecipuam
1793 3837 2094 3909 pecuniam

393 3929 658 3999 largitus,
688 3929 874 3983 locum
907 3927 1087 3981 ditare
1117 3932 1173 3982 et
1203 3928 1484 3982 honorare
1513 3926 1802 3998 promisit,
1838 3931 2009 3997 atque
2031 3941 2096 3980 ex

395 4035 607 4088 magna
626 4025 786 4088 parte
809 4015 1219 4085 benignissime
1248 4015 1504 4084 perfecit.

465 4117 554 4169 41.
601 4115 738 4182 (Αη.
791 4113 948 4180 1006)
999 4112 1198 4167 Tercio
1251 4108 1325 4146 ¹⁸⁰
1360 4116 1551 4165 autem
1596 4120 1724 4182 post
1779 4111 1902 4165 haec
1947 4127 2097 4166 anno

2213 484 2412 556 sequio
2439 485 2506 538 ad
2539 484 2780 554 gratiam
2805 482 3106 545 militabat,
3137 483 3502 554 Expeditione
3534 501 3666 538 vero
3698 487 3891 551 soluta,

2211 573 2363 644 quod
2400 572 2559 642 prius
2584 572 3069 640 votodecreverat,
3090 573 3160 626 ad
3177 579 3434 626 sanctum
3464 574 3773 628 Martiuum
3792 576 3893 645 (56)

2211 661 2474 725 tetendit,
2532 677 2647 714 non
2697 662 2912 732 absque
2952 660 3134 730 regali
3183 665 3376 714 tamen
3422 661 3660 716 licentia
3705 661 3893 715 frater-

2212 767 2399 822 naque
2439 750 2841 821 episcoporum
2891 749 3304 805 muniﬁcentia.
3354 749 3492 804 Suos
3546 750 3742 820 itaque
3782 767 3896 804 om-

2211 855 2311 892 nes
2343 840 2470 905 iter,
2512 839 2666 909 quod
2726 838 3104 909 disposuerat,
3163 838 3605 908 diligentissime
3669 839 3892 906 celabat,

2211 927 2346 998 quia
2369 928 2598 981 illorum
2654 927 2916 980 lacrimas
2967 943 3037 979 ne
3091 931 3282 996 posset
3334 925 3575 980 sufferre
3631 925 3888 991 timebat;

2209 1016 2333 1086 regi
2363 1020 2558 1069 tamen
2588 1014 3021 1079 commendatis,
3051 1030 3167 1068 non
3223 1015 3416 1068 multis
3449 1015 3756 1068 comitatus
3798 1016 3894 1068 iter

2210 1121 2534 1174 aggressus,
2570 1104 2817 1158 Parisius
2853 1104 3000 1173 apud
3028 1109 3286 1156 sanctum
3321 1103 3646 1157 Dionisium
3695 1102 3894 1174 aliquot

2212 1194 2331 1247 dies
2361 1194 2697 1259 consistens,
2730 1197 2925 1245 sancta
2974 1193 3092 1245 loca
3124 1192 3443 1260 lustraudo,
3476 1207 3693 1261 magna
3732 1193 3893 1244 animi

2211 1281 2552 1335 contritione
2575 1287 2760 1335 totum
2788 1297 2847 1335 se
2881 1280 3120 1334 Domino
3153 1280 3436 1334 mactavit.
3469 1280 3615 1333 Inde
3673 1280 3892 1333 Turonis

2210 1371 2470 1436 tendens,
2497 1385 2700 1440 magna
2730 1368 3029 1422 sedulitate
3053 1367 3321 1422 Rodberti
3351 1367 3506 1437 regis
3535 1367 3599 1420 in
3645 1366 3736 1419 via
3780 1383 3890 1420 usus

2211 1463 2314 1512 est.
2370 1459 2454 1513 lbi
2499 1457 2672 1511 etiam
2714 1459 3092 1528 septimanam
3119 1461 3510 1525 conversatus,
3559 1471 3751 1509 coram
3812 1455 3890 1525 pio

2209 1552 2452 1618 patrono
2476 1564 2577 1600 sua
2626 1562 2976 1617 suorumque
3025 1546 3329 1600 commissa
3360 1545 3698 1599 cottidianis
3743 1545 3888 1598 uber-

2208 1637 2312 1690 tim
2341 1636 2596 1690 laerimis
2626 1635 2816 1689 deflet.
2854 1637 3170 1689 Honoratus
3200 1635 3448 1705 denique
3488 1651 3524 1687 a
3551 1648 3692 1703 rege
3721 1638 3772 1685 et
3789 1633 3888 1702 epi-

2214 1725 2395 1795 scopis
2417 1723 2867 1794 praeciosissimis
2903 1723 3055 1777 beati
3086 1723 3307 1777 Martini
3346 1724 3416 1776 de
3447 1737 3613 1776 sacro
3683 1738 3886 1792 corpore

2212 1813 2496 1883 reliquiis,
2551 1828 2685 1866 nam
2739 1813 3047 1866 maximum
3095 1811 3514 1878 aestimabatur,
3577 1811 3626 1864 si
3653 1813 3742 1864 cui
3804 1810 3885 1862 ali-

2215 1905 2424 1970 quanta
2450 1901 2728 1970 particula
2768 1900 2837 1954 de
2873 1900 3063 1953 casula
3116 1900 3230 1952 sive
3289 1899 3512 1953 caeteris
3561 1898 3887 1968 paramcntis

2212 1989 2392 2042 sancti
2440 1988 2778 2042 confessoris
2823 1993 3014 2058 posset
3087 1987 3447 2058 contingere,
3500 1987 3626 2058 ipse
3703 1987 3890 2040 czelesti

2213 2077 2483 2132 thesauro
2527 2083 2922 2132 remuneratus
2973 2082 3031 2131 et
3059 2077 3299 2130 aliorum
3332 2076 3725 2146 complurium
3780 2091 3892 2128 sau-

2213 2171 2457 2232 ctorum,
2489 2182 2620 2220 cum
2649 2165 3046 2220 benedictione
3075 2171 3131 2219 et
3161 2164 3345 2237 gratia
3377 2170 3725 2218 cunctorum
3783 2163 3893 2216 inde

2213 2254 2525 2324 digressus,
2549 2254 2795 2309 Parisius
2823 2255 3179 2325 perveniens,
3217 2254 3435 2324 aliquot
3494 2253 3624 2307 dies
3645 2259 3894 2306 consueto

2213 2343 2484 2396 exercitio
2542 2359 2780 2413 precum
2827 2342 3099 2409 intentus,
3184 2339 3608 2395 nicliilominus
3658 2341 3824 2394 etiam
3871 2357 3897 2392 a

2215 2431 2457 2500 praefato
2497 2431 2758 2501 principe
2784 2435 2840 2484 et
2863 2429 3145 2501 episcopis
3200 2429 3630 2499 prazciosissimi
3666 2428 3898 2483 martiris

2218 2519 2457 2574 Dionisii
2502 2520 2900 2591 sociorumque
2939 2519 3063 2589 ejus
3121 2518 3491 2572 sacrosanctis
3574 2517 3897 2588 pignoribus

2215 2609 2518 2679 perceptis,
2551 2624 2682 2663 cum
2705 2608 3105 2663 benedictione
3128 2612 3184 2661 et
3220 2607 3406 2674 gratia
3445 2607 3517 2661 ab
3553 2607 3670 2661 illis
3699 2606 3896 2675 digres-

2215 2714 2331 2763 sus,
2373 2697 2524 2752 felici
2556 2714 2726 2751 cursu
2777 2697 3023 2768 patriam
3069 2695 3394 2766 repedabat.
3433 2696 3499 2750 Et
3557 2710 3897 2767 quamquam

2215 2790 2348 2856 post
2412 2785 2554 2840 tanti
2609 2785 2831 2840 itineris
2881 2784 3284 2840 difﬁcillimum
3343 2784 3632 2846 laborem,
3674 2784 3895 2838 celerem

2217 2874 2463 2928 reditum
2497 2879 2624 2928 vota
2653 2874 2911 2928 omnium
2941 2877 3350 2943 praeoptarent,
3382 2872 3520 2926 vicit
3550 2879 3745 2927 tamen
3775 2872 3895 2925 ail'e-

2213 2968 2357 3027 ctus,
2415 2978 2527 3032 quo
2573 2978 2798 3033 semper
2853 2961 3099 3016 dominis
3156 2961 3607 3031 obsequebatur,
3660 2967 3715 3015 et
3751 2961 3894 3014 beni-

2215 3049 2556 3121 gnissimum
2596 3067 2791 3121 regem
2826 3051 3002 3121 Aquis
3054 3050 3305 3121 positum
3353 3051 3516 3105 adiit.
3550 3054 3598 3104 Α
3638 3066 3751 3121 quo
3775 3049 3894 3103 affe-

2213 3137 2567 3192 ctuosissime
2607 3139 2910 3208 excipitur,
2972 3155 3086 3209 qua
3117 3139 3237 3208 jam
3283 3138 3383 3192 diu
3415 3155 3576 3210 aegre
3629 3139 3789 3193 illum
3824 3139 3892 3190 vi-

2212 3227 2347 3282 dere
2378 3228 2663 3298 cupiebat.
2694 3229 2835 3281 Nam
2874 3227 3205 3297 Bavenberg
3257 3227 3436 3298 regali
3489 3228 3644 3296 loco,
3676 3227 3772 3299 qui
3801 3226 3893 3280 sibi

2211 3315 2576 3371 hereditario
2599 3316 2729 3385 jure
2761 3333 2790 3370 a
2828 3315 3145 3386 majoribus
3188 3315 3305 3369 suis
3349 3317 3743 3386 competebat,
3791 3313 3893 3382 epi-

2214 3405 2496 3475 scopalem
2529 3406 2724 3459 sedem
2765 3404 2984 3458 noviter
3015 3405 3318 3458 instituere
3348 3404 3719 3475 disponebat.
3752 3402 3893 3458 Unde

2213 3493 2498 3564 synodum
2567 3493 2829 3547 omnium
2905 3493 3311 3564 episcoporum
3364 3492 3424 3546 in
3469 3490 3890 3547 Francauavord

2209 3581 2481 3636 aduuavit
2531 3580 2742 3652 scripta
2792 3581 3034 3635 Romani
3108 3581 3393 3651 pontiﬁcis
3450 3597 3633 3652 super
3683 3581 3787 3635 hoc
3848 3583 3893 3632 et

2210 3669 2435 3724 decreta
2467 3668 2760 3723 communi
2785 3668 3434 3738 judiciocomprobaret.
3479 3668 3592 3722 Cui
3632 3666 3887 3723 taxationi

2207 3756 2492 3829 insignem
2562 3757 2663 3812 Dei
2720 3773 2946 3812 servum
3009 3763 3066 3811 et
3120 3757 3431 3810 antistitem
3498 3757 3887 3812 Bernwardum

2207 3846 2394 3916 primo
2444 3846 2651 3916 regalis
2713 3845 2999 3914 majestas,
3101 3850 3224 3898 tum
3269 3845 3610 3915 episcopalis
3659 3843 3887 3914 dignitas

2205 3934 2481 3988 interesse
2513 3933 2696 4004 magis
2732 3933 3018 4002 praecibus
3061 3933 3461 4004 postulabant;
3523 3949 3634 3987 nec
3688 3931 3882 3995 abnuit,

2206 4022 2347 4093 quin
2376 4021 2800 4093 promptissima
2833 4021 3180 4075 oboedientia
3241 4021 3523 4075 domuum
3567 4038 3764 4093 regem
3793 4021 3884 4075 ho-

2207 4110 2444 4164 noravit.
2472 4111 2751 4164 Reversus
2790 4125 2922 4163 vero
2964 4108 3408 4174 Hiideuesheim,
3429 4109 3652 4164 delatas
3683 4114 3885 4163 sancto-

394 4202 841 4256 occidentalibus
897 4199 1090 4266 ,Gallis
1148 4215 1272 4252 rem
1327 4198 1614 4270 publicam
1669 4197 2091 4270 infestantibus,
2124 4199 2168 4253 D
2209 4215 2337 4253 rum
2366 4198 2638 4269 reliquias
2677 4197 3044 4252 veneratione
3107 4197 3391 4268 condigna
3427 4199 3738 4253 servandas
3765 4199 3887 4252 Ioca-

396 4289 552 4343 idem
604 4288 922 4358 imperator
1001 4286 1301 4340 Heiuricus
1365 4286 1785 4355 expeditionem
1830 4287 2096 4341 adversus

393 4375 524 4429 illos
544 4376 738 4429 movit.
803 4374 976 4444 Cujus
1032 4388 1191 4427 arma
1238 4375 1597 4428 venerandus
1637 4374 1899 4445 pontifex
1955 4376 2096 4430 Ber-

403 4462 688 4528 nwardus,
730 4462 895 4532 juxta
941 4466 1295 4532 praeceptum
1335 4461 1585 4524 Domini,
1627 4478 1754 4533 quas
1805 4462 1902 4517 Dei
1931 4469 2097 4518 erant

404 4550 538 4614 Deo,
585 4566 716 4621 quae
756 4549 992 4604 Cmsaris
1036 4549 1244 4604 Caesari
1297 4548 1542 4604 ﬁdeliter
1585 4551 1907 4616 restituens,
1960 4567 2092 4607 cum

2205 4287 2304 4353 vit,
2359 4291 2537 4340 semet
2592 4286 2781 4356 ipsum
2855 4286 2914 4340 in
2961 4286 3342 4340 sanctimonia
3387 4286 3556 4340 solita
3604 4285 3888 4341 sollicitius

2205 4374 2410 4430 diatim
2451 4374 2719 4441 exercuit,
2770 4375 3132 4444 episcopatus
3197 4374 3285 4427 sui
3329 4374 3608 4428 terminos
3661 4372 3888 4444 antiqui-

2204 4470 2295 4518 tus
2340 4463 2605 4533 prmﬁxos
2647 4462 2842 4518 labore
2904 4462 3084 4518 nimio
3146 4467 3202 4518 et
3230 4462 3618 4518 sollicitudine
3661 4460 3890 4517 custodi-

2205 4552 2287 4606 vit
2319 4551 2412 4606 ¹⁸¹.

1815 4679 2048 4734 νΑΗῐΑΞ
2082 4680 2481 4736 LECTIONES.

471 4789 544 4828 ¹⁷⁸
601 4792 920 4866 υοωῆᾕδδίδ
965 4789 1110 4845 deest
1141 4787 1361 4866 itan”?
1388 4806 1441 4846 a.
1476 4807 1531 4862 g.
1583 4809 1631 4846 r.
1668 4807 1838 4866 e._m.
1893 4809 1937 4846 s.
1988 4795 2109 4866 ja_m
2145 4811 2303 4850 erasa
2342 4799 2397 4850 2.
2479 4793 2549 4830 ¹⁷⁶
2581 4793 2840 4866 regimen
2881 4797 2934 4849 2.
3016 4791 3089 4830 “7
3119 4811 3348 4866 quoque
3368 4797 3420 4848 2.
3505 4795 3572 4831 ’⁷⁸
3602 4797 3702 4851 hoc
3743 4799 3889 4865 caput

393 4865 540 4920 deest
575 4866 626 4917 2.
701 4861 771 4898 "9
827 4878 1069 4932 regnum
1132 4865 1180 4918 1.
1227 4859 1298 4896 ¹⁸⁰
1343 4863 1437 4917 hoc
1484 4859 1648 4933 caput
1699 4862 1847 4917 deest
1890 4867 1943 4917 2.
1989 4859 2090 4899 ’¹⁸¹
2149 4867 2235 4920 hic
2291 4869 2350 4920 in
2391 4869 2443 4920 3.
2501 4867 2554 4919 4.
2588 4859 2675 4920 5.⁷
2705 4867 2957 4932 leguntur
2985 4859 3599 4920 nonnulla-Annalibus
3674 4859 3885 4922 Hidésh.

393 4953 448 4991 α.
504 4937 658 4990 1013.
691 4936 917 5007 innima,
959 4933 1054 4986 sed
1105 4949 1224 5007 qua
1256 4947 1418 5007 uoces
1464 4934 1664 5007 beatus
1711 4939 1761 4988 et
1790 4939 2000 4988 sanctae
2044 4935 2191 4990 Hild.
2225 4936 2471 4990 civitatis
2509 4941 2786 5007 patronus
2823 4937 3216 5006 posterioribus
3269 4939 3477 4992 amentis
3533 4940 3745 4991 inserta
3790 4951 3888 4990 esse

393 5007 580 5085 docent
612 5023 624 5060 :
660 5007 777 5085 Illis
808 5003 1384 5085 diebusmiserabilis
1416 5005 1774 5085 cunctisque.
1807 5007 2265 5085 sancte_matris_
2289 5003 2529 5085 ecclesia
2562 5007 2718 5085 ﬁliis,
2774 5003 3050 5077 perpetuo
3079 5077 3090 5085 _
3116 5007 3483 5062 lacrimabilis
3517 5008 3723 5085 luctus,
3769 5022 3886 5077 pec-

392 5078 532 5130 catis
570 5077 778 5132 nostris
809 5074 1186 5145 exigentibus,
1218 5077 1448 5145 exortus
1478 5080 1580 5140 est,
1611 5074 1691 5130 ita
1719 5079 1784 5129 ut
1814 5079 1877 5129 t2
1923 5076 2192 5131 Kaleutas
2227 5077 2516 5132 Februarii
2549 5077 2740 5131 nobile
2775 5074 3197 5131 ’mo'nasterium
3242 5083 3434 5132 sancte
3496 5074 3888 5132 Hildenne'nse-

396 5147 607 5219 mensis
653 5143 1233 5219 ecclesie'diabolice
1298 5144 1524 5219 fraudis
1564 5146 1766 5200 faculis
1805 5151 2250 5219 nostrorumque
2297 5147 2607 5202 criminum
2649 5149 2897 5202 ﬂammis
2947 5164 3096 5218 pene
3142 5147 3405 5202 incendio
3443 5149 3735 5218 perditum
3791 5154 3883 5201 est.

396 5217 539 5299 l‘jam
577 5217 637 5270 iu
669 5218 868 5299 eadem
893 5220 1085 5284 nocte,
1115 5214 1298 5299 prime
1347 5215 1879 5299 quietistempore‘,
1916 5214 2335 5299 cunctis—infra
2366 5219 2569 5299 urbem
2599 5214 3087 5299 commorantibus
3124 5220 3310 5288 magis
3338 5214 3707 5299 peccatorum
3748 5234 3885 5289 pou-

397 5287 531 5341 dere
563 5288 759 5358 sopitis
789 5303 963 5360 quam
1000 5286 1192 5341 somni
1223 5286 1457 5341 alterius
1487 5286 1724 5358 quietis,
1751 5287 1976 5353 deditis,
2012 5289 2246 5360 grandis
2276 5289 2374 5344 ille
2410 5289 2575 5344 dolor
2600 5288 2767 5344 nobis
2798 5288 3021 5344 miseris
3050 5286 3401 5360 supervenit.
3434 5289 3643 5344 Verum
3705 5286 3884 5343 sancte

2080 5412 2298 5467 NOTzE.

469 5507 579 5578 (55)
606 5505 742 5569 Quae
773 5521 840 5559 eo
872 5523 1020 5560 anno
1051 5508 1110 5560 in
1141 5507 1194 5561 d.
1229 5509 1288 5562 2|
1349 5504 1532 5560 Martii
1559 5504 1780 5561 incidit.
2266 5506 2378 5577 (56)
2407 5504 2666 5562 Turonis.
