  <div class='ocr_page' id='page_1' title='image "/cluster/home/n/w/nwhite01/storage/ocr_20150623/140/hvd.32044054760004/218.png"; bbox 0 0 3920 6190; ppageno 0'>
   <div class='ocr_carea' id='block_1_1' title="bbox 79 278 3566 338">
    <p class='ocr_par' dir='ltr' id='par_1_1' title="bbox 79 278 3566 338">
     <span class='ocr_line' id='line_1_1' title="bbox 79 278 3566 338; baseline 0.003 -10"><span class='ocrx_word' id='word_1_1' title='bbox 79 278 159 328; x_wconf 74' lang='lat' dir='ltr'>i235</span> <span class='ocrx_word' id='word_1_2' title='bbox 1447 281 1603 337; x_wconf 78' lang='lat' dir='ltr'><strong>VITA</strong></span> <span class='ocrx_word' id='word_1_3' title='bbox 1641 283 1694 336; x_wconf 91' lang='lat' dir='ltr'>S.</span> <span class='ocrx_word' id='word_1_4' title='bbox 1741 281 2180 338; x_wconf 82' lang='lat' dir='ltr'>BEBNWARDI.</span> <span class='ocrx_word' id='word_1_5' title='bbox 3463 285 3566 338; x_wconf 73' lang='lat'>426</span> 
     </span>
    </p>
   </div>
   <div class='ocr_carea' id='block_1_2' title="bbox 129 395 3567 479">
    <p class='ocr_par' dir='ltr' id='par_1_2' title="bbox 129 395 3567 479">
     <span class='ocr_line' id='line_1_2' title="bbox 129 395 3567 479; baseline 0.005 -33"><span class='ocrx_word' id='word_1_6' title='bbox 129 395 217 447; x_wconf 64' lang='lat' dir='ltr'>i2.</span> <span class='ocrx_word' id='word_1_7' title='bbox 268 395 341 429; x_wconf 80' lang='grc'>¹⁸²</span> <span class='ocrx_word' id='word_1_8' title='bbox 375 396 602 450; x_wconf 88' lang='lat' dir='ltr'>Interea</span> <span class='ocrx_word' id='word_1_9' title='bbox 647 396 860 449; x_wconf 90' lang='lat' dir='ltr'>domna</span> <span class='ocrx_word' id='word_1_10' title='bbox 894 397 1274 468; x_wconf 81' lang='lat' dir='ltr'>Rothegardis</span> <span class='ocrx_word' id='word_1_11' title='bbox 1305 399 1494 470; x_wconf 64' lang='lat' dir='ltr'>digna.l</span> <span class='ocrx_word' id='word_1_12' title='bbox 1541 417 1758 454; x_wconf 88' lang='lat' dir='ltr'>memo-</span> <span class='ocrx_word' id='word_1_13' title='bbox 1789 406 1832 455; x_wconf 87' lang='lat' dir='ltr'><strong>A</strong></span> <span class='ocrx_word' id='word_1_14' title='bbox 1875 401 2216 456; x_wconf 82' lang='lat' dir='ltr'>dissidentes</span> <span class='ocrx_word' id='word_1_15' title='bbox 2264 401 2410 456; x_wconf 85' lang='lat' dir='ltr'>forte</span> <span class='ocrx_word' id='word_1_16' title='bbox 2446 403 2720 474; x_wconf 82' lang='lat' dir='ltr'>repperit,</span> <span class='ocrx_word' id='word_1_17' title='bbox 2755 407 2856 457; x_wconf 88' lang='lat' dir='ltr'>aut</span> <span class='ocrx_word' id='word_1_18' title='bbox 2899 403 3092 458; x_wconf 81' lang='lat' dir='ltr'>statim</span> <span class='ocrx_word' id='word_1_19' title='bbox 3142 407 3567 479; x_wconf 77' lang='lat' dir='ltr'>reronciliabat,</span> 
     </span>
    </p>
   </div>
   <div class='ocr_carea' id='block_1_3' title="bbox 71 484 1762 553">
    <p class='ocr_par' dir='ltr' id='par_1_3' title="bbox 71 484 1762 553">
     <span class='ocr_line' id='line_1_3' title="bbox 71 484 1762 553; baseline 0.003 -17"><span class='ocrx_word' id='word_1_20' title='bbox 71 485 158 536; x_wconf 72' lang='lat' dir='ltr'>ria:</span> <span class='ocrx_word' id='word_1_21' title='bbox 214 484 697 538; x_wconf 81' lang='lat' dir='ltr'>Hildewardensis</span> <span class='ocrx_word' id='word_1_22' title='bbox 757 486 1025 539; x_wconf 62' lang='lat' dir='ltr'>ecclesia:</span> <span class='ocrx_word' id='word_1_23' title='bbox 1071 487 1374 553; x_wconf 70' lang='lat' dir='ltr'>abbatissa,</span> <span class='ocrx_word' id='word_1_24' title='bbox 1423 489 1762 542; x_wconf 83' lang='lat' dir='ltr'>venerabilis</span> 
     </span>
    </p>
   </div>
   <div class='ocr_carea' id='block_1_4' title="bbox 73 573 1761 646">
    <p class='ocr_par' dir='ltr' id='par_1_4' title="bbox 73 573 1761 646">
     <span class='ocr_line' id='line_1_4' title="bbox 73 573 1761 646; baseline 0.003 -20"><span class='ocrx_word' id='word_1_25' title='bbox 73 574 390 626; x_wconf 77' lang='lat' dir='ltr'>Bernwardi</span> <span class='ocrx_word' id='word_1_26' title='bbox 434 573 688 643; x_wconf 76' lang='lat' dir='ltr'>episcopi</span> <span class='ocrx_word' id='word_1_27' title='bbox 737 581 1067 638; x_wconf 77' lang='lat' dir='ltr'>matertera,</span> <span class='ocrx_word' id='word_1_28' title='bbox 1101 575 1327 630; x_wconf 83' lang='lat' dir='ltr'>diutina</span> <span class='ocrx_word' id='word_1_29' title='bbox 1374 579 1626 646; x_wconf 87' lang='lat' dir='ltr'>corporis</span> <span class='ocrx_word' id='word_1_30' title='bbox 1665 579 1761 630; x_wconf 90' lang='lat' dir='ltr'>in-</span> 
     </span>
    </p>
   </div>
   <div class='ocr_carea' id='block_1_5' title="bbox 69 663 1758 732">
    <p class='ocr_par' dir='ltr' id='par_1_5' title="bbox 69 663 1758 732">
     <span class='ocr_line' id='line_1_5' title="bbox 69 663 1758 732; baseline 0.002 -18"><span class='ocrx_word' id='word_1_31' title='bbox 69 663 336 716; x_wconf 79' lang='lat' dir='ltr'>ﬁrmitate</span> <span class='ocrx_word' id='word_1_32' title='bbox 387 664 678 732; x_wconf 86' lang='lat' dir='ltr'>castigata,</span> <span class='ocrx_word' id='word_1_33' title='bbox 731 664 1094 716; x_wconf 82' lang='lat' dir='ltr'>resolutionis</span> <span class='ocrx_word' id='word_1_34' title='bbox 1138 680 1255 717; x_wconf 62' lang='lat' dir='ltr'>sua!</span> <span class='ocrx_word' id='word_1_35' title='bbox 1289 664 1439 718; x_wconf 85' lang='lat' dir='ltr'>diem</span> <span class='ocrx_word' id='word_1_36' title='bbox 1475 666 1580 719; x_wconf 87' lang='lat' dir='ltr'>sibi</span> <span class='ocrx_word' id='word_1_37' title='bbox 1612 683 1758 718; x_wconf 87' lang='lat' dir='ltr'>sem-</span> 
     </span>
    </p>
   </div>
   <div class='ocr_carea' id='block_1_6' title="bbox 71 751 1759 819">
    <p class='ocr_par' dir='ltr' id='par_1_6' title="bbox 71 751 1759 819">
     <span class='ocr_line' id='line_1_6' title="bbox 71 751 1759 819; baseline 0.002 -18"><span class='ocrx_word' id='word_1_38' title='bbox 71 765 160 818; x_wconf 84' lang='lat' dir='ltr'>per</span> <span class='ocrx_word' id='word_1_39' title='bbox 209 751 553 819; x_wconf 82' lang='lat' dir='ltr'>optabilem,</span> <span class='ocrx_word' id='word_1_40' title='bbox 587 751 778 803; x_wconf 85' lang='lat' dir='ltr'>divino</span> <span class='ocrx_word' id='word_1_41' title='bbox 820 756 880 803; x_wconf 89' lang='lat' dir='ltr'>ut</span> <span class='ocrx_word' id='word_1_42' title='bbox 912 751 1163 805; x_wconf 84' lang='lat' dir='ltr'>creditur</span> <span class='ocrx_word' id='word_1_43' title='bbox 1207 751 1499 816; x_wconf 85' lang='lat' dir='ltr'>instinctu,</span> <span class='ocrx_word' id='word_1_44' title='bbox 1548 753 1759 806; x_wconf 87' lang='lat' dir='ltr'>instare</span> 
     </span>
    </p>
   </div>
   <div class='ocr_carea' id='block_1_7' title="bbox 72 839 1757 907">
    <p class='ocr_par' dir='ltr' id='par_1_7' title="bbox 72 839 1757 907">
     <span class='ocr_line' id='line_1_7' title="bbox 72 839 1757 907; baseline 0.003 -18"><span class='ocrx_word' id='word_1_45' title='bbox 72 839 347 907; x_wconf 81' lang='lat' dir='ltr'>cognovit.</span> <span class='ocrx_word' id='word_1_46' title='bbox 405 839 559 892; x_wconf 88' lang='lat' dir='ltr'>Unde</span> <span class='ocrx_word' id='word_1_47' title='bbox 592 839 650 891; x_wconf 90' lang='lat' dir='ltr'>in</span> <span class='ocrx_word' id='word_1_48' title='bbox 680 840 1060 892; x_wconf 87' lang='lat' dir='ltr'>sacratissima</span> <span class='ocrx_word' id='word_1_49' title='bbox 1090 845 1256 893; x_wconf 89' lang='lat' dir='ltr'>nocte</span> <span class='ocrx_word' id='word_1_50' title='bbox 1303 841 1612 894; x_wconf 74' lang='lat' dir='ltr'>Dominicze</span> <span class='ocrx_word' id='word_1_51' title='bbox 1658 858 1757 894; x_wconf 85' lang='lat' dir='ltr'>na-</span> 
     </span>
    </p>
   </div>
   <div class='ocr_carea' id='block_1_8' title="bbox 72 926 1759 995">
    <p class='ocr_par' dir='ltr' id='par_1_8' title="bbox 72 926 1759 995">
     <span class='ocr_line' id='line_1_8' title="bbox 72 926 1759 995; baseline 0.002 -15"><span class='ocrx_word' id='word_1_52' title='bbox 72 926 296 980; x_wconf 86' lang='lat' dir='ltr'>tivitatis</span> <span class='ocrx_word' id='word_1_53' title='bbox 346 929 490 995; x_wconf 79' lang='lat' dir='ltr'>(Dec.</span> <span class='ocrx_word' id='word_1_54' title='bbox 537 928 629 995; x_wconf 80' lang='lat'>23)</span> <span class='ocrx_word' id='word_1_55' title='bbox 679 928 745 980; x_wconf 90' lang='lat' dir='ltr'>ad</span> <span class='ocrx_word' id='word_1_56' title='bbox 782 928 1012 980; x_wconf 88' lang='lat' dir='ltr'>missam</span> <span class='ocrx_word' id='word_1_57' title='bbox 1056 947 1082 977; x_wconf 77' lang='grc' dir='ltr'><strong>(ι</strong></span> <span class='ocrx_word' id='word_1_58' title='bbox 1120 928 1390 981; x_wconf 89' lang='lat' dir='ltr'>Dominus</span> <span class='ocrx_word' id='word_1_59' title='bbox 1431 929 1572 982; x_wconf 88' lang='lat' dir='ltr'>dixit</span> <span class='ocrx_word' id='word_1_60' title='bbox 1618 949 1644 979; x_wconf 90' lang='lat'><strong>»</strong></span> <span class='ocrx_word' id='word_1_61' title='bbox 1698 929 1759 983; x_wconf 89' lang='lat' dir='ltr'>in</span> 
     </span>
    </p>
   </div>
   <div class='ocr_carea' id='block_1_9' title="bbox 73 1015 1760 1088">
    <p class='ocr_par' dir='ltr' id='par_1_9' title="bbox 73 1015 1760 1088">
     <span class='ocr_line' id='line_1_9' title="bbox 73 1015 1760 1088; baseline 0.003 -21"><span class='ocrx_word' id='word_1_62' title='bbox 73 1015 376 1068; x_wconf 60' lang='lat' dir='ltr'>ecclesiam</span> <span class='ocrx_word' id='word_1_63' title='bbox 407 1031 463 1068; x_wconf 91' lang='lat' dir='ltr'>se</span> <span class='ocrx_word' id='word_1_64' title='bbox 494 1015 627 1068; x_wconf 83' lang='lat' dir='ltr'>ferri</span> <span class='ocrx_word' id='word_1_65' title='bbox 663 1017 935 1086; x_wconf 64' lang='lat' dir='ltr'>praecepit</span> <span class='ocrx_word' id='word_1_66' title='bbox 965 1034 976 1069; x_wconf 89' lang='lat'><strong>:</strong></span> <span class='ocrx_word' id='word_1_67' title='bbox 1011 1017 1204 1087; x_wconf 84' lang='lat' dir='ltr'>ibique</span> <span class='ocrx_word' id='word_1_68' title='bbox 1241 1017 1523 1070; x_wconf 90' lang='lat' dir='ltr'>Dominici</span> <span class='ocrx_word' id='word_1_69' title='bbox 1567 1035 1760 1088; x_wconf 87' lang='lat' dir='ltr'>corpo-</span> 
     </span>
    </p>
   </div>
   <div class='ocr_carea' id='block_1_10' title="bbox 70 1105 1758 1176">
    <p class='ocr_par' dir='ltr' id='par_1_10' title="bbox 70 1105 1758 1176">
     <span class='ocr_line' id='line_1_10' title="bbox 70 1105 1758 1176; baseline 0.002 -19"><span class='ocrx_word' id='word_1_70' title='bbox 70 1108 134 1157; x_wconf 97' lang='lat' dir='ltr'>ris</span> <span class='ocrx_word' id='word_1_71' title='bbox 164 1122 228 1158; x_wconf 87' lang='lat' dir='ltr'>ac</span> <span class='ocrx_word' id='word_1_72' title='bbox 259 1105 561 1174; x_wconf 84' lang='lat' dir='ltr'>sanguinis</span> <span class='ocrx_word' id='word_1_73' title='bbox 589 1105 851 1158; x_wconf 86' lang='lat' dir='ltr'>viaticum</span> <span class='ocrx_word' id='word_1_74' title='bbox 885 1107 1152 1175; x_wconf 83' lang='lat' dir='ltr'>percepit.</span> <span class='ocrx_word' id='word_1_75' title='bbox 1192 1107 1346 1173; x_wconf 88' lang='lat' dir='ltr'>Inde,</span> <span class='ocrx_word' id='word_1_76' title='bbox 1383 1106 1490 1161; x_wconf 88' lang='lat' dir='ltr'>rite</span> <span class='ocrx_word' id='word_1_77' title='bbox 1517 1109 1758 1176; x_wconf 84' lang='lat' dir='ltr'>peractis</span> 
     </span>
    </p>
   </div>
   <div class='ocr_carea' id='block_1_11' title="bbox 64 1194 1757 1264">
    <p class='ocr_par' dir='ltr' id='par_1_11' title="bbox 64 1194 1757 1264">
     <span class='ocr_line' id='line_1_11' title="bbox 64 1194 1757 1264; baseline 0.002 -18"><span class='ocrx_word' id='word_1_78' title='bbox 64 1195 346 1259; x_wconf 90' lang='lat' dir='ltr'>omnibus,</span> <span class='ocrx_word' id='word_1_79' title='bbox 395 1195 586 1247; x_wconf 91' lang='lat' dir='ltr'>denuo</span> <span class='ocrx_word' id='word_1_80' title='bbox 623 1195 692 1248; x_wconf 90' lang='lat' dir='ltr'>ad</span> <span class='ocrx_word' id='word_1_81' title='bbox 720 1194 931 1248; x_wconf 88' lang='lat' dir='ltr'>lectum</span> <span class='ocrx_word' id='word_1_82' title='bbox 964 1199 1255 1264; x_wconf 80' lang='lat' dir='ltr'>reportata</span> <span class='ocrx_word' id='word_1_83' title='bbox 1299 1201 1402 1257; x_wconf 86' lang='lat' dir='ltr'>est,</span> <span class='ocrx_word' id='word_1_84' title='bbox 1436 1197 1757 1252; x_wconf 82' lang='lat' dir='ltr'>convocatis</span> 
     </span>
    </p>
   </div>
   <div class='ocr_carea' id='block_1_12' title="bbox 62 1284 1758 1351">
    <p class='ocr_par' dir='ltr' id='par_1_12' title="bbox 62 1284 1758 1351">
     <span class='ocr_line' id='line_1_12' title="bbox 62 1284 1758 1351; baseline 0.004 -17"><span class='ocrx_word' id='word_1_85' title='bbox 62 1284 352 1335; x_wconf 79' lang='lat' dir='ltr'>sororibus</span> <span class='ocrx_word' id='word_1_86' title='bbox 402 1284 479 1336; x_wconf 88' lang='lat' dir='ltr'>ita</span> <span class='ocrx_word' id='word_1_87' title='bbox 519 1299 716 1336; x_wconf 84' lang='lat' dir='ltr'>exorsa</span> <span class='ocrx_word' id='word_1_88' title='bbox 764 1289 851 1336; x_wconf 90' lang='lat' dir='ltr'>est</span> <span class='ocrx_word' id='word_1_89' title='bbox 883 1299 896 1336; x_wconf 91' lang='lat'><strong>:</strong></span> <span class='ocrx_word' id='word_1_90' title='bbox 927 1285 1022 1336; x_wconf 64' lang='lat' dir='ltr'>Em</span> <span class='ocrx_word' id='word_1_91' title='bbox 1063 1286 1162 1337; x_wconf 86' lang='lat' dir='ltr'>hac</span> <span class='ocrx_word' id='word_1_92' title='bbox 1193 1287 1309 1337; x_wconf 82' lang='lat' dir='ltr'>vita</span> <span class='ocrx_word' id='word_1_93' title='bbox 1347 1301 1427 1339; x_wconf 87' lang='lat' dir='ltr'>me</span> <span class='ocrx_word' id='word_1_94' title='bbox 1465 1287 1641 1351; x_wconf 82' lang='lat' dir='ltr'>hodie,</span> <span class='ocrx_word' id='word_1_95' title='bbox 1675 1303 1758 1339; x_wconf 90' lang='lat' dir='ltr'>ca-</span> 
     </span>
    </p>
   </div>
   <div class='ocr_carea' id='block_1_13' title="bbox 60 1373 1756 1441">
    <p class='ocr_par' dir='ltr' id='par_1_13' title="bbox 60 1373 1756 1441">
     <span class='ocr_line' id='line_1_13' title="bbox 60 1373 1756 1441; baseline 0.004 -19"><span class='ocrx_word' id='word_1_96' title='bbox 60 1376 311 1436; x_wconf 72' lang='lat' dir='ltr'>rissimae,</span> <span class='ocrx_word' id='word_1_97' title='bbox 362 1389 466 1440; x_wconf 87' lang='lat' dir='ltr'>quo</span> <span class='ocrx_word' id='word_1_98' title='bbox 522 1373 664 1426; x_wconf 90' lang='lat' dir='ltr'>Deus</span> <span class='ocrx_word' id='word_1_99' title='bbox 706 1373 936 1440; x_wconf 76' lang='lat' dir='ltr'>jusserit</span> <span class='ocrx_word' id='word_1_100' title='bbox 967 1376 1215 1439; x_wconf 81' lang='lat' dir='ltr'>invitari,</span> <span class='ocrx_word' id='word_1_101' title='bbox 1263 1376 1413 1428; x_wconf 79' lang='lat' dir='ltr'>vobis</span> <span class='ocrx_word' id='word_1_102' title='bbox 1457 1375 1756 1441; x_wconf 80' lang='lat' dir='ltr'>denuncio;</span> 
     </span>
    </p>
   </div>
   <div class='ocr_carea' id='block_1_14' title="bbox 59 1462 1756 1531">
    <p class='ocr_par' dir='ltr' id='par_1_14' title="bbox 59 1462 1756 1531">
     <span class='ocr_line' id='line_1_14' title="bbox 59 1462 1756 1531; baseline 0.003 -18"><span class='ocrx_word' id='word_1_103' title='bbox 59 1462 147 1513; x_wconf 79' lang='lat' dir='ltr'>sed</span> <span class='ocrx_word' id='word_1_104' title='bbox 179 1464 277 1514; x_wconf 91' lang='lat' dir='ltr'>hoc</span> <span class='ocrx_word' id='word_1_105' title='bbox 317 1465 438 1530; x_wconf 82' lang='lat' dir='ltr'>quia</span> <span class='ocrx_word' id='word_1_106' title='bbox 479 1465 633 1526; x_wconf 78' lang='lat' dir='ltr'>infra</span> <span class='ocrx_word' id='word_1_107' title='bbox 667 1463 893 1529; x_wconf 84' lang='lat' dir='ltr'>majoris</span> <span class='ocrx_word' id='word_1_108' title='bbox 926 1464 1103 1516; x_wconf 73' lang='lat' dir='ltr'>missa:</span> <span class='ocrx_word' id='word_1_109' title='bbox 1143 1464 1461 1531; x_wconf 86' lang='lat' dir='ltr'>sollempnia</span> <span class='ocrx_word' id='word_1_110' title='bbox 1507 1467 1756 1529; x_wconf 80' lang='lat' dir='ltr'>futurum</span> 
     </span>
    </p>
   </div>
   <div class='ocr_carea' id='block_1_15' title="bbox 57 1550 1754 1620">
    <p class='ocr_par' dir='ltr' id='par_1_15' title="bbox 57 1550 1754 1620">
     <span class='ocr_line' id='line_1_15' title="bbox 57 1550 1754 1620; baseline 0.003 -19"><span class='ocrx_word' id='word_1_111' title='bbox 57 1566 166 1602; x_wconf 82' lang='lat' dir='ltr'>esse</span> <span class='ocrx_word' id='word_1_112' title='bbox 213 1567 322 1603; x_wconf 82' lang='lat' dir='ltr'>non</span> <span class='ocrx_word' id='word_1_113' title='bbox 369 1553 577 1616; x_wconf 85' lang='lat' dir='ltr'>ignoro,</span> <span class='ocrx_word' id='word_1_114' title='bbox 628 1566 692 1602; x_wconf 87' lang='lat' dir='ltr'>ne</span> <span class='ocrx_word' id='word_1_115' title='bbox 726 1565 835 1618; x_wconf 86' lang='lat' dir='ltr'>qua</span> <span class='ocrx_word' id='word_1_116' title='bbox 883 1550 1063 1603; x_wconf 73' lang='lat' dir='ltr'>divini</span> <span class='ocrx_word' id='word_1_117' title='bbox 1106 1552 1410 1616; x_wconf 72' lang='lat' dir='ltr'>famulatus</span> <span class='ocrx_word' id='word_1_118' title='bbox 1443 1556 1541 1620; x_wconf 74' lang='lat' dir='ltr'>fiat</span> <span class='ocrx_word' id='word_1_119' title='bbox 1586 1555 1754 1606; x_wconf 83' lang='lat' dir='ltr'>inter-</span> 
     </span>
    </p>
   </div>
   <div class='ocr_carea' id='block_1_16' title="bbox 57 1639 1750 1709">
    <p class='ocr_par' dir='ltr' id='par_1_16' title="bbox 57 1639 1750 1709">
     <span class='ocr_line' id='line_1_16' title="bbox 57 1639 1750 1709; baseline 0.004 -21"><span class='ocrx_word' id='word_1_120' title='bbox 57 1641 262 1705; x_wconf 75' lang='lat' dir='ltr'>ruptio,</span> <span class='ocrx_word' id='word_1_121' title='bbox 299 1653 410 1699; x_wconf 71' lang='lat' dir='ltr'>eos,</span> <span class='ocrx_word' id='word_1_122' title='bbox 443 1639 636 1691; x_wconf 80' lang='lat' dir='ltr'>audita</span> <span class='ocrx_word' id='word_1_123' title='bbox 658 1654 774 1691; x_wconf 88' lang='lat' dir='ltr'>mea</span> <span class='ocrx_word' id='word_1_124' title='bbox 807 1644 993 1702; x_wconf 87' lang='lat' dir='ltr'>morte,</span> <span class='ocrx_word' id='word_1_125' title='bbox 1021 1642 1244 1692; x_wconf 81' lang='lat' dir='ltr'>minime</span> <span class='ocrx_word' id='word_1_126' title='bbox 1267 1640 1481 1693; x_wconf 85' lang='lat' dir='ltr'>turbari</span> <span class='ocrx_word' id='word_1_127' title='bbox 1510 1641 1750 1709; x_wconf 73' lang='lat' dir='ltr'>deposco.</span> 
     </span>
    </p>
   </div>
   <div class='ocr_carea' id='block_1_17' title="bbox 58 1729 1758 1797">
    <p class='ocr_par' dir='ltr' id='par_1_17' title="bbox 58 1729 1758 1797">
     <span class='ocr_line' id='line_1_17' title="bbox 58 1729 1758 1797; baseline 0.002 -17"><span class='ocrx_word' id='word_1_128' title='bbox 58 1731 154 1780; x_wconf 75' lang='lat' dir='ltr'>Dei</span> <span class='ocrx_word' id='word_1_129' title='bbox 201 1742 438 1793; x_wconf 81' lang='lat' dir='ltr'>namque</span> <span class='ocrx_word' id='word_1_130' title='bbox 487 1732 634 1779; x_wconf 83' lang='lat' dir='ltr'>tanto</span> <span class='ocrx_word' id='word_1_131' title='bbox 680 1729 847 1780; x_wconf 87' lang='lat' dir='ltr'>michi</span> <span class='ocrx_word' id='word_1_132' title='bbox 890 1729 1099 1793; x_wconf 71' lang='lat' dir='ltr'>largius</span> <span class='ocrx_word' id='word_1_133' title='bbox 1139 1730 1410 1782; x_wconf 66' lang='lat' dir='ltr'>auxilium</span> <span class='ocrx_word' id='word_1_134' title='bbox 1458 1729 1758 1797; x_wconf 53' lang='lat' dir='ltr'>afuturum</span> 
     </span>
    </p>
   </div>
   <div class='ocr_carea' id='block_1_18' title="bbox 58 1814 1758 1884">
    <p class='ocr_par' dir='ltr' id='par_1_18' title="bbox 58 1814 1758 1884">
     <span class='ocr_line' id='line_1_18' title="bbox 58 1814 1758 1884; baseline 0.003 -18"><span class='ocrx_word' id='word_1_135' title='bbox 58 1830 168 1868; x_wconf 76' lang='lat' dir='ltr'>esse</span> <span class='ocrx_word' id='word_1_136' title='bbox 191 1815 418 1881; x_wconf 81' lang='lat' dir='ltr'>conﬁdo,</span> <span class='ocrx_word' id='word_1_137' title='bbox 452 1818 503 1867; x_wconf 87' lang='lat' dir='ltr'>si</span> <span class='ocrx_word' id='word_1_138' title='bbox 525 1814 677 1867; x_wconf 79' lang='lat' dir='ltr'>modo</span> <span class='ocrx_word' id='word_1_139' title='bbox 698 1816 852 1868; x_wconf 87' lang='lat' dir='ltr'>nulla</span> <span class='ocrx_word' id='word_1_140' title='bbox 880 1815 995 1884; x_wconf 82' lang='lat' dir='ltr'>ejus</span> <span class='ocrx_word' id='word_1_141' title='bbox 1025 1818 1239 1868; x_wconf 73' lang='lat' dir='ltr'>servitii</span> <span class='ocrx_word' id='word_1_142' title='bbox 1267 1819 1370 1870; x_wconf 89' lang='lat' dir='ltr'>mei</span> <span class='ocrx_word' id='word_1_143' title='bbox 1397 1832 1562 1870; x_wconf 85' lang='lat' dir='ltr'>causa</span> <span class='ocrx_word' id='word_1_144' title='bbox 1589 1823 1758 1883; x_wconf 74' lang='lat' dir='ltr'>fuerit</span> 
     </span>
    </p>
   </div>
   <div class='ocr_carea' id='block_1_19' title="bbox 61 1905 1757 1973">
    <p class='ocr_par' dir='ltr' id='par_1_19' title="bbox 61 1905 1757 1973">
     <span class='ocr_line' id='line_1_19' title="bbox 61 1905 1757 1973; baseline 0.004 -19"><span class='ocrx_word' id='word_1_145' title='bbox 61 1908 410 1955; x_wconf 67' lang='lat' dir='ltr'>intermissio.</span> <span class='ocrx_word' id='word_1_146' title='bbox 466 1905 674 1956; x_wconf 79' lang='lat' dir='ltr'>Divinis</span> <span class='ocrx_word' id='word_1_147' title='bbox 721 1906 905 1972; x_wconf 78' lang='lat' dir='ltr'>itaque</span> <span class='ocrx_word' id='word_1_148' title='bbox 950 1905 1281 1973; x_wconf 82' lang='lat' dir='ltr'>sollempniis</span> <span class='ocrx_word' id='word_1_149' title='bbox 1322 1922 1390 1958; x_wconf 59' lang='lat' dir='ltr'>ea?</span> <span class='ocrx_word' id='word_1_150' title='bbox 1421 1923 1566 1960; x_wconf 85' lang='lat' dir='ltr'>more</span> <span class='ocrx_word' id='word_1_151' title='bbox 1611 1923 1757 1960; x_wconf 92' lang='lat' dir='ltr'>com-</span> 
     </span>
    </p>
   </div>
   <div class='ocr_carea' id='block_1_20' title="bbox 59 1991 1757 2062">
    <p class='ocr_par' dir='ltr' id='par_1_20' title="bbox 59 1991 1757 2062">
     <span class='ocr_line' id='line_1_20' title="bbox 59 1991 1757 2062; baseline 0.002 -18"><span class='ocrx_word' id='word_1_152' title='bbox 59 1993 239 2059; x_wconf 71' lang='lat' dir='ltr'>pletis,</span> <span class='ocrx_word' id='word_1_153' title='bbox 303 1991 377 2043; x_wconf 85' lang='lat' dir='ltr'>ad</span> <span class='ocrx_word' id='word_1_154' title='bbox 425 1992 885 2044; x_wconf 78' lang='lat' dir='ltr'>communiendam</span> <span class='ocrx_word' id='word_1_155' title='bbox 941 1994 1148 2046; x_wconf 69' lang='lat' dir='ltr'>emitum</span> <span class='ocrx_word' id='word_1_156' title='bbox 1200 2010 1374 2048; x_wconf 89' lang='lat' dir='ltr'>meum</span> <span class='ocrx_word' id='word_1_157' title='bbox 1439 1998 1757 2062; x_wconf 83' lang='lat' dir='ltr'>quantocius</span> 
     </span>
    </p>
   </div>
   <div class='ocr_carea' id='block_1_21' title="bbox 61 2081 1758 2152">
    <p class='ocr_par' dir='ltr' id='par_1_21' title="bbox 61 2081 1758 2152">
     <span class='ocr_line' id='line_1_21' title="bbox 61 2081 1758 2152; baseline 0.002 -20"><span class='ocrx_word' id='word_1_158' title='bbox 61 2095 336 2132; x_wconf 80' lang='lat' dir='ltr'>occurrere</span> <span class='ocrx_word' id='word_1_159' title='bbox 381 2081 658 2144; x_wconf 80' lang='lat' dir='ltr'>festinate,</span> <span class='ocrx_word' id='word_1_160' title='bbox 709 2095 906 2148; x_wconf 81' lang='lat' dir='ltr'>suoque</span> <span class='ocrx_word' id='word_1_161' title='bbox 948 2083 1178 2134; x_wconf 83' lang='lat' dir='ltr'>creatori</span> <span class='ocrx_word' id='word_1_162' title='bbox 1211 2086 1449 2135; x_wconf 87' lang='lat' dir='ltr'>animam</span> <span class='ocrx_word' id='word_1_163' title='bbox 1493 2085 1758 2152; x_wconf 65' lang='lat' dir='ltr'>praecibus</span> 
     </span>
    </p>
   </div>
   <div class='ocr_carea' id='block_1_22' title="bbox 62 2168 1756 2240">
    <p class='ocr_par' dir='ltr' id='par_1_22' title="bbox 62 2168 1756 2240">
     <span class='ocr_line' id='line_1_22' title="bbox 62 2168 1756 2240; baseline 0.005 -21"><span class='ocrx_word' id='word_1_164' title='bbox 62 2172 322 2220; x_wconf 71' lang='lat' dir='ltr'>attentius</span> <span class='ocrx_word' id='word_1_165' title='bbox 375 2168 744 2220; x_wconf 85' lang='lat' dir='ltr'>commenda-re</span> <span class='ocrx_word' id='word_1_166' title='bbox 801 2176 1005 2234; x_wconf 81' lang='lat' dir='ltr'>curate,</span> <span class='ocrx_word' id='word_1_167' title='bbox 1051 2176 1391 2240; x_wconf 78' lang='lat' dir='ltr'>vestrumque</span> <span class='ocrx_word' id='word_1_168' title='bbox 1441 2187 1648 2240; x_wconf 80' lang='lat' dir='ltr'>semper</span> <span class='ocrx_word' id='word_1_169' title='bbox 1685 2175 1756 2238; x_wconf 81' lang='lat' dir='ltr'>ﬁ-</span> 
     </span>
    </p>
   </div>
   <div class='ocr_carea' id='block_1_23' title="bbox 62 2257 1760 2331">
    <p class='ocr_par' dir='ltr' id='par_1_23' title="bbox 62 2257 1760 2331">
     <span class='ocr_line' id='line_1_23' title="bbox 62 2257 1760 2331; baseline 0.003 -23"><span class='ocrx_word' id='word_1_170' title='bbox 62 2274 176 2309; x_wconf 71' lang='grc' dir='ltr'>ηίτη</span> <span class='ocrx_word' id='word_1_171' title='bbox 205 2263 515 2324; x_wconf 85' lang='lat' dir='ltr'>suspectum</span> <span class='ocrx_word' id='word_1_172' title='bbox 545 2257 814 2331; x_wconf 79' lang='lat' dir='ltr'>habentes,</span> <span class='ocrx_word' id='word_1_173' title='bbox 862 2261 918 2311; x_wconf 88' lang='lat' dir='ltr'>in</span> <span class='ocrx_word' id='word_1_174' title='bbox 949 2259 1042 2312; x_wconf 87' lang='lat' dir='ltr'>illo</span> <span class='ocrx_word' id='word_1_175' title='bbox 1068 2260 1339 2312; x_wconf 88' lang='lat' dir='ltr'>tremendo</span> <span class='ocrx_word' id='word_1_176' title='bbox 1364 2260 1597 2327; x_wconf 84' lang='lat' dir='ltr'>judicio,</span> <span class='ocrx_word' id='word_1_177' title='bbox 1631 2260 1760 2314; x_wconf 89' lang='lat' dir='ltr'>dum</span> 
     </span>
    </p>
   </div>
   <div class='ocr_carea' id='block_1_24' title="bbox 62 2346 1756 2415">
    <p class='ocr_par' dir='ltr' id='par_1_24' title="bbox 62 2346 1756 2415">
     <span class='ocr_line' id='line_1_24' title="bbox 62 2346 1756 2415; baseline 0.002 -18"><span class='ocrx_word' id='word_1_178' title='bbox 62 2348 269 2399; x_wconf 85' lang='lat' dir='ltr'>licitum</span> <span class='ocrx_word' id='word_1_179' title='bbox 301 2351 404 2412; x_wconf 79' lang='lat' dir='ltr'>est,</span> <span class='ocrx_word' id='word_1_180' title='bbox 442 2361 541 2413; x_wconf 85' lang='lat' dir='ltr'>per</span> <span class='ocrx_word' id='word_1_181' title='bbox 571 2346 706 2399; x_wconf 85' lang='lat' dir='ltr'>bona</span> <span class='ocrx_word' id='word_1_182' title='bbox 738 2362 902 2415; x_wconf 82' lang='lat' dir='ltr'>Opera</span> <span class='ocrx_word' id='word_1_183' title='bbox 928 2350 1030 2401; x_wconf 87' lang='lat' dir='ltr'>Deo</span> <span class='ocrx_word' id='word_1_184' title='bbox 1059 2347 1240 2413; x_wconf 56' lang='lat' dir='ltr'>digna</span> <span class='ocrx_word' id='word_1_185' title='bbox 1277 2350 1514 2402; x_wconf 85' lang='lat' dir='ltr'>inveniri</span> <span class='ocrx_word' id='word_1_186' title='bbox 1541 2351 1756 2414; x_wconf 83' lang='lat' dir='ltr'>satagi-</span> 
     </span>
    </p>
   </div>
   <div class='ocr_carea' id='block_1_25' title="bbox 63 2434 1757 2506">
    <p class='ocr_par' dir='ltr' id='par_1_25' title="bbox 63 2434 1757 2506">
     <span class='ocr_line' id='line_1_25' title="bbox 63 2434 1757 2506; baseline 0.003 -20"><span class='ocrx_word' id='word_1_187' title='bbox 63 2445 113 2486; x_wconf 83' lang='lat' dir='ltr'>te.</span> <span class='ocrx_word' id='word_1_188' title='bbox 156 2437 252 2489; x_wconf 87' lang='lat' dir='ltr'>llis</span> <span class='ocrx_word' id='word_1_189' title='bbox 285 2434 472 2502; x_wconf 87' lang='lat' dir='ltr'>dictis,</span> <span class='ocrx_word' id='word_1_190' title='bbox 526 2451 620 2488; x_wconf 87' lang='lat' dir='ltr'>eas</span> <span class='ocrx_word' id='word_1_191' title='bbox 651 2440 945 2504; x_wconf 84' lang='lat' dir='ltr'>stupentes</span> <span class='ocrx_word' id='word_1_192' title='bbox 986 2437 1230 2489; x_wconf 89' lang='lat' dir='ltr'>nimium</span> <span class='ocrx_word' id='word_1_193' title='bbox 1284 2438 1494 2506; x_wconf 90' lang='lat' dir='ltr'>pariter</span> <span class='ocrx_word' id='word_1_194' title='bbox 1540 2454 1604 2491; x_wconf 90' lang='lat' dir='ltr'>ac</span> <span class='ocrx_word' id='word_1_195' title='bbox 1655 2439 1757 2490; x_wconf 88' lang='lat' dir='ltr'>mi-</span> 
     </span>
    </p>
   </div>
   <div class='ocr_carea' id='block_1_26' title="bbox 61 2522 1758 2596">
    <p class='ocr_par' dir='ltr' id='par_1_26' title="bbox 61 2522 1758 2596">
     <span class='ocr_line' id='line_1_26' title="bbox 61 2522 1758 2596; baseline 0.003 -21"><span class='ocrx_word' id='word_1_196' title='bbox 61 2530 249 2576; x_wconf 85' lang='lat' dir='ltr'>rantes</span> <span class='ocrx_word' id='word_1_197' title='bbox 293 2522 454 2576; x_wconf 85' lang='lat' dir='ltr'>abire</span> <span class='ocrx_word' id='word_1_198' title='bbox 489 2524 767 2592; x_wconf 85' lang='lat' dir='ltr'>permisit.</span> <span class='ocrx_word' id='word_1_199' title='bbox 803 2523 962 2586; x_wconf 87' lang='lat' dir='ltr'>Quod</span> <span class='ocrx_word' id='word_1_200' title='bbox 1009 2525 1141 2595; x_wconf 88' lang='lat' dir='ltr'>quia</span> <span class='ocrx_word' id='word_1_201' title='bbox 1173 2525 1379 2595; x_wconf 87' lang='lat' dir='ltr'>spiritu</span> <span class='ocrx_word' id='word_1_202' title='bbox 1423 2527 1758 2596; x_wconf 87' lang='lat' dir='ltr'>prophetico</span> 
     </span>
    </p>
   </div>
   <div class='ocr_carea' id='block_1_27' title="bbox 61 2611 1759 2681">
    <p class='ocr_par' dir='ltr' id='par_1_27' title="bbox 61 2611 1759 2681">
     <span class='ocr_line' id='line_1_27' title="bbox 61 2611 1759 2681; baseline 0.004 -20"><span class='ocrx_word' id='word_1_203' title='bbox 61 2611 410 2681; x_wconf 72' lang='lat' dir='ltr'>praeviderit,</span> <span class='ocrx_word' id='word_1_204' title='bbox 461 2613 546 2666; x_wconf 89' lang='lat' dir='ltr'>rei</span> <span class='ocrx_word' id='word_1_205' title='bbox 611 2618 872 2681; x_wconf 88' lang='lat' dir='ltr'>patenter</span> <span class='ocrx_word' id='word_1_206' title='bbox 924 2613 1110 2666; x_wconf 80' lang='lat' dir='ltr'>exitus</span> <span class='ocrx_word' id='word_1_207' title='bbox 1161 2614 1427 2668; x_wconf 85' lang='lat' dir='ltr'>ostendit.</span> <span class='ocrx_word' id='word_1_208' title='bbox 1485 2615 1648 2681; x_wconf 88' lang='lat' dir='ltr'>Nam,</span> <span class='ocrx_word' id='word_1_209' title='bbox 1696 2621 1759 2668; x_wconf 89' lang='lat' dir='ltr'>ut</span> 
     </span>
    </p>
   </div>
   <div class='ocr_carea' id='block_1_28' title="bbox 62 2700 1756 2772">
    <p class='ocr_par' dir='ltr' id='par_1_28' title="bbox 62 2700 1756 2772">
     <span class='ocr_line' id='line_1_28' title="bbox 62 2700 1756 2772; baseline 0.002 -19"><span class='ocrx_word' id='word_1_210' title='bbox 62 2701 425 2768; x_wconf 64' lang='lat' dir='ltr'>praedixerat,</span> <span class='ocrx_word' id='word_1_211' title='bbox 475 2700 624 2754; x_wconf 89' lang='lat' dir='ltr'>infra</span> <span class='ocrx_word' id='word_1_212' title='bbox 671 2700 950 2769; x_wconf 84' lang='lat' dir='ltr'>majorem</span> <span class='ocrx_word' id='word_1_213' title='bbox 1002 2701 1257 2769; x_wconf 88' lang='lat' dir='ltr'>missam,</span> <span class='ocrx_word' id='word_1_214' title='bbox 1314 2702 1624 2772; x_wconf 83' lang='lat' dir='ltr'>incipiente</span> <span class='ocrx_word' id='word_1_215' title='bbox 1670 2720 1756 2756; x_wconf 91' lang='lat' dir='ltr'>se-</span> 
     </span>
    </p>
   </div>
   <div class='ocr_carea' id='block_1_29' title="bbox 57 2789 1758 2860">
    <p class='ocr_par' dir='ltr' id='par_1_29' title="bbox 57 2789 1758 2860">
     <span class='ocr_line' id='line_1_29' title="bbox 57 2789 1758 2860; baseline 0.003 -19"><span class='ocrx_word' id='word_1_216' title='bbox 57 2790 309 2859; x_wconf 86' lang='lat' dir='ltr'>quentia,</span> <span class='ocrx_word' id='word_1_217' title='bbox 345 2794 543 2842; x_wconf 85' lang='lat' dir='ltr'>sancta</span> <span class='ocrx_word' id='word_1_218' title='bbox 575 2789 727 2842; x_wconf 86' lang='lat' dir='ltr'>illius</span> <span class='ocrx_word' id='word_1_219' title='bbox 777 2789 968 2842; x_wconf 87' lang='lat' dir='ltr'>anima</span> <span class='ocrx_word' id='word_1_220' title='bbox 996 2791 1181 2844; x_wconf 90' lang='lat' dir='ltr'>carnis</span> <span class='ocrx_word' id='word_1_221' title='bbox 1219 2795 1304 2844; x_wconf 89' lang='lat' dir='ltr'>est</span> <span class='ocrx_word' id='word_1_222' title='bbox 1351 2793 1638 2860; x_wconf 87' lang='lat' dir='ltr'>ergastulo</span> <span class='ocrx_word' id='word_1_223' title='bbox 1668 2809 1758 2846; x_wconf 88' lang='lat' dir='ltr'>so-</span> 
     </span>
    </p>
   </div>
   <div class='ocr_carea' id='block_1_30' title="bbox 62 2878 1759 2949">
    <p class='ocr_par' dir='ltr' id='par_1_30' title="bbox 62 2878 1759 2949">
     <span class='ocr_line' id='line_1_30' title="bbox 62 2878 1759 2949; baseline 0.004 -21"><span class='ocrx_word' id='word_1_224' title='bbox 62 2878 186 2930; x_wconf 88' lang='lat' dir='ltr'>luta.</span> <span class='ocrx_word' id='word_1_225' title='bbox 241 2878 409 2930; x_wconf 82' lang='lat' dir='ltr'>Unde</span> <span class='ocrx_word' id='word_1_226' title='bbox 458 2879 756 2931; x_wconf 86' lang='lat' dir='ltr'>manifeste</span> <span class='ocrx_word' id='word_1_227' title='bbox 807 2879 976 2932; x_wconf 88' lang='lat' dir='ltr'>datur</span> <span class='ocrx_word' id='word_1_228' title='bbox 1024 2879 1290 2949; x_wconf 82' lang='lat' dir='ltr'>intelligi,</span> <span class='ocrx_word' id='word_1_229' title='bbox 1339 2879 1564 2934; x_wconf 85' lang='lat' dir='ltr'>beatam</span> <span class='ocrx_word' id='word_1_230' title='bbox 1611 2882 1759 2935; x_wconf 89' lang='lat' dir='ltr'>hanc</span> 
     </span>
    </p>
   </div>
   <div class='ocr_carea' id='block_1_31' title="bbox 1871 491 3567 563">
    <p class='ocr_par' dir='ltr' id='par_1_31' title="bbox 1871 491 3567 563">
     <span class='ocr_line' id='line_1_31' title="bbox 1871 491 3567 563; baseline 0.005 -21"><span class='ocrx_word' id='word_1_231' title='bbox 1871 493 1959 544; x_wconf 87' lang='lat' dir='ltr'>vel</span> <span class='ocrx_word' id='word_1_232' title='bbox 1998 491 2042 543; x_wconf 90' lang='lat' dir='ltr'>si</span> <span class='ocrx_word' id='word_1_233' title='bbox 2088 491 2396 561; x_wconf 86' lang='lat' dir='ltr'>quicquam</span> <span class='ocrx_word' id='word_1_234' title='bbox 2447 491 2688 559; x_wconf 88' lang='lat' dir='ltr'>obstitit,</span> <span class='ocrx_word' id='word_1_235' title='bbox 2732 499 2794 546; x_wconf 90' lang='lat' dir='ltr'>ut</span> <span class='ocrx_word' id='word_1_236' title='bbox 2824 493 2882 547; x_wconf 89' lang='lat' dir='ltr'>id</span> <span class='ocrx_word' id='word_1_237' title='bbox 2930 511 3046 547; x_wconf 90' lang='lat' dir='ltr'>non</span> <span class='ocrx_word' id='word_1_238' title='bbox 3080 500 3274 563; x_wconf 85' lang='lat' dir='ltr'>posset</span> <span class='ocrx_word' id='word_1_239' title='bbox 3320 496 3567 561; x_wconf 80' lang='lat' dir='ltr'>efficere,</span> 
     </span>
    </p>
   </div>
   <div class='ocr_carea' id='block_1_32' title="bbox 1871 581 3568 648">
    <p class='ocr_par' dir='ltr' id='par_1_32' title="bbox 1871 581 3568 648">
     <span class='ocr_line' id='line_1_32' title="bbox 1871 581 3568 648; baseline 0.005 -18"><span class='ocrx_word' id='word_1_240' title='bbox 1871 594 2191 648; x_wconf 86' lang='lat' dir='ltr'>numquam</span> <span class='ocrx_word' id='word_1_241' title='bbox 2225 585 2414 633; x_wconf 90' lang='lat' dir='ltr'>mente</span> <span class='ocrx_word' id='word_1_242' title='bbox 2453 581 2715 645; x_wconf 75' lang='lat' dir='ltr'>feriebat,</span> <span class='ocrx_word' id='word_1_243' title='bbox 2749 581 2928 635; x_wconf 89' lang='lat' dir='ltr'>donec</span> <span class='ocrx_word' id='word_1_244' title='bbox 2964 582 3235 635; x_wconf 87' lang='lat' dir='ltr'>violatam</span> <span class='ocrx_word' id='word_1_245' title='bbox 3274 584 3568 638; x_wconf 86' lang='lat' dir='ltr'>caritatem</span> 
     </span>
    </p>
   </div>
   <div class='ocr_carea' id='block_1_33' title="bbox 1873 667 3562 740">
    <p class='ocr_par' dir='ltr' id='par_1_33' title="bbox 1873 667 3562 740">
     <span class='ocr_line' id='line_1_33' title="bbox 1873 667 3562 740; baseline 0.004 -21"><span class='ocrx_word' id='word_1_246' title='bbox 1873 667 2234 722; x_wconf 84' lang='lat' dir='ltr'>reformabat.</span> <span class='ocrx_word' id='word_1_247' title='bbox 2281 669 2439 733; x_wconf 85' lang='lat' dir='ltr'>Quod</span> <span class='ocrx_word' id='word_1_248' title='bbox 2490 669 2662 723; x_wconf 90' lang='lat' dir='ltr'>etiam</span> <span class='ocrx_word' id='word_1_249' title='bbox 2710 674 2846 723; x_wconf 89' lang='lat' dir='ltr'>tunc</span> <span class='ocrx_word' id='word_1_250' title='bbox 2875 670 2934 723; x_wconf 91' lang='lat' dir='ltr'>in</span> <span class='ocrx_word' id='word_1_251' title='bbox 2966 670 3090 739; x_wconf 92' lang='lat' dir='ltr'>ipso</span> <span class='ocrx_word' id='word_1_252' title='bbox 3139 672 3282 725; x_wconf 87' lang='lat' dir='ltr'>festo</span> <span class='ocrx_word' id='word_1_253' title='bbox 3314 672 3562 740; x_wconf 85' lang='lat' dir='ltr'>singula-</span> 
     </span>
    </p>
   </div>
   <div class='ocr_carea' id='block_1_34' title="bbox 1871 756 3567 829">
    <p class='ocr_par' dir='ltr' id='par_1_34' title="bbox 1871 756 3567 829">
     <span class='ocr_line' id='line_1_34' title="bbox 1871 756 3567 829; baseline 0.004 -21"><span class='ocrx_word' id='word_1_254' title='bbox 1871 756 1951 809; x_wconf 88' lang='lat' dir='ltr'>ris</span> <span class='ocrx_word' id='word_1_255' title='bbox 1985 759 2298 812; x_wconf 82' lang='lat' dir='ltr'>nativitatis</span> <span class='ocrx_word' id='word_1_256' title='bbox 2348 758 2532 812; x_wconf 89' lang='lat' dir='ltr'>facere</span> <span class='ocrx_word' id='word_1_257' title='bbox 2582 757 2652 792; x_wconf 79' lang='grc'>¹⁸⁸</span> <span class='ocrx_word' id='word_1_258' title='bbox 2694 761 3008 829; x_wconf 86' lang='lat' dir='ltr'>prudenter</span> <span class='ocrx_word' id='word_1_259' title='bbox 3051 759 3256 813; x_wconf 87' lang='lat' dir='ltr'>institit</span> <span class='ocrx_word' id='word_1_260' title='bbox 3302 759 3390 815; x_wconf 73' lang='lat'>“’9.</span> <span class='ocrx_word' id='word_1_261' title='bbox 3429 762 3567 815; x_wconf 81' lang='lat' dir='ltr'>Nam</span> 
     </span>
    </p>
   </div>
   <div class='ocr_carea' id='block_1_35' title="bbox 1870 847 3566 919">
    <p class='ocr_par' dir='ltr' id='par_1_35' title="bbox 1870 847 3566 919">
     <span class='ocr_line' id='line_1_35' title="bbox 1870 847 3566 919; baseline 0.004 -22"><span class='ocrx_word' id='word_1_262' title='bbox 1870 851 2030 899; x_wconf 85' lang='lat' dir='ltr'>vetus</span> <span class='ocrx_word' id='word_1_263' title='bbox 2081 847 2299 913; x_wconf 89' lang='lat' dir='ltr'>odium,</span> <span class='ocrx_word' id='word_1_264' title='bbox 2369 848 2521 918; x_wconf 90' lang='lat' dir='ltr'>quod</span> <span class='ocrx_word' id='word_1_265' title='bbox 2592 848 3058 918; x_wconf 88' lang='lat' dir='ltr'>archiepiscopus</span> <span class='ocrx_word' id='word_1_266' title='bbox 3122 850 3444 919; x_wconf 88' lang='lat' dir='ltr'>Willegisus</span> <span class='ocrx_word' id='word_1_267' title='bbox 3498 852 3566 904; x_wconf 90' lang='lat' dir='ltr'>ad</span> 
     </span>
    </p>
   </div>
   <div class='ocr_carea' id='block_1_36' title="bbox 1871 933 3566 1006">
    <p class='ocr_par' dir='ltr' id='par_1_36' title="bbox 1871 933 3566 1006">
     <span class='ocr_line' id='line_1_36' title="bbox 1871 933 3566 1006; baseline 0.002 -20"><span class='ocrx_word' id='word_1_268' title='bbox 1871 933 2494 989; x_wconf 87' lang='lat' dir='ltr'>Hildenesheimensem</span> <span class='ocrx_word' id='word_1_269' title='bbox 2539 937 2942 990; x_wconf 86' lang='lat' dir='ltr'>Bernwardum</span> <span class='ocrx_word' id='word_1_270' title='bbox 2989 937 3324 1006; x_wconf 89' lang='lat' dir='ltr'>episcopum</span> <span class='ocrx_word' id='word_1_271' title='bbox 3375 936 3447 972; x_wconf 82' lang='grc'>¹⁹⁰</span> <span class='ocrx_word' id='word_1_272' title='bbox 3487 941 3566 992; x_wconf 89' lang='lat' dir='ltr'>le-</span> 
     </span>
    </p>
   </div>
   <div class='ocr_carea' id='block_1_37' title="bbox 1869 1022 3568 1094">
    <p class='ocr_par' dir='ltr' id='par_1_37' title="bbox 1869 1022 3568 1094">
     <span class='ocr_line' id='line_1_37' title="bbox 1869 1022 3568 1094; baseline 0.005 -22"><span class='ocrx_word' id='word_1_273' title='bbox 1869 1022 2032 1075; x_wconf 89' lang='lat' dir='ltr'>vibus</span> <span class='ocrx_word' id='word_1_274' title='bbox 2088 1023 2156 1077; x_wconf 91' lang='lat' dir='ltr'>de</span> <span class='ocrx_word' id='word_1_275' title='bbox 2213 1023 2397 1076; x_wconf 88' lang='lat' dir='ltr'>causis</span> <span class='ocrx_word' id='word_1_276' title='bbox 2429 1031 2789 1094; x_wconf 90' lang='lat' dir='ltr'>conceptum,</span> <span class='ocrx_word' id='word_1_277' title='bbox 2843 1025 3006 1077; x_wconf 71' lang='lat' dir='ltr'>saevis</span> <span class='ocrx_word' id='word_1_278' title='bbox 3052 1025 3270 1079; x_wconf 90' lang='lat' dir='ltr'>irarum</span> <span class='ocrx_word' id='word_1_279' title='bbox 3319 1026 3568 1080; x_wconf 88' lang='lat' dir='ltr'>stimulis</span> 
     </span>
    </p>
   </div>
   <div class='ocr_carea' id='block_1_38' title="bbox 1869 1109 3569 1185">
    <p class='ocr_par' dir='ltr' id='par_1_38' title="bbox 1869 1109 3569 1185">
     <span class='ocr_line' id='line_1_38' title="bbox 1869 1109 3569 1185; baseline 0.004 -23"><span class='ocrx_word' id='word_1_280' title='bbox 1869 1109 2383 1166; x_wconf 86' lang='lat' dir='ltr'>inremediabiliter</span> <span class='ocrx_word' id='word_1_281' title='bbox 2428 1112 2531 1166; x_wconf 88' lang='lat' dir='ltr'>sub</span> <span class='ocrx_word' id='word_1_282' title='bbox 2582 1119 2772 1166; x_wconf 90' lang='lat' dir='ltr'>mente</span> <span class='ocrx_word' id='word_1_283' title='bbox 2818 1114 3126 1179; x_wconf 87' lang='lat' dir='ltr'>nutriebat,</span> <span class='ocrx_word' id='word_1_284' title='bbox 3178 1115 3384 1185; x_wconf 70' lang='lat' dir='ltr'>szepius</span> <span class='ocrx_word' id='word_1_285' title='bbox 3424 1115 3569 1168; x_wconf 90' lang='lat' dir='ltr'>deli-</span> 
     </span>
    </p>
   </div>
   <div class='ocr_carea' id='block_1_39' title="bbox 1868 1199 3566 1269">
    <p class='ocr_par' dir='ltr' id='par_1_39' title="bbox 1868 1199 3566 1269">
     <span class='ocr_line' id='line_1_39' title="bbox 1868 1199 3566 1269; baseline 0.004 -19"><span class='ocrx_word' id='word_1_286' title='bbox 1868 1199 1994 1252; x_wconf 84' lang='lat' dir='ltr'>nire</span> <span class='ocrx_word' id='word_1_287' title='bbox 2036 1201 2292 1269; x_wconf 89' lang='lat' dir='ltr'>cupiens,</span> <span class='ocrx_word' id='word_1_288' title='bbox 2353 1201 2712 1254; x_wconf 87' lang='lat' dir='ltr'>animositate</span> <span class='ocrx_word' id='word_1_289' title='bbox 2750 1201 2903 1253; x_wconf 90' lang='lat' dir='ltr'>illius</span> <span class='ocrx_word' id='word_1_290' title='bbox 2945 1201 3127 1255; x_wconf 90' lang='lat' dir='ltr'>victus</span> <span class='ocrx_word' id='word_1_291' title='bbox 3174 1203 3410 1257; x_wconf 88' lang='lat' dir='ltr'>destitit.</span> <span class='ocrx_word' id='word_1_292' title='bbox 3464 1204 3566 1257; x_wconf 83' lang='lat' dir='ltr'>Ve-</span> 
     </span>
    </p>
   </div>
   <div class='ocr_carea' id='block_1_40' title="bbox 1870 1288 3566 1361">
    <p class='ocr_par' dir='ltr' id='par_1_40' title="bbox 1870 1288 3566 1361">
     <span class='ocr_line' id='line_1_40' title="bbox 1870 1288 3566 1361; baseline 0.003 -22"><span class='ocrx_word' id='word_1_293' title='bbox 1870 1292 2193 1341; x_wconf 88' lang='lat' dir='ltr'>rumtamen</span> <span class='ocrx_word' id='word_1_294' title='bbox 2226 1305 2416 1342; x_wconf 88' lang='lat' dir='ltr'>coram</span> <span class='ocrx_word' id='word_1_295' title='bbox 2450 1288 2646 1342; x_wconf 91' lang='lat' dir='ltr'>multis</span> <span class='ocrx_word' id='word_1_296' title='bbox 2693 1288 2973 1358; x_wconf 90' lang='lat' dir='ltr'>episcopis</span> <span class='ocrx_word' id='word_1_297' title='bbox 3023 1289 3264 1360; x_wconf 85' lang='lat' dir='ltr'>aliisque</span> <span class='ocrx_word' id='word_1_298' title='bbox 3296 1291 3566 1361; x_wconf 91' lang='lat' dir='ltr'>principi-</span> 
     </span>
    </p>
   </div>
   <div class='ocr_carea' id='block_1_41' title="bbox 1868 1373 3567 1448">
    <p class='ocr_par' dir='ltr' id='par_1_41' title="bbox 1868 1373 3567 1448">
     <span class='ocr_line' id='line_1_41' title="bbox 1868 1373 3567 1448; baseline 0.002 -20"><span class='ocrx_word' id='word_1_299' title='bbox 1868 1375 1995 1443; x_wconf 90' lang='lat' dir='ltr'>bus,</span> <span class='ocrx_word' id='word_1_300' title='bbox 2030 1377 2129 1446; x_wconf 94' lang='lat' dir='ltr'>qui</span> <span class='ocrx_word' id='word_1_301' title='bbox 2159 1373 2223 1410; x_wconf 82' lang='grc'>¹⁹¹</span> <span class='ocrx_word' id='word_1_302' title='bbox 2259 1378 2326 1431; x_wconf 91' lang='lat' dir='ltr'>ad</span> <span class='ocrx_word' id='word_1_303' title='bbox 2372 1377 2652 1446; x_wconf 86' lang='lat' dir='ltr'>palatium</span> <span class='ocrx_word' id='word_1_304' title='bbox 2685 1377 2745 1430; x_wconf 91' lang='lat' dir='ltr'>in</span> <span class='ocrx_word' id='word_1_305' title='bbox 2777 1377 2872 1430; x_wconf 89' lang='lat' dir='ltr'>illa</span> <span class='ocrx_word' id='word_1_306' title='bbox 2923 1379 3216 1448; x_wconf 74' lang='lat' dir='ltr'>praecipua</span> <span class='ocrx_word' id='word_1_307' title='bbox 3262 1379 3567 1432; x_wconf 84' lang='lat' dir='ltr'>festivitate</span> 
     </span>
    </p>
   </div>
   <div class='ocr_carea' id='block_1_42' title="bbox 1868 1464 3567 1531">
    <p class='ocr_par' dir='ltr' id='par_1_42' title="bbox 1868 1464 3567 1531">
     <span class='ocr_line' id='line_1_42' title="bbox 1868 1464 3567 1531; baseline 0 -11"><span class='ocrx_word' id='word_1_308' title='bbox 1868 1465 2255 1531; x_wconf 80' lang='lat' dir='ltr'>confluebant,</span> <span class='ocrx_word' id='word_1_309' title='bbox 2302 1464 2569 1518; x_wconf 69' lang='lat' dir='ltr'>illam192</span> <span class='ocrx_word' id='word_1_310' title='bbox 2615 1466 2982 1531; x_wconf 88' lang='lat' dir='ltr'>conveniens,</span> <span class='ocrx_word' id='word_1_311' title='bbox 3030 1469 3189 1518; x_wconf 88' lang='lat' dir='ltr'>tanta</span> <span class='ocrx_word' id='word_1_312' title='bbox 3233 1468 3567 1521; x_wconf 87' lang='lat' dir='ltr'>auctoritate</span> 
     </span>
    </p>
   </div>
   <div class='ocr_carea' id='block_1_43' title="bbox 1868 1551 3568 1624">
    <p class='ocr_par' dir='ltr' id='par_1_43' title="bbox 1868 1551 3568 1624">
     <span class='ocr_line' id='line_1_43' title="bbox 1868 1551 3568 1624; baseline 0.001 -18"><span class='ocrx_word' id='word_1_313' title='bbox 1868 1552 2242 1624; x_wconf 87' lang='lat' dir='ltr'>pertinaciam</span> <span class='ocrx_word' id='word_1_314' title='bbox 2273 1552 2453 1604; x_wconf 90' lang='lat' dir='ltr'>animi</span> <span class='ocrx_word' id='word_1_315' title='bbox 2485 1551 2640 1606; x_wconf 90' lang='lat' dir='ltr'>illius</span> <span class='ocrx_word' id='word_1_316' title='bbox 2677 1551 2747 1585; x_wconf 75' lang='lat'>‘93</span> <span class='ocrx_word' id='word_1_317' title='bbox 2784 1552 2960 1622; x_wconf 87' lang='lat' dir='ltr'>digna</span> <span class='ocrx_word' id='word_1_318' title='bbox 2993 1552 3312 1607; x_wconf 89' lang='lat' dir='ltr'>invectione</span> <span class='ocrx_word' id='word_1_319' title='bbox 3343 1557 3568 1607; x_wconf 80' lang='lat' dir='ltr'>confre-</span> 
     </span>
    </p>
   </div>
   <div class='ocr_carea' id='block_1_44' title="bbox 1869 1641 3570 1712">
    <p class='ocr_par' dir='ltr' id='par_1_44' title="bbox 1869 1641 3570 1712">
     <span class='ocr_line' id='line_1_44' title="bbox 1869 1641 3570 1712; baseline -0.001 -17"><span class='ocrx_word' id='word_1_320' title='bbox 1869 1644 1971 1712; x_wconf 87' lang='lat' dir='ltr'>git,</span> <span class='ocrx_word' id='word_1_321' title='bbox 2006 1647 2067 1695; x_wconf 92' lang='lat' dir='ltr'>ut</span> <span class='ocrx_word' id='word_1_322' title='bbox 2114 1658 2172 1694; x_wconf 88' lang='lat' dir='ltr'>se</span> <span class='ocrx_word' id='word_1_323' title='bbox 2213 1645 2506 1710; x_wconf 89' lang='lat' dir='ltr'>totamque</span> <span class='ocrx_word' id='word_1_324' title='bbox 2555 1641 3004 1695; x_wconf 86' lang='lat' dir='ltr'>controversiam</span> <span class='ocrx_word' id='word_1_325' title='bbox 3053 1641 3209 1694; x_wconf 90' lang='lat' dir='ltr'>illius</span> <span class='ocrx_word' id='word_1_326' title='bbox 3248 1641 3467 1711; x_wconf 85' lang='lat' dir='ltr'>judicio</span> <span class='ocrx_word' id='word_1_327' title='bbox 3516 1648 3570 1694; x_wconf 91' lang='lat' dir='ltr'>et</span> 
     </span>
    </p>
   </div>
   <div class='ocr_carea' id='block_1_45' title="bbox 1869 1727 3570 1800">
    <p class='ocr_par' dir='ltr' id='par_1_45' title="bbox 1869 1727 3570 1800">
     <span class='ocr_line' id='line_1_45' title="bbox 1869 1727 3570 1800; baseline -0.001 -16"><span class='ocrx_word' id='word_1_328' title='bbox 1869 1732 2110 1784; x_wconf 87' lang='lat' dir='ltr'>fratrum</span> <span class='ocrx_word' id='word_1_329' title='bbox 2159 1730 2520 1784; x_wconf 86' lang='lat' dir='ltr'>submitteret</span> <span class='ocrx_word' id='word_1_330' title='bbox 2554 1727 2646 1797; x_wconf 64' lang='lat'>‘9“,</span> <span class='ocrx_word' id='word_1_331' title='bbox 2701 1735 2758 1783; x_wconf 87' lang='lat' dir='ltr'>et</span> <span class='ocrx_word' id='word_1_332' title='bbox 2786 1729 2845 1782; x_wconf 90' lang='lat' dir='ltr'>in</span> <span class='ocrx_word' id='word_1_333' title='bbox 2891 1731 3050 1782; x_wconf 90' lang='lat' dir='ltr'>nullo</span> <span class='ocrx_word' id='word_1_334' title='bbox 3097 1731 3182 1784; x_wconf 90' lang='lat' dir='ltr'>vel</span> <span class='ocrx_word' id='word_1_335' title='bbox 3232 1731 3355 1799; x_wconf 86' lang='lat' dir='ltr'>ejus</span> <span class='ocrx_word' id='word_1_336' title='bbox 3393 1731 3570 1800; x_wconf 86' lang='lat' dir='ltr'>jussis</span> 
     </span>
    </p>
   </div>
   <div class='ocr_carea' id='block_1_46' title="bbox 1868 1815 3559 1887">
    <p class='ocr_par' dir='ltr' id='par_1_46' title="bbox 1868 1815 3559 1887">
     <span class='ocr_line' id='line_1_46' title="bbox 1868 1815 3559 1887; baseline -0.001 -16"><span class='ocrx_word' id='word_1_337' title='bbox 1868 1821 1956 1873; x_wconf 89' lang='lat' dir='ltr'>vel</span> <span class='ocrx_word' id='word_1_338' title='bbox 2003 1819 2247 1872; x_wconf 87' lang='lat' dir='ltr'>fratrum</span> <span class='ocrx_word' id='word_1_339' title='bbox 2297 1818 2444 1872; x_wconf 89' lang='lat' dir='ltr'>votis</span> <span class='ocrx_word' id='word_1_340' title='bbox 2488 1818 2740 1872; x_wconf 87' lang='lat' dir='ltr'>obstaret</span> <span class='ocrx_word' id='word_1_341' title='bbox 2790 1815 2878 1871; x_wconf 74' lang='lat'>‘95.</span> <span class='ocrx_word' id='word_1_342' title='bbox 2943 1817 3156 1871; x_wconf 89' lang='lat' dir='ltr'>Deinde</span> <span class='ocrx_word' id='word_1_343' title='bbox 3211 1818 3559 1887; x_wconf 84' lang='lat' dir='ltr'>sapientissi-</span> 
     </span>
    </p>
   </div>
   <div class='ocr_carea' id='block_1_47' title="bbox 1869 1904 3570 1977">
    <p class='ocr_par' dir='ltr' id='par_1_47' title="bbox 1869 1904 3570 1977">
     <span class='ocr_line' id='line_1_47' title="bbox 1869 1904 3570 1977; baseline -0.001 -18"><span class='ocrx_word' id='word_1_344' title='bbox 1869 1923 1997 1960; x_wconf 89' lang='lat' dir='ltr'>mus</span> <span class='ocrx_word' id='word_1_345' title='bbox 2043 1923 2142 1960; x_wconf 85' lang='lat' dir='ltr'>rex</span> <span class='ocrx_word' id='word_1_346' title='bbox 2183 1906 2392 1976; x_wconf 71' lang='lat' dir='ltr'>saepius</span> <span class='ocrx_word' id='word_1_347' title='bbox 2429 1906 2804 1977; x_wconf 89' lang='lat' dir='ltr'>interceptam</span> <span class='ocrx_word' id='word_1_348' title='bbox 2857 1904 2925 1940; x_wconf 72' lang='lat'>‘95</span> <span class='ocrx_word' id='word_1_349' title='bbox 2961 1906 3570 1960; x_wconf 84' lang='lat' dir='ltr'>Gandenesheimensis</span> 
     </span>
    </p>
   </div>
   <div class='ocr_carea' id='block_1_48' title="bbox 1869 1995 3570 2064">
    <p class='ocr_par' dir='ltr' id='par_1_48' title="bbox 1869 1995 3570 2064">
     <span class='ocr_line' id='line_1_48' title="bbox 1869 1995 3570 2064; baseline 0.001 -17"><span class='ocrx_word' id='word_1_350' title='bbox 1869 1995 2121 2048; x_wconf 73' lang='lat' dir='ltr'>ecclesiae</span> <span class='ocrx_word' id='word_1_351' title='bbox 2175 1995 2594 2048; x_wconf 90' lang='lat' dir='ltr'>dedicationem</span> <span class='ocrx_word' id='word_1_352' title='bbox 2639 1995 2697 2048; x_wconf 90' lang='lat' dir='ltr'>in</span> <span class='ocrx_word' id='word_1_353' title='bbox 2760 1995 2956 2064; x_wconf 83' lang='lat' dir='ltr'>vigilia</span> <span class='ocrx_word' id='word_1_354' title='bbox 3013 1995 3339 2064; x_wconf 68' lang='lat' dir='ltr'>epiplianiaa</span> <span class='ocrx_word' id='word_1_355' title='bbox 3383 1996 3570 2049; x_wconf 86' lang='lat' dir='ltr'>Domi-</span> 
     </span>
    </p>
   </div>
   <div class='ocr_carea' id='block_1_49' title="bbox 1871 2081 3566 2152">
    <p class='ocr_par' dir='ltr' id='par_1_49' title="bbox 1871 2081 3566 2152">
     <span class='ocr_line' id='line_1_49' title="bbox 1871 2081 3566 2152; baseline -0.001 -17"><span class='ocrx_word' id='word_1_356' title='bbox 1871 2081 1931 2135; x_wconf 90' lang='lat' dir='ltr'>ni</span> <span class='ocrx_word' id='word_1_357' title='bbox 1982 2081 2210 2146; x_wconf 87' lang='lat' dir='ltr'>indixit,</span> <span class='ocrx_word' id='word_1_358' title='bbox 2256 2098 2386 2152; x_wconf 64' lang='lat' dir='ltr'>qua;</span> <span class='ocrx_word' id='word_1_359' title='bbox 2431 2089 2569 2135; x_wconf 89' lang='lat' dir='ltr'>tunc</span> <span class='ocrx_word' id='word_1_360' title='bbox 2614 2081 2801 2151; x_wconf 87' lang='lat' dir='ltr'>prima</span> <span class='ocrx_word' id='word_1_361' title='bbox 2849 2081 2990 2135; x_wconf 88' lang='lat' dir='ltr'>feria</span> <span class='ocrx_word' id='word_1_362' title='bbox 3023 2082 3337 2135; x_wconf 69' lang='lat' dir='ltr'>Dominicas</span> <span class='ocrx_word' id='word_1_363' title='bbox 3382 2098 3566 2135; x_wconf 89' lang='lat' dir='ltr'>resur-</span> 
     </span>
    </p>
   </div>
   <div class='ocr_carea' id='block_1_50' title="bbox 1869 2170 3567 2239">
    <p class='ocr_par' dir='ltr' id='par_1_50' title="bbox 1869 2170 3567 2239">
     <span class='ocr_line' id='line_1_50' title="bbox 1869 2170 3567 2239; baseline 0 -16"><span class='ocrx_word' id='word_1_364' title='bbox 1869 2171 2136 2224; x_wconf 88' lang='lat' dir='ltr'>rectionis</span> <span class='ocrx_word' id='word_1_365' title='bbox 2184 2171 2424 2239; x_wconf 87' lang='lat' dir='ltr'>accidit;</span> <span class='ocrx_word' id='word_1_366' title='bbox 2472 2171 2815 2224; x_wconf 89' lang='lat' dir='ltr'>velationem</span> <span class='ocrx_word' id='word_1_367' title='bbox 2860 2170 3032 2222; x_wconf 88' lang='lat' dir='ltr'>etiam</span> <span class='ocrx_word' id='word_1_368' title='bbox 3089 2171 3428 2223; x_wconf 89' lang='lat' dir='ltr'>ancillarum</span> <span class='ocrx_word' id='word_1_369' title='bbox 3471 2171 3567 2223; x_wconf 89' lang='lat' dir='ltr'>Dei</span> 
     </span>
    </p>
   </div>
   <div class='ocr_carea' id='block_1_51' title="bbox 1868 2258 3565 2329">
    <p class='ocr_par' dir='ltr' id='par_1_51' title="bbox 1868 2258 3565 2329">
     <span class='ocr_line' id='line_1_51' title="bbox 1868 2258 3565 2329; baseline 0 -18"><span class='ocrx_word' id='word_1_370' title='bbox 1868 2258 1928 2312; x_wconf 85' lang='lat' dir='ltr'>in</span> <span class='ocrx_word' id='word_1_371' title='bbox 1969 2259 2092 2328; x_wconf 87' lang='lat' dir='ltr'>ipsa</span> <span class='ocrx_word' id='word_1_372' title='bbox 2122 2258 2214 2312; x_wconf 89' lang='lat' dir='ltr'>die</span> <span class='ocrx_word' id='word_1_373' title='bbox 2245 2259 2707 2329; x_wconf 87' lang='lat' dir='ltr'>epiphaniarum.</span> <span class='ocrx_word' id='word_1_374' title='bbox 2763 2258 3114 2311; x_wconf 88' lang='lat' dir='ltr'>Venerabilis</span> <span class='ocrx_word' id='word_1_375' title='bbox 3143 2259 3319 2327; x_wconf 88' lang='lat' dir='ltr'>igitur</span> <span class='ocrx_word' id='word_1_376' title='bbox 3349 2260 3565 2328; x_wconf 86' lang='lat' dir='ltr'>episco-</span> 
     </span>
    </p>
   </div>
   <div class='ocr_carea' id='block_1_52' title="bbox 1870 2346 3567 2418">
    <p class='ocr_par' dir='ltr' id='par_1_52' title="bbox 1870 2346 3567 2418">
     <span class='ocr_line' id='line_1_52' title="bbox 1870 2346 3567 2418; baseline 0.001 -19"><span class='ocrx_word' id='word_1_377' title='bbox 1870 2364 1976 2418; x_wconf 91' lang='lat' dir='ltr'>pus</span> <span class='ocrx_word' id='word_1_378' title='bbox 2023 2348 2390 2401; x_wconf 85' lang='lat' dir='ltr'>Bernwardus</span> <span class='ocrx_word' id='word_1_379' title='bbox 2433 2347 2782 2417; x_wconf 84' lang='lat' dir='ltr'>Willegisum</span> <span class='ocrx_word' id='word_1_380' title='bbox 2827 2346 3326 2416; x_wconf 88' lang='lat' dir='ltr'>archiepiscopum</span> <span class='ocrx_word' id='word_1_381' title='bbox 3367 2354 3420 2400; x_wconf 86' lang='lat' dir='ltr'>et</span> <span class='ocrx_word' id='word_1_382' title='bbox 3454 2363 3567 2400; x_wconf 68' lang='lat' dir='ltr'>caa—</span> 
     </span>
    </p>
   </div>
   <div class='ocr_carea' id='block_1_53' title="bbox 1869 2435 3567 2489">
    <p class='ocr_par' dir='ltr' id='par_1_53' title="bbox 1869 2435 3567 2489">
     <span class='ocr_line' id='line_1_53' title="bbox 1869 2435 3567 2489; baseline 0 -1"><span class='ocrx_word' id='word_1_383' title='bbox 1869 2442 2021 2489; x_wconf 88' lang='lat' dir='ltr'>teros</span> <span class='ocrx_word' id='word_1_384' title='bbox 2083 2436 2286 2489; x_wconf 85' lang='lat' dir='ltr'>fratres</span> <span class='ocrx_word' id='word_1_385' title='bbox 2353 2436 2412 2489; x_wconf 91' lang='lat' dir='ltr'>in</span> <span class='ocrx_word' id='word_1_386' title='bbox 2477 2437 2752 2489; x_wconf 83' lang='lat' dir='ltr'>auxilium</span> <span class='ocrx_word' id='word_1_387' title='bbox 2807 2435 2897 2488; x_wconf 89' lang='lat' dir='ltr'>sui</span> <span class='ocrx_word' id='word_1_388' title='bbox 2953 2437 3023 2489; x_wconf 89' lang='lat' dir='ltr'>ad</span> <span class='ocrx_word' id='word_1_389' title='bbox 3082 2437 3567 2488; x_wconf 87' lang='lat' dir='ltr'>consecrationem</span> 
     </span>
    </p>
   </div>
   <div class='ocr_carea' id='block_1_54' title="bbox 1870 2524 3564 2595">
    <p class='ocr_par' dir='ltr' id='par_1_54' title="bbox 1870 2524 3564 2595">
     <span class='ocr_line' id='line_1_54' title="bbox 1870 2524 3564 2595; baseline -0.002 -17"><span class='ocrx_word' id='word_1_390' title='bbox 1870 2524 2217 2595; x_wconf 62' lang='lat' dir='ltr'>praescripta:</span> <span class='ocrx_word' id='word_1_391' title='bbox 2271 2525 2540 2578; x_wconf 69' lang='lat' dir='ltr'>mcclesite</span> <span class='ocrx_word' id='word_1_392' title='bbox 2593 2525 2855 2578; x_wconf 79' lang='lat' dir='ltr'>invitavit</span> <span class='ocrx_word' id='word_1_393' title='bbox 2915 2526 3029 2591; x_wconf 87' lang='lat' dir='ltr'>(an.</span> <span class='ocrx_word' id='word_1_394' title='bbox 3085 2524 3239 2590; x_wconf 85' lang='lat' dir='ltr'>l007,</span> <span class='ocrx_word' id='word_1_395' title='bbox 3293 2525 3428 2576; x_wconf 85' lang='lat' dir='ltr'>Jan.</span> <span class='ocrx_word' id='word_1_396' title='bbox 3490 2524 3564 2592; x_wconf 78' lang='grc'>5).</span> 
     </span>
    </p>
   </div>
   <div class='ocr_carea' id='block_1_55' title="bbox 1871 2611 3568 2681">
    <p class='ocr_par' dir='ltr' id='par_1_55' title="bbox 1871 2611 3568 2681">
     <span class='ocr_line' id='line_1_55' title="bbox 1871 2611 3568 2681; baseline -0.001 -15"><span class='ocrx_word' id='word_1_397' title='bbox 1871 2614 1983 2667; x_wconf 87' lang='lat' dir='ltr'>Nec</span> <span class='ocrx_word' id='word_1_398' title='bbox 2017 2629 2198 2678; x_wconf 87' lang='lat' dir='ltr'>mora,</span> <span class='ocrx_word' id='word_1_399' title='bbox 2250 2613 2410 2666; x_wconf 86' lang='lat' dir='ltr'>adest</span> <span class='ocrx_word' id='word_1_400' title='bbox 2456 2629 2614 2666; x_wconf 88' lang='lat' dir='ltr'>sacra</span> <span class='ocrx_word' id='word_1_401' title='bbox 2643 2612 3078 2681; x_wconf 84' lang='lat' dir='ltr'>sollempnitas;</span> <span class='ocrx_word' id='word_1_402' title='bbox 3123 2611 3568 2664; x_wconf 81' lang='lat' dir='ltr'>consecrationis</span> 
     </span>
    </p>
   </div>
   <div class='ocr_carea' id='block_1_56' title="bbox 1873 2699 3568 2771">
    <p class='ocr_par' dir='ltr' id='par_1_56' title="bbox 1873 2699 3568 2771">
     <span class='ocr_line' id='line_1_56' title="bbox 1873 2699 3568 2771; baseline -0.002 -16"><span class='ocrx_word' id='word_1_403' title='bbox 1873 2702 2126 2756; x_wconf 89' lang='lat' dir='ltr'>misteria</span> <span class='ocrx_word' id='word_1_404' title='bbox 2165 2718 2232 2754; x_wconf 90' lang='lat' dir='ltr'>ex</span> <span class='ocrx_word' id='word_1_405' title='bbox 2259 2707 2544 2771; x_wconf 74' lang='lat' dir='ltr'>prtecepto</span> <span class='ocrx_word' id='word_1_406' title='bbox 2576 2701 2774 2754; x_wconf 92' lang='lat' dir='ltr'>domni</span> <span class='ocrx_word' id='word_1_407' title='bbox 2803 2700 3132 2755; x_wconf 87' lang='lat' dir='ltr'>Bernwardi</span> <span class='ocrx_word' id='word_1_408' title='bbox 3164 2700 3416 2768; x_wconf 89' lang='lat' dir='ltr'>episcopi</span> <span class='ocrx_word' id='word_1_409' title='bbox 3447 2699 3568 2753; x_wconf 90' lang='lat' dir='ltr'>dis-</span> 
     </span>
    </p>
   </div>
   <div class='ocr_carea' id='block_1_57' title="bbox 1870 2788 3564 2860">
    <p class='ocr_par' dir='ltr' id='par_1_57' title="bbox 1870 2788 3564 2860">
     <span class='ocr_line' id='line_1_57' title="bbox 1870 2788 3564 2860; baseline -0.002 -17"><span class='ocrx_word' id='word_1_410' title='bbox 1870 2795 2191 2860; x_wconf 88' lang='lat' dir='ltr'>ponuntur;</span> <span class='ocrx_word' id='word_1_411' title='bbox 2241 2791 2386 2843; x_wconf 80' lang='lat' dir='ltr'>fiunt</span> <span class='ocrx_word' id='word_1_412' title='bbox 2429 2791 2626 2843; x_wconf 89' lang='lat' dir='ltr'>omnia</span> <span class='ocrx_word' id='word_1_413' title='bbox 2674 2790 2925 2843; x_wconf 89' lang='lat' dir='ltr'>fraterna</span> <span class='ocrx_word' id='word_1_414' title='bbox 2966 2788 3220 2851; x_wconf 86' lang='lat' dir='ltr'>caritate,</span> <span class='ocrx_word' id='word_1_415' title='bbox 3263 2788 3342 2840; x_wconf 90' lang='lat' dir='ltr'>ita</span> <span class='ocrx_word' id='word_1_416' title='bbox 3385 2793 3446 2841; x_wconf 90' lang='lat' dir='ltr'>ut</span> <span class='ocrx_word' id='word_1_417' title='bbox 3474 2804 3564 2840; x_wconf 87' lang='lat' dir='ltr'>ar-</span> 
     </span>
    </p>
   </div>
   <div class='ocr_carea' id='block_1_58' title="bbox 1869 2877 3563 2949">
    <p class='ocr_par' dir='ltr' id='par_1_58' title="bbox 1869 2877 3563 2949">
     <span class='ocr_line' id='line_1_58' title="bbox 1869 2877 3563 2949; baseline -0.002 -17"><span class='ocrx_word' id='word_1_418' title='bbox 1869 2878 2263 2949; x_wconf 85' lang='lat' dir='ltr'>chiepiscOpus</span> <span class='ocrx_word' id='word_1_419' title='bbox 2302 2879 2361 2932; x_wconf 90' lang='lat' dir='ltr'>in</span> <span class='ocrx_word' id='word_1_420' title='bbox 2409 2879 2737 2948; x_wconf 84' lang='lat' dir='ltr'>aspersione</span> <span class='ocrx_word' id='word_1_421' title='bbox 2785 2877 3038 2948; x_wconf 88' lang='lat' dir='ltr'>primum</span> <span class='ocrx_word' id='word_1_422' title='bbox 3088 2878 3274 2930; x_wconf 89' lang='lat' dir='ltr'>locum</span> <span class='ocrx_word' id='word_1_423' title='bbox 3325 2881 3563 2941; x_wconf 87' lang='lat' dir='ltr'>teneret,</span> 
     </span>
    </p>
   </div>
   <div class='ocr_carea' id='block_1_59' title="bbox 60 2962 3565 3039">
    <p class='ocr_par' dir='ltr' id='par_1_59' title="bbox 60 2962 3565 3039">
     <span class='ocr_line' id='line_1_59' title="bbox 60 2962 3565 3039; baseline 0 -23"><span class='ocrx_word' id='word_1_424' title='bbox 60 2967 331 3019; x_wconf 81' lang='lat' dir='ltr'>feuiinam</span> <span class='ocrx_word' id='word_1_425' title='bbox 361 2967 494 3035; x_wconf 89' lang='lat' dir='ltr'>plus</span> <span class='ocrx_word' id='word_1_426' title='bbox 524 2966 738 3036; x_wconf 89' lang='lat' dir='ltr'>aliquid</span> <span class='ocrx_word' id='word_1_427' title='bbox 769 2966 989 3020; x_wconf 71' lang='lat' dir='ltr'>caeteris</span> <span class='ocrx_word' id='word_1_428' title='bbox 1017 2968 1355 3020; x_wconf 86' lang='lat' dir='ltr'>mortalibus</span> <span class='ocrx_word' id='word_1_429' title='bbox 1385 2969 1592 3022; x_wconf 57' lang='lat' dir='ltr'>divina</span> <span class='ocrx_word' id='word_1_430' title='bbox 1621 2985 1755 3039; x_wconf 89' lang='lat' dir='ltr'>gra-</span> <span class='ocrx_word' id='word_1_431' title='bbox 1790 2962 1830 3016; x_wconf 87' lang='lat' dir='ltr'><strong>C</strong></span> <span class='ocrx_word' id='word_1_432' title='bbox 1867 2976 1922 3022; x_wconf 86' lang='lat' dir='ltr'>et</span> <span class='ocrx_word' id='word_1_433' title='bbox 1950 2985 2077 3021; x_wconf 87' lang='lat' dir='ltr'>cum</span> <span class='ocrx_word' id='word_1_434' title='bbox 2109 2968 2208 3021; x_wconf 90' lang='lat' dir='ltr'>illo</span> <span class='ocrx_word' id='word_1_435' title='bbox 2257 2967 2557 3038; x_wconf 90' lang='lat' dir='ltr'>episcopus</span> <span class='ocrx_word' id='word_1_436' title='bbox 2603 2967 2997 3020; x_wconf 84' lang='lat' dir='ltr'>Bernwardus.</span> <span class='ocrx_word' id='word_1_437' title='bbox 3039 2967 3101 3019; x_wconf 88' lang='lat' dir='ltr'>In</span> <span class='ocrx_word' id='word_1_438' title='bbox 3131 2966 3386 3018; x_wconf 61' lang='lat' dir='ltr'>{ecclesia</span> <span class='ocrx_word' id='word_1_439' title='bbox 3432 2981 3565 3018; x_wconf 88' lang='lat' dir='ltr'>vero</span> 
     </span>
    </p>
   </div>
   <div class='ocr_carea' id='block_1_60' title="bbox 61 3053 1758 3123">
    <p class='ocr_par' dir='ltr' id='par_1_60' title="bbox 61 3053 1758 3123">
     <span class='ocr_line' id='line_1_60' title="bbox 61 3053 1758 3123; baseline 0.003 -17"><span class='ocrx_word' id='word_1_440' title='bbox 61 3054 146 3106; x_wconf 71' lang='lat' dir='ltr'>tite</span> <span class='ocrx_word' id='word_1_441' title='bbox 175 3055 534 3123; x_wconf 87' lang='lat' dir='ltr'>concepisse,</span> <span class='ocrx_word' id='word_1_442' title='bbox 566 3053 656 3106; x_wconf 91' lang='lat' dir='ltr'>cui</span> <span class='ocrx_word' id='word_1_443' title='bbox 701 3070 816 3107; x_wconf 91' lang='lat' dir='ltr'>non</span> <span class='ocrx_word' id='word_1_444' title='bbox 851 3055 1034 3108; x_wconf 89' lang='lat' dir='ltr'>solum</span> <span class='ocrx_word' id='word_1_445' title='bbox 1069 3071 1185 3108; x_wconf 70' lang='lat' dir='ltr'>suae</span> <span class='ocrx_word' id='word_1_446' title='bbox 1224 3056 1408 3108; x_wconf 90' lang='lat' dir='ltr'>carnis</span> <span class='ocrx_word' id='word_1_447' title='bbox 1455 3057 1758 3111; x_wconf 85' lang='lat' dir='ltr'>absolutio-</span> 
     </span>
    </p>
   </div>
   <div class='ocr_carea' id='block_1_61' title="bbox 63 3142 1754 3214">
    <p class='ocr_par' dir='ltr' id='par_1_61' title="bbox 63 3142 1754 3214">
     <span class='ocr_line' id='line_1_61' title="bbox 63 3142 1754 3214; baseline 0.002 -20"><span class='ocrx_word' id='word_1_448' title='bbox 63 3159 179 3195; x_wconf 89' lang='lat' dir='ltr'>nem</span> <span class='ocrx_word' id='word_1_449' title='bbox 213 3150 337 3196; x_wconf 88' lang='lat' dir='ltr'>tam</span> <span class='ocrx_word' id='word_1_450' title='bbox 375 3142 671 3196; x_wconf 85' lang='lat' dir='ltr'>evidenter</span> <span class='ocrx_word' id='word_1_451' title='bbox 701 3158 1034 3195; x_wconf 86' lang='lat' dir='ltr'>concessum</span> <span class='ocrx_word' id='word_1_452' title='bbox 1065 3147 1148 3196; x_wconf 90' lang='lat' dir='ltr'>est</span> <span class='ocrx_word' id='word_1_453' title='bbox 1185 3144 1450 3212; x_wconf 69' lang='lat' dir='ltr'>praescire</span> <span class='ocrx_word' id='word_1_454' title='bbox 1482 3145 1754 3214; x_wconf 89' lang='lat' dir='ltr'>potuisse,</span> 
     </span>
    </p>
   </div>
   <div class='ocr_carea' id='block_1_62' title="bbox 60 3231 1756 3301">
    <p class='ocr_par' dir='ltr' id='par_1_62' title="bbox 60 3231 1756 3301">
     <span class='ocr_line' id='line_1_62' title="bbox 60 3231 1756 3301; baseline 0.005 -22"><span class='ocrx_word' id='word_1_455' title='bbox 60 3249 252 3285; x_wconf 78' lang='lat' dir='ltr'>verum</span> <span class='ocrx_word' id='word_1_456' title='bbox 285 3232 464 3284; x_wconf 87' lang='lat' dir='ltr'>etiam</span> <span class='ocrx_word' id='word_1_457' title='bbox 513 3247 580 3284; x_wconf 91' lang='lat' dir='ltr'>eo</span> <span class='ocrx_word' id='word_1_458' title='bbox 612 3231 701 3284; x_wconf 90' lang='lat' dir='ltr'>die</span> <span class='ocrx_word' id='word_1_459' title='bbox 744 3231 1041 3301; x_wconf 71' lang='lat' dir='ltr'>praesentis</span> <span class='ocrx_word' id='word_1_460' title='bbox 1090 3231 1217 3285; x_wconf 72' lang='lat' dir='ltr'>vitae</span> <span class='ocrx_word' id='word_1_461' title='bbox 1249 3232 1539 3286; x_wconf 90' lang='lat' dir='ltr'>miseriam</span> <span class='ocrx_word' id='word_1_462' title='bbox 1577 3233 1756 3288; x_wconf 85' lang='lat' dir='ltr'>felici-</span> 
     </span>
    </p>
   </div>
   <div class='ocr_carea' id='block_1_63' title="bbox 60 3319 1756 3390">
    <p class='ocr_par' dir='ltr' id='par_1_63' title="bbox 60 3319 1756 3390">
     <span class='ocr_line' id='line_1_63' title="bbox 60 3319 1756 3390; baseline 0.001 -18"><span class='ocrx_word' id='word_1_463' title='bbox 60 3328 138 3373; x_wconf 83' lang='lat' dir='ltr'>ter</span> <span class='ocrx_word' id='word_1_464' title='bbox 164 3323 442 3385; x_wconf 83' lang='lat' dir='ltr'>evasisse,</span> <span class='ocrx_word' id='word_1_465' title='bbox 493 3319 647 3390; x_wconf 90' lang='lat' dir='ltr'>quod</span> <span class='ocrx_word' id='word_1_466' title='bbox 681 3320 746 3372; x_wconf 88' lang='lat' dir='ltr'>ad</span> <span class='ocrx_word' id='word_1_467' title='bbox 783 3335 910 3372; x_wconf 86' lang='lat' dir='ltr'>eam</span> <span class='ocrx_word' id='word_1_468' title='bbox 957 3336 1062 3389; x_wconf 89' lang='lat' dir='ltr'>pro</span> <span class='ocrx_word' id='word_1_469' title='bbox 1101 3319 1278 3373; x_wconf 90' lang='lat' dir='ltr'>totius</span> <span class='ocrx_word' id='word_1_470' title='bbox 1328 3320 1529 3374; x_wconf 90' lang='lat' dir='ltr'>mundi</span> <span class='ocrx_word' id='word_1_471' title='bbox 1576 3321 1756 3374; x_wconf 87' lang='lat' dir='ltr'>salute</span> 
     </span>
    </p>
   </div>
   <div class='ocr_carea' id='block_1_64' title="bbox 58 3407 1756 3477">
    <p class='ocr_par' dir='ltr' id='par_1_64' title="bbox 58 3407 1756 3477">
     <span class='ocr_line' id='line_1_64' title="bbox 58 3407 1756 3477; baseline 0.001 -17"><span class='ocrx_word' id='word_1_472' title='bbox 58 3409 422 3462; x_wconf 83' lang='lat' dir='ltr'>tolerandam</span> <span class='ocrx_word' id='word_1_473' title='bbox 470 3408 818 3477; x_wconf 80' lang='lat' dir='ltr'>Redemptor</span> <span class='ocrx_word' id='word_1_474' title='bbox 847 3407 1086 3461; x_wconf 89' lang='lat' dir='ltr'>humani</span> <span class='ocrx_word' id='word_1_475' title='bbox 1133 3407 1359 3477; x_wconf 85' lang='lat' dir='ltr'>generis</span> <span class='ocrx_word' id='word_1_476' title='bbox 1390 3423 1452 3460; x_wconf 88' lang='lat' dir='ltr'>ex</span> <span class='ocrx_word' id='word_1_477' title='bbox 1487 3408 1756 3462; x_wconf 83' lang='lat' dir='ltr'>inviolato</span> 
     </span>
    </p>
   </div>
   <div class='ocr_carea' id='block_1_65' title="bbox 61 3496 1754 3568">
    <p class='ocr_par' dir='ltr' id='par_1_65' title="bbox 61 3496 1754 3568">
     <span class='ocr_line' id='line_1_65' title="bbox 61 3496 1754 3568; baseline 0.003 -22"><span class='ocrx_word' id='word_1_478' title='bbox 61 3498 303 3568; x_wconf 70' lang='lat' dir='ltr'>Virginis</span> <span class='ocrx_word' id='word_1_479' title='bbox 376 3503 537 3550; x_wconf 87' lang='lat' dir='ltr'>utero</span> <span class='ocrx_word' id='word_1_480' title='bbox 597 3497 965 3550; x_wconf 86' lang='lat' dir='ltr'>inetlabiliter</span> <span class='ocrx_word' id='word_1_481' title='bbox 1023 3497 1292 3566; x_wconf 89' lang='lat' dir='ltr'>prodiens</span> <span class='ocrx_word' id='word_1_482' title='bbox 1352 3496 1605 3551; x_wconf 88' lang='lat' dir='ltr'>creditur</span> <span class='ocrx_word' id='word_1_483' title='bbox 1658 3498 1754 3551; x_wconf 89' lang='lat' dir='ltr'>ad-</span> 
     </span>
    </p>
   </div>
   <div class='ocr_carea' id='block_1_66' title="bbox 57 3589 297 3640">
    <p class='ocr_par' dir='ltr' id='par_1_66' title="bbox 57 3589 297 3640">
     <span class='ocr_line' id='line_1_66' title="bbox 57 3589 297 3640; baseline 0.008 -4"><span class='ocrx_word' id='word_1_484' title='bbox 57 3589 297 3640; x_wconf 77' lang='lat' dir='ltr'>venisse.</span> 
     </span>
    </p>
   </div>
   <div class='ocr_carea' id='block_1_67' title="bbox 121 3672 1759 3730">
    <p class='ocr_par' dir='ltr' id='par_1_67' title="bbox 121 3672 1759 3730">
     <span class='ocr_line' id='line_1_67' title="bbox 121 3672 1759 3730; baseline -0.003 0"><span class='ocrx_word' id='word_1_485' title='bbox 121 3679 216 3730; x_wconf 72' lang='grc'>43.</span> <span class='ocrx_word' id='word_1_486' title='bbox 273 3680 443 3730; x_wconf 80' lang='lat' dir='ltr'>Anno</span> <span class='ocrx_word' id='word_1_487' title='bbox 488 3678 679 3728; x_wconf 90' lang='lat' dir='ltr'>autem</span> <span class='ocrx_word' id='word_1_488' title='bbox 726 3672 797 3707; x_wconf 80' lang='grc'>¹⁸³</span> <span class='ocrx_word' id='word_1_489' title='bbox 843 3672 1254 3727; x_wconf 87' lang='lat' dir='ltr'>incarnationis</span> <span class='ocrx_word' id='word_1_490' title='bbox 1303 3672 1532 3726; x_wconf 89' lang='lat' dir='ltr'>Domini</span> <span class='ocrx_word' id='word_1_491' title='bbox 1580 3673 1759 3726; x_wconf 91' lang='lat' dir='ltr'>nostri</span> 
     </span>
    </p>
   </div>
   <div class='ocr_carea' id='block_1_68' title="bbox 54 3761 1758 3830">
    <p class='ocr_par' dir='ltr' id='par_1_68' title="bbox 54 3761 1758 3830">
     <span class='ocr_line' id='line_1_68' title="bbox 54 3761 1758 3830; baseline -0.001 -16"><span class='ocrx_word' id='word_1_492' title='bbox 54 3766 178 3816; x_wconf 82' lang='lat' dir='ltr'>Jesu</span> <span class='ocrx_word' id='word_1_493' title='bbox 251 3762 468 3816; x_wconf 83' lang='lat' dir='ltr'>Christi</span> <span class='ocrx_word' id='word_1_494' title='bbox 534 3761 839 3816; x_wconf 90' lang='lat' dir='ltr'>millesimo</span> <span class='ocrx_word' id='word_1_495' title='bbox 903 3761 1170 3830; x_wconf 88' lang='lat' dir='ltr'>septimo,</span> <span class='ocrx_word' id='word_1_496' title='bbox 1242 3777 1340 3814; x_wconf 87' lang='lat' dir='ltr'>rex</span> <span class='ocrx_word' id='word_1_497' title='bbox 1400 3762 1758 3814; x_wconf 87' lang='lat' dir='ltr'>venerandus</span> 
     </span>
    </p>
   </div>
   <div class='ocr_carea' id='block_1_69' title="bbox 59 3848 1757 3920">
    <p class='ocr_par' dir='ltr' id='par_1_69' title="bbox 59 3848 1757 3920">
     <span class='ocr_line' id='line_1_69' title="bbox 59 3848 1757 3920; baseline -0.002 -16"><span class='ocrx_word' id='word_1_498' title='bbox 59 3853 357 3904; x_wconf 69' lang='lat' dir='ltr'>Heinricus</span> <span class='ocrx_word' id='word_1_499' title='bbox 409 3848 478 3883; x_wconf 67' lang='lat'>‘3‘</span> <span class='ocrx_word' id='word_1_500' title='bbox 527 3851 703 3903; x_wconf 89' lang='lat' dir='ltr'>totius</span> <span class='ocrx_word' id='word_1_501' title='bbox 757 3849 998 3903; x_wconf 81' lang='lat' dir='ltr'>Romani</span> <span class='ocrx_word' id='word_1_502' title='bbox 1052 3848 1288 3919; x_wconf 90' lang='lat' dir='ltr'>imperii</span> <span class='ocrx_word' id='word_1_503' title='bbox 1324 3849 1757 3920; x_wconf 86' lang='lat' dir='ltr'>potentissimus</span> 
     </span>
    </p>
   </div>
   <div class='ocr_carea' id='block_1_70' title="bbox 58 3935 1757 4007">
    <p class='ocr_par' dir='ltr' id='par_1_70' title="bbox 58 3935 1757 4007">
     <span class='ocr_line' id='line_1_70' title="bbox 58 3935 1757 4007; baseline -0.002 -14"><span class='ocrx_word' id='word_1_504' title='bbox 58 3940 262 3993; x_wconf 84' lang='lat' dir='ltr'>Palitbi</span> <span class='ocrx_word' id='word_1_505' title='bbox 311 3939 501 3992; x_wconf 85' lang='lat' dir='ltr'>natale</span> <span class='ocrx_word' id='word_1_506' title='bbox 548 3938 777 3991; x_wconf 89' lang='lat' dir='ltr'>Domini</span> <span class='ocrx_word' id='word_1_507' title='bbox 827 3935 898 3970; x_wconf 79' lang='grc'>¹⁸⁵</span> <span class='ocrx_word' id='word_1_508' title='bbox 939 3953 1066 3990; x_wconf 89' lang='lat' dir='ltr'>cum</span> <span class='ocrx_word' id='word_1_509' title='bbox 1102 3939 1351 3990; x_wconf 88' lang='lat' dir='ltr'>maxima</span> <span class='ocrx_word' id='word_1_510' title='bbox 1383 3937 1570 4007; x_wconf 83' lang='lat' dir='ltr'>gloria</span> <span class='ocrx_word' id='word_1_511' title='bbox 1610 3937 1757 3991; x_wconf 84' lang='lat' dir='ltr'>cele-</span> 
     </span>
    </p>
   </div>
   <div class='ocr_carea' id='block_1_71' title="bbox 59 4024 1758 4097">
    <p class='ocr_par' dir='ltr' id='par_1_71' title="bbox 59 4024 1758 4097">
     <span class='ocr_line' id='line_1_71' title="bbox 59 4024 1758 4097; baseline 0 -18"><span class='ocrx_word' id='word_1_512' title='bbox 59 4029 260 4081; x_wconf 81' lang='lat' dir='ltr'>bravit.</span> <span class='ocrx_word' id='word_1_513' title='bbox 309 4028 686 4097; x_wconf 88' lang='lat' dir='ltr'>Quocumque</span> <span class='ocrx_word' id='word_1_514' title='bbox 727 4043 860 4080; x_wconf 89' lang='lat' dir='ltr'>vero</span> <span class='ocrx_word' id='word_1_515' title='bbox 913 4024 982 4059; x_wconf 79' lang='grc'>¹⁸⁶</span> <span class='ocrx_word' id='word_1_516' title='bbox 1025 4025 1480 4096; x_wconf 89' lang='lat' dir='ltr'>sapientissimus</span> <span class='ocrx_word' id='word_1_517' title='bbox 1503 4025 1758 4096; x_wconf 89' lang='lat' dir='ltr'>impera-</span> 
     </span>
    </p>
   </div>
   <div class='ocr_carea' id='block_1_72' title="bbox 1870 3051 3566 3126">
    <p class='ocr_par' dir='ltr' id='par_1_72' title="bbox 1870 3051 3566 3126">
     <span class='ocr_line' id='line_1_72' title="bbox 1870 3051 3566 3126; baseline -0.002 -17"><span class='ocrx_word' id='word_1_518' title='bbox 1870 3056 2010 3126; x_wconf 89' lang='lat' dir='ltr'>ipse,</span> <span class='ocrx_word' id='word_1_519' title='bbox 2043 3057 2205 3125; x_wconf 89' lang='lat' dir='ltr'>cujus</span> <span class='ocrx_word' id='word_1_520' title='bbox 2235 3056 2535 3126; x_wconf 87' lang='lat' dir='ltr'>parrochia</span> <span class='ocrx_word' id='word_1_521' title='bbox 2565 3061 2704 3120; x_wconf 89' lang='lat' dir='ltr'>erat,</span> <span class='ocrx_word' id='word_1_522' title='bbox 2739 3055 2995 3108; x_wconf 86' lang='lat' dir='ltr'>misteria</span> <span class='ocrx_word' id='word_1_523' title='bbox 3030 3051 3099 3087; x_wconf 74' lang='lat'>&#39;97</span> <span class='ocrx_word' id='word_1_524' title='bbox 3129 3053 3566 3107; x_wconf 85' lang='lat' dir='ltr'>consecrationis</span> 
     </span>
    </p>
   </div>
   <div class='ocr_carea' id='block_1_73' title="bbox 1871 3142 3564 3215">
    <p class='ocr_par' dir='ltr' id='par_1_73' title="bbox 1871 3142 3564 3215">
     <span class='ocr_line' id='line_1_73' title="bbox 1871 3142 3564 3215; baseline -0.003 -17"><span class='ocrx_word' id='word_1_525' title='bbox 1871 3145 2142 3198; x_wconf 88' lang='lat' dir='ltr'>fratribus</span> <span class='ocrx_word' id='word_1_526' title='bbox 2188 3144 2584 3215; x_wconf 87' lang='lat' dir='ltr'>dispensabat;</span> <span class='ocrx_word' id='word_1_527' title='bbox 2619 3144 2870 3214; x_wconf 91' lang='lat' dir='ltr'>primum</span> <span class='ocrx_word' id='word_1_528' title='bbox 2904 3158 3153 3213; x_wconf 81' lang='lat' dir='ltr'>namque</span> <span class='ocrx_word' id='word_1_529' title='bbox 3185 3143 3430 3212; x_wconf 87' lang='lat' dir='ltr'>gradum</span> <span class='ocrx_word' id='word_1_530' title='bbox 3470 3142 3564 3194; x_wconf 90' lang='lat' dir='ltr'>ille</span> 
     </span>
    </p>
   </div>
   <div class='ocr_carea' id='block_1_74' title="bbox 1870 3229 3567 3303">
    <p class='ocr_par' dir='ltr' id='par_1_74' title="bbox 1870 3229 3567 3303">
     <span class='ocr_line' id='line_1_74' title="bbox 1870 3229 3567 3303; baseline -0.002 -18"><span class='ocrx_word' id='word_1_531' title='bbox 1870 3231 2185 3286; x_wconf 86' lang='lat' dir='ltr'>obtinebat.</span> <span class='ocrx_word' id='word_1_532' title='bbox 2235 3232 2479 3303; x_wconf 89' lang='lat' dir='ltr'>Expletis</span> <span class='ocrx_word' id='word_1_533' title='bbox 2523 3232 2715 3302; x_wconf 89' lang='lat' dir='ltr'>itaque</span> <span class='ocrx_word' id='word_1_534' title='bbox 2769 3231 2867 3284; x_wconf 86' lang='lat' dir='ltr'>Dei</span> <span class='ocrx_word' id='word_1_535' title='bbox 2911 3231 3094 3300; x_wconf 86' lang='lat' dir='ltr'>gratia</span> <span class='ocrx_word' id='word_1_536' title='bbox 3139 3230 3406 3283; x_wconf 91' lang='lat' dir='ltr'>omnibus</span> <span class='ocrx_word' id='word_1_537' title='bbox 3447 3229 3567 3281; x_wconf 86' lang='lat' dir='ltr'>fra-</span> 
     </span>
    </p>
   </div>
   <div class='ocr_carea' id='block_1_75' title="bbox 1868 3318 3563 3390">
    <p class='ocr_par' dir='ltr' id='par_1_75' title="bbox 1868 3318 3563 3390">
     <span class='ocr_line' id='line_1_75' title="bbox 1868 3318 3563 3390; baseline -0.002 -16"><span class='ocrx_word' id='word_1_538' title='bbox 1868 3327 2032 3374; x_wconf 89' lang='lat' dir='ltr'>terna</span> <span class='ocrx_word' id='word_1_539' title='bbox 2065 3321 2318 3380; x_wconf 87' lang='lat' dir='ltr'>caritate,</span> <span class='ocrx_word' id='word_1_540' title='bbox 2365 3337 2458 3374; x_wconf 87' lang='lat' dir='ltr'>rex</span> <span class='ocrx_word' id='word_1_541' title='bbox 2509 3337 2638 3374; x_wconf 88' lang='lat' dir='ltr'>cum</span> <span class='ocrx_word' id='word_1_542' title='bbox 2683 3320 3107 3390; x_wconf 87' lang='lat' dir='ltr'>archiepiscopo</span> <span class='ocrx_word' id='word_1_543' title='bbox 3139 3323 3196 3372; x_wconf 91' lang='lat' dir='ltr'>et</span> <span class='ocrx_word' id='word_1_544' title='bbox 3226 3318 3447 3372; x_wconf 62' lang='lat' dir='ltr'>caeteris</span> <span class='ocrx_word' id='word_1_545' title='bbox 3495 3318 3563 3370; x_wconf 89' lang='lat' dir='ltr'>ad</span> 
     </span>
    </p>
   </div>
   <div class='ocr_carea' id='block_1_76' title="bbox 1872 3409 3565 3480">
    <p class='ocr_par' dir='ltr' id='par_1_76' title="bbox 1872 3409 3565 3480">
     <span class='ocr_line' id='line_1_76' title="bbox 1872 3409 3565 3480; baseline -0.002 -18"><span class='ocrx_word' id='word_1_546' title='bbox 1872 3411 2146 3480; x_wconf 88' lang='lat' dir='ltr'>populum</span> <span class='ocrx_word' id='word_1_547' title='bbox 2183 3426 2536 3480; x_wconf 88' lang='lat' dir='ltr'>progressus,</span> <span class='ocrx_word' id='word_1_548' title='bbox 2573 3409 2651 3462; x_wconf 89' lang='lat' dir='ltr'>sic</span> <span class='ocrx_word' id='word_1_549' title='bbox 2680 3414 3016 3478; x_wconf 90' lang='lat' dir='ltr'>prosecutus</span> <span class='ocrx_word' id='word_1_550' title='bbox 3047 3413 3131 3461; x_wconf 91' lang='lat' dir='ltr'>est</span> <span class='ocrx_word' id='word_1_551' title='bbox 3164 3425 3176 3460; x_wconf 92' lang='lat'>:</span> <span class='ocrx_word' id='word_1_552' title='bbox 3212 3410 3565 3471; x_wconf 83' lang='lat' dir='ltr'>Diuturnam,</span> 
     </span>
    </p>
   </div>
   <div class='ocr_carea' id='block_1_77' title="bbox 1871 3492 3564 3568">
    <p class='ocr_par' dir='ltr' id='par_1_77' title="bbox 1871 3492 3564 3568">
     <span class='ocr_line' id='line_1_77' title="bbox 1871 3492 3564 3568; baseline -0.002 -18"><span class='ocrx_word' id='word_1_553' title='bbox 1871 3500 2103 3568; x_wconf 80' lang='lat' dir='ltr'>peccatis</span> <span class='ocrx_word' id='word_1_554' title='bbox 2156 3499 2461 3566; x_wconf 83' lang='lat' dir='ltr'>agentibus,</span> <span class='ocrx_word' id='word_1_555' title='bbox 2511 3499 2952 3560; x_wconf 77' lang='lat' dir='ltr'>controversiam,</span> <span class='ocrx_word' id='word_1_556' title='bbox 3003 3497 3284 3549; x_wconf 85' lang='lat' dir='ltr'>karissimi</span> <span class='ocrx_word' id='word_1_557' title='bbox 3331 3492 3420 3560; x_wconf 69' lang='lat'>‘93,</span> <span class='ocrx_word' id='word_1_558' title='bbox 3473 3496 3564 3548; x_wconf 88' lang='lat' dir='ltr'>ho-</span> 
     </span>
    </p>
   </div>
   <div class='ocr_carea' id='block_1_78' title="bbox 1872 3585 3567 3654">
    <p class='ocr_par' dir='ltr' id='par_1_78' title="bbox 1872 3585 3567 3654">
     <span class='ocr_line' id='line_1_78' title="bbox 1872 3585 3567 3654; baseline -0.002 -15"><span class='ocrx_word' id='word_1_559' title='bbox 1872 3587 1960 3640; x_wconf 89' lang='lat' dir='ltr'>dic</span> <span class='ocrx_word' id='word_1_560' title='bbox 2012 3587 2272 3654; x_wconf 87' lang='lat' dir='ltr'>deponere</span> <span class='ocrx_word' id='word_1_561' title='bbox 2300 3591 2351 3639; x_wconf 89' lang='lat' dir='ltr'>et</span> <span class='ocrx_word' id='word_1_562' title='bbox 2398 3588 2691 3639; x_wconf 83' lang='lat' dir='ltr'>terminare</span> <span class='ocrx_word' id='word_1_563' title='bbox 2739 3585 3005 3638; x_wconf 87' lang='lat' dir='ltr'>debemus.</span> <span class='ocrx_word' id='word_1_564' title='bbox 3058 3585 3303 3651; x_wconf 82' lang='lat' dir='ltr'>Agnosco</span> <span class='ocrx_word' id='word_1_565' title='bbox 3348 3586 3489 3636; x_wconf 85' lang='lat' dir='ltr'>enim</span> <span class='ocrx_word' id='word_1_566' title='bbox 3517 3589 3567 3636; x_wconf 91' lang='lat' dir='ltr'>et</span> 
     </span>
    </p>
   </div>
   <div class='ocr_carea' id='block_1_79' title="bbox 1869 3671 3564 3741">
    <p class='ocr_par' dir='ltr' id='par_1_79' title="bbox 1869 3671 3564 3741">
     <span class='ocr_line' id='line_1_79' title="bbox 1869 3671 3564 3741; baseline -0.003 -14"><span class='ocrx_word' id='word_1_567' title='bbox 1869 3677 1978 3728; x_wconf 88' lang='lat' dir='ltr'>scio</span> <span class='ocrx_word' id='word_1_568' title='bbox 2036 3675 2170 3727; x_wconf 84' lang='lat' dir='ltr'>hanc</span> <span class='ocrx_word' id='word_1_569' title='bbox 2217 3675 2512 3727; x_wconf 66' lang='lat' dir='ltr'>azcclesiam</span> <span class='ocrx_word' id='word_1_570' title='bbox 2559 3679 2610 3727; x_wconf 91' lang='lat' dir='ltr'>et</span> <span class='ocrx_word' id='word_1_571' title='bbox 2663 3673 2977 3741; x_wconf 84' lang='lat' dir='ltr'>adjacentes</span> <span class='ocrx_word' id='word_1_572' title='bbox 3036 3673 3200 3725; x_wconf 82' lang='lat' dir='ltr'>villas</span> <span class='ocrx_word' id='word_1_573' title='bbox 3256 3671 3330 3724; x_wconf 89' lang='lat' dir='ltr'>ad</span> <span class='ocrx_word' id='word_1_574' title='bbox 3378 3671 3564 3723; x_wconf 81' lang='lat' dir='ltr'>Hilde-</span> 
     </span>
    </p>
   </div>
   <div class='ocr_carea' id='block_1_80' title="bbox 1869 3759 3565 3831">
    <p class='ocr_par' dir='ltr' id='par_1_80' title="bbox 1869 3759 3565 3831">
     <span class='ocr_line' id='line_1_80' title="bbox 1869 3759 3565 3831; baseline -0.003 -16"><span class='ocrx_word' id='word_1_575' title='bbox 1869 3763 2250 3816; x_wconf 85' lang='lat' dir='ltr'>nesheimcnses</span> <span class='ocrx_word' id='word_1_576' title='bbox 2303 3763 2577 3831; x_wconf 85' lang='lat' dir='ltr'>episcopos</span> <span class='ocrx_word' id='word_1_577' title='bbox 2637 3775 2845 3829; x_wconf 88' lang='lat' dir='ltr'>semper</span> <span class='ocrx_word' id='word_1_578' title='bbox 2898 3761 3184 3829; x_wconf 83' lang='lat' dir='ltr'>pertinere,</span> <span class='ocrx_word' id='word_1_579' title='bbox 3238 3765 3286 3812; x_wconf 88' lang='lat' dir='ltr'>et</span> <span class='ocrx_word' id='word_1_580' title='bbox 3335 3760 3401 3811; x_wconf 85' lang='lat' dir='ltr'>ab</span> <span class='ocrx_word' id='word_1_581' title='bbox 3453 3759 3565 3812; x_wconf 86' lang='lat' dir='ltr'>illis</span> 
     </span>
    </p>
   </div>
   <div class='ocr_carea' id='block_1_81' title="bbox 1853 3844 3565 3918">
    <p class='ocr_par' dir='ltr' id='par_1_81' title="bbox 1853 3844 3565 3918">
     <span class='ocr_line' id='line_1_81' title="bbox 1853 3844 3565 3918; baseline -0.001 -17"><span class='ocrx_word' id='word_1_582' title='bbox 1853 3851 1964 3904; x_wconf 87' lang='lat' dir='ltr'>.abs</span> <span class='ocrx_word' id='word_1_583' title='bbox 1977 3866 2070 3918; x_wconf 59' lang='lat' dir='ltr'>jue</span> <span class='ocrx_word' id='word_1_584' title='bbox 2099 3850 2522 3903; x_wconf 85' lang='lat' dir='ltr'>contradictione</span> <span class='ocrx_word' id='word_1_585' title='bbox 2558 3864 2862 3918; x_wconf 85' lang='lat' dir='ltr'>possessam</span> <span class='ocrx_word' id='word_1_586' title='bbox 2891 3863 3001 3902; x_wconf 89' lang='lat' dir='ltr'>esse</span> <span class='ocrx_word' id='word_1_587' title='bbox 3033 3844 3123 3899; x_wconf 65' lang='lat'>199.</span> <span class='ocrx_word' id='word_1_588' title='bbox 3158 3850 3242 3900; x_wconf 82' lang='lat' dir='ltr'>Ad</span> <span class='ocrx_word' id='word_1_589' title='bbox 3290 3847 3411 3899; x_wconf 70' lang='lat' dir='ltr'>hinc</span> <span class='ocrx_word' id='word_1_590' title='bbox 3441 3862 3565 3899; x_wconf 89' lang='lat' dir='ltr'>ver-</span> 
     </span>
    </p>
   </div>
   <div class='ocr_carea' id='block_1_82' title="bbox 1870 3933 3563 4005">
    <p class='ocr_par' dir='ltr' id='par_1_82' title="bbox 1870 3933 3563 4005">
     <span class='ocr_line' id='line_1_82' title="bbox 1870 3933 3563 4005; baseline -0.002 -16"><span class='ocrx_word' id='word_1_591' title='bbox 1870 3936 1942 3989; x_wconf 87' lang='lat' dir='ltr'>ba</span> <span class='ocrx_word' id='word_1_592' title='bbox 2000 3935 2366 4004; x_wconf 88' lang='lat' dir='ltr'>imperatoris</span> <span class='ocrx_word' id='word_1_593' title='bbox 2433 3935 2754 4005; x_wconf 88' lang='lat' dir='ltr'>Willegisus</span> <span class='ocrx_word' id='word_1_594' title='bbox 2821 3934 3280 4004; x_wconf 88' lang='lat' dir='ltr'>archiepiscopus</span> <span class='ocrx_word' id='word_1_595' title='bbox 3335 3933 3563 3986; x_wconf 89' lang='lat' dir='ltr'>tandem</span> 
     </span>
    </p>
   </div>
   <div class='ocr_carea' id='block_1_83' title="bbox 1871 4020 3565 4094">
    <p class='ocr_par' dir='ltr' id='par_1_83' title="bbox 1871 4020 3565 4094">
     <span class='ocr_line' id='line_1_83' title="bbox 1871 4020 3565 4094; baseline -0.002 -15"><span class='ocrx_word' id='word_1_596' title='bbox 1871 4025 1968 4079; x_wconf 92' lang='lat' dir='ltr'>Dei</span> <span class='ocrx_word' id='word_1_597' title='bbox 2002 4024 2211 4094; x_wconf 91' lang='lat' dir='ltr'>pietate</span> <span class='ocrx_word' id='word_1_598' title='bbox 2255 4024 2315 4077; x_wconf 90' lang='lat' dir='ltr'>in</span> <span class='ocrx_word' id='word_1_599' title='bbox 2349 4040 2406 4077; x_wconf 89' lang='lat' dir='ltr'>se</span> <span class='ocrx_word' id='word_1_600' title='bbox 2455 4023 2700 4090; x_wconf 87' lang='lat' dir='ltr'>rediens,</span> <span class='ocrx_word' id='word_1_601' title='bbox 2733 4028 2790 4078; x_wconf 91' lang='lat' dir='ltr'>et</span> <span class='ocrx_word' id='word_1_602' title='bbox 2837 4022 3109 4093; x_wconf 91' lang='lat' dir='ltr'>quicquid</span> <span class='ocrx_word' id='word_1_603' title='bbox 3162 4020 3395 4092; x_wconf 90' lang='lat' dir='ltr'>proprio</span> <span class='ocrx_word' id='word_1_604' title='bbox 3435 4037 3565 4075; x_wconf 87' lang='lat' dir='ltr'>rea-</span> 
     </span>
    </p>
   </div>
   <div class='ocr_carea' id='block_1_84' title="bbox 58 4109 3566 4184">
    <p class='ocr_par' dir='ltr' id='par_1_84' title="bbox 58 4109 3566 4184">
     <span class='ocr_line' id='line_1_84' title="bbox 58 4109 3566 4184; baseline -0.001 -16"><span class='ocrx_word' id='word_1_605' title='bbox 58 4133 145 4169; x_wconf 70' lang='grc' dir='ltr'>τοι·</span> <span class='ocrx_word' id='word_1_606' title='bbox 179 4115 252 4150; x_wconf 71' lang='grc'>³⁸⁷</span> <span class='ocrx_word' id='word_1_607' title='bbox 286 4133 391 4169; x_wconf 85' lang='lat' dir='ltr'>ora</span> <span class='ocrx_word' id='word_1_608' title='bbox 415 4116 501 4169; x_wconf 91' lang='lat' dir='ltr'>sui</span> <span class='ocrx_word' id='word_1_609' title='bbox 535 4115 899 4169; x_wconf 86' lang='lat' dir='ltr'>sacratissimi</span> <span class='ocrx_word' id='word_1_610' title='bbox 926 4116 1112 4169; x_wconf 88' lang='lat' dir='ltr'>vultus</span> <span class='ocrx_word' id='word_1_611' title='bbox 1141 4114 1508 4180; x_wconf 87' lang='lat' dir='ltr'>circumtulit,</span> <span class='ocrx_word' id='word_1_612' title='bbox 1537 4113 1584 4166; x_wconf 90' lang='lat' dir='ltr'>si</span> <span class='ocrx_word' id='word_1_613' title='bbox 1610 4130 1752 4184; x_wconf 85' lang='lat' dir='ltr'>quos</span> <span class='ocrx_word' id='word_1_614' title='bbox 1787 4115 1828 4168; x_wconf 96' lang='lat' dir='ltr'>D</span> <span class='ocrx_word' id='word_1_615' title='bbox 1867 4118 1930 4166; x_wconf 89' lang='lat' dir='ltr'>tu</span> <span class='ocrx_word' id='word_1_616' title='bbox 1959 4114 2046 4166; x_wconf 91' lang='lat' dir='ltr'>vel</span> <span class='ocrx_word' id='word_1_617' title='bbox 2077 4113 2320 4167; x_wconf 86' lang='lat' dir='ltr'>aliorum</span> <span class='ocrx_word' id='word_1_618' title='bbox 2350 4111 2623 4167; x_wconf 88' lang='lat' dir='ltr'>instinctu</span> <span class='ocrx_word' id='word_1_619' title='bbox 2653 4112 2713 4166; x_wconf 90' lang='lat' dir='ltr'>in</span> <span class='ocrx_word' id='word_1_620' title='bbox 2744 4112 2922 4166; x_wconf 89' lang='lat' dir='ltr'>Deum</span> <span class='ocrx_word' id='word_1_621' title='bbox 2947 4117 3002 4166; x_wconf 86' lang='lat' dir='ltr'>et</span> <span class='ocrx_word' id='word_1_622' title='bbox 3029 4114 3282 4165; x_wconf 86' lang='lat' dir='ltr'>sanctam</span> <span class='ocrx_word' id='word_1_623' title='bbox 3313 4109 3438 4178; x_wconf 90' lang='lat' dir='ltr'>ejus</span> <span class='ocrx_word' id='word_1_624' title='bbox 3467 4109 3566 4164; x_wconf 86' lang='lat' dir='ltr'>Ge-</span> 
     </span>
    </p>
   </div>
   <div class='ocr_carea' id='block_1_85' title="bbox 1483 4299 2150 4354">
    <p class='ocr_par' dir='ltr' id='par_1_85' title="bbox 1483 4299 2150 4354">
     <span class='ocr_line' id='line_1_85' title="bbox 1483 4299 2150 4354; baseline -0.001 0"><span class='ocrx_word' id='word_1_625' title='bbox 1483 4301 1718 4354; x_wconf 76' lang='lat' dir='ltr'>VAllUE</span> <span class='ocrx_word' id='word_1_626' title='bbox 1757 4299 2150 4354; x_wconf 81' lang='lat' dir='ltr'>LECTIONES.</span> 
     </span>
    </p>
   </div>
   <div class='ocr_carea' id='block_1_86' title="bbox 64 4461 3565 4539">
    <p class='ocr_par' dir='ltr' id='par_1_86' title="bbox 64 4461 3565 4539">
     <span class='ocr_line' id='line_1_86' title="bbox 64 4461 3565 4539; baseline -0.002 -15"><span class='ocrx_word' id='word_1_627' title='bbox 64 4473 155 4526; x_wconf 90' lang='lat' dir='ltr'>Dei</span> <span class='ocrx_word' id='word_1_628' title='bbox 205 4471 512 4528; x_wconf 84' lang='lat' dir='ltr'>Genitricis</span> <span class='ocrx_word' id='word_1_629' title='bbox 568 4471 892 4524; x_wconf 86' lang='lat' dir='ltr'>interventu</span> <span class='ocrx_word' id='word_1_630' title='bbox 942 4473 1388 4539; x_wconf 85' lang='lat' dir='ltr'>sanctorumque</span> <span class='ocrx_word' id='word_1_631' title='bbox 1435 4472 1769 4523; x_wconf 90' lang='lat' dir='ltr'>nostrorum</span> <span class='ocrx_word' id='word_1_632' title='bbox 1815 4467 1908 4538; x_wconf 89' lang='lat' dir='ltr'>pie</span> <span class='ocrx_word' id='word_1_633' title='bbox 1955 4469 2188 4539; x_wconf 84' lang='lat' dir='ltr'>precatu</span> <span class='ocrx_word' id='word_1_634' title='bbox 2234 4465 2310 4536; x_wconf 90' lang='lat' dir='ltr'>(a)</span> <span class='ocrx_word' id='word_1_635' title='bbox 2349 4464 2699 4539; x_wconf 74' lang='lat' dir='ltr'>dominique</span> <span class='ocrx_word' id='word_1_636' title='bbox 2747 4464 2938 4539; x_wconf 75' lang='lat' dir='ltr'>nostri</span> <span class='ocrx_word' id='word_1_637' title='bbox 2986 4461 3328 4539; x_wconf 82' lang='lat' dir='ltr'>venerabilis</span> <span class='ocrx_word' id='word_1_638' title='bbox 3389 4464 3565 4517; x_wconf 88' lang='lat' dir='ltr'>Bern-</span> 
     </span>
    </p>
   </div>
   <div class='ocr_carea' id='block_1_87' title="bbox 55 4534 3564 4613">
    <p class='ocr_par' dir='ltr' id='par_1_87' title="bbox 55 4534 3564 4613">
     <span class='ocr_line' id='line_1_87' title="bbox 55 4534 3564 4613; baseline -0.001 -20"><span class='ocrx_word' id='word_1_639' title='bbox 55 4545 226 4597; x_wconf 72' lang='lat' dir='ltr'>wardi</span> <span class='ocrx_word' id='word_1_640' title='bbox 285 4541 539 4613; x_wconf 81' lang='lat' dir='ltr'>episcOpi</span> <span class='ocrx_word' id='word_1_641' title='bbox 581 4542 958 4613; x_wconf 84' lang='lat' dir='ltr'>acerbissimo</span> <span class='ocrx_word' id='word_1_642' title='bbox 1012 4543 1258 4610; x_wconf 89' lang='lat' dir='ltr'>ploratu,</span> <span class='ocrx_word' id='word_1_643' title='bbox 1285 4534 1506 4613; x_wconf 51' lang='lat' dir='ltr'>__omnis</span> <span class='ocrx_word' id='word_1_644' title='bbox 1562 4540 1659 4593; x_wconf 89' lang='lat' dir='ltr'>ille</span> <span class='ocrx_word' id='word_1_645' title='bbox 1717 4534 2509 4613; x_wconf 46' lang='lat' dir='ltr'>veh&#39;emens_ardor.&#39;divini</span> <span class='ocrx_word' id='word_1_646' title='bbox 2564 4534 2709 4613; x_wconf 81' lang='lat' dir='ltr'>roris</span> <span class='ocrx_word' id='word_1_647' title='bbox 2767 4535 3058 4613; x_wconf 71' lang='lat' dir='ltr'>infusione</span> <span class='ocrx_word' id='word_1_648' title='bbox 3109 4534 3397 4613; x_wconf 75' lang='lat' dir='ltr'>extinctus</span> <span class='ocrx_word' id='word_1_649' title='bbox 3458 4540 3564 4600; x_wconf 92' lang='lat' dir='ltr'>est,</span> 
     </span>
    </p>
   </div>
   <div class='ocr_carea' id='block_1_88' title="bbox 58 4605 3565 4682">
    <p class='ocr_par' dir='ltr' id='par_1_88' title="bbox 58 4605 3565 4682">
     <span class='ocr_line' id='line_1_88' title="bbox 58 4605 3565 4682; baseline -0.002 -18"><span class='ocrx_word' id='word_1_650' title='bbox 58 4622 108 4665; x_wconf 88' lang='lat' dir='ltr'>et</span> <span class='ocrx_word' id='word_1_651' title='bbox 140 4615 284 4668; x_wconf 85' lang='lat' dir='ltr'>illud</span> <span class='ocrx_word' id='word_1_652' title='bbox 322 4605 645 4666; x_wconf 63' lang='lat' dir='ltr'>venerabile</span> <span class='ocrx_word' id='word_1_653' title='bbox 693 4613 972 4682; x_wconf 89' lang='lat' dir='ltr'>templum</span> <span class='ocrx_word' id='word_1_654' title='bbox 1014 4605 1254 4664; x_wconf 49' lang='lat' dir='ltr'>&#39;mansit&#39;</span> <span class='ocrx_word' id='word_1_655' title='bbox 1281 4610 1590 4674; x_wconf 89' lang='lat' dir='ltr'>incolume,</span> <span class='ocrx_word' id='word_1_656' title='bbox 1639 4616 1927 4682; x_wconf 88' lang='lat' dir='ltr'>servatum</span> <span class='ocrx_word' id='word_1_657' title='bbox 1973 4607 2068 4682; x_wconf 87' lang='lat' dir='ltr'>Dei</span> <span class='ocrx_word' id='word_1_658' title='bbox 2107 4607 2473 4682; x_wconf 81' lang='lat' dir='ltr'>gratia,_nisi</span> <span class='ocrx_word' id='word_1_659' title='bbox 2529 4608 2682 4677; x_wconf 88' lang='lat' dir='ltr'>quod</span> <span class='ocrx_word' id='word_1_660' title='bbox 2717 4605 2881 4682; x_wconf 84' lang='lat' dir='ltr'>nobis</span> <span class='ocrx_word' id='word_1_661' title='bbox 2925 4610 3201 4682; x_wconf 81' lang='lat' dir='ltr'>perpetuo</span> <span class='ocrx_word' id='word_1_662' title='bbox 3247 4610 3331 4657; x_wconf 90' lang='lat' dir='ltr'>est</span> <span class='ocrx_word' id='word_1_663' title='bbox 3360 4606 3565 4682; x_wconf 80' lang='lat' dir='ltr'>lugen-</span> 
     </span>
    </p>
   </div>
   <div class='ocr_carea' id='block_1_89' title="bbox 57 4675 3568 4754">
    <p class='ocr_par' dir='ltr' id='par_1_89' title="bbox 57 4675 3568 4754">
     <span class='ocr_line' id='line_1_89' title="bbox 57 4675 3568 4754; baseline -0.003 -18"><span class='ocrx_word' id='word_1_664' title='bbox 57 4685 213 4748; x_wconf 87' lang='lat' dir='ltr'>dum,</span> <span class='ocrx_word' id='word_1_665' title='bbox 281 4686 437 4754; x_wconf 89' lang='lat' dir='ltr'>quod</span> <span class='ocrx_word' id='word_1_666' title='bbox 491 4699 620 4736; x_wconf 90' lang='lat' dir='ltr'>cum</span> <span class='ocrx_word' id='word_1_667' title='bbox 679 4675 1098 4751; x_wconf 86' lang='lat' dir='ltr'>preciosissimo</span> <span class='ocrx_word' id='word_1_668' title='bbox 1158 4682 1395 4754; x_wconf 74' lang='lat' dir='ltr'>missali</span> <span class='ocrx_word' id='word_1_669' title='bbox 1440 4686 1780 4754; x_wconf 79' lang='lat' dir='ltr'>ornamento</span> <span class='ocrx_word' id='word_1_670' title='bbox 1837 4675 2253 4754; x_wconf 74' lang='lat' dir='ltr'>inexplicabilis</span> <span class='ocrx_word' id='word_1_671' title='bbox 2310 4675 2592 4754; x_wconf 71' lang='lat' dir='ltr'>librorum</span> <span class='ocrx_word' id='word_1_672' title='bbox 2635 4679 2808 4754; x_wconf 75' lang='lat' dir='ltr'>copia</span> <span class='ocrx_word' id='word_1_673' title='bbox 2865 4676 3335 4754; x_wconf 48' lang='lat' dir='ltr'>periit,unosque</span> <span class='ocrx_word' id='word_1_674' title='bbox 3395 4675 3568 4745; x_wconf 88' lang='lat' dir='ltr'>spiri-</span> 
     </span>
    </p>
   </div>
   <div class='ocr_carea' id='block_1_90' title="bbox 57 4746 3567 4822">
    <p class='ocr_par' dir='ltr' id='par_1_90' title="bbox 57 4746 3567 4822">
     <span class='ocr_line' id='line_1_90' title="bbox 57 4746 3567 4822; baseline -0.003 -16"><span class='ocrx_word' id='word_1_675' title='bbox 57 4746 516 4809; x_wconf 46' lang='lat' dir='ltr'>tualium-nostri</span> <span class='ocrx_word' id='word_1_676' title='bbox 566 4746 858 4806; x_wconf 45' lang='lat' dir='ltr'>arm—orum</span> <span class='ocrx_word' id='word_1_677' title='bbox 909 4753 1157 4806; x_wconf 88' lang='lat' dir='ltr'>inermes</span> <span class='ocrx_word' id='word_1_678' title='bbox 1191 4751 1444 4822; x_wconf 89' lang='lat' dir='ltr'>reliquit.</span> <span class='ocrx_word' id='word_1_679' title='bbox 1502 4753 1630 4822; x_wconf 88' lang='lat' dir='ltr'>Ipso</span> <span class='ocrx_word' id='word_1_680' title='bbox 1665 4767 1894 4821; x_wconf 90' lang='lat' dir='ltr'>quoque</span> <span class='ocrx_word' id='word_1_681' title='bbox 1928 4746 2085 4822; x_wconf 80' lang='lat' dir='ltr'>anno</span> <span class='ocrx_word' id='word_1_682' title='bbox 2124 4750 2321 4822; x_wconf 85' lang='lat' dir='ltr'>beatus</span> <span class='ocrx_word' id='word_1_683' title='bbox 2353 4746 2728 4822; x_wconf 78' lang='lat' dir='ltr'>Dernvvardus</span> <span class='ocrx_word' id='word_1_684' title='bbox 2773 4752 2963 4800; x_wconf 88' lang='lat' dir='ltr'>sancte</span> <span class='ocrx_word' id='word_1_685' title='bbox 3008 4746 3567 4822; x_wconf 67' lang='lat' dir='ltr'>Ilildenuensemen-</span> 
     </span>
    </p>
   </div>
   <div class='ocr_carea' id='block_1_91' title="bbox 57 4816 3566 4895">
    <p class='ocr_par' dir='ltr' id='par_1_91' title="bbox 57 4816 3566 4895">
     <span class='ocr_line' id='line_1_91' title="bbox 57 4816 3566 4895; baseline -0.003 -19"><span class='ocrx_word' id='word_1_686' title='bbox 57 4827 126 4877; x_wconf 77' lang='lat' dir='ltr'>sis</span> <span class='ocrx_word' id='word_1_687' title='bbox 164 4825 418 4879; x_wconf 84' lang='lat' dir='ltr'>civitatis</span> <span class='ocrx_word' id='word_1_688' title='bbox 481 4824 559 4892; x_wconf 86' lang='lat' dir='ltr'>(b)</span> <span class='ocrx_word' id='word_1_689' title='bbox 613 4831 906 4894; x_wconf 76' lang='lat' dir='ltr'>patronus,</span> <span class='ocrx_word' id='word_1_690' title='bbox 961 4824 1222 4895; x_wconf 83' lang='lat' dir='ltr'>sequenti</span> <span class='ocrx_word' id='word_1_691' title='bbox 1262 4816 1545 4895; x_wconf 56' lang='lat' dir='ltr'>omnium&#39;</span> <span class='ocrx_word' id='word_1_692' title='bbox 1579 4816 1926 4895; x_wconf 50' lang='lat' dir='ltr'>sanctor—uni</span> <span class='ocrx_word' id='word_1_693' title='bbox 1961 4820 2284 4895; x_wconf 77' lang='lat' dir='ltr'>festivitatis</span> <span class='ocrx_word' id='word_1_694' title='bbox 2339 4820 2671 4895; x_wconf 76' lang='lat' dir='ltr'>die,_altare</span> <span class='ocrx_word' id='word_1_695' title='bbox 2727 4833 3026 4895; x_wconf 79' lang='lat' dir='ltr'>summum</span> <span class='ocrx_word' id='word_1_696' title='bbox 3071 4822 3274 4895; x_wconf 38' lang='lat' dir='ltr'>sancte.</span> <span class='ocrx_word' id='word_1_697' title='bbox 3325 4817 3422 4868; x_wconf 88' lang='lat' dir='ltr'>Dei</span> <span class='ocrx_word' id='word_1_698' title='bbox 3461 4816 3566 4868; x_wconf 88' lang='lat' dir='ltr'>Ge-</span> 
     </span>
    </p>
   </div>
   <div class='ocr_carea' id='block_1_92' title="bbox 57 4887 3568 4966">
    <p class='ocr_par' dir='ltr' id='par_1_92' title="bbox 57 4887 3568 4966">
     <span class='ocr_line' id='line_1_92' title="bbox 57 4887 3568 4966; baseline -0.003 -18"><span class='ocrx_word' id='word_1_699' title='bbox 57 4899 299 4961; x_wconf 82' lang='lat' dir='ltr'>nitricis,</span> <span class='ocrx_word' id='word_1_700' title='bbox 353 4887 551 4966; x_wconf 43' lang='lat' dir='ltr'>quod,</span> <span class='ocrx_word' id='word_1_701' title='bbox 579 4887 751 4963; x_wconf 73' lang='lat' dir='ltr'>procb</span> <span class='ocrx_word' id='word_1_702' title='bbox 791 4887 974 4948; x_wconf 84' lang='lat' dir='ltr'>dolor!</span> <span class='ocrx_word' id='word_1_703' title='bbox 1027 4887 1270 4964; x_wconf 80' lang='lat' dir='ltr'>peccatis</span> <span class='ocrx_word' id='word_1_704' title='bbox 1311 4893 1520 4966; x_wconf 88' lang='lat' dir='ltr'>nostris</span> <span class='ocrx_word' id='word_1_705' title='bbox 1558 4892 2051 4966; x_wconf 60' lang='lat' dir='ltr'>promerentibus,</span> <span class='ocrx_word' id='word_1_706' title='bbox 2079 4891 2287 4966; x_wconf 86' lang='lat' dir='ltr'>valida,</span> <span class='ocrx_word' id='word_1_707' title='bbox 2329 4890 2646 4966; x_wconf 86' lang='lat' dir='ltr'>ut__dictum</span> <span class='ocrx_word' id='word_1_708' title='bbox 2679 4892 2780 4955; x_wconf 90' lang='lat' dir='ltr'>est,</span> <span class='ocrx_word' id='word_1_709' title='bbox 2826 4887 3390 4966; x_wconf 33' lang='lat' dir='ltr'>ignisinuudac‘ion‘e</span> <span class='ocrx_word' id='word_1_710' title='bbox 3428 4901 3568 4937; x_wconf 89' lang='lat' dir='ltr'>con-</span> 
     </span>
    </p>
   </div>
   <div class='ocr_carea' id='block_1_93' title="bbox 58 4957 3567 5024">
    <p class='ocr_par' dir='ltr' id='par_1_93' title="bbox 58 4957 3567 5024">
     <span class='ocr_line' id='line_1_93' title="bbox 58 4957 3567 5024; baseline -0.003 -5"><span class='ocrx_word' id='word_1_711' title='bbox 58 4957 299 5021; x_wconf 81' lang='lat' dir='ltr'>fractum</span> <span class='ocrx_word' id='word_1_712' title='bbox 342 4957 466 5020; x_wconf 67' lang='lat' dir='ltr'>erat</span> <span class='ocrx_word' id='word_1_713' title='bbox 505 4957 870 5018; x_wconf 79' lang='lat' dir='ltr'>devotissima</span> <span class='ocrx_word' id='word_1_714' title='bbox 921 4957 1124 5018; x_wconf 69' lang='lat' dir='ltr'>meritis</span> <span class='ocrx_word' id='word_1_715' title='bbox 1156 4965 1505 5024; x_wconf 83' lang='lat' dir='ltr'>intencione.</span> <span class='ocrx_word' id='word_1_716' title='bbox 1539 4957 1577 5016; x_wconf 66' lang='grc'><strong><em>4</em></strong></span> <span class='ocrx_word' id='word_1_717' title='bbox 1604 4965 1791 5016; x_wconf 85' lang='lat' dir='ltr'>Nonas</span> <span class='ocrx_word' id='word_1_718' title='bbox 1823 4962 2157 5016; x_wconf 87' lang='lat' dir='ltr'>Novembris</span> <span class='ocrx_word' id='word_1_719' title='bbox 2186 4965 2244 5014; x_wconf 90' lang='lat' dir='ltr'>in</span> <span class='ocrx_word' id='word_1_720' title='bbox 2291 4961 2495 5014; x_wconf 91' lang='lat' dir='ltr'>melius</span> <span class='ocrx_word' id='word_1_721' title='bbox 2526 4957 2873 5014; x_wconf 82' lang='lat' dir='ltr'>restauravit</span> <span class='ocrx_word' id='word_1_722' title='bbox 2899 4966 2956 5012; x_wconf 90' lang='lat' dir='ltr'>et</span> <span class='ocrx_word' id='word_1_723' title='bbox 2985 4957 3295 5019; x_wconf 89' lang='lat' dir='ltr'>benedixit,</span> <span class='ocrx_word' id='word_1_724' title='bbox 3337 4957 3567 5024; x_wconf 85' lang='lat' dir='ltr'>Deoque</span> 
     </span>
    </p>
   </div>
   <div class='ocr_carea' id='block_1_94' title="bbox 58 5026 3564 5107">
    <p class='ocr_par' dir='ltr' id='par_1_94' title="bbox 58 5026 3564 5107">
     <span class='ocr_line' id='line_1_94' title="bbox 58 5026 3564 5107; baseline -0.003 -18"><span class='ocrx_word' id='word_1_725' title='bbox 58 5039 354 5107; x_wconf 81' lang='lat' dir='ltr'>accepcius</span> <span class='ocrx_word' id='word_1_726' title='bbox 404 5037 851 5107; x_wconf 78' lang='lat' dir='ltr'>hominibusque</span> <span class='ocrx_word' id='word_1_727' title='bbox 910 5035 1254 5107; x_wconf 74' lang='lat' dir='ltr'>laudabilius</span> <span class='ocrx_word' id='word_1_728' title='bbox 1299 5035 1446 5099; x_wconf 90' lang='lat' dir='ltr'>auri,</span> <span class='ocrx_word' id='word_1_729' title='bbox 1488 5034 1710 5107; x_wconf 77' lang='lat' dir='ltr'>argenti</span> <span class='ocrx_word' id='word_1_730' title='bbox 1762 5048 2240 5107; x_wconf 85' lang='lat' dir='ltr'>gemmarumque</span> <span class='ocrx_word' id='word_1_731' title='bbox 2285 5031 2545 5107; x_wconf 67' lang='lat' dir='ltr'>claritate</span> <span class='ocrx_word' id='word_1_732' title='bbox 2594 5030 2798 5107; x_wconf 47' lang='lat' dir='ltr'>effecit:</span> <span class='ocrx_word' id='word_1_733' title='bbox 2848 5027 3065 5107; x_wconf 43' lang='grc' dir='ltr'>¹⁸²ώζιοο</span> <span class='ocrx_word' id='word_1_734' title='bbox 3110 5033 3276 5107; x_wconf 74' lang='lat' dir='ltr'>caput</span> <span class='ocrx_word' id='word_1_735' title='bbox 3325 5026 3469 5107; x_wconf 55' lang='lat' dir='ltr'>deest</span> <span class='ocrx_word' id='word_1_736' title='bbox 3511 5027 3564 5107; x_wconf 75' lang='lat'>2.</span> 
     </span>
    </p>
   </div>
   <div class='ocr_carea' id='block_1_95' title="bbox 65 5093 3569 5176">
    <p class='ocr_par' dir='ltr' id='par_1_95' title="bbox 65 5093 3569 5176">
     <span class='ocr_line' id='line_1_95' title="bbox 65 5093 3569 5176; baseline -0.003 -18"><span class='ocrx_word' id='word_1_737' title='bbox 65 5107 129 5140; x_wconf 59' lang='lat'>“33</span> <span class='ocrx_word' id='word_1_738' title='bbox 187 5093 326 5162; x_wconf 56' lang='lat' dir='ltr'>tam</span> <span class='ocrx_word' id='word_1_739' title='bbox 378 5111 430 5162; x_wconf 88' lang='lat'>2.</span> <span class='ocrx_word' id='word_1_740' title='bbox 535 5105 606 5141; x_wconf 68' lang='lat'>‘3‘</span> <span class='ocrx_word' id='word_1_741' title='bbox 657 5093 802 5160; x_wconf 76' lang='lat' dir='ltr'>deest</span> <span class='ocrx_word' id='word_1_742' title='bbox 847 5110 899 5160; x_wconf 93' lang='lat'>2.</span> <span class='ocrx_word' id='word_1_743' title='bbox 1003 5104 1072 5142; x_wconf 71' lang='grc'>³⁸⁸</span> <span class='ocrx_word' id='word_1_744' title='bbox 1129 5108 1188 5160; x_wconf 94' lang='lat' dir='ltr'>D.</span> <span class='ocrx_word' id='word_1_745' title='bbox 1237 5093 1720 5176; x_wconf 52' lang='lat' dir='ltr'>celebravitvcum</span> <span class='ocrx_word' id='word_1_746' title='bbox 1762 5093 1978 5174; x_wconf 68' lang='lat' dir='ltr'>magno</span> <span class='ocrx_word' id='word_1_747' title='bbox 2029 5093 2244 5176; x_wconf 75' lang='lat' dir='ltr'>honore</span> <span class='ocrx_word' id='word_1_748' title='bbox 2276 5105 2329 5156; x_wconf 89' lang='lat'>2.</span> <span class='ocrx_word' id='word_1_749' title='bbox 2423 5099 2507 5176; x_wconf 19' lang='lat' dir='ltr'>At}?</span> <span class='ocrx_word' id='word_1_750' title='bbox 2537 5108 2730 5155; x_wconf 87' lang='lat' dir='ltr'>autem</span> <span class='ocrx_word' id='word_1_751' title='bbox 2774 5103 2828 5176; x_wconf 81' lang='lat'>_2_.</span> <span class='ocrx_word' id='word_1_752' title='bbox 2882 5097 3127 5176; x_wconf 30' lang='grc' dir='ltr'>’ξεῖνοι</span> <span class='ocrx_word' id='word_1_753' title='bbox 3169 5093 3236 5176; x_wconf 43' lang='grc' dir='ltr'>Ξ..</span> <span class='ocrx_word' id='word_1_754' title='bbox 3325 5093 3395 5129; x_wconf 82' lang='grc'>¹⁸⁸</span> <span class='ocrx_word' id='word_1_755' title='bbox 3425 5097 3569 5150; x_wconf 86' lang='lat' dir='ltr'>deest</span> 
     </span>
    </p>
   </div>
   <div class='ocr_carea' id='block_1_96' title="bbox 59 5168 3571 5244">
    <p class='ocr_par' dir='ltr' id='par_1_96' title="bbox 59 5168 3571 5244">
     <span class='ocr_line' id='line_1_96' title="bbox 59 5168 3571 5244; baseline -0.003 -13"><span class='ocrx_word' id='word_1_756' title='bbox 59 5182 109 5232; x_wconf 85' lang='lat'>2.</span> <span class='ocrx_word' id='word_1_757' title='bbox 163 5178 236 5213; x_wconf 70' lang='lat'>“&#39;9</span> <span class='ocrx_word' id='word_1_758' title='bbox 264 5185 341 5232; x_wconf 83' lang='lat' dir='ltr'>ita</span> <span class='ocrx_word' id='word_1_759' title='bbox 381 5181 431 5233; x_wconf 91' lang='lat'>2.</span> <span class='ocrx_word' id='word_1_760' title='bbox 467 5178 719 5230; x_wconf 87' lang='lat' dir='ltr'>instituit</span> <span class='ocrx_word' id='word_1_761' title='bbox 756 5193 892 5231; x_wconf 86' lang='lat' dir='ltr'>corr.</span> <span class='ocrx_word' id='word_1_762' title='bbox 927 5176 1134 5230; x_wconf 86' lang='lat' dir='ltr'>institit</span> <span class='ocrx_word' id='word_1_763' title='bbox 1168 5181 1215 5230; x_wconf 91' lang='lat' dir='ltr'>t.</span> <span class='ocrx_word' id='word_1_764' title='bbox 1295 5174 1367 5211; x_wconf 80' lang='grc'>¹⁹⁰</span> <span class='ocrx_word' id='word_1_765' title='bbox 1398 5168 1906 5229; x_wconf 69' lang='lat' dir='ltr'>hildheseimenses</span> <span class='ocrx_word' id='word_1_766' title='bbox 1955 5174 2263 5244; x_wconf 67' lang='lat' dir='ltr'>episcopos</span> <span class='ocrx_word' id='word_1_767' title='bbox 2284 5176 2338 5226; x_wconf 88' lang='lat'>2.</span> <span class='ocrx_word' id='word_1_768' title='bbox 2419 5168 2486 5206; x_wconf 67' lang='lat'>‘9‘</span> <span class='ocrx_word' id='word_1_769' title='bbox 2517 5189 2713 5225; x_wconf 87' lang='lat' dir='ltr'>verum</span> <span class='ocrx_word' id='word_1_770' title='bbox 2761 5169 3101 5244; x_wconf 57' lang='lat' dir='ltr'>dissidentes</span> <span class='ocrx_word' id='word_1_771' title='bbox 3148 5168 3571 5244; x_wconf 37' lang='lat' dir='ltr'>episcopocho-</span> 
     </span>
    </p>
   </div>
   <div class='ocr_carea' id='block_1_97' title="bbox 59 5235 3567 5318">
    <p class='ocr_par' dir='ltr' id='par_1_97' title="bbox 59 5235 3567 5318">
     <span class='ocr_line' id='line_1_97' title="bbox 59 5235 3567 5318; baseline -0.003 -17"><span class='ocrx_word' id='word_1_772' title='bbox 59 5265 179 5302; x_wconf 82' lang='lat' dir='ltr'>ram</span> <span class='ocrx_word' id='word_1_773' title='bbox 233 5250 528 5318; x_wconf 15' lang='lat' dir='ltr'>fratribus,</span> <span class='ocrx_word' id='word_1_774' title='bbox 555 5249 655 5318; x_wconf 89' lang='lat' dir='ltr'>qui</span> <span class='ocrx_word' id='word_1_775' title='bbox 707 5250 760 5301; x_wconf 91' lang='lat'>2.</span> <span class='ocrx_word' id='word_1_776' title='bbox 840 5247 910 5282; x_wconf 76' lang='grc'>¹⁹²</span> <span class='ocrx_word' id='word_1_777' title='bbox 942 5249 1085 5302; x_wconf 87' lang='lat' dir='ltr'>deest</span> <span class='ocrx_word' id='word_1_778' title='bbox 1113 5251 1166 5318; x_wconf 80' lang='lat'>2.</span> <span class='ocrx_word' id='word_1_779' title='bbox 1217 5317 1224 5318; x_wconf 15' lang='grc' dir='ltr'>ί</span> <span class='ocrx_word' id='word_1_780' title='bbox 1270 5246 1342 5281; x_wconf 82' lang='grc'>¹⁹³</span> <span class='ocrx_word' id='word_1_781' title='bbox 1373 5246 1749 5318; x_wconf 73' lang='lat' dir='ltr'>pertinaciam</span> <span class='ocrx_word' id='word_1_782' title='bbox 1784 5235 2014 5300; x_wconf 83' lang='lat' dir='ltr'>illorum</span> <span class='ocrx_word' id='word_1_783' title='bbox 2047 5248 2114 5318; x_wconf 86' lang='lat'>_2.</span> <span class='ocrx_word' id='word_1_784' title='bbox 2150 5235 2168 5244; x_wconf 82' lang='grc'><em>’</em></span> <span class='ocrx_word' id='word_1_785' title='bbox 2197 5243 2286 5318; x_wconf 69' lang='lat'>‘9‘_</span> <span class='ocrx_word' id='word_1_786' title='bbox 2317 5244 2746 5318; x_wconf 85' lang='lat' dir='ltr'>summitterent</span> <span class='ocrx_word' id='word_1_787' title='bbox 2773 5245 2826 5296; x_wconf 92' lang='lat'>2.</span> <span class='ocrx_word' id='word_1_788' title='bbox 2909 5239 2980 5274; x_wconf 76' lang='grc'>¹⁹⁵</span> <span class='ocrx_word' id='word_1_789' title='bbox 3007 5235 3232 5295; x_wconf 76' lang='lat' dir='ltr'>obstare</span> <span class='ocrx_word' id='word_1_790' title='bbox 3277 5235 3356 5292; x_wconf 23' lang='lat'>2.‘</span> <span class='ocrx_word' id='word_1_791' title='bbox 3413 5235 3484 5271; x_wconf 78' lang='grc'>¹⁹⁶</span> <span class='ocrx_word' id='word_1_792' title='bbox 3523 5253 3567 5292; x_wconf 88' lang='lat' dir='ltr'>s.</span> 
     </span>
    </p>
   </div>
   <div class='ocr_carea' id='block_1_98' title="bbox 63 5314 2526 5386">
    <p class='ocr_par' dir='ltr' id='par_1_98' title="bbox 63 5314 2526 5386">
     <span class='ocr_line' id='line_1_98' title="bbox 63 5314 2526 5386; baseline -0.002 -14"><span class='ocrx_word' id='word_1_793' title='bbox 63 5322 99 5372; x_wconf 87' lang='lat' dir='ltr'>i.</span> <span class='ocrx_word' id='word_1_794' title='bbox 131 5323 329 5376; x_wconf 80' lang='lat' dir='ltr'>desunt</span> <span class='ocrx_word' id='word_1_795' title='bbox 353 5323 409 5375; x_wconf 90' lang='lat'>2.</span> <span class='ocrx_word' id='word_1_796' title='bbox 490 5314 904 5373; x_wconf 69' lang='lat' dir='ltr'>19&quot;ministeria</span> <span class='ocrx_word' id='word_1_797' title='bbox 943 5322 1002 5373; x_wconf 88' lang='lat'>2.</span> <span class='ocrx_word' id='word_1_798' title='bbox 1089 5315 1160 5351; x_wconf 74' lang='grc'>¹⁹⁸</span> <span class='ocrx_word' id='word_1_799' title='bbox 1190 5317 1333 5372; x_wconf 88' lang='lat' dir='ltr'>deest</span> <span class='ocrx_word' id='word_1_800' title='bbox 1367 5314 1411 5371; x_wconf 43' lang='lat'>1—.</span> <span class='ocrx_word' id='word_1_801' title='bbox 1491 5314 1560 5351; x_wconf 70' lang='lat'>‘99</span> <span class='ocrx_word' id='word_1_802' title='bbox 1590 5317 1657 5372; x_wconf 90' lang='lat' dir='ltr'>ad</span> <span class='ocrx_word' id='word_1_803' title='bbox 1691 5318 1812 5371; x_wconf 80' lang='lat' dir='ltr'>haec</span> <span class='ocrx_word' id='word_1_804' title='bbox 1832 5331 2002 5386; x_wconf 83' lang='lat' dir='ltr'>usque</span> <span class='ocrx_word' id='word_1_805' title='bbox 2030 5315 2223 5369; x_wconf 89' lang='lat' dir='ltr'>dicens</span> <span class='ocrx_word' id='word_1_806' title='bbox 2249 5314 2444 5369; x_wconf 84' lang='lat' dir='ltr'>desunt</span> <span class='ocrx_word' id='word_1_807' title='bbox 2474 5317 2526 5367; x_wconf 89' lang='lat'>2.</span> 
     </span>
    </p>
   </div>
   <div class='ocr_carea' id='block_1_99' title="bbox 132 5489 2212 5566">
    <p class='ocr_par' dir='ltr' id='par_1_99' title="bbox 132 5489 2212 5566">
     <span class='ocr_line' id='line_1_99' title="bbox 132 5489 2212 5566; baseline -0.004 -16"><span class='ocrx_word' id='word_1_808' title='bbox 132 5500 208 5566; x_wconf 73' lang='lat' dir='ltr'>ta}</span> <span class='ocrx_word' id='word_1_809' title='bbox 243 5496 279 5549; x_wconf 91' lang='lat' dir='ltr'><strong>S</strong></span> <span class='ocrx_word' id='word_1_810' title='bbox 336 5512 396 5549; x_wconf 91' lang='lat' dir='ltr'>n.</span> <span class='ocrx_word' id='word_1_811' title='bbox 427 5495 735 5565; x_wconf 79' lang='lat' dir='ltr'>deprecata</span> <span class='ocrx_word' id='word_1_812' title='bbox 764 5495 816 5548; x_wconf 76' lang='grc'>4.</span> <span class='ocrx_word' id='word_1_813' title='bbox 1780 5490 1856 5560; x_wconf 89' lang='lat' dir='ltr'>(b)</span> <span class='ocrx_word' id='word_1_814' title='bbox 1885 5489 2129 5544; x_wconf 81' lang='lat' dir='ltr'>Ecclesia</span> <span class='ocrx_word' id='word_1_815' title='bbox 2161 5491 2212 5542; x_wconf 79' lang='grc'>4.</span> 
     </span>
    </p>
   </div>
   <div class='ocr_carea' id='block_1_100' title="bbox 430 5596 3263 5666">
    <p class='ocr_par' dir='ltr' id='par_1_100' title="bbox 430 5596 3263 5666">
     <span class='ocr_line' id='line_1_100' title="bbox 430 5596 3263 5666; baseline -0.006 0"><span class='ocrx_word' id='word_1_816' title='bbox 430 5601 708 5666; x_wconf 63' lang='lat' dir='ltr'>Parnm.</span> <span class='ocrx_word' id='word_1_817' title='bbox 762 5598 938 5666; x_wconf 83' lang='lat' dir='ltr'>CXL.</span> <span class='ocrx_word' id='word_1_818' title='bbox 1742 5637 1750 5662; x_wconf 85' lang='lat'>.</span> <span class='ocrx_word' id='word_1_819' title='bbox 3184 5596 3263 5650; x_wconf 80' lang='grc'>14</span> 
     </span>
    </p>
   </div>
  </div>
