3920 6190
475 314 579 366 427

476 520 796 593 parrochia
843 521 1294 576 Gandenesheim
1327 522 1396 575 ad
1444 520 1674 575 titulum
1721 525 1928 575 sancta
1979 522 2175 576 Hilde-

477 609 898 664 nesheimensis
971 610 1237 664 acclesia
1311 609 1650 680 pertinentis
1707 608 1936 679 publice
1997 610 2173 664 conﬁ-

477 705 623 764 tens,
653 698 770 768 juri
802 703 859 752 et
907 698 1238 768 repetitioni
1270 697 1526 767 ejusdem
1568 697 1678 750 loci
1721 697 2174 762 abrenunciavit,

479 793 536 841 et
573 786 633 840 in
680 785 1074 840 testimonium
1125 787 1294 856 hujus
1351 785 1880 841 abrenunciationis
1935 786 2176 840 ferulam

480 875 867 946 episcopalem
926 874 1139 928 domno
1210 874 1546 928 Bernwardo
1612 874 1869 940 tradidit,
1935 875 2174 929 dicens:

480 967 669 1019 Frater
715 963 996 1017 karissime
1039 968 1088 1017 et
1125 965 1446 1034 coepiscope,
1496 963 1824 1018 abrenuncio
1864 964 1988 1032 juri
2020 966 2178 1018 istius

481 1054 744 1119 acclesia,
775 1057 825 1106 et
867 1053 1002 1107 hanc
1037 1054 1364 1122 pastoralem
1408 1054 1650 1120 ferulam
1681 1051 1777 1121 ²⁰⁰,
1820 1069 1984 1123 quam
2013 1069 2179 1107 manu

481 1146 644 1209 gesto,
699 1142 798 1193 tibi
826 1141 923 1194 sub
957 1144 1256 1196 testimonio
1287 1143 1494 1198 Christi
1539 1147 1588 1196 et
1621 1142 1828 1196 domini
1871 1144 2049 1196 nostri
2092 1158 2178 1195 re-

483 1231 566 1296 gis
616 1234 665 1283 et
720 1231 962 1295 fratrum
1018 1236 1326 1284 nostrorum
1369 1231 1526 1284 trado
1582 1232 1641 1283 in
1694 1232 2076 1297 testimonium,
2120 1235 2180 1284 ut

479 1323 601 1385 post
655 1317 748 1371 hoc
802 1333 970 1386 neque
1020 1334 1114 1386 ego
1168 1335 1338 1388 neque
1380 1321 1522 1373 ullus
1566 1333 1835 1373 successor
1878 1334 2024 1374 meus
2072 1321 2176 1374 ali-

482 1420 646 1473 quam
695 1407 1181 1474 interpeltationem
1223 1408 1306 1460 vel
1355 1409 1724 1476 repetitionem
1755 1407 1820 1460 de
1860 1407 1959 1461 hac
1987 1423 2044 1461 re
2074 1408 2179 1462 ha-

485 1494 602 1547 bere
631 1495 820 1562 possit.
857 1494 1061 1564 Sicque
1102 1495 1354 1548 ofﬁcium
1401 1495 1590 1548 missa
1619 1512 1652 1548 a
1683 1495 1971 1566 Willegiso
2002 1495 2180 1549 archi-

483 1583 749 1652 ερὶςουρο
795 1599 922 1636 cum
975 1600 1254 1637 consensu
1302 1584 1502 1638 domui
1553 1585 1876 1639 Bernwardi
1925 1585 2178 1656 episcopi

485 1673 880 1742 sollempniter
920 1678 1216 1742 peractum
1261 1671 1330 1707 ²⁰¹
1383 1678 1484 1726 est.
1532 1674 1806 1744 Sequenti
1854 1679 2043 1728 autem
2087 1675 2177 1729 die
2214 1712 2253 1765 Β

485 1761 808 1832 epiphania
856 1761 1082 1815 Domini
1113 1762 1317 1815 velatio
1367 1762 1650 1832 virginum
1694 1763 2002 1835 sollempni
2033 1765 2176 1818 cele-

483 1849 766 1915 bratione,
824 1857 1104 1920 prasente
1162 1867 1294 1920 rege
1353 1856 1410 1904 et
1465 1852 1733 1905 omnibus
1790 1853 2094 1923 episcopis,
2149 1870 2182 1906 a

485 1939 698 1993 domno
742 1939 1075 1992 Bernwardo
1115 1939 1259 1992 facta
1288 1944 1403 2005 est;
1434 1940 1626 2010 sicque
1659 1941 1758 1994 Dei
1799 1941 1984 2005 gratia
2014 1942 2182 1995 rebus

487 2028 546 2081 in
599 2044 735 2098 pace
783 2032 839 2080 et
881 2029 1112 2081 caritate
1171 2029 1448 2099 sapientia
1491 2029 1734 2100 piissimi
1782 2029 1855 2064 ²⁰²
1906 2031 2182 2101 principis

486 2115 816 2186 compositis
850 2113 946 2182 ’03,
997 2117 1306 2170 discessum
1355 2122 1456 2170 est.
1507 2118 1981 2188 Archicpiscopus
2023 2134 2178 2184 vero,

489 2207 590 2258 hac
622 2205 714 2257 lite
761 2205 974 2272 sedata,
1007 2205 1311 2274 prasulem
1361 2210 1619 2259 nostrum
1673 2208 1831 2260 omni
1875 2206 2094 2260 honore
2126 2211 2184 2260 et

485 2291 720 2346 caritate
768 2293 918 2347 ultro
970 2293 1185 2358 dilexit,
1229 2299 1284 2348 et
1322 2294 1382 2347 in
1430 2299 1624 2348 nostro
1672 2296 2018 2349 monasterio
2067 2295 2180 2348 fra-

487 2381 748 2435 ternitate
787 2382 1099 2436 honoriﬁce
1143 2382 1437 2452 acquisita,
1489 2398 1774 2438 summam
1813 2383 2179 2438 dilectionem

487 2474 542 2524 et
570 2470 691 2523 loco
721 2475 778 2522 et
806 2469 1074 2523 fratribus
1099 2469 1364 2540 providit.

555 2559 642 2612 44.
680 2559 776 2613 llis
819 2556 895 2592 ²⁰⁸
947 2557 1027 2611 ita
1072 2575 1130 2612 se
1181 2559 1543 2626 habentibus,
1594 2559 1745 2614 idem
1799 2560 2180 2632 archiepisco-

485 2663 591 2718 pus
624 2647 826 2717 quinto
865 2651 1062 2717 postea
1094 2663 1265 2712 anno,
1296 2647 1502 2718 plenus
1549 2649 1770 2703 dierum
1805 2655 1862 2704 et
1898 2649 2178 2704 bonorum

484 2735 653 2790 etiam
708 2752 970 2806 operum,
1028 2737 1095 2790 ad
1147 2735 1434 2790 Christum
1491 2737 1761 2808 migravit
1815 2739 1846 2790 6
1901 2737 2180 2792 Kalendas

483 2824 662 2878 Martii
699 2827 791 2893 (an
823 2825 978 2890 1011,
1012 2825 1163 2880 Febr.
1196 2826 1306 2895 24).

553 2913 640 2967 45.
677 2913 808 2966 Post
852 2928 1024 2984 quem
1077 2912 1466 2967 Erkenhaldus
1512 2913 1858 2983 subrogatur
1905 2914 2178 2985 Mogonti-

1477 309 1875 366 THANGMARI
1917 309 2355 366 PRESBYTERI
2397 308 2975 366 HILDESHEIMENS.
3113 355 3117 358 ι
3811 323 3886 376 428

478 432 742 487 nitricem
797 432 1157 500 exercuisset,
1199 433 1459 487 videlicet
1509 433 1566 485 in
1606 432 1821 502 injuste.
1878 431 2170 487 invasione
2201 437 2246 488 Α

2355 437 2424 489 46
2455 432 2549 487 ²⁰⁸.
2585 435 2806 488 Interea
2835 431 2910 468 ⁹⁰⁹
2955 433 3293 488 venerabilis
3335 438 3537 505 prasul
3565 438 3885 509 Bernwardus,

2285 523 2564 592 ampliare
2596 522 2829 576 studens
2856 521 3064 576 divina
3087 522 3373 576 servitutis
3391 523 3700 596 obsequium
3726 529 3773 584 in
3799 548 3889 602 par-

2286 611 2480 664 rochia
2533 611 2620 664 sui
2668 611 3035 682 praesulatus,
3083 611 3158 665 ob
3197 615 3746 683 recompensatiouem
3779 621 3893 674 tutu-

2288 715 2404 753 ram
2442 699 2732 754 Christum
2779 700 3066 754 haredem
3099 700 3290 769 elegit,
3324 704 3378 754 et
3417 703 3560 772 quod
3603 707 3890 778 pracipuum

2284 787 2506 854 habuit,
2545 804 2604 841 se
2637 788 2825 859 ipsum
2854 804 2984 842 cum
3017 788 3282 842 omnibus
3310 789 3590 858 acquisitis
3633 808 3718 847 seu
3743 799 3888 865 acqui-

2286 874 2476 929 rendis
2511 874 2681 928 rebus
2715 875 2862 928 Patri
2894 875 3294 946 omnipotenti,
3340 876 3482 931 sicut
3504 878 3614 948 jam
3651 880 3828 935 dudum
3853 884 3887 938 in

2286 967 2500 1016 secreto
2544 962 2754 1016 mentis
2801 967 3096 1030 statuerat,
3133 964 3191 1017 in
3223 963 3553 1020 sacriﬁcium
3597 968 3786 1024 obtulit.
3817 973 3889 1025 Mo-

2286 1052 2602 1105 nasterium
2662 1051 2860 1122 itaque
2921 1051 2979 1106 in
3039 1053 3469 1124 septentrionali
3519 1061 3664 1125 parte
3707 1059 3885 1112 civitatis

2288 1139 2890 1206 Hildenesheimensis,
2923 1140 2980 1194 in
3012 1141 3138 1194 loco
3189 1142 3476 1212 quondam
3524 1144 3772 1214 squalido.
3797 1148 3888 1200 feris

2288 1244 2519 1299 quoque
2567 1245 2665 1282 seu
2711 1229 2894 1283 brutis
2935 1229 3280 1284 animalibus
3320 1236 3592 1302 coaptato,
3629 1238 3730 1286 tota
3765 1235 3887 1288 devo-

2285 1317 2442 1370 tione
2508 1320 2564 1371 et
2605 1323 2880 1388 apparatu
2933 1318 3158 1372 decenti
3228 1319 3493 1386 instituit,
3542 1321 3681 1392 quod
3721 1326 3887 1392 pradiis

2288 1405 2705 1460 sufﬁcientibus
2749 1407 3029 1470 dotatam.
3075 1408 3376 1462 canobitis
3424 1410 3534 1463 Deo
3569 1410 3887 1466 famulantibus

2287 1494 2368 1547 ibi
2399 1494 2649 1548 collectis
2677 1495 2976 1566 delegavit.

2359 1583 2422 1636 47
2460 1580 2556 1635 ²ί⁰.
2588 1585 2753 1636 Anno
2793 1599 2927 1637 vero
2960 1583 3241 1638 incarnati
3287 1585 3455 1638 Verbi
3507 1587 3653 1650 1015,
3678 1588 3885 1655 νεεηξίευο

2289 1674 2404 1723 tem
2441 1670 2638 1724 domui
2673 1671 2917 1725 Heinrici
2961 1673 3205 1740 piissimi
3236 1673 3593 1743 imperatoris
3636 1675 3706 1740 t4,
3733 1676 3883 1728 ordina-

2290 1759 2467 1812 tionis
2511 1759 2709 1812 domui
2745 1761 3066 1814 Bernwardi
3099 1761 3568 1815 venerabilissimi
3598 1763 3881 1832 prasulis‘23,

2290 1847 2596 1901 indictione
2643 1851 2724 1914 i3,
2776 1851 2806 1902 3
2853 1849 3088 1903 Kalend.
3143 1849 3404 1904 Octobris
3445 1849 3613 1920 (Sept.
3652 1851 3884 1918 29),cripta

2291 1936 2544 2006 ejusdem
2598 1938 2935 1990 monasterii
2988 1954 3196 2007 magno
3237 1939 3441 1992 decore
3491 1938 3586 1992 Dei
3621 1939 3770 2008 gratia
3799 1955 3884 1990 con-

2289 2030 2594 2091 summata,
2639 2025 2936 2079 dedicatur
2981 2042 3014 2078 a
3061 2025 3302 2095 praefato
3351 2027 3594 2081 antistite
3642 2026 3887 2080 Bernwardo

2290 2119 2346 2166 et
2374 2113 2700 2167 honorabili
2732 2113 3099 2168 Sleswicense
3145 2115 3417 2184 episcopo
3450 2114 3749 2185 Eggehardo
3775 2121 3887 2183 atque

2288 2201 2610 2256 venerando
2691 2202 3325 2273 Mimigardevordensis
3414 2203 3666 2257 acclesia
3730 2211 3886 2274 pastore

2287 2291 2609 2357 Thiderico,
2658 2290 2717 2344 in
2759 2291 2978 2345 honore
3017 2292 3325 2346 Salvatoris
3375 2293 3595 2346 Domini
3642 2293 3785 2346 nostri
3807 2294 3883 2344 Iesu

2289 2377 2521 2446 Christi,
2573 2382 2629 2431 et
2667 2379 2792 2448 ejus
2837 2379 3185 2433 beatissima
3239 2385 3297 2434 et
3343 2380 3738 2448 gloriosissima
3770 2380 3885 2433 Gene-

2287 2467 2444 2521 tricis
2493 2474 2905 2538 perpetuaeque
2967 2469 3216 2539 Virginis
3273 2469 3488 2535 Maria,
3543 2471 3792 2540 sanctique
3834 2468 3890 2521 Hic

2288 2555 2538 2611 chahelis
2609 2556 2958 2625 archangeli,
3028 2557 3204 2611 totius
3262 2572 3496 2629 quoque
3549 2557 3739 2611 militia
3782 2555 3886 2608 cale-

2291 2645 2389 2698 stis
2446 2645 2540 2711 ²¹¹,
2604 2650 2662 2698 et
2725 2645 2895 2699 simul
2965 2646 3258 2716 sexaginta
3326 2663 3423 2700 sex
3482 2647 3820 2718 reliquiarum,
3847 2645 3890 2695 ab

2289 2734 2505 2789 eisdem
2560 2735 2980 2788 venerabilibus
3028 2735 3376 2806 prasulibus
3416 2735 3617 2790 ibidem
3660 2735 3801 2805 digna
3834 2749 3893 2784 ve-

2290 2823 2584 2877 neratione
2617 2823 3061 2877 reconditarum.

2360 2911 2429 2964 48
2478 2911 2573 2965 ²¹².
2640 2911 2848 2976 Quinto
2888 2911 3095 2966 deinde
3157 2928 3309 2966 anno
3365 2912 3546 2984 (1020)
3590 2909 3886 2965 Erkenbaldns

485 3017 558 3055 no
616 3000 904 3072 regimini,
962 3001 1122 3072 prius
1174 3001 1346 3055 abbas
1408 3001 1701 3056 Fuldensis
1754 3003 2016 3070 canobii,
2085 3003 2176 3057 cui
2209 2997 2248 3051 C
2291 2999 2593 3070 Mogontia
2641 3000 3142 3069 metropolitanus,
3174 3000 3384 3071 plenus
3417 3002 3492 3036 ²¹³
3523 3001 3720 3057 dierum
3748 3005 3790 3052 et
3813 3013 3884 3051 me-

485 3089 658 3143 nichil
706 3089 899 3144 deerat
945 3090 1235 3144 catholicae
1282 3089 1434 3158 ﬁdei,
1488 3107 1660 3161 quem
1709 3091 1954 3146 domnus
2003 3091 2175 3145 Bern-

484 3177 702 3232 wardus
792 3178 1058 3232 Kalendis
1139 3178 1349 3248 Aprilis
1443 3179 1745 3250 Mogontia
1831 3181 2179 3234 consecravit

482 3269 644 3335 (Apr.
687 3267 752 3337 l).
804 3266 1005 3320 Divino
1050 3266 1241 3337 itaque
1287 3272 1548 3336 respectu
1595 3267 1841 3322 surrexit
1887 3267 1944 3321 in
1991 3268 2177 3322 archi-

485 3356 806 3424 prasulem,
856 3354 993 3424 quia
1022 3353 1081 3408 in
1123 3359 1381 3425 tempore
1428 3355 1740 3410 iracundia
1780 3357 1958 3410 factus
1987 3361 2072 3410 est
2101 3372 2180 3411 re-

484 3442 828 3496 conciliatio.
859 3441 966 3506 Qui
1016 3441 1390 3513 quoadusque
1419 3440 1494 3476 ³0⁵
1527 3442 1683 3510 vixit,
1733 3443 1937 3513 prioris
1967 3444 2176 3498 discor-

485 3531 594 3584 dia
643 3529 926 3584 lenocinia
975 3531 1328 3600 postliabuit,
1379 3530 1614 3602 insuper
1669 3529 1740 3568 ²⁰⁶
1789 3533 2174 3588 ordinatorem

485 3635 675 3685 suum,
725 3619 1220 3689 consanguinitate
1272 3617 1344 3654 ²⁰⁷
1388 3619 1560 3673 etiam
1609 3619 1714 3674 sibi
1763 3621 2172 3692 propinquum,

483 3705 675 3759 debita
713 3704 1013 3760 devotione
1054 3709 1116 3762 ut
1144 3709 1366 3775 patrem
1397 3705 1574 3760 coluit
1609 3711 1666 3760 et
1713 3712 1951 3778 paterna
1980 3708 2179 3763 carita-

477 3800 532 3847 te
563 3793 840 3848 tractavit.

2288 3087 2550 3156 ritorum,
2613 3076 2676 3142 15
2738 3089 3018 3143 Kalendas
3069 3089 3426 3160 Septembris
3464 3105 3651 3161 pacem
3697 3087 3887 3142 ecclesia

2290 3178 2384 3232 Dei
2418 3178 2746 3249 dereliquit,
2780 3183 2836 3233 et
2866 3181 3118 3233 animam
3147 3178 3206 3234 in
3235 3196 3444 3235 manus
3467 3182 3767 3250 angelorum
3790 3178 3887 3230 eith-

2284 3266 2362 3320 vit
2407 3266 2499 3320 ²¹⁸.
2559 3266 2698 3320 Huic
2746 3267 2942 3333 Aribo,
2983 3267 3177 3338 regius
3215 3269 3567 3339 capellanus,
3615 3264 3886 3320 successitin

2287 3355 2567 3426 regimine
2600 3372 2613 3421 ;
2648 3371 2752 3426 per
2798 3372 2970 3426 quem
3004 3356 3255 3410 rediviva
3294 3363 3677 3413 restaurantur
3702 3356 3760 3390 ²¹⁶
3783 3367 3887 3406 arma

2286 3444 2606 3510 discordia,
2654 3461 2783 3515 qua
2815 3445 2919 3499 sub
2949 3445 3374 3516 praedecessore
3417 3465 3518 3501 suo
3546 3447 3707 3518 sopita
3733 3443 3886 3514 quieie

2286 3537 2439 3598 runt,
2490 3534 2834 3604 pravalente
2883 3535 3066 3605 gratia
3097 3536 3440 3590 concordia.
3502 3536 3668 3600 Quem
3708 3533 3883 3588 futurum

2286 3621 2611 3691 pontiﬁcem
2655 3637 2782 3676 cum
2817 3623 2877 3676 in
2916 3623 3268 3678 sacerdotem
3317 3624 3396 3659 ²¹⁶
3426 3637 3728 3680 consecrare
3773 3619 3883 3672 debe.

2285 3716 2373 3765 ret
2418 3708 2491 3744 ²¹⁷
2527 3712 2638 3765 Deo
2667 3712 3040 3782 dignissimus
3075 3713 3312 3768 antistes
3357 3713 3721 3776 Bernwardus,
3761 3707 3883 3779 gladio

2288 3799 2442 3854 verbi
2488 3798 2587 3854 Dei
2641 3799 2806 3855 illum
2850 3801 3155 3856 obstrinxit
3216 3800 3292 3836 ²¹⁸
3355 3819 3413 3858 et
3459 3796 3880 3858 anathematizavit.

1757 3935 1988 3988 VARUS
2028 3935 2317 3991 LECTION
2331 3938 2424 3992 ES.

546 4051 663 4133 ?°°.
693 4055 768 4133 in-
807 4051 1193 4133 marggmcodem
1238 4053 1292 4117 2,
1337 4053 1831 4133 manusecguda;
1861 4054 2002 4133 Nota
2050 4054 2118 4133 de
2163 4055 2266 4110 hoc
2309 4057 2442 4133 ipso
2492 4059 2553 4112 in
2606 4060 2729 4114 Vita
2774 4060 2828 4115 S.
2880 4060 3137 4133 Godardir
3184 4063 3434 4132 plenius.
3511 4061 3576 4098 ²⁰¹
3634 4064 3822 4133 peracta
3844 4057 3873 4105 ἓ.

476 4122 550 4204 ²ίξ²
626 4123 770 4206 deest
830 4123 881 4174 2.
962 4119 1035 4206 2°?
1100 4121 1960 4206 compositis,‘ip_'l‘hurin_gia
2033 4119 2394 4206 aliquamdiu
2453 4135 2875 4206 comnior§_tus__
2916 4132 2984 4206 ad
3045 4119 3395 4206 Bajoariamf
3437 4119 3758 4206 progressus.
3803 4131 3872 4182 Ra-

475 4193 822 4272 ginesburhc
871 4197 1145 4272 sanctum.
1176 4191 1385 4272 pascha
1417 4193 1805 4272 (a)_in_ici_avit.
1837 4191 2065 4272 Reliqua
2111 4191 2308 4266 capitis
2356 4198 2549 4254 desunt
2575 4204 2628 4255 2.
2706 4200 2779 4238 ²⁰⁴
2809 4201 2909 4256 His
2940 4202 3020 4256 ita
3059 4191 3514 4272 se'hahentibus,
3541 4191 3607 4258 ’ἐξ
3629 4210 3870 4272 temporum

475 4261 814 4347 tempestate
955 4263 1040 4315 Kl.
1103 4261 1292 4347 Marcii
1350 4262 1450 4317 Dei
1471 4335 1484 4347 ι
1489 4263 1715 4347 judicio
1768 4261 2296 4347 tactus,_human_a
2354 4277 2577 4325 natura
2629 4273 2907 4347 concessit
2953 4274 3260 4347 praedictus
3313 4261 3756 4347 archiepiscopus
3788 4269 3870 4320 1111-

475 4332 854 4424 l'i‘gisusuln'.
891 4332 1038 4412 ipso.
1091 4332 1292 4424 mortis
1357 4334 1606 4424 contipio
1665 4352 1790 4424 sero
1850 4337 2134 4424 paenitens
2171 4345 2266 4424 “et.
2319 4356 2542 4424 rerum.
2578 4343 2874 4410 conﬁtens,
2933 4332 3524 4424 quicquid_p_roprio'
3562 4332 3872 4424 vel:alion_im

477 4403 594 4484 Deo
661 4403 1312 4486 odibiliumiinstiuctu‘
1365 4404 1425 4486 in
1491 4405 1677 4486 Deum
1735 4412 1804 4486 et.
1850 4403 2270 4486 sanctam__Dei
2333 4412 2671 4486 Genitricem
2739 4403 3104 4486 exercuisset:
3161 4403 3426 4471 videlicet
3483 4417 3542 4471 in
3601 4411 3873 4486 injustamin-

473 4475 706 4555 vasione
779 4473 1095 4553 parrochia
1161 4473 1538 4555 Gaudeshem,
1608 4477 1677 4531 ad
1745 4478 2486 4555 titulum__Hildiuemensis
2555 4485 2805 4538 ecclesia
2865 4473 3226 4554 pertinentis.
3295 4487 3535 4552 Quantis
3593 4473 3875 4555 synodalibus

472 4545 762 4626 decretisu
789 4559 939 4598 nunc
977 4545 1390 4626 innpresentia
1445 4547 1833 4626 Itomanornni
1873 4550 2250 4626 cardinalium
2292 4569 2324 4626 a
2363 4554 2577 4609 domno
2617 4545 2928 4626 apostolico
2983 4545 3337 4612 directoruni
3383 4561 3573 4623 tritus,
3613 4545 3719 4611 tum
3758 4554 3874 4626 etiam

472 4614 1189 4699 duabusamperatpribus
1254 4617 1421 4697 tertio
1462 4617 1669 4699 Ottone
1727 4625 1781 4699 e_t
1819 4620 2072 4699 benigno
2126 4623 2390 4678 Heinrico
2441 4641 2583 4699 cum_
2623 4614 2688 4699 eo
2743 4627 3224 4695 conﬂictantibus,
3285 4614 3877 4699 presidentibusmullis

471 4686 1013 4772 archiepiscopis-ct
1058 4686 1344 4772 episcOpis
1387 4704 1484 4742 seu
1521 4689 1693 4770 etiam
1738 4686 2151 4772 ducibus,_ipse
2183 4696 2989 4772 superatus,_ab_inceptased
3023 4686 3350 4772 numquam
3370 4704 3684 4772 perpetrata
3711 4693 3874 4772 injuria.

470 4758 612 4840 dum
639 4757 862 4842 veritati
898 4762 955 4811 et
977 4757 1218 4842 e‘qu‘itati
1247 4759 1751 4842 cedere‘nesciens,
1805 4757 2124 4842 pradictam
2157 4757 2625 4842 parochiam'juri
2667 4757 2886 4842 domini
2912 4757 3234 4842 Bernwardi
3263 4757 3516 4842 episcopi
3547 4757 3875 4842 reliquitsed}-

465 4845 571 4910 per
598 4828 921 4910 impudens.
972 4829 1125 4910 Post
1154 4844 1325 4910 quem
1346 4828 2174 4910 “Drlternbaldus'suhrogatur'
2205 4828 2872 4910 Mogontinoregimini,
2921 4842 3084 4910 prius
3136 4828 3314 4895 abbas
3360 4828 3874 4896 Fuldensis'canobii.

465 4899 740 4981 cuiﬂnihil
772 4899 990 4981 “deerat
1019 4899 1311 4981 catholica
1342 4900 1528 4981 ﬁdei.”
1550 4902 1732 4981 Quem
1774 4904 1921 4981 Dens
1950 4899 2406 4981 promoverajin
2459 4899 2949 4981 archiepiscopatn
3002 4911 3298 4980 Mogontia
3349 4914 3615 4967 unctione
3642 4917 3692 4963 et
3731 4917 3875 4981 conse-

464 4971 718 5053 cratione
771 4970 1089 5053 Bernvvardi
1116 4970 1887 5053 ‘episcoﬁpimtlildinemensis
1941 4970 2210 5053 ecclesia.
2247 4977 2496 5053 Divino,
2557 4970 2666 5034 etc:
2695 4984 2746 5034 2.
2801 4970 2898 5053 ί²⁰⁵
2931 4970 3154 5036 ᾱιιωέ.
3234 4981 3309 5017 ²⁰⁶
3340 4983 3378 5036 i.
3423 4985 3476 5038 Β.
3521 4973 3872 5053 episcopum

463 5040 696 5121 mare:
731 5057 776 5094 s.
825 5041 968 5121 p_..d.
1010 5040 1064 5094 d.
1093 5039 1285 5121 gesti-nt
1317 5040 1471 5121 2.10"
1491 5050 1666 5121 caput
1694 5050 1838 5121 cees‘t
1862 5047 1921 5121 in
1962 5048 2016 5100 2.
2073 5044 2395 5121 ’09iuterea
2438 5039 2681 5105 domnus
2721 5051 3021 5121 episcopus
3072 5053 3129 5106 Β.
3177 5053 3394 5108 diutina
3434 5039 3874 5121 inﬁfmitateipoii-

462 5129 508 5189 ς.
547 5113 700 5189 48)Αὲ
744 5113 925 5189 media
980 5113 1163 5189 capita
1207 5112 1615 5189 46,U477et‘49_
1647 5145 1713 5189 ἡ
1763 5119 1828 5170 53
1875 5116 2085 5189 desunt.
2165 5116 2241 5152 ²¹⁰
2273 5125 2437 5189 caput
2491 5121 2635 5175 deest
2694 5112 2768 5176 in.
2799 5125 2850 5176 2.
2918 5112 2999 5156 ’³η
3035 5139 3087 5176 c.
3120 5125 3398 5178 exercitus
3451 5129 3500 5179 3.
3575 5112 3873 5189 “sequendi

461 5186 518 5263 in
541 5187 612 5250 (2)
647 5185 701 5263 3.
743 5183 795 5236 4.
827 5186 1037 5263 5.,ιξηιθ
1079 5196 1237 5263 capp.
1283 5182 1370 5263 46_
1398 5188 1447 5236 et
1497 5183 1879 5263 4.7‘habe1itur.
1959 5188 2032 5263 "f’
2062 5182 2348 5246 tractavit:
2375 5191 2474 5246 llic
2517 5194 2721 5263 plenus
2765 5195 2816 5247 2.
2895 5194 2970 5230 ²¹⁴
2999 5191 3229 5248 efﬂavit.
3265 5196 3443 5259 Quem
3470 5182 3872 5263 successit-ofﬁcio

461 5259 517 5334 Pi
547 5254 780 5334 ῐιοηξίξὶθ
810 5253 1043 5334 Quidam
1077 5253 1250 5334 Ανίέο
1283 5254 1452 5333 Ῡυιϐο
1485 5254 1668 5334 (“eius
1693 5259 1881 5334 ἔβης),
1916 5258 2012 5334 qui
2041 5275 2288 5334 consono
2327 5253 2561 5334 nomine
2604 5269 2659 5318 et
2685 5264 2991 5334 agnomina
3020 5265 3208 5318 vivere
3254 5253 3361 5320 sibi
3399 5265 3636 5320 instituit
3663 5261 3820 5316 labore
3840 5254 3873 5304 et

456 5325 1146 5449 granqi‘qeébgfgxgigem
1176 5325 1238 5391 2;
1291 5323 1346 5379 in
1402 5328 1650 5394 margine
1693 5329 1761 5384 Er
1817 5330 1904 5398 (vo
1933 5323 2167 5401 absciso)
2223 5333 2274 5384 2.
2355 5330 2430 5366 ²¹⁵
2476 5333 2605 5388 inst.
2641 5336 2692 5390 2.
2720 5323 2845 5370 ν²¹⁸
2894 5335 3188 5390 sacerdote
3227 5339 3278 5391 2.
3358 5337 3427 5371 "7
3483 5336 3536 5390 d.
3569 5334 3873 5392 domnusept

526 5519 602 5586 (a)
638 5517 821 5588 April.
853 5518 941 5571 2t.
