3920 6190
121 318 220 371 429
1497 312 1661 370 νιτΑ

2076 318 2245 373 LRDL
3520 323 3624 375 430

118 442 399 509 ριέθδεηὶθ
445 438 658 492 domno
696 435 771 471 ²²⁹
817 437 1079 491 Heinrico
1131 436 1544 508 benignissimo
1584 436 1661 471 ²⁹⁰
1709 437 1815 491 im-
1849 441 1894 493 A
1936 442 2051 494 Hoc
2084 446 2274 495 autem
2303 457 2423 512 prie
2452 440 2769 495 devotionis
2796 456 2939 511 opus
2971 457 3141 512 quam
3177 446 3398 496 mature
3430 444 3622 497 animo

116 534 379 599 peratore
429 533 486 581 et
532 527 770 580 diversis
821 527 1119 597 episcopis,
1166 543 1297 580 cum
1346 526 1661 580 astantibus
1703 527 1815 580 cle-

118 616 244 669 ricis
277 622 335 669 et
377 616 625 686 populis,
674 631 743 668 ne
773 621 900 685 post
950 619 1276 685 susceptum
1318 615 1577 685 regimen
1610 620 1816 668 sancta:

118 704 670 758 Hildenesheimensi
717 703 984 757 azcclesiaa
1028 703 1266 757 inferret
1316 702 1589 772 injuriam
1646 719 1818 774 super

118 793 423 863 parrochia
468 792 921 847 Gandenesheim
967 792 1136 846 dicta.
1186 792 1346 855 Quod
1379 792 1435 844 id
1480 791 1670 861 ipsum
1711 791 1818 845 ite-

118 898 242 935 rum
288 883 358 915 ²²¹
412 880 641 951 repetiit
671 885 729 933 et
776 880 1155 947 conﬁrmavit,
1204 881 1339 935 dum
1388 880 1551 933 illum
1594 880 1667 913 9”
1701 880 1816 933 vice

116 987 211 1023 sua
284 970 344 1023 in
412 969 907 1039 archiepiscopum
972 969 1315 1023 venerabilis
1389 969 1463 1002 2’3
1525 969 1813 1039 Eggehar-

117 1061 221 1112 dus
253 1060 332 1092 ²²⁴
359 1059 660 1129 episcopus
689 1058 1059 1111 consecravit.
1090 1057 1195 1111 Sed
1227 1057 1381 1128 quod
1408 1062 1545 1110 tunc
1576 1057 1817 1111 subdole

114 1148 404 1219 promisit,
472 1152 768 1217 grassante
820 1146 1069 1200 stulticia
1123 1150 1254 1217 post
1310 1146 1529 1199 fefellit.
1574 1147 1638 1198 In
1697 1145 1819 1215 ipsa

118 1236 275 1289 enim
332 1236 698 1305 promotione
758 1250 860 1287 sua
935 1232 1008 1267 ²²⁵
1074 1234 1350 1287 domuum
1417 1233 1817 1287 Bernwardum

116 1326 453 1395 episcopum
485 1323 617 1378 ﬁcta
662 1339 800 1394 pace
829 1339 931 1393 per
962 1324 1213 1392 legatum
1244 1338 1412 1377 suum
1444 1322 1729 1387 convenit,
1764 1328 1820 1375 et

116 1430 225 1485 per
304 1415 445 1468 falsa
520 1412 790 1466 salutaria
863 1412 1286 1482 querimoniam
1354 1428 1526 1481 super
1597 1412 1819 1465 Gaude-

118 1503 382 1556 nesheim
429 1502 744 1572 temptavit.
775 1502 878 1555 Cui
918 1501 1163 1555 domnus
1194 1500 1565 1553 Bernwardus
1595 1500 1816 1570 episco-

114 1608 243 1661 pus,
298 1591 488 1645 divina
518 1590 891 1659 inspiratione
925 1589 1140 1656 doctus,
1174 1606 1291 1642 non
1341 1589 1463 1659 ejus
1489 1588 1816 1659 vaniloquio

113 1679 443 1743 attendens,
501 1678 863 1748 obligationis
921 1693 1035 1730 sua!
1085 1678 1390 1730 anathema
1453 1677 1540 1730 illi
1586 1677 1812 1739 retexit,

111 1768 332 1835 dicens,
363 1766 469 1820 sibi
517 1767 597 1819 nil
645 1782 951 1819 commune
982 1782 1111 1818 cum
1144 1766 1243 1819 illo
1288 1763 1363 1798 ²²⁶
1408 1782 1551 1833 esse,
1583 1765 1629 1818 si
1673 1766 1815 1820 bene

112 1858 308 1923 vellet,
344 1856 453 1909 nisi
485 1872 552 1909 ea
590 1871 716 1925 quae
751 1854 846 1909 Dei
883 1859 1099 1919 essent;
1135 1854 1203 1906 de
1234 1853 1533 1924 parrochia
1583 1870 1713 1908 vero
1744 1853 1815 1887 ³³⁷

112 1961 217 1997 sua
267 1945 483 2015 absque
536 1944 710 1997 dubio
758 1943 934 1997 nichil
978 1942 1087 1995 sibi
1132 1943 1385 1995 cessisse.
1436 1943 1547 1996 Hac
1579 1958 1815 2012 respon-

113 2038 275 2088 sione
335 2033 655 2087 obstruitur
708 2031 1056 2086 machinatio
1122 2030 1573 2101 archiepisc0pi;
1630 2035 1685 2084 ct
1744 2030 1818 2063 ³³⁸

116 2139 293 2193 super
320 2122 427 2176 hac
471 2138 531 2175 re
560 2137 665 2175 nec
705 2119 780 2155 "9
811 2120 1018 2174 mutire
1060 2117 1135 2153 ²³⁰
1165 2120 1399 2188 quidem
1440 2136 1614 2173 ausus
1645 2124 1729 2173 est
1760 2120 1817 2173 iu

115 2209 609 2279 vitaﬁenerabilis
638 2207 958 2262 Bernwardi
986 2208 1241 2278 episcopi
1272 2208 1341 2241 ²³¹
1376 2208 1504 2277 (57).

181 2298 254 2350 49
284 2296 381 2348 ²³².
410 2299 576 2351 Λιιηο
609 2296 845 2366 perinde
885 2296 1155 2362 secundo,
1188 2297 1294 2350 hoc
1327 2303 1429 2363 est,
1458 2311 1608 2350 anno
1636 2295 1819 2349 incar-

113 2382 368 2436 nationis
399 2383 709 2437 Dominicee
743 2386 899 2449 1022,
927 2384 1095 2453 regni
1126 2388 1315 2437 autem
1342 2384 1538 2437 domui
1571 2384 1818 2438 Heinrici

112 2471 485 2541 imperatoris
514 2475 605 2541 2t,
637 2472 1016 2525 ordinationis
1044 2488 1178 2525 vero
1208 2472 1531 2527 Bernwardi
1569 2473 1818 2543 episcopi

112 2563 196 2622 30,
250 2560 570 2613 indictione
630 2562 680 2625 5,
737 2561 767 2613 3
827 2560 1108 2613 Kalendas
1166 2560 1424 2614 Octobris
1478 2561 1650 2630 (Sept.
1708 2562 1815 2629 29).

112 2647 514 2717 supradictum
561 2648 997 2713 monasterium,
1040 2648 1111 2702 ad
1143 2648 1451 2703 utilitatem
1486 2650 1817 2703 monasticae

112 2736 243 2788 vitae
287 2740 699 2803 constructum,
748 2735 1186 2807 multiplicique,
1238 2735 1396 2790 velut
1432 2736 1600 2790 hodie
1636 2742 1815 2806 patet,

114 2827 324 2877 ornatu
377 2824 718 2894 perfectum,
771 2824 1094 2878 dedicatum
1143 2828 1227 2878 est
1268 2840 1398 2878 cum
1447 2825 1606 2878 omni
1647 2826 1817 2878 devo-

112 2913 269 2966 tione
315 2913 727 2966 aecclesiasticae
770 2912 1069 2982 religionis
1112 2929 1145 2966 a
1185 2913 1513 2967 venerando
1558 2913 1816 2982 ejusdem

111 3000 385 3054 ecclesiae
431 3001 722 3070 provisore
772 3002 1112 3055 Bernwardo
1160 3000 1455 3071 pontiﬁce,
1508 3006 1566 3055 et
1606 3002 1676 3055 ab
1714 3001 1814 3056 ho-
1849 2987 1888 3041 ί)

111 3086 361 3140 norabili
432 3087 716 3141 Unewano
783 3088 1185 3158 archiprmsule
1236 3089 1817 3159 Hammenburgensis

108 3177 404 3241 (ecclesias,
458 3174 528 3229 ab
580 3176 911 3246 Eggehardo
959 3176 1324 3231 Sleswicense
1374 3178 1657 3249 episcopo,
1701 3182 1757 3232 et
1786 3196 1818 3231 a

109 3266 388 3319 Bennone
420 3265 910 3335 Aldenburgensis
941 3266 1207 3320 aecclesiaa
1235 3266 1689 3319 reverentissimo
1724 3283 1820 3319 an-

108 3354 309 3421 tistite,
345 3355 409 3407 in
439 3354 655 3408 honore
686 3354 991 3409 Salvatoris
1025 3354 1249 3409 Domini
1280 3355 1461 3409 nostri
1489 3356 1621 3409 Jesu
1656 3355 1816 3410 Chri-

110 3444 199 3508 sti,
234 3448 295 3497 et
323 3444 450 3512 ejus
481 3443 849 3497 sanctissima:
880 3444 1181 3497 Genitricis
1208 3460 1548 3515 semperque
1571 3444 1818 3515 Virginis

110 3532 328 3601 Mariae,
363 3548 429 3585 ac
458 3533 735 3586 salutiferi
767 3533 909 3602 ligni
936 3533 1240 3587 adorandae
1271 3538 1326 3587 et
1352 3532 1587 3586 viviﬁcas
1613 3532 1815 3599 crucis,

109 3626 165 3673 et
190 3621 265 3675 ad
299 3621 548 3691 speciale
578 3621 960 3691 patrocinium
1011 3622 1192 3674 sancti
1221 3621 1547 3675 Michahelis
1577 3621 1817 3675 archan-

110 3707 247 3777 geli,
300 3708 596 3777 totiusque
646 3707 867 3761 militiaa
901 3708 1046 3774 caali,
1097 3712 1152 3762 et
1201 3708 1271 3762 ad
1302 3709 1532 3763 laudem
1584 3723 1819 3761 venera-

106 3797 288 3849 tionis
318 3795 582 3849 omnium
614 3801 940 3850 sanctorum
974 3797 1091 3850 Dei.

180 3887 274 3938 50.
348 3884 457 3937 Sed
509 3870 642 3938 mox
710 3885 967 3955 ejusdem
1026 3885 1363 3939 monasterii
1423 3884 1818 3939 habitaculum

108 3972 494 4027 commissum
539 3979 625 4026 est
671 3973 742 4027 ad
772 3975 1091 4044 regendum
1138 3974 1357 4028 abbatis
1402 3974 1589 4029 ofﬁcio
1636 3974 1819 4029 Gode-

106 4077 356 4123 rammo,
394 4062 633 4115 caenobii
652 4062 829 4115 sancti
856 4063 1216 4116 Pantaleonis
1240 4063 1567 4134 praposito.

179 4152 275 4205 51.
306 4150 559 4205 Tandem
608 4167 741 4205 vero
772 4150 953 4205 sancti
998 4151 1326 4206 Michahelis
1373 4152 1687 4206 aacclesiam
1735 4151 1821 4205 vir

1928 528 2258 597 intenderit,
2311 546 2424 601 quo
2467 530 2688 584 fervore
2738 535 2900 583 nacta
2959 530 3345 600 oportunitate
3393 548 3623 602 aggres-

1928 634 2023 671 sus
2056 618 2146 685 sit,
2198 635 2311 689 qua
2358 618 2651 687 vigilantia
2690 622 2746 672 et
2798 618 3129 673 assiduitate
3178 620 3468 685 institerit,
3511 638 3625 691 qua

1928 707 2165 760 caritate
2212 706 2610 760 sufﬁcientiam
2664 707 3012 760 exteriorum
3045 708 3097 761 ei
3140 708 3473 779 providerit,
3512 725 3625 779 qua

1928 795 2189 849 libertate
2246 795 2641 861 construxerit,
2715 812 2829 865 qua
2889 797 3225 850 auctoritate
3291 797 3621 863 ﬁrmaverit,

1928 888 2209 954 quantum
2251 883 2425 937 etiam
2481 884 2602 954 ipse
2643 883 2877 937 interim
2917 884 3110 938 divino
3159 890 3341 939 tactus
3392 885 3623 939 verbere

1926 972 2249 1043 profecerit,
2306 971 2486 1042 ipsius
2542 972 2728 1025 verbis
2780 972 2988 1026 melius
3042 974 3423 1043 proferemus.
3481 975 3626 1028 Dicit

1929 1060 2083 1114 enim
2111 1060 2233 1130 ipse
2265 1060 2324 1113 in
2356 1060 2654 1131 privilegio
2694 1060 2879 1114 eidem
2911 1060 3172 1115 coenobio
3204 1062 3372 1115 dato:

2001 1166 2028 1196 (ί
2071 1148 2270 1201 Omnis
2301 1154 2559 1202 creatura
2590 1150 2762 1202 homo
2790 1150 3020 1203 nomine
3049 1150 3177 1203 ideo
3208 1166 3240 1203 a
3270 1165 3371 1203 suo
3396 1149 3624 1203 condita

1930 1257 1956 1282 ››
2000 1241 2085 1288 est
2127 1236 2415 1302 Creatore,
2456 1245 2520 1291 ut
2571 1236 2733 1305 juxta
2786 1238 2960 1291 ritum
3004 1241 3223 1291 natura:
3278 1237 3468 1308 potius
3523 1255 3623 1291 suo

1936 1346 1954 1370 ι
2000 1324 2209 1378 serviat
2237 1325 2488 1379 Creatori
2520 1342 2691 1395 quam
2737 1330 3032 1380 creaturae.
3066 1327 3238 1395 Cujus
3268 1326 3625 1380 habitudinis

1931 1432 1957 1463 ι)
2000 1417 2181 1466 status
2210 1413 2347 1467 dum
2378 1412 2441 1467 ﬁt
2468 1429 2659 1467 rerum
2685 1413 2927 1467 discolor
2958 1430 3109 1478 usus,
3142 1414 3400 1468 animum
3430 1418 3622 1467 tamen

1933 1521 1958 1551 ι)
2000 1501 2239 1555 rationis
2287 1507 2611 1571 compotem
2645 1517 2872 1571 semper
2901 1501 3145 1555 reflectit
3174 1502 3243 1555 ad
3288 1518 3404 1555 sure
3434 1504 3625 1556 condi-

1930 1608 1957 1638 ι)
2001 1589 2173 1643 tionis
2218 1589 2531 1643 tramitem.
2576 1590 2683 1643 Sed
2727 1606 2841 1660 quo
2875 1590 3121 1657 amplius
3168 1605 3455 1660 quemque
3498 1607 3624 1643 cor-

1932 1699 1956 1724 ››
2000 1680 2211 1732 rexerit
2262 1678 2510 1733 divinior
2560 1679 2815 1743 haustus,
2867 1684 3027 1733 tanto
3086 1678 3333 1732 divinius
3387 1696 3445 1732 se
3512 1680 3624 1733 Deo

1930 1786 1955 1815 ι)
1998 1766 2242 1837 quisque
2296 1768 2513 1837 obligat
2563 1768 2624 1821 in
2674 1767 2942 1821 omnibus
2990 1767 3181 1821 rebus.
3234 1769 3299 1821 Et
3342 1768 3447 1820 hoc
3500 1768 3626 1822 ﬁeri

1929 1874 1955 1904 ι)
1999 1856 2217 1926 nequit,
2273 1856 2380 1909 nisi
2422 1854 2520 1910 ubi
2560 1855 2746 1909 valida
2795 1856 2895 1909 Dei
2926 1872 3132 1909 manus
3181 1871 3470 1926 quemque
3517 1856 3624 1910 sibi

1928 1967 1953 1992 ››
1998 1945 2311 1998 attraxerit.
2350 1945 2507 1998 Unde
2541 1944 2597 1997 in
2630 1945 2889 2014 appetitu
2920 1944 3119 2015 gratim
3148 1960 3205 1998 se
3240 1944 3446 2016 cuique
3476 1945 3624 1999 ima-

1930 2053 1954 2078 ››
1998 2032 2160 2101 ginat
2190 2039 2245 2086 et
2274 2033 2589 2086 conformat
2626 2032 2902 2102 protectio
2951 2034 3160 2086 divina:
3192 2033 3621 2087 misericordiae.

1927 2141 1953 2169 ››
1998 2122 2171 2191 Cujus
2202 2121 2287 2175 rei
2316 2121 2775 2191 experimentum
2808 2120 2943 2174 dum
2983 2122 3358 2185 consulimus,
3395 2138 3424 2175 e
3453 2125 3623 2175 vesti-

1930 2230 1955 2256 »
1998 2207 2091 2276 gio
2150 2209 2314 2263 nobis
2373 2210 2620 2263 occurrit
2674 2209 2934 2262 divinum
2995 2225 3361 2278 responsum,
3430 2211 3625 2280 quod,

1931 2318 1955 2346 >>
1998 2303 2265 2367 peccante
2308 2298 2487 2351 Adam
2520 2302 2577 2351 et
2607 2298 2737 2351 inde
2768 2296 2923 2351 exilii
2966 2297 3136 2367 longa
3168 2297 3470 2368 dispendia
3498 2314 3625 2368 per-

1929 2406 1954 2436 »
1996 2386 2233 2452 ferente,
2268 2386 2573 2440 credidisse
2625 2385 2912 2440 Abraham
2945 2386 3057 2439 Deo
3090 2389 3145 2438 et
3192 2386 3299 2439 hoc
3339 2386 3424 2439 illi
3453 2403 3623 2456 repu-

1928 2495 1955 2526 »
1997 2480 2178 2529 tatum
2210 2492 2332 2529 esse
2374 2475 2443 2529 ad
2480 2474 2789 2545 justiciam.
2833 2476 3113 2545 Cumque,
3165 2479 3222 2528 et
3245 2474 3437 2529 divina
3468 2491 3623 2547 prae-

1931 2583 1955 2612 ι)
1999 2563 2261 2617 veniente
2314 2563 2634 2629 clementia,
2686 2567 2808 2616 tum
2865 2568 2921 2616 et
2968 2561 3331 2632 exigentibus
3383 2563 3625 2628 meritis,

1928 2672 1955 2699 »
2000 2652 2329 2721 accipimus,
2372 2651 2513 2722 legis
2551 2652 2790 2705 latorem
2841 2652 3067 2720 Moysen
3119 2650 3321 2704 ducem
3371 2667 3434 2705 ac
3477 2668 3628 2722 prae-

1930 2760 1957 2789 »
2000 2746 2290 2810 ceptorem
2352 2740 2600 2793 extitisse
2661 2738 2861 2810 populi
2921 2740 3111 2802 Israel,
3173 2738 3299 2809 pari
3365 2739 3627 2793 examine

1930 2849 1957 2879 ι)
2000 2829 2313 2882 sanctitatis
2366 2829 2665 2892 miramur,
2720 2828 3131 2881 miraculorum
3187 2827 3466 2882 factorem
3514 2829 3627 2882 lie-

1930 2940 1956 2966 »
2000 2918 2149 2988 lyam
2182 2917 2420 2971 humani
2450 2917 2556 2971 aevi
2585 2916 2843 2971 nondum
2892 2916 3227 2987 cognovisse
3260 2922 3497 2983 metam,
3529 2918 3627 2971 sed

1929 3027 1955 3057 »
1996 3021 2167 3059 curru
2197 3005 2370 3075 igneo
2401 3005 2688 3059 sublatum
2721 3021 2843 3058 esse
2873 3004 3076 3058 ultimo
3106 3005 3452 3058 seculorum
3482 3005 3628 3075 judi-

1932 3114 1952 3140 ι
1997 3093 2103 3146 cio.
2154 3093 2380 3147 Excedit
2414 3100 2668 3147 mentem
2702 3109 2807 3146 nec
2834 3092 3021 3163 capiet
3048 3092 3246 3159 ﬁnem,
3280 3094 3324 3147 si
3354 3093 3423 3148 de
3453 3092 3544 3147 his
3573 3100 3628 3147 et

1928 3202 1953 3229 ››
1998 3182 2203 3235 horum
2253 3180 2537 3235 similibus
2584 3186 2777 3235 nostra
2824 3181 2969 3235 ratio
3019 3182 3261 3235 ulterius
3302 3197 3359 3235 se
3392 3181 3628 3235 tendere

1928 3289 1955 3321 ν)
1998 3269 2262 3324 voluerit.
2299 3270 2445 3324 Satis
2488 3269 2699 3324 indicio
2732 3274 2835 3337 est,
2878 3275 3127 3341 quantus
3167 3270 3540 3324 assurrexerit
3570 3270 3628 3323 in

1929 3378 1955 3408 η
1997 3357 2211 3428 praeliis
2261 3357 2431 3412 David
2488 3374 2663 3411 manu
2712 3357 2896 3423 fortis,
2954 3363 3009 3411 et
3058 3358 3175 3411 sole
3228 3356 3475 3412 lucidius
3524 3363 3626 3422 est,

1928 3465 1955 3495 ιο
1998 3450 2208 3497 structo
2239 3444 2603 3498 tabernaculo
2642 3443 2764 3508 Dei,
2797 3443 3027 3513 quantis
3057 3443 3403 3513 religionum
3424 3445 3629 3498 ritibus

1934 3554 1951 3579 ι
1998 3537 2054 3586 et
2083 3531 2425 3586 libaminum
2458 3532 2694 3585 misticis
2733 3532 2981 3585 cultibus
3011 3548 3070 3586 se
3118 3533 3231 3586 Deo
3259 3532 3626 3603 approxima-

1929 3641 1957 3670 »
1996 3620 2143 3675 verit
2192 3626 2419 3674 sanctus
2473 3621 2760 3687 Salemon,
2795 3620 2959 3690 cujus
3007 3620 3363 3690 paenitentia:
3412 3622 3630 3676 meritis

1930 3730 1956 3759 »
1996 3709 2191 3763 nullus
2220 3724 2498 3778 umquam
2531 3720 2795 3779 repertus
2824 3713 2909 3761 est
2936 3708 3161 3762 similis.
3197 3708 3415 3772 Quibus
3444 3710 3629 3763 omni-

1932 3820 1952 3847 ο
1996 3798 2102 3851 bus
2131 3797 2202 3851 ad
2248 3797 2645 3850 habitudinem
2694 3797 2975 3850 factorum
3024 3795 3296 3849 revelavit
3344 3798 3492 3850 Deus
3543 3813 3629 3851 se-

1928 3911 1954 3935 »
1997 3890 2151 3940 creta
2180 3885 2548 3953 meritorum,
2588 3890 2653 3938 ut
2684 3884 3079 3955 temporaliter
3126 3884 3333 3938 merito
3381 3889 3437 3937 et
3466 3900 3633 3955 opere

1930 3996 1956 4025 »
1999 3974 2266 4029 omnibus
2298 3990 2526 4045 semper
2555 3978 2749 4027 essent
2795 3973 3067 4043 dispares,
3120 3972 3358 4043 insuper
3388 3979 3630 4027 aeterna-

1929 4085 1957 4115 »
1998 4065 2130 4119 liter
2179 4063 2451 4134 angelicis
2505 4062 2799 4134 spiritibus
2851 4062 3054 4116 tierent
3103 4062 3439 4132 cozequales.
3502 4062 3630 4115 Haec

1928 4172 1956 4204 η
1998 4169 2105 4224 ego
2169 4152 2539 4206 considerans
2602 4149 2995 4215 Bernwardus,
3068 4149 3166 4203 Dei
3229 4151 3631 4220 praeelectiona

108 4239 316 4293 beatus
345 4245 650 4310 postquam
674 4240 906 4310 praediis
937 4240 1371 4309 opulentissime
1403 4240 1636 4303 dotavit,
1668 4256 1818 4310 prae-
1849 4261 1891 4315 ι)
1934 4263 1961 4293 »
2004 4257 2120 4296 non
2159 4240 2304 4295 meis
2352 4240 2573 4294 meritis
2635 4239 2821 4293 dictus
2887 4238 3214 4309 episcopus,
3261 4243 3318 4293 et
3362 4239 3632 4294 diuturna

109 4334 276 4381 senta
328 4327 638 4397 apostolici
692 4328 902 4399 legato,
948 4345 1065 4382 uno
1107 4328 1374 4383 videlicet
1422 4328 1818 4396 cardinalium,

109 4432 244 4470 cum
288 4416 567 4470 undecim
606 4415 911 4487 episcopis,
953 4433 1177 4471 necnon
1207 4423 1263 4471 et
1304 4417 1657 4472 diversarum
1693 4434 1824 4488 pro-

108 4504 436 4560 fessionum
478 4505 754 4577 personis,
803 4505 979 4560 banni
1010 4506 1098 4561 sui
1126 4507 1467 4561 auctoritate
1512 4506 1819 4560 roboravit.

1936 4352 1958 4381 ι
2003 4328 2378 4384 meditatione
2409 4330 2659 4394 volvens,
2697 4343 2810 4398 qua
2858 4326 3194 4380 meritorum
3230 4328 3629 4395 architectura,

1938 4441 1959 4469 ι
2003 4434 2185 4489 quove
2216 4433 2409 4471 rerum
2446 4417 2641 4488 precio
2668 4430 2893 4487 possem
2926 4415 3168 4469 mercari
3198 4417 3468 4482 caelestia,
3499 4432 3626 4470 cum

1936 4526 1963 4559 ι)
2006 4521 2187 4559 essem
2237 4504 2473 4559 audicus
2526 4503 2711 4558 scriba
2760 4502 2957 4556 doctus
3006 4508 3064 4556 et
3105 4501 3287 4556 beatae
3336 4503 3628 4559 memoriae

1540 4696 1773 4750 VARle
1824 4694 2219 4749 LECTIONES.

177 4851 260 4888 ³¹⁹
288 4853 443 4907 deest
492 4854 545 4906 2.
622 4851 697 4924 ⁸ξο
742 4852 1092 4924 δθηὶεηοᾼ2.
1170 4856 1238 4889 ὐ
1293 4855 1439 4909 deest
1486 4859 1541 4910 2.
1620 4857 1693 4890 ²²²
1726 4871 1856 4909 eum
1902 4857 1953 4908 2.
2064 4854 2139 4888 ²²³
2185 4852 2334 4924 deest
2370 4854 2457 4924 2.,
2502 4852 2574 4924 ”_‘
2618 4849 2812 4924 egkih.
2862 4852 2913 4924 2,.
2994 4852 3066 4924 ²²ξ
3116 4850 3204 4924 sui
3235 4852 3308 4924 2.Δ
3366 4850 3442 4924 "1
3486 4865 3534 4904 c.
3586 4850 3627 4924 i.

106 4925 309 4979 daunt
376 4925 430 4976 2.
509 4924 581 4958 ³³⁷
636 4923 780 4978 deest
830 4919 905 4978 2:
961 4922 1036 4958 ²²⁸
1092 4941 1198 4979 nec
1250 4927 1302 4979 2.
1384 4925 1455 4959 "9
1505 4927 1649 4981 deest
1695 4929 1747 4980 2.
1824 4924 1902 4959 ’30
1947 4924 2183 4978 muttire
2228 4921 2492 4976 audentis
2542 4920 2601 4975 in
2649 4919 2764 4974 vita
2815 4920 3072 4991 episcopi
3109 4923 3163 4974 2.
3240 4920 3311 4953 ²³¹
3353 4919 3628 4990 episcopi.

106 4995 370 5066 Explicit_
414 4994 787 5063 Tangmarus.
840 4996 1082 5058 Interea,
1138 5001 1235 5049 etc.
1296 4999 1346 5050 3.
1403 4997 1554 5061 Quod
1593 5000 1715 5066 jam
1772 4998 2099 5050 auctoritate
2153 4994 2396 5048 Codicum
2445 4996 2466 5066 _t
2524 4996 2573 5046 et
2618 4994 2651 5045 2
2689 4993 3110 5066 refeltituru-t
3150 4993 3433 5066 Antiquus
3485 4991 3630 5066 alius

104 5062 301 5120 auctor
331 5064 403 5118 de
442 5062 817 5119 Translatione
862 5066 919 5121 S.
955 5066 1284 5120 Bernwardi
1307 5062 1805 5135 expressis'verbis
1834 5068 1991 5134 dicit,
2026 5067 2393 5132 Tangmarum
2423 5062 2493 5117 de
2532 5064 2954 5135 conversationis
2985 5063 3041 5118 S.
3073 5062 3395 5135 Bernwardi
3423 5064 3628 5135 sancti-

104 5143 237 5203 tate,
292 5141 570 5203 gestorum
622 5138 1031 5204 magniﬁcentia
1074 5142 1124 5191 et
1184 5133 1421 5192 transitu
1474 5139 1788 5206 plenissime
1842 5133 2121 5192 narrasse.
2178 5138 2286 5191 Nec
2332 5135 2506 5203 stylus
2563 5134 2735 5189 alium
2780 5134 2971 5203 prodit
3018 5139 3279 5187 antorem.
3339 5133 3625 5188 LElBNlZ.

109 5207 183 5240 ²²²
217 5223 351 5276 cap.
386 5208 555 5260 49-53
586 5206 779 5260 desunt
812 5209 872 5261 in
902 5210 954 5261 2.

1756 5328 1986 5384 NOTE.

176 5456 304 5521 (57)
358 5417 684 5505 Bernarardi
712 5451 1179 5506 constitutionem
1229 5452 1300 5507 de
1343 5453 1571 5523 synodis
1622 5457 1827 5524 quater

106 5538 438 5612 quotannis
494 5538 557 5593 in
594 5538 805 5608 diocesi
860 5539 1413 5595 Hildenesbeimensi
1453 5539 1730 5596 habendis
1770 5556 1819 5593 a.

1940 5452 2074 5506 1020
2116 5450 2171 5505 d.
2210 5453 2241 5504 6
2295 5448 2426 5504 Idus
2475 5447 2703 5504 Octobr.
2756 5446 2970 5501 editam
3019 5463 3069 5501 v.
3116 5448 3327 5518 Legum
3378 5453 3421 5506 t.
3465 5451 3531 5505 II.
3571 5452 3627 5505 Β.

1940 5542 2062 5609 n2,
2102 5541 2219 5594 173.
