4016 6202
399 302 493 356 431

1382 298 1803 355 THANGMARI
1841 299 2278 357 PRESBYTERI
2322 298 2921 357 HILDESHEIMENS.

3813 301 3923 359 432

404 449 426 477 ι
471 427 633 483 tercii
663 425 889 483 Ottonis
928 425 1293 497 imperatoris
1324 425 1646 480 didascalus
1676 424 1847 478 simul
1878 430 1936 478 et
1966 423 2093 494 pri—
2122 428 2166 479 A
2209 446 2235 474 ιι
2278 424 2472 492 labris,
2522 423 2711 495 palliis
2752 424 2993 495 aliisque
3041 423 3429 478 aecclesiastici
3477 424 3709 478 ordinis
3755 441 3937 479 orna-

402 538 429 567 ιι
471 516 818 583 miscrinius,
853 516 1046 570 divina
1075 519 1258 569 tactus
1289 516 1494 584 gratia,
1529 512 1865 568 reatuS'mei
1892 530 2096 584 super-

406 629 426 652 -
469 606 586 660 ﬁua
637 606 1097 675 perhorrescens,
1159 604 1528 674 divinamque
1586 603 1830 673 gratiam
1889 619 2096 656 concu-

400 715 426 743 ιι
471 693 714 764 piscens,
777 693 1012 747 distraxi
1068 693 1326 745 animum
1386 691 1447 744 in
1506 691 1749 757 diversa,
1808 691 2096 762 quomodo

401 803 430 835 ιι
471 789 699 836 aeternae
758 782 1137 834 satisfacerem
1200 779 1602 833 misericordiae
1660 780 1853 849 sicque
1912 796 2095 833 reme-

404 891 429 923 ιι
471 870 629 925 dium
656 886 797 923 mere
829 870 1144 922 obtinercm
1178 869 1406 922 animae.
1438 868 1544 922 Sed
1569 868 1629 920 in
1657 867 1935 922 tenuitate
1961 873 2098 921 tunc

401 979 429 1011 ιι
471 975 613 1013 meae
654 958 964 1029 qualitatis,
999 957 1271 1028 quicquid
1317 956 1510 1009 animo
1542 956 1955 1026 proponeham,
2000 961 2099 1009 aut

401 1071 428 1098 ιι
470 1049 559 1102 vix
590 1047 998 1110 inchoandum,
1046 1052 1145 1099 aut
1177 1061 1493 1115 numquam
1544 1046 1651 1098 hoc
1682 1044 2094 1114 perﬁciendum

401 1157 428 1188 ιι
468 1136 761 1191 timebam.
807 1135 1048 1189 Animus
1096 1140 1285 1188 tamen
1336 1133 1519 1202 magis
1560 1150 1623 1186 ac
1668 1133 1849 1204 magis
1896 1133 2097 1187 ardore

398 1248 425 1275 ιι
469 1225 647 1279 sancti
709 1224 986 1296 pr0positi
1046 1223 1376 1289 desudabat,
1442 1222 1573 1276 licet
1623 1229 1759 1275 tunc
1817 1223 2096 1293 temporis

399 1335 427 1367 ιι
467 1315 699 1371 fortuna
762 1314 899 1384 quid
954 1313 1250 1365 inchoasse
1306 1310 1573 1378 vetabat;
1631 1327 1759 1364 cum
1815 1326 1941 1365 ecce
1998 1311 2096 1365 Dei

399 1423 425 1455 »
469 1404 671 1457 electio
723 1407 1142 1471 senatuumque
1209 1400 1548 1453 declamatio
1609 1416 1700 1453 me
1754 1400 2095 1470 pontiﬁcalis

400 1514 426 1542 ιι
468 1490 666 1561 glorise
693 1489 833 1542 solio
858 1487 1357 1541 intlironizandum
1386 1487 1754 1556 prareligunt;
1783 1491 1837 1539 et
1864 1503 1937 1539 ne
1959 1502 2096 1557 grex

399 1600 425 1629 ιι
472 1578 700 1632 Domini
734 1579 1066 1631 turbaretur
1097 1576 1220 1629 sine
1251 1582 1499 1646 pastore,
1534 1592 1605 1628 ne.
1636 1575 1886 1628 accclesia
1916 1580 2098 1629 mater

399 1688 426 1717 »
470 1673 660 1721 nostra
694 1671 842 1719 esset
886 1665 1050 1736 quasi
1104 1665 1292 1725 vidua.
1326 1664 1384 1717 in
1419 1663 1697 1717 electione
1745 1663 1872 1716 novi
1903 1663 2094 1733 ponti-

398 1779 425 1806 ιι
469 1754 591 1809 ﬁcis
638 1770 736 1808 cor
775 1770 952 1807 unum
1011 1757 1067 1806 et
1115 1752 1365 1805 animam
1421 1767 1594 1804 unam
1646 1751 1913 1805 omnibus
1964 1751 2098 1805 fecit

397 1868 423 1891 ι)
466 1843 677 1897 habere
744 1843 978 1912 spiritus
1032 1841 1206 1911 pacis.
1270 1841 1693 1894 lnthronizatus
1754 1839 2091 1910 Bennopoli-

404 1954 423 1978 ι
468 1936 616 1985 tanaz
650 1931 760 1997 (58)
806 1929 1093 1994 ωοςιθεὶω,
1138 1930 1289 2000 quod
1325 1930 1422 1982 diu
1460 1944 1830 1997 conceperam
1878 1929 2092 1993 animo,

398 2040 425 2070 ιι
466 2036 640 2091 opere
664 2019 953 2087 complere
983 2019 1267 2082 volebam,
1299 2017 1560 2070 videlicet
1596 2018 1776 2070 beatae
1805 2018 2095 2070 memorite

398 2128 424 2158 ιι
465 2110 690 2161 tradere
721 2107 952 2159 titulum
1002 2105 1255 2158 nominis
1301 2106 1434 2171 mei,
1469 2105 1752 2158 zecclesias
1801 2105 2095 2172 struxisse,

402 2220 420 2243 ι
464 2212 531 2249 ac
559 2195 746 2249 ofﬁcia
777 2195 889 2248 Deo
919 2193 1287 2247 servientium
1320 2194 1461 2247 inibi
1490 2194 1807 2259 ordinasse,
1841 2209 2098 2246 omnem-

400 2305 423 2332 ιι
466 2301 577 2355 que
611 2283 1004 2337 facultatulam
1040 2298 1226 2334 meam
1270 2283 1511 2335 Domino
1545 2283 1809 2334 lucrusse.
1865 2283 1929 2334 lit
1960 2282 2097 2351 quia

399 2394 424 2423 ιι
467 2378 599 2427 sunt
628 2375 847 2426 occulta
881 2371 981 2425 Dei
1006 2370 1242 2440 judicia,
1281 2385 1508 2438 semper
1542 2377 1734 2422 tamen
1754 2370 1929 2439 jusla,
1961 2385 2096 2423 con-

398 2484 425 2511 ιι
465 2477 635 2514 sensu
668 2466 723 2514 et
753 2461 981 2514 hortatu
1014 2459 1221 2512 Christi
1252 2458 1505 2512 ﬁdelium
1540 2475 1747 2511 novam
1783 2457 1880 2511 Dei
1907 2458 2097 2511 teccle-

398 2574 422 2597 ιι
466 2550 608 2602 siam
641 2551 884 2602 condere
934 2547 1102 2617 ccepi,
1133 2547 1191 2599 in
1242 2562 1355 2617 qua
1386 2547 1457 2600 ad
1497 2546 1724 2600 laudem
1760 2552 1817 2599 et
1849 2546 2091 2616 gloriam

398 2658 424 2688 »
467 2637 714 2691 nominis
746 2636 990 2700 Domini,
1013 2640 1069 2688 et
1098 2634 1217 2688 voti
1242 2636 1349 2688 mei
1383 2635 1742 2705 propositum
1764 2633 2092 2705 adimplevi,

465 2733 523 2780 et
552 2731 759 2780 sanctae
794 2723 1229 2786 Christianitati,
1264 2724 1536 2778 adhibitis
1571 2724 1684 2777 Deo
1728 2722 1949 2777 dilectis
1980 2723 2092 2777 fra-

396 2836 423 2867 ιι
464 2814 667 2880 tribus,
714 2813 994 2868 consului.
1048 2812 1304 2866 Fundato
1333 2813 1486 2865 enim
1531 2813 1757 2865 novello
1807 2828 2004 2881 opere,
2039 2818 2095 2865 et

395 2925 420 2951 ιι
463 2902 777 2973 designatis
808 2917 874 2953 eo
906 2899 1015 2953 loci
1048 2900 1303 2952 locorum
1344 2898 1737 2969 qualitatibus,
1773 2915 1842 2951 ne
1873 2898 2093 2952 occasio

396 3010 423 3041 ιι
462 2996 708 3044 terrente
756 2986 1071 3059 vagationis
1119 2991 1266 3039 esset
1314 2987 1511 3039 dilatzo
1559 2984 1772 3056 incepti
1806 2986 1997 3055 operis
2026 3017 2091 3025 —

401 3098 424 3130 ι
468 3079 653 3148 gloria
701 3078 824 3139 tibi,
872 3073 1123 3130 Christe!
1158 3104 1226 3115 —
1267 3082 1445 3128 lactus
1493 3074 1666 3128 febris
1709 3075 2090 3141 incommodo,

398 3188 420 3215 ι
464 3173 746 3234 mgrotare
796 3164 940 3233 cmpi
972 3161 1389 3234 quinquennio.
1439 3163 1506 3216 Et
1553 3163 1689 3216 dum
1732 3162 1903 3216 nichil
1939 3165 2002 3216 ﬁt
2032 3163 2091 3216 in

394 3274 423 3307 ιι
464 3255 635 3308 terris
682 3254 804 3307 sine
852 3268 1040 3314 causa,
1092 3251 1371 3320 castigans
1416 3251 1712 3322 castigavit
1760 3268 1848 3305 me
1900 3252 2091 3304 Domi-

396 3363 424 3393 ιι
464 3358 594 3406 nus,
626 3349 683 3395 et
718 3341 890 3395 morti
922 3356 1033 3393 non
1068 3340 1301 3393 tradidit
1329 3355 1442 3405 me,
1489 3345 1552 3392 ut
1581 3340 1751 3392 credo
1784 3345 1837 3392 et
1867 3340 2091 3393 conﬁdo

397 3452 421 3481 ιι
463 3431 523 3486 in
582 3430 847 3495 Domino,
903 3445 976 3483 ne
1033 3428 1292 3483 absentia
1348 3444 1489 3481 meae
1550 3427 1871 3498 praesentiae
1929 3427 2091 3481 ﬁeret

394 3542 421 3571 ιι
463 3521 725 3592 quaedam
760 3517 1107 3572 intermissio
1150 3517 1270 3587 spei
1303 3532 1464 3570 meae.
1501 3516 1603 3571 Cui
1635 3517 1778 3579 loco,
1815 3517 1929 3570 Deo
1958 3531 2087 3568 san-

394 3631 416 3659 ι
460 3617 681 3680 ctaeque
711 3608 864 3662 cruci
895 3612 1303 3677 perpetuaeque
1328 3604 1547 3676 Virgini
1571 3605 1758 3659 Mariae
1779 3609 2088 3674 sanctoque

391 3718 418 3749 ιι
466 3697 767 3754 Michaheli
818 3695 1160 3764 archangelo
1213 3693 1459 3757 titulato,
1522 3694 1819 3757 monastici
1873 3692 2088 3746 ordinis

388 3809 417 3839 ιι
459 3786 644 3842 indidi
692 3801 995 3857 personas;
1051 3800 1192 3854 quas
1240 3799 1306 3836 ea
1362 3782 1586 3836 ratione
1637 3780 1976 3846 coadunavi,
2027 3785 2090 3834 ut

390 3897 417 3926 ιι
459 3877 607 3930 sicut
651 3875 814 3944 juxta
872 3872 1262 3925 monachicam
1323 3886 1585 3924 normam
1644 3876 1779 3923 sunt
1825 3885 1856 3922 a
1896 3869 2087 3923 szeculi

393 3989 413 4013 ιι
458 3964 679 4018 actibus
727 3961 920 4028 alieni,
972 3961 1052 4013 ita
1108 3965 1295 4014 essent
1340 3959 1411 4013 ab
1456 3959 1611 4012 omni
1667 3957 2084 4028 impedimento

388 4076 415 4105 ιι
457 4051 745 4106 saecularis
791 4048 1004 4102 servitii
1056 4049 1240 4103 liberi.
1296 4034 1548 4102 Consilio
1592 4047 1788 4116 itaque
1849 4045 2085 4099 senioris

392 4164 413 4190 ι
458 4139 573 4195 mei
612 4138 974 4209 imperatoris
1024 4136 1290 4203 Heinrici,
1340 4141 1397 4189 et
1437 4133 1698 4204 magistri
1748 4133 1859 4189 mei
1904 4134 2086 4187 archi-

389 4228 712 4299 »~episcopi
746 4225 1108 4292 Erkenhaldi,
1153 4241 1325 4296 quem
1373 4223 1493 4293 ipse
1525 4238 1631 4291 ego
1678 4238 1805 4275 cum
1854 4223 2078 4276 confra-

387 4338 414 4369 ιι
456 4326 608 4372 trum
645 4331 898 4369 meorum
934 4320 1213 4369 conventu
1254 4313 1313 4365 in
1346 4311 1842 4381 archiepiscopum
1875 4326 2074 4365 conce-

387 4427 415 4460 ιι
457 4405 630 4471 cravi,
680 4403 948 4475 quicquid
997 4410 1357 4458 terrenarum
1406 4398 1737 4452 facultatum
1786 4398 1844 4451 in
1883 4397 2076 4464 curtis,

390 4519 410 4544 ι
455 4494 772 4561 curtilibus,
832 4493 1019 4558 terris,
1084 4489 1329 4560 pascuis,
1394 4488 1579 4557 aquis,
1634 4486 1809 4552 silvis,
1877 4485 2078 4556 pratis,

388 4606 407 4632 ι
454 4582 741 4647 mcclesiis,
774 4595 1100 4634 sanctorum
1134 4574 1486 4649 pigneribus,
1535 4575 1715 4640 libris,
1746 4579 1984 4644 argento
2023 4580 2079 4628 et

384 4692 411 4724 ιι
454 4688 613 4740 auro,
659 4676 716 4725 et
761 4668 1032 4741 quicquid
1088 4666 1143 4720 id
1197 4670 1281 4718 est
1327 4663 1484 4733 quod
1534 4662 1897 4717 hwreditario
1947 4664 2077 4731 jure

382 4781 409 4811 ιι
451 4760 677 4832 possedi
717 4764 817 4813 aut
847 4755 1105 4810 saeculari
1150 4751 1513 4821 coemptione
1550 4752 1847 4821 acquirere
1890 4750 2073 4821 potui,

384 4870 406 4897 ιι
449 4848 693 4919 exceptis
723 4844 1007 4916 plurimis,
1041 4858 1166 4912 quae
1197 4840 1363 4895 altari
1394 4851 1602 4894 sanctas
1631 4839 1816 4895 Marize
1839 4839 1900 4893 in
1922 4840 2073 4911 prin-

378 4958 405 4991 »
445 4937 613 5010 cipali
643 4932 897 4990 ecclesia
928 4932 985 4985 in
1015 4929 1241 4985 coronis
1270 4929 1481 4996 aureis,
1528 4928 1819 4996 calicibus,
1864 4929 2071 4983 caude-

394 2749 421 2774 ιι

2130 1710 2166 1762 Β

2126 2992 2164 3045 C

2209 535 2237 562 ιι
2278 514 2485 568 mentis
2525 512 2759 577 contuli,
2806 517 2991 566 totum
3038 512 3237 566 usibus
3283 513 3528 566 fratrum
3562 530 3672 583 per
3718 530 3936 568 manus

2213 624 2235 652 ιι
2278 601 2534 656 advocati
2577 602 2689 655 mei
2717 601 2947 668 tradidi,
2982 603 3095 656 Deo
3128 607 3185 655 et
3217 602 3429 655 sanctis
3471 602 3623 672 ejus,
3654 618 3762 672 pro
3799 602 3934 655 ani-

2207 713 2234 740 »
2278 692 2481 745 mabus
2513 691 2917 762 praedictorum
2953 689 3247 743 seniorum
3298 707 3564 744 meorum
3601 691 3936 760 imperato-

2212 801 2234 828 ι
2278 796 2405 833 rum
2438 784 2495 834 et
2532 796 2660 833 mea
2693 778 3071 849 omniumque
3124 795 3515 833 successorum
3566 795 3848 832 meorum
3884 785 3940 833 et

2213 890 2233 915 ι
2280 883 2477 920 eorum
2536 884 2781 937 quorum
2850 867 3197 937 patrimonia
3266 867 3565 937 acquisivi,
3635 874 3937 938 quatenus

2210 975 2237 1006 ιι
2279 957 2581 1009 servitores
2611 955 2817 1009 Christi
2857 956 2929 1009 ab
2970 957 3126 1009 omni
3179 961 3408 1010 terreno
3455 956 3699 1010 servitio
3736 956 3934 1013 liberi.

2209 1066 2236 1096 ιι
2274 1045 2377 1098 sub
2407 1044 2735 1099 defensione
2764 1049 2821 1099 et
2846 1044 3177 1114 patrociniis
3210 1060 3609 1098 sueressorum
3658 1061 3934 1098 meorum

2208 1152 2236 1185 ιι
2280 1133 2633 1203 ρταιωυηὶὶὶ,
2663 1133 2719 1186 in
2751 1150 2891 1203 pace
2920 1139 2977 1187 et
3006 1133 3390 1187 misericordia
3424 1134 3627 1203 quieta
3657 1139 3933 1203 tempora

2209 1241 2236 1273 ιι
2278 1223 2489 1276 ducant
2520 1227 2575 1274 et
2604 1222 2659 1274 in
2691 1223 2934 1274 salutem
2982 1221 3295 1275 viventium
3329 1221 3512 1274 beatae
3562 1221 3928 1291 contempla-

2208 1332 2234 1358 ιι
2278 1309 2421 1363 tioni
2469 1309 2804 1362 inhaereant.
2855 1308 2913 1362 Si
2960 1309 3091 1379 quis
3127 1314 3316 1362 autem
3351 1309 3464 1362 mei
3513 1309 3747 1362 ordinis
3796 1326 3927 1362 suc-

2210 1419 2237 1448 »
2278 1414 2468 1452 cessor
2494 1403 2593 1451 aut
2634 1397 2827 1468 aliqua
2871 1396 3159 1450 saecularis
3188 1414 3428 1467 persona
3461 1396 3576 1450 hoc
3609 1397 3927 1468 effringere

2209 1506 2235 1538 ιι
2278 1487 2522 1540 voluerit
2552 1491 2608 1539 et
2654 1486 2775 1539 haec
2820 1485 3133 1556 tyrannicae
3178 1486 3286 1539 sibi
3318 1502 3603 1555 usurpare
3637 1503 3926 1557 pransum-

2210 1595 2236 1626 ιι
2278 1574 2473 1646 pserit,
2508 1574 2697 1645 gladio
2731 1574 2885 1627 verbi
2917 1574 3014 1627 Dei
3044 1591 3075 1627 a
3109 1575 3223 1628 Deo
3253 1580 3309 1627 et
3338 1575 3551 1627 sanctis
3598 1575 3729 1643 ejus
3760 1575 3923 1627 illum

2209 1685 2234 1713 »
2279 1664 2609 1730 submoveo,
2665 1668 2728 1716 ut
2758 1662 3124 1716 incumbente
3156 1679 3329 1733 super
3370 1663 3537 1716 illum
3583 1663 3751 1715 omni
3798 1679 3925 1716 ma-

2209 1772 2234 1803 ιι
2278 1752 2579 1806 ledictione
2611 1760 2801 1806 careat
2830 1751 3252 1818 benedictione,
3283 1751 3477 1821 sicque
3500 1751 3923 1805 exterminatus

2212 1862 2231 1885 -
2276 1857 2308 1893 a
2339 1840 2482 1894 ccelo
2515 1845 2570 1892 et
2612 1845 2785 1905 terra,
2836 1844 3059 1908 partem
3091 1837 3301 1892 habeat
3347 1855 3474 1892 cum
3508 1839 3662 1892 Juda
3704 1845 3760 1891 et
3792 1855 3918 1891 cum

2207 1949 2233 1979 ιι
2275 1928 2364 1981 his
2413 1927 2516 1998 qui
2549 1928 2606 1981 in
2654 1927 2990 1981 haereditate
3020 1927 3313 1998 possident
3361 1928 3764 1981 sanctuarium
3804 1928 3919 1981 Dei.

2207 2036 2234 2068 »
2275 2017 2518 2086 Insuper
2564 2016 2844 2078 hseredes,
2882 2016 2981 2070 Dei
3029 2020 3086 2069 et
3129 2022 3322 2069 nostra
3370 2015 3624 2081 licentia,
3679 2015 3741 2068 in
3793 2032 3923 2069 suos

2208 2124 2235 2155 ιι
2278 2120 2414 2158 usus
2443 2119 2545 2157 sua
2593 2102 2863 2157 studeant
2906 2109 3184 2173 repetere,
3235 2104 3370 2157 dum
3406 2103 3608 2156 vident
3660 2105 3919 2158 alienum

2207 2213 2234 2244 ιι
2278 2192 2600 2245 invasorem
2626 2191 2684 2245 in
2716 2191 2831 2245 suis
2860 2191 3223 2261 patrimoniis
3252 2191 3575 2245 dehachare
3604 2192 3706 2245 ’33.
3748 2211 3776 2241 ιι

2277 2283 2361 2335 52.
2398 2283 2529 2336 llaec
2577 2280 2729 2335 beati
2771 2279 2881 2333 viri
2912 2279 3059 2333 dicta
3103 2279 3491 2333 consideranti
3539 2279 3715 2334 facile
3758 2287 3919 2351 pate-

2205 2368 2309 2438 bit,
2342 2375 2560 2440 quanta
2602 2370 2688 2423 vel
2738 2369 2861 2439 ipse
2893 2368 2951 2421 in
2995 2370 3172 2422 Deum
3224 2368 3531 2422 devotione
3582 2369 3920 2438 profecerit,

2206 2457 2291 2509 vel
2324 2462 2534 2526 quanta
2586 2455 2819 2524 superni
2869 2464 3159 2526 respectus
3199 2456 3459 2526 dignatio
3495 2472 3635 2510 eum
3689 2473 3920 2511 assum-

2208 2550 2399 2614 pserit.
2434 2543 2544 2608 Qui
2586 2545 2741 2597 enim
2768 2544 2869 2597 tali
2901 2544 3167 2598 insistens
3205 2544 3387 2614 operi,
3424 2545 3644 2598 cmlesti
3678 2547 3923 2599 verbere

2207 2633 2535 2687 merebatur
2586 2632 2849 2703 eliquari,
2911 2633 3227 2687 manifestis
3273 2633 3505 2687 indiciis
3548 2634 3848 2705 probatur
3894 2653 3925 2688 ιι

2212 2721 2451 2775 Domino
2485 2720 2667 2791 diligi.

2277 2814 2364 2865 53.
2396 2811 2490 2864 His
2520 2809 2714 2881 itaque
2756 2809 2866 2879 piae
2897 2808 3211 2864 devotionis
3257 2810 3467 2864 studiis
3496 2810 3612 2864 Deo
3646 2811 3833 2883 digne
3868 2819 3925 2866 et

2206 2898 2539 2952 hominibus
2571 2899 2939 2952 laudabiliter
2978 2900 3136 2952 omni
3175 2899 3301 2952 vita:
3331 2915 3448 2952 suae
3481 2904 3750 2970 tempore
3785 2918 3922 2955 con-

2204 2993 2479 3054 versatus,
2513 3003 2664 3040 anno
2712 2987 3095 3040 ordinationis
3124 3003 3240 3040 suae
3266 2989 3353 3053 3t,
3402 3004 3537 3041 cum
3574 2989 3699 3058 jam
3733 2995 3920 3043 trans-

2202 3074 2314 3128 itus
2359 3074 2448 3128 sui
2499 3074 2671 3141 diem,
2731 3091 2902 3145 quem
2958 3092 3186 3145 semper
3227 3082 3546 3144 optaverat,
3599 3077 3919 3132 imminere

2204 3163 2560 3233 praevideret,
2609 3163 2882 3234 capellam
2934 3168 3084 3217 inter
3133 3164 3405 3217 sacellum
3450 3172 3665 3218 sancta:
3713 3167 3916 3220 Crucis

2201 3257 2258 3306 et
2303 3251 2711 3305 monasterium
2760 3268 2926 3305 suum
2980 3257 3361 3306 constructam
3394 3252 3451 3305 in
3482 3252 3707 3308 honore
3757 3254 3914 3307 beati

2201 3339 2410 3393 Christi
2457 3339 2793 3393 confessoris
2845 3340 3067 3393 Martini
3106 3356 3139 3393 a
3178 3338 3491 3392 venerabili
3543 3339 3671 3393 viro
3722 3340 3913 3412 Egge-

2200 3427 2375 3482 hardo
2427 3428 2788 3482 Sleswicense
2829 3428 3099 3499 episcopo
3154 3426 3401 3482 dedicari
3447 3427 3603 3496 fecit,
3653 3428 3910 3484 ibidem-

2200 3533 2310 3587 que
2340 3533 2445 3587 pro
2477 3522 2789 3587 augmento
2818 3516 3112 3587 religionis
3151 3516 3273 3587 ipso
3319 3516 3411 3570 die
3448 3517 3716 3570 habitum
3751 3519 3910 3588 prio-

2200 3622 2319 3659 rem
2372 3610 2622 3673 mutans,
2672 3604 3021 3660 monachicae
3064 3603 3435 3675 professionis
3462 3605 3677 3675 jngum
3721 3622 3909 3661 susce-

2197 3694 2300 3765 pit.

2267 3783 2353 3836 54.
2386 3784 2590 3837 Tactus
2619 3782 2827 3836 deinde
2878 3780 3214 3835 inﬁrmitate
3247 3780 3471 3847 ultima,
3521 3797 3656 3836 cum
3705 3784 3905 3838 adesse

2195 3871 2305 3925 sibi
2335 3872 2517 3926 exitus
2547 3870 2635 3924 sui
2674 3872 2874 3925 horam
2915 3871 3203 3936 sensisset,
3236 3868 3295 3923 in
3326 3870 3589 3923 eamdem
3618 3873 3903 3942 capellam

2194 3977 2252 4014 se
2283 3960 2430 4014 ferre
2459 3959 2753 4031 praecepit,
2779 3960 2998 4029 justum
3048 3974 3168 4013 esse
3211 3974 3466 4011 asserens
3503 3958 3728 4013 ibidem
3774 3963 3900 4014 vitae

2194 4050 2503 4103 terminum
2535 4049 2747 4113 sortiri,
2781 4047 2877 4100 ubi
2909 4047 3197 4100 saecularis
3230 4047 3765 4102 abrenuncialionis
3795 4050 3899 4103 ha-

2194 4137 2312 4191 bitu
2345 4155 2403 4191 se
2433 4138 2765 4207 contigisset
2798 4135 3080 4206 insigniri.
3121 4135 3209 4188 Sic
3238 4134 3311 4171 ‘3‘
3342 4135 3537 4205 itaque
3567 4137 3657 4189 vir
3689 4138 3896 4190 beatis-

2194 4225 2373 4280 simus
2414 4226 2638 4279 diutina
2683 4225 2996 4294 corporalis
3027 4222 3303 4276 molestiae
3333 4221 3671 4278 inﬁrmitate
3704 4227 3895 4290 tritus,

2192 4313 2410 4367 bonum
2436 4318 2722 4367 certamen
2745 4318 2987 4378 certans,
3011 4327 3239 4364 cursum
3262 4327 3697 4379 consummans,
3722 4314 3895 4368 ﬁdem

2190 4418 2438 4469 servans,
2488 4401 2636 4454 viam
2670 4398 2742 4434 ’35
2787 4401 3065 4453 universa:
3101 4399 3289 4452 carnis
3318 4399 3635 4469 ingressus,
3670 4408 3733 4453 ut
3774 4417 3895 4455 cre-

2189 4490 2377 4545 dimus
2437 4490 2643 4543 divinis
2694 4488 2950 4542 admixtu
3012 4487 3325 4557 spiritibus,
3384 4488 3527 4541 duce
3578 4489 3894 4544 Michahele

2188 4580 2556 4648 archangelo,
2614 4578 2794 4632 beatze
2854 4574 3275 4631 immortalitati
3334 4581 3419 4629 est
3486 4586 3889 4646 prmsentatus.

2187 4664 2295 4729 Qui
2346 4662 2422 4698 ³³⁸
2481 4663 2855 4734 quoadusque
2912 4662 3068 4730 vixit,
3121 4660 3364 4715 Domino
3422 4677 3480 4715 se
3541 4665 3891 4719 sacriﬁcium

2179 4750 2420 4819 justiciae
2449 4751 2812 4817 sacriﬁcavit;
2858 4751 3051 4820 sicque
3095 4749 3362 4820 plurimis
3410 4749 3757 4806 miriﬁcatus
3804 4753 3889 4806 in—

2184 4838 2384 4910 signiis
2448 4836 2544 4904 "7,
2596 4839 2807 4892 caelesti
2864 4854 3002 4909 pace
3054 4838 3322 4909 quiescit.
3382 4838 3537 4894 Obiit
3574 4846 3776 4895 autem
3827 4843 3888 4894 l2

2184 4927 2464 4982 Kalendas
2513 4926 2839 4982 Decembris
2894 4930 3042 4995 (Nov.
3093 4929 3205 4993 20).
3258 4926 3415 4982 Sedit
3470 4932 3672 4982 autem
3711 4926 3790 4962 ’3’
3830 4929 3886 4983 in

1794 5088 2024 5143 VARle
2064 5087 2454 5144 LECTlONES.

442 5200 516 5234 ³³³
551 5196 824 5269 quiesset
862 5211 1010 5269 pars
1040 5199 1096 5269 et
1140 5193 1627 5269 hmreditasmmea
1683 5192 1987 5269 adtingit},
2023 5193 2083 5269 4,
2117 5194 2167 5269 5:

2246 5191 2323 5225 ²³⁸
2356 5192 2457 5261 hic
2502 5192 2699 5261 iterum
2734 5191 2960 5261 incipit;
2991 5193 3023 5261 2
3059 5205 3072 5241 :
3105 5190 3326 5243 Interea
3361 5187 3616 5243 domnus
3665 5191 3877 5261 episco-

370 5287 477 5342 pus
513 5258 831 5322 deiutina
857 5258 1190 5322 inﬁrmitate
1221 5266 1404 5320 tritus.
1441 5264 1514 5301 ’³⁸
1546 5263 1662 5318 vias
1691 5266 1743 5316 2.
1781 5261 1854 5297 ²³⁶
1888 5262 2033 5317 deest
2061 5266 2114 5316 ἓ.
2153 5259 2226 5295 ³³⁷
2257 5260 2499 5330 insignis
2525 5264 2576 5315 2.
2612 5258 2687 5294 ’³⁸
2716 5260 2816 5332 qui
2848 5260 3085 5314 sedebat
3111 5261 3166 5314 2.

2012 5416 2237 5473 NOTAE.

445 5523 558 5592 (58)
596 5521 641 5574 Ι.
671 5535 700 5573 e
731 5518 1207 5575 Hildesheimeusi
1244 5535 1255 5573 :
1286 5532 1337 5572 ν.
1372 5516 1619 5572 Annales
1646 5515 1896 5572 llildesh.
1931 5514 2145 5578 $5.1“,
2184 5530 2312 5584 pag.
2349 5516 2433 5566 '22.
