4016 6202
115 335 206 388 i33
1507 336 1660 392 VITA
1700 341 1753 393 S.
1800 341 1809 393 Ι

2001 338 2253 394 WARDl.

105 455 376 510 cathedra
425 452 655 523 triginta
712 449 897 504 annis.
955 451 1135 520 Cujus
1194 452 1476 509 discessus
1532 457 1600 512 ad
1643 460 1823 514 Deum
1861 464 1907 516 Α

107 540 234 594 fecit
295 555 400 591 nos
455 536 698 607 pupillos
755 533 978 603 absque
1039 539 1231 604 patre,
1291 544 1532 594 matrem
1572 548 1825 597 nostram

107 633 362 682 sanctam
399 622 1034 681 ilildenesheimensem
1081 625 1402 680 aecclesiam
1437 626 1510 662 ³³9
1542 631 1705 699 quasi
1741 633 1825 684 vi-

107 717 272 770 duam
308 713 406 766 3"".
457 714 592 768 Nam
626 727 756 765 mox
786 711 934 764 tanti
985 712 1173 780 patris
1206 731 1439 769 excessu
1477 722 1596 770 tota
1629 719 1824 774 civitas

107 820 304 874 permo
337 821 372 856 a
401 801 746 871 congemuit,
782 803 838 852 et
870 805 992 851 tam
1036 800 1178 853 cieri
1211 818 1384 871 quam
1416 805 1600 873 plebis
1647 813 1824 860 coetus

109 895 292 946 omnis
345 893 516 943 corde
557 895 718 942 tenus
762 887 1038 940 indoluit.
1091 887 1316 958 Ubique
1357 891 1685 946 vociferatio
1733 895 1824 948 lu-

110 980 300 1052 gllltl'is
355 979 622 1038 exoritur,
657 993 872 1031 maeror
902 977 1346 1031 inconsolabilis
1377 983 1654 1052 cujusque
1687 999 1822 1053 pro-

109 1069 370 1122 fessionis
407 1068 656 1131 auditur;
709 1072 766 1118 et
817 1080 998 1135 quem
1051 1081 1250 1118 secum
1295 1075 1623 1122 manentem
1663 1087 1814 1124 com-

109 1159 260 1210 muni
337 1156 541 1210 alfectu
605 1171 824 1224 semper
890 1153 1420 1222 amplectebantur,
1489 1157 1644 1211 hunc
1707 1175 1820 1214 non

105 1246 400 1298 immerito
431 1245 790 1298 decedentem
826 1243 1136 1295 communi
1177 1243 1592 1299 lamentatione
1625 1263 1817 1316 prose-

103 1341 385 1404 quuntur.
421 1333 560 1386 Ilinc
607 1346 952 1401 pauperum,
989 1331 1130 1382 hinc
1183 1330 1484 1385 viduarum
1525 1335 1820 1402 orphano-

105 1439 355 1491 rumque
389 1421 555 1473 turba
584 1418 891 1472 miserabili
945 1420 1169 1484 ejulatu
1207 1427 1428 1486 patrem
1468 1438 1528 1476 se
1561 1423 1818 1476 amisisse

105 1513 442 1580 praeierunt,
485 1509 612 1561 hinc
655 1507 850 1577 patriae
885 1507 1280 1576 defensorem,
1317 1509 1469 1578 pacis
1500 1517 1816 1566 amatorem

99 1617 156 1653 ac
189 1598 374 1651 totius
403 1597 484 1650 rei
531 1597 766 1664 publica:
811 1595 1256 1664 SHgJCiibiUIliUl
1291 1599 1670 1666 provisorum,
1703 1605 1820 1654 tam

99 1687 386 1740 nobilium
443 1684 702 1755 dignitas,
762 1699 940 1752 quam
999 1683 1263 1752 plet-ium
1315 1685 1634 1750 humilitas,
1683 1704 1814 1742 con-

97 1777 248 1830 cordi
285 1773 486 1828 dolore
518 1773 864 1824 subtractum
901 1787 1028 1823 esse
1061 1771 1344 1840 deplorat.
1383 1774 1586 1828 Mirum
1611 1791 1818 1846 nempe

99 1865 150 1917 in
187 1865 437 1916 modum
485 1861 566 1913 vir
595 1861 694 1913 iste
727 1859 1003 1912 omnibus
1052 1860 1248 1913 omnia
1279 1861 1482 1926 factus,
1537 1864 1688 1916 inter
1733 1866 1818 1919 di-

99 1954 232 2006 vites
283 1957 345 2004 et
395 1964 690 2019 pauperes,
723 1948 875 2001 inter
923 1949 1107 2000 elatos
1139 1955 1197 2001 et
1229 1949 1502 2020 humiles,
1557 1958 1819 2008 auctora-

99 2043 192 2095 bili
248 2041 502 2111 quadam
553 2036 828 2092 modestia
870 2036 1103 2090 medius
1142 2037 1475 2106 incedebat;
1539 2047 1599 2094 et
1655 2047 1818 2095 utro-

99 2131 269 2202 bique
295 2131 458 2199 juste
509 2127 793 2197 providus,
847 2142 954 2178 nec
985 2124 1224 2179 mitibus
1257 2127 1663 2194 intractabilis,
1713 2147 1820 2186 nec

101 2221 380 2290 protervis
414 2217 765 2288 despicabilis
810 2215 1147 2284 apparebat.
1200 2215 1506 2272 Communi
1555 2236 1718 2290 ergo,
1754 2227 1820 2276 ut

101 2309 312 2362 dictum
365 2311 471 2369 est,
509 2304 863 2374 querimonia
909 2301 1216 2356 defunctus
1259 2305 1671 2376 j‘ilaitgebatur,
1716 2310 1818 2378 qui

100 2395 399 2450 communi
448 2394 758 2448 dilectionis
803 2393 1028 2446 honore
1077 2390 1269 2444 vivens
1321 2396 1652 2452 colebatur.
1705 2397 1817 2452 Sed

101 2504 164 2540 ne
199 2483 670 2540 irrationabiliter
698 2497 855 2535 more
890 2495 1094 2534 eorum
1127 2479 1226 2548 qui
1256 2496 1413 2549 spem
1448 2503 1576 2547 non
1601 2485 1819 2541 habent

99 2576 527 2638 contristemur,
576 2573 621 2625 si
653 2573 1045 2626 consulentem
1099 2567 1356 2622 dolemus
1387 2575 1719 2642 perdidisse
1757 2575 1818 2630 in

99 2667 287 2729 terris,
349 2661 800 2734 patrocinantem
839 2659 1052 2714 habere
1105 2659 1458 2724 gaudeamus
1519 2665 1586 2716 in
1639 2663 1814 2731 caelis,

99 2761 152 2808 et
183 2753 267 2807 sic
315 2750 544 2821 corpori
586 2746 995 2820 compassionis
1046 2743 1234 2797 ofticia
1281 2745 1710 2818 impendamus,
1753 2759 1818 2805 ut

100 2843 274 2897 etiam
309 2841 542 2910 spiritui
589 2840 829 2894 feliciter
860 2851 990 2890 cum
1030 2835 1145 2887 Deo
1194 2839 1459 2904 regnanti
1500 2846 1814 2911 congratu-

101 2931 333 2986 lationis
363 2929 556 2983 debita
583 2930 997 3000 pet-solvamus.

170 3025 263 3076 55.
317 3021 676 3088 Praeceperat
719 3024 909 3072 autem
945 3020 1134 3074 adhuc
1165 3017 1376 3078 vivens,
1414 3021 1478 3070 ut
1519 3017 1814 3087 feretrum,

105 3127 213 3181 quo
271 3109 346 3162 ad
395 3107 798 3161 inmutandum
849 3124 1060 3177 corpus
1110 3109 1232 3177 ejus
1289 3107 1656 3171 efferebatur,
1699 3123 1816 3160 non

105 3201 304 3268 pallio,
339 3203 403 3250 ut
449 3196 624 3249 moris
674 3201 755 3248 est
785 3195 844 3248 in
876 3197 1006 3250 talis
1063 3211 1317 3266 persona
1367 3196 1603 3249 funereo
1653 3196 1816 3249 obse-

105 3288 263 3359 quio,
317 3286 418 3340 sed
465 3285 648 3338 cilicio
693 3289 915 3338 tantum
969 3285 1311 3354 operiretur.
1360 3283 1518 3348 Quod
1567 3283 1694 3337 ideo
1725 3283 1816 3338 hic

105 3375 478 3430 inserendum
514 3373 866 3442 putavimus,
900 3378 964 3428 ut
989 3374 1210 3426 cunctis
1247 3373 1569 3443 legentibus
1601 3377 1810 3442 pateat,

106 3471 326 3536 quanto
359 3464 444 3516 vir
494 3462 602 3516 iste
653 3479 688 3515 a
719 3463 966 3516 Domino
1028 3463 1202 3516 etiam
1251 3462 1550 3532 temporali
1595 3462 1814 3516 honore

105 3553 474 3612 sublimatus.
511 3551 886 3620 semetipsum
936 3551 1256 3605 humilitate
1297 3551 1659 3620 depresserit,
1711 3565 1811 3602 cu-

98 3642 192 3710 jus
239 3640 486 3694 viventis
517 3640 756 3710 spiritus
789 3641 1020 3694 devotio
1069 3643 1185 3694 tam
1219 3641 1435 3693 humile
1468 3637 1811 3708 obsequium

102 3732 390 3786 defunctae
435 3745 668 3800 quoque
717 3729 872 3782 carni
909 3729 1238 3798 providerit.
1279 3729 1430 3782 More
1479 3729 1670 3797 itaque
1704 3743 1812 3778 ier-

3541 361 3646 415 434

1936 480 2250 534 clesiastico
2298 480 2555 552 exequiis
2594 481 2704 536 rite
2760 488 3082 556 celebratis,
3133 510 3341 564 corpus
3392 497 3507 551 Deo
3561 501 3643 552 di-

1934 568 2070 624 lecti
2118 569 2380 640 praesulis
2417 569 2475 622 in
2515 569 2702 638 cripta
2737 578 2988 632 coenobii
3038 582 3190 650 quod
3222 583 3342 652 ipse
3373 583 3644 640 fundave-

1932 663 2040 724 rat,
2078 663 2211 712 ante
2243 659 2416 711 altare
2457 667 2668 712 sancta:
2699 661 2916 732 itlarize,
2951 671 3199 723 maxima
3229 688 3356 726 cum
3387 674 3644 730 ﬁdelium

1935 746 2146 802 Christi
2221 745 2526 800 devotione
2605 753 2911 818 sepelitur.
2990 758 3366 828 Sepulchrum
3449 769 3642 818 autem

1933 852 2102 888 suum
2158 839 2353 888 sancta
2409 834 2518 887 sibi
2567 835 2878 896 devotione
2925 844 3047 913 ipse
3096 857 3534 916 praeparaverat,
3585 857 3643 906 et

1931 925 2044 978 tale
2075 925 2258 978 solitae
2292 923 2637 977 humilitatis
2678 933 3070 1003 epytupbyum
3121 939 3596 1008 superscripserat
3625 955 3638 991 :

1995 1031 2120 1094 Pars
2145 1029 2377 1094 hominis
2411 1030 2762 1094 Berﬂwal‘llus
2781 1050 2923 1085 eram
2946 1053 2957 1094 ;
2985 1053 3122 1087 nunc
3148 1040 3365 1090 claudor
3393 1044 3448 1092 in
3476 1045 3577 1094 isto

2055 1092 2393 1154 Sarcnpbngo
2423 1093 2556 1149 diro,
2588 1095 2708 1142 vilis
2735 1103 2788 1146 et
2811 1113 2930 1148 ecce
2951 1092 3109 1148 ciuis.

1995 1155 2128 1226 Proh
2161 1154 2330 1225 dolor,
2365 1154 2520 1224 ofﬁcii
2549 1157 2762 1206 culmen
2795 1161 2918 1222 quia
2945 1177 3049 1210 non
3073 1165 3204 1226 bene
3235 1166 3400 1226 gessi!

2055 1220 2134 1266 Sit
2161 1220 2244 1278 pia
2277 1230 2378 1278 pax
2409 1220 2619 1276 animae,
2641 1233 2740 1269 Vos
2771 1220 2824 1271 et
2851 1225 3014 1272 Amen
3047 1224 3246 1274 cauite!

2001 1335 2083 1384 56.
2151 1331 2298 1394 Quid
2352 1331 2460 1385 hac
2516 1332 2668 1386 beati
2731 1337 2836 1389 viri
2893 1341 3328 1394 mansuetudine
3393 1342 3634 1404 dulcius,

1929 1420 2064 1490 quid
2115 1419 2441 1488 abjectione
2469 1419 2858 1478 laudabilius?
2893 1425 3012 1489 Quo
3045 1427 3196 1480 enim
3246 1445 3304 1481 se
3334 1430 3500 1484 vilius
3530 1431 3637 1484 sub

1929 1507 2272 1562 humilitatis
2317 1509 2591 1578 deprimit
2627 1513 2844 1578 modio,
2893 1530 2960 1566 eo
2993 1514 3236 1568 lucidius
3279 1517 3336 1570 in
3369 1519 3641 1574 zecclesim

1931 1602 2168 1667 apparet
2206 1599 2582 1666 candelabro;
2635 1605 2694 1654 ct
2733 1609 3008 1672 quantum
3055 1621 3158 1658 suo
3191 1606 3408 1675 judicio
3459 1625 3638 1662 sacer-

1930 1686 2108 1740 dotali
2139 1687 2362 1741 honore
2407 1689 2681 1758 indignus
2713 1691 3042 1760 deputatur,
3079 1699 3298 1748 tantum
3333 1697 3638 1750 laudabilis

1929 1778 2059 1828 vitae.
2091 1775 2425 1830 testimonio
2458 1779 2668 1848 dignus
2713 1795 2815 1848 per
2843 1783 3036 1834 omnia
3077 1785 3502 1852 comprobatur.
3541 1786 3638 1839 Pie

1931 1862 2178 1932 denique
2211 1865 2601 1920 consideranti
2639 1867 2874 1920 modum
2927 1872 3373 1924 conversationis
3415 1874 3538 1942 ejus
3583 1880 3641 1927 et

1930 1957 2136 2005 sanctae
2168 1969 2196 2005 a
2227 1969 2410 2022 puero
2443 1955 2840 2020 institutionis,
2891 1960 3086 2027 magni
3131 1960 3321 2013 meriti
3351 1961 3476 2015 luce
3515 1963 3636 2016 cla-

1930 2042 2050 2095 rius
2092 2045 2412 2110 apparebit,
2442 2045 2706 2114 quamvis
2735 2045 2906 2114 longe
2957 2049 3124 2100 aliter
3153 2065 3209 2101 se
3239 2049 3356 2119 ipse
3385 2049 3635 2104 aestima-

1931 2131 2094 2182 verit.
2144 2131 2330 2184 Valles
2358 2133 2534 2198 enim,
2573 2135 2888 2187 secundum
2931 2135 3308 2202 Psalmistam,
3347 2139 3636 2194 frumento

1930 2219 2244 2284 abundant,
2297 2221 2404 2274 hoc
2454 2225 2557 2286 est,
2615 2221 2862 2274 humiles
2911 2223 3116 2292 spiritu
3169 2225 3488 2294 potioribus
3541 2229 3633 2281 di-

1931 2308 2076 2362 vina:
2109 2307 2388 2378 largitatis
2419 2311 2757 2364 muneribus
2798 2312 3126 2367 exuberant.
3168 2313 3272 2368 Sed
3307 2314 3434 2384 pius
3471 2317 3636 2369 Pater

1932 2397 2046 2450 Deo
2100 2397 2269 2466 plane
2325 2403 2382 2450 et
2435 2399 2704 2451 acoetesiai
2762 2399 3153 2469 dignissimus,
3213 2407 3268 2454 et
3317 2402 3469 2454 inter
3520 2420 3631 2456 cai-

1931 2489 2082 2538 teras
2140 2489 2394 2550 virtutes,
2459 2486 2673 2557 quibus
2726 2488 3030 2542 adornatus
3088 2495 3226 2557 erat,
3285 2491 3634 2548 humilitatis

1930 2574 2116 2626 cultor
2167 2575 2512 2644 przecipuus,
2563 2575 2700 2644 quid
2737 2592 2840 2646 pro
2881 2577 3006 2646 ipsa
3061 2579 3251 2632 cordis
3307 2581 3632 2636 humilitate

1929 2662 2350 2723 consolationis,
2391 2659 2540 2734 quid
2583 2664 2716 2717 fidei
2755 2681 2818 2718 ac
2869 2666 2990 2735 spei
3041 2669 3388 2738 conceperit,
3437 2669 3632 2723 mani-

1927 2750 2095 2806 festat
2123 2750 2182 2804 in
2217 2751 2379 2804 titulo
2431 2768 2602 2821 quem
2635 2753 2723 2806 his
2770 2755 2958 2806 verbis
3005 2754 3296 2808 interioris
3347 2757 3627 2827 sarcofagi

1929 2839 2228 2910 insculpsit
2283 2840 2471 2893 loculo
2533 2857 2544 2894 :
2603 2843 2722 2896 Scio
2782 2843 2846 2877 ²⁶¹
2915 2843 3050 2912 (59),
3110 2844 3254 2911 quod
3305 2844 3629 2912 Redemptor

1929 2943 2074 2982 meus
2121 2930 2278 2994 vivit,
2313 2933 2363 2981 ct
2412 2932 2470 2982 in
2523 2932 2812 2983 novissimo
2852 2930 2938 2984 die
2979 2931 3044 2984 de
3099 2937 3246 2984 terra
3283 2938 3626 2988 surrecturus

1873 3025 1890 3077 1
1930 3033 2068 3082 sum,
2118 3021 2166 3070 et
2207 3033 2425 3071 rursum
2476 3019 2851 3073 circumdatur
2893 3021 3030 3087 pelle
3079 3036 3216 3080 mea.
3263 3024 3313 3074 et
3357 3023 3414 3074 in
3461 3037 3626 3076 carne

1925 3121 2044 3160 mea
2095 3107 2282 3161 videbo
2337 3109 2508 3161 Deum
2559 3109 2882 3161 salvatorem
2935 3125 3127 3175 meum,
3188 3125 3348 3178 quem
3403 3112 3622 3166 visurus

1926 3211 2044 3248 sum
2098 3211 2190 3262 ego
2241 3197 2374 3263 ipse,
2431 3201 2480 3249 et
2527 3197 2666 3249 oculi
2713 3199 2818 3249 mei
2861 3199 3199 3266 conspectu-ri
3249 3203 3374 3251 sunt
3419 3204 3468 3251 et
3515 3215 3623 3253 non

1923 3286 2066 3337 alius
2099 3281 2194 3336 2“.
2243 3287 2500 3355 Reposito
2548 3291 2626 3338 est
2659 3286 2766 3340 haec
2795 3283 2868 3318 “3
2911 3301 3030 3354 spes
3061 3302 3180 3339 mea
3221 3289 3281 3339 in
3327 3288 3455 3340 sinu
3485 3304 3616 3342 meo.

1926 3373 2061 3436 Quae
2107 3372 2384 3426 nimirum
2439 3373 2586 3428 dicta
2639 3391 2705 3426 eo
2757 3374 2960 3444 spiritu
3013 3375 3084 3428 ab
3131 3374 3254 3444 ipso
3310 3375 3622 3430 creduntur

1923 3461 2188 3531 repetita,
2223 3477 2337 3531 quo
2369 3463 2622 3532 primum
2667 3479 2732 3515 ea
2761 3468 2982 3515 constat
3009 3463 3182 3516 fuisse
3231 3465 3474 3531 prolata,
3505 3466 3620 3519 acsi

1923 3549 2050 3602 aliis
2105 3549 2292 3602 verbis
2348 3549 2600 3619 apertius
2655 3551 2918 3604 diceret:
2967 3572 2992 3599 κ
3049 3553 3270 3604 Bonum
3327 3558 3618 3607 certamen

1922 3635 2148 3702 certavi,
2197 3653 2426 3690 cursum
2458 3638 2868 3702 consummavi,
2927 3639 3098 3691 tidem
3145 3639 3380 3706 servavi,
3425 3639 3494 3694 de
3537 3658 3593 3694 re

1921 3727 2078 3796 liquo
2109 3726 2354 3796 reposita
2385 3732 2472 3780 est
2502 3726 2678 3779 michi
2707 3744 2917 3780 corona
2941 3727 3187 3798 justicize
3217 3725 3308 3781 ειη.

1531 3885 1758 3939 νΑΒΙίΕ
1801 3883 2191 3939 LEC’l‘lONES.

165 4011 242 4047 339
328 4029 376 4065 s.
435 4012 502 4065 II.
559 4028 610 4064 e.
671 4011 864 4065 desunt
923 4015 976 4064 ‘2.

97 4085 338 4152 episcopi
393 4083 598 4136 edenda
646 4099 658 4135 :
701 4083 806 4136 Sed
877 4099 967 4146 ne,
1024 4087 1120 4136 etc.

99 4157 256 4211 Suro.
335 4155 408 4190 ³⁸⁸
463 4155 520 4206 in
569 4156 598 4207 3
659 4154 767 4206 haec
821 4155 1120 4206 inseruntut

137 4171 256 4209 (U'C.

1057 4010 1130 4045 ²¹¹υ
1197 4013 1408 4082 reliqua
1465 4010 1772 4083 (lesmitﬂin
1815 4013 1880 4083 __2_.

1223 4079 1501 4136 Nl'SCIO
1573 4079 1740 4132 ENIM
1805 4079 1993 4142 QUOD
2058 4085 2161 4133 etc.

335 4155 408 4190 ³⁸⁸
463 4155 520 4206 in
569 4156 598 4207 3
659 4154 767 4206 haec
821 4155 1161 4220 inseruntur,
1209 4169 1328 4222 quae
1378 4151 1528 4205 haud
1583 4156 1727 4222 ante,
1767 4165 1968 4222 annum
2033 4155 2188 4222 “95,
2254 4155 2462 4220 scripta
2522 4167 2652 4216 esse,
2703 4154 2898 4206 ultima
2953 4152 3118 4204 verba
3173 4151 3546 4208 demonstrant
3592 4173 3608 4206 :

1937 4013 2033 4076 qui
2085 4025 2266 4063 eorum
2325 4011 2432 4064 loco
2493 4011 2600 4063 haec
2657 4010 2943 4075 subiungit
2999 4011 3058 4062 in
3109 4011 3239 4062 Vita
3299 4010 3612 4066 Godehardi

2233 4081 2639 4148 Svtrcophagus.
2703 4081 2778 4115 ²⁶²
2853 4081 3072 4134 ALIUM
3134 4081 3285 4136 Sarc.
3350 4081 3420 4116 "3
3479 4084 3614 4138 HEC

105 4229 215 4280 Ista
247 4241 362 4294 que
421 4233 738 4293 sequuntur
769 4223 826 4276 in
863 4225 1151 4294 plerisque
1215 4220 1374 4276 libris
1424 4220 2253 4294 etcodicibusinveniuntur
2299 4224 2368 4276 de
2419 4222 2578 4276 obitu
2633 4225 2814 4276 sancti
2863 4223 3124 4293 presulis.
3174 4223 3468 4276 Transitus
3507 4225 3611 4279 viri

105 4298 206 4351 Dei
265 4291 610 4348 sanctissimi
667 4291 909 4362 presulis
979 4291 1158 4347 nostri
1221 4291 1895 4364 Bernwardidnonnullis
1952 4292 2228 4347 divinitus
2281 4301 2542 4346 ostensus
2594 4300 2698 4359 est,
2759 4291 2879 4348 sed
2909 4294 2978 4346 ad
3043 4294 3152 4346 ista
3210 4296 3612 4364 prosequenda

103 4369 246 4422 libet
299 4365 492 4434 priora
525 4361 824 4433 paululum
865 4365 1174 4420 attendere.
1211 4365 1453 4420 Sedebat
1507 4362 1817 4434 aliquando
1849 4361 1932 4416 vir
1963 4364 2062 4416 Dei
2109 4365 2477 4419 Bernwardus
2530 4365 2714 4418 adhuc
2744 4365 2936 4419 vivens
2982 4380 3111 4416 cum
3145 4361 3464 4434 hospitibus
3495 4367 3610 4420 suis

103 4439 160 4490 in
194 4438 328 4490 aula
363 4453 479 4488 sua.
531 4437 818 4490 Scholaris
866 4452 995 4489 vero
1047 4437 1280 4504 quidam
1315 4449 1532 4505 pauper
1575 4439 1706 4506 ante
1724 4433 1884 4506 fores
1931 4435 2271 4506 elemosinas
2304 4435 2568 4504 petendo.
2603 4435 2763 4504 pium
2813 4436 3124 4506 presulem,
3158 4441 3219 4488 ut
3247 4433 3334 4488 Sui
3369 4437 3611 4491 misere-

104 4515 287 4570 retur.
353 4507 650 4560 invocavit.
708 4507 870 4570 Quod
940 4503 1176 4560 audiens
1236 4503 1839 4575 homo'propheticus
1895 4509 1950 4558 et
2006 4505 2212 4574 spiritu
2283 4503 2381 4560 Dei
2439 4503 2659 4575 plenus,
2703 4503 2895 4576 jussit,
2960 4511 3022 4559 ut
3077 4506 3382 4577 episcopus
3449 4508 3610 4562 Colo-

103 4579 323 4633 niensis
385 4577 520 4631 foris
581 4583 737 4630 stans
810 4593 936 4630 mox
997 4579 1468 4632 introduceretur.
1534 4579 1836 4628 Curi-entes
1902 4591 2037 4644 ergo
2097 4577 2344 4631 ministri
2400 4578 2899 4642 renunciaverunt,
2961 4580 3250 4630 neminem
3304 4580 3439 4632 foris
3491 4596 3609 4633 esse

103 4649 488 4722 preter_illum
538 4649 872 4722 scholarem
913 4665 1246 4722 pauperem.
1295 4649 1542 4722 Sanctus
1576 4650 1766 4722 autem
1819 4647 2208 4722 Bernwardus,
2239 4649 2535 4722 afﬁrmans
2559 4649 2752 4722 ipsum
2801 4665 2921 4702 esse
2959 4649 3605 4722 Coloniensemfepi~co~

105 4717 270 4791 pum,
303 4719 640 4773 festinanter
672 4719 876 4772 adduci
912 4717 1189 4790 pre-cepit;
1241 4720 1667 4791 adductumque
1714 4717 1960 4787 benigne
1991 4719 2326 4791 suscipiens,
2359 4719 2418 4772 in
2449 4717 2631 4788 capite
2681 4735 2892 4772 mensae.
2925 4735 3234 4788 pauperem
3269 4717 3610 4776 renitentem

104 4788 422 4845 collocavit.
475 4791 592 4857 Cui,
633 4795 764 4861 post
814 4788 1098 4844 mensam_
1138 4791 1346 4844 rubore
1391 4788 1622 4860 perfuso
1671 4789 2081 4861 et_verecundo
2133 4788 2237 4860 pro
2279 4791 2603 4843 reverencia
2641 4791 2750 4843 sibi
2801 4807 2834 4844 a
2863 4797 3018 4843 tanto
3065 4792 3292 4860 presule
3331 4793 3606 4858 exhibita,

101 4863 188 4916 vir
229 4865 453 4922 beatus,
495 4859 655 4930 quod
681 4863 804 4930 ipse
852 4861 1204 4914 Coloniensis
1235 4859 1539 4931 episcbpus
1569 4863 1715 4912 esset
1741 4859 1988 4931 futurus,
2034 4859 2309 4930 predixit;
2355 4861 2650 4914 humiliter
2678 4877 2938 4927 exorans,
2975 4867 3034 4914 ut
3065 4859 3308 4930 primam
3339 4863 3604 4928 missam;

104 4949 278 5004 quam
315 4933 374 4985 in
422 4931 655 5004 Colonia
711 4932 1042 5004 celebraret,
1077 4949 1178 5002 pro
1213 4930 1466 5004 paupere
1499 4930 1837 4984 Bernwardo
1865 4931 2238 5004 decantaret.
2277 4936 2348 4986 At
2393 4932 2507 5004 ille,
2556 4948 2686 4985 cum
2725 4948 2951 5004 summa
3003 4932 3314 4987 devocione
3347 4935 3608 5003 precibus

105 5001 231 5073 ejus
275 5019 554 5070 annuens,
610 5003 1014 5058 benedictione
1061 5001 1238 5072 petita
1268 5001 1617 5072 et‘accepta,
1674 5001 1907 5055 recessit
1945 5002 2015 5055 ab
2063 5018 2154 5058 eo.
2186 5005 2381 5058 Factus
2419 5003 2598 5072 igitur
2649 5003 3117 5075 archiepiscopus
3155 5005 3230 5073 (α)
3269 5001 3428 5072 juxta
3463 5005 3605 5058 vati-

1743 5157 1969 5212 NOTAE.

179 5279 290 5346 (59')
319 5276 620 5346 Inscriptio
651 5277 773 5329 haec
801 5274 1090 5344 hodieque
1119 5275 1179 5327 in
1209 5275 1562 5344 sarcophago
1595 5277 1804 5340 exstat;

109 5365 158 5402 v.
186 5345 362 5403 ’Kratz
407 5345 846 5416 descriptionem
895 5347 1143 5399 ecclesia:
1191 5346 1652 5414 metropolitano:
1697 5345 1808 5399 Hil-

107 5419 519 5474 desheimensis
568 5424 707 5472 tom.
763 5417 858 5485 Ili,
914 5417 1026 5470 tab.
1089 5419 1171 5469 t3.
1235 5416 1472 5469 inferior
1525 5417 1804 5485 sarcofagi

181 5585 254 5648 θα)
291 5577 630 5648 Pilegriuus.

1915 5289 2046 5360 pars
2093 5273 2238 5328 hanc
2286 5273 2720 5344 inscriptionem
2773 5275 3000 5364 exhibet
3053 5293 3068 5329 :
3119 5277 3606 5333 BERNWAHDUS

1915 5363 2039 5416 EPS
2077 5362 2340 5416 SERVVS
2378 5363 2747 5418 SERVORVM
2788 5362 2917 5418 XPI.
