4016 6202
293 207 399 261 435
1290 203 1513 259 THANG
1525 203 1696 258 MARI
1744 199 2180 258 PRESBYTERI
2222 195 2812 254 illLDESHElMENS.
3705 195 3826 249 436

372 336 456 386 57.
493 330 762 386 Cernitur
809 328 1218 384 nichilominus
1265 329 1334 384 ad
1367 327 1626 382 dextram
1658 331 1882 398 partem
1913 344 1997 380 se-
2027 327 2073 379 Α
2111 323 2358 396 pulchri,
2405 338 2578 392 super
2621 323 3061 391 columpnarum
3107 318 3450 390 conscriplio
3481 317 3612 372 talis
3647 317 3780 387 (61)
3815 334 3830 370 :

2254 803 2608 810 ’,α-..η

365 476 471 525 Hac
503 472 694 523 tumuli
725 473 867 521 fossa
893 471 1221 534 clauduntur
1245 469 1631 534 praesulisossa
2177 467 2306 534 Nam
2336 462 2708 534 fuitjecclesiaa
2737 461 3036 534 condignas
3061 460 3336 534 episcopus
3364 459 3480 534 ille}

426 521 720 586 Dernvvaldi
749 536 832 591 εδδ,
865 534 985 583 miri
1017 521 1384 596 magniﬁéiqne
1421 532 1533 579 viri.
2177 591 2215 596 _
2241 533 2406 596 Quem
2438 527 2576 596 Deus
2600 521 2923 596 Emmanuel
2941 521 3126 585 diligat
3153 527 3204 596 et
3222 521 3500 596 Michahel.

366 581 695 661 clibani};
709 581 1166 661 stemmati-radians
1202 581 1498 661 utgemuia
1519 605 1722 643 serena.
2177 581 2519 661 Ta-ud‘em‘bis
2551 587 2692 661 senis
2719 586 2932 661 undeno
2961 581 3142 657 mense
3168 581 3437 661 lialendis.

427 646 685 723 Ac'ceptus
707 659 947 715 Domino,
973 646 1536 720 complacuitvapulo.
2241 652 2384 701 Felix
2413 650 2554 698 hanc
2577 649 2737 699 vitam
2769 652 2937 696 mutat
2959 647 3014 695 in
3050 646 3357 709 angelicam.

1774 912 2348 978 APPENDIX.

793 1088 1587 1193 MIRACULA
1669 1083 2252 1190 SANCTA
2336 1079 3328 1184 BERNWARDI.

391 1285 433 1336 1.
498 1281 736 1346 Quantis
792 1278 862 1315 ³⁸⁵
921 1283 1048 1350 post
1105 1279 1223 1332 haec
1283 1278 1690 1332 miraculorum
1747 1275 2013 1347 insigniis
2046 1275 2085 1328 Β
2197 1277 2247 1328 3.
2291 1273 2418 1328 Fuit
2463 1273 2526 1326 in
2575 1271 2802 1326 civitate
2857 1275 3052 1325 nostra
3097 1270 3259 1324 miles
3291 1270 3531 1341 quidam
3566 1270 3837 1325 ministe-

313 1369 695 1422 confessorem
746 1383 914 1421 suum
971 1366 1248 1421 Dominus
1301 1365 1720 1433 gloriﬁcaverit,
1772 1380 1887 1417 non
1933 1368 2018 1416 est
2130 1363 2282 1416 rialis
2361 1360 2646 1416 habitans.
2717 1359 2890 1431 Cujus
2963 1358 3082 1413 ﬁlia
3144 1359 3430 1412 infantula
3497 1359 3839 1430 egritudine

317 1463 522 1511 nostra!
567 1457 866 1528 parvitatis
911 1457 1236 1526 explanare.
1289 1455 1395 1508 Sed
1427 1471 1498 1508 ne
1528 1459 1732 1507 cuncta
1776 1458 2015 1523 praater-
2129 1467 2345 1522 pressa,
2378 1465 2508 1504 cum
2557 1449 2981 1520 desperaretur,
3022 1448 3220 1501 saltem
3260 1448 3537 1517 baptismi
3587 1449 3841 1518 gratiam

319 1545 427 1597 isse
457 1544 775 1605 videamur,
811 1558 991 1614 pauca
1017 1543 1085 1596 de
1116 1542 1378 1612 pluribus
1409 1541 1780 1612 explicamus.
2131 1539 2386 1610 opperiri
2432 1553 2618 1608 posse,
2655 1542 2818 1608 pater
2861 1536 3062 1590 anxius
3117 1552 3186 1589 ne
3215 1536 3337 1589 sine
3376 1537 3843 1608 regenerationis

390 1638 440 1687 2.
478 1634 674 1687 Puella
730 1633 992 1703 quaedam
1043 1632 1112 1686 de
1162 1631 1465 1702 Erpesford
1512 1631 1775 1698 oriunda,
1821 1629 2021 1684 Hilde-
2131 1631 2487 1683 sacramento
2535 1627 2820 1698 deperiret
2867 1625 3078 1692 anima,
3125 1641 3364 1679 cmream
3416 1625 3742 1696 imaginem
3775 1625 3842 1680 ad

321 1721 462 1791 gard
492 1721 748 1788 nomine,
788 1737 918 1774 cum
952 1721 1133 1774 multa
1165 1720 1563 1789 languentium
1597 1719 1762 1773 turba
1786 1718 2023 1772 diversis
2133 1718 2503 1788 sepulchrum
2550 1716 2702 1770 beati
2748 1714 3070 1769 Bernwardi
3116 1714 3337 1768 deferre
3369 1714 3546 1782 vovit,
3600 1720 3667 1768 ut
3719 1717 3844 1785 ejus

322 1810 740 1881 egritudinibus
792 1813 988 1862 vexata
1041 1809 1442 1863 Hidenesheim
1491 1808 1740 1873 advenit,
1786 1807 2024 1861 misera—
2135 1804 2356 1859 meritis
2387 1803 2641 1875 spacium
2676 1803 2975 1858 infantulae
3024 1802 3092 1856 ad
3123 1801 3393 1873 baptismi
3443 1808 3680 1857 tantum
3715 1820 3845 1875 gra-

325 1899 500 1954 bilem
546 1899 604 1952 in
651 1898 886 1952 modum
921 1902 1037 1951 tota
1077 1902 1387 1965 contracta,
1418 1898 1498 1951 ita
1542 1901 1607 1950 ut
1637 1897 1878 1968 genibus
1927 1913 2025 1967 pe-
2135 1893 2277 1948 tiam
2306 1892 2695 1963 accipiendam
2727 1891 3084 1962 optineretur
3123 1907 3152 1944 a
3185 1890 3450 1944 Domino.
3487 1891 3662 1945 Facto
3696 1896 3851 1953 voto.

326 1987 466 2043 ctori
493 1987 932 2052 inhaarentibus,
975 2002 1150 2040 manu
1182 1987 1414 2040 dextera
1443 1985 1760 2052 incurvata,
1793 1985 2028 2040 cubitali
2136 1982 2267 2036 ilico
2307 1997 2437 2036 cera
2484 1981 2756 2052 efﬁgiata,
2791 1980 3032 2051 nudipes
3060 1981 3131 2034 ad
3171 1979 3465 2033 tumulum
3521 1979 3854 2034 beatissimi

327 2091 599 2131 mensura
636 2074 724 2128 vix
755 2091 789 2128 a
835 2079 988 2128 terra
1034 2075 1317 2140 subrecta,
1366 2091 1424 2128 se
1454 2075 1708 2146 rependo
1755 2076 2026 2129 traheret.
2139 2071 2402 2141 praesulis
2430 2070 2597 2134 adiit;
2643 2069 2744 2141 qui
2773 2069 2907 2123 inde
2942 2069 3187 2135 rediens,
3216 2067 3573 2123 infantulnm
3606 2084 3673 2121 ex
3710 2069 3856 2122 inte-

325 2167 459 2230 Quae
489 2180 591 2235 per
621 2179 714 2216 sex
750 2178 976 2216 menses
1007 2167 1064 2216 et
1093 2179 1161 2216 eo
1195 2163 1442 2232 amplius
1471 2163 1620 2217 circa
1659 2165 1782 2218 loca
1812 2170 2032 2217 sancto-
2140 2176 2244 2230 gro
2277 2159 2632 2214 convaluisse
2669 2159 2946 2230 repperit.

329 2269 455 2308 rum
505 2251 804 2323 reptando,
859 2251 1190 2306 mendicans
1219 2270 1251 2305 a
1285 2253 1399 2306 Deo
1447 2253 1711 2320 salutem,
1758 2269 1791 2306 a
1822 2253 2031 2323 populo
2212 2251 2266 2304 4.
2300 2249 2572 2313 Quaedam
2605 2249 2775 2303 etiam
2824 2248 3016 2319 puella
3047 2248 3106 2302 in
3136 2248 3257 2302 vico
3292 2249 3589 2301 Hanovere
3629 2244 3705 2280 ³⁸⁷
3739 2247 3856 2317 (6‘2)

329 2343 558 2412 stipem,
612 2340 928 2407 admonita,
980 2344 1044 2393 ut
1073 2339 1196 2410 ipsa
1237 2341 1538 2407 referebat,
1586 2357 1690 2412 per
1738 2357 2028 2408 somnum,
2145 2341 2305 2391 tanto
2350 2337 2710 2392 cruciabatur
2737 2339 3038 2392 oculorum
3090 2337 3304 2403 dolore,
3359 2342 3422 2390 ut
3455 2337 3692 2407 penitus
3723 2337 3858 2390 elici

330 2431 401 2486 ad
446 2430 735 2484 tumulum
765 2429 916 2483 beati
950 2429 1273 2482 Bernwardi
1319 2429 1596 2499 reptando
1640 2428 1928 2498 pervenit;
1980 2433 2036 2482 et
2145 2425 2380 2479 orbibus
2429 2424 2547 2478 suis
2595 2424 2705 2495 ipsi
2735 2424 2886 2479 oculi
2941 2428 3282 2494 putarentur
3309 2424 3363 2478 vi
3412 2424 3627 2480 doloris
3706 2426 3856 2478 Pro-

332 2517 690 2590 superposita
747 2517 933 2572 eidem
994 2517 1209 2571 tumbae
1270 2533 1433 2571 cerea
1489 2516 1700 2586 effigie,
1761 2517 2033 2570 continuo
2066 2557 2107 2612 Ο
2147 2514 2324 2567 missa
2369 2513 2546 2583 igitur
2591 2513 2882 2567 oblatione
2929 2514 2998 2567 ad
3041 2514 3296 2568 tumbam
3344 2513 3528 2567 sancti
3562 2514 3859 2584 presulis,

333 2623 522 2662 coram
554 2607 788 2677 populo,
820 2606 983 2677 cujus
1012 2605 1212 2660 eodem
1257 2611 1514 2676 tempore
1549 2605 1858 2659 multitudo
1891 2605 2034 2659 forte
2069 2601 2107 2612 “
2147 2601 2276 2655 ilico
2308 2602 2577 2672 sospitate
2609 2601 2886 2656 redeunte
2916 2601 3242 2672 conquievit
3272 2601 3354 2654 vis
3383 2601 3618 2656 doloris.

334 2699 698 2762 convenerat,
758 2711 1068 2748 nervorum
1125 2694 1476 2748 distensione
1532 2693 1733 2749 durius
1794 2695 2035 2748 cruciari
2217 2694 2265 2745 5.
2331 2690 2516 2745 Simili
2581 2690 2846 2761 passione
2913 2690 3144 2761 quidam
3207 2690 3267 2744 in
3335 2689 3680 2760 Runeberge
3748 2692 3863 2760 (63)

336 2783 522 2854 ccepit.
560 2782 705 2846 Quid
755 2783 962 2853 plura?
997 2782 1149 2836 Infra
1196 2781 1436 2836 biduum
1485 2787 1671 2837 erecta
1704 2787 1808 2851 est,
1861 2783 1940 2836 ita
1973 2789 2038 2836 ut
2144 2785 2396 2839 vexatus,
2439 2779 2498 2832 in
2551 2783 2718 2833 nocte
2764 2778 3156 2833 decollationis
3201 2779 3380 2832 sancti
3422 2778 3704 2833 Johannis
3751 2781 3867 2833 Ba-

337 2887 452 2925 non
508 2877 640 2940 post
693 2873 934 2941 longum
982 2875 1210 2941 tempus
1260 2887 1398 2924 sana
1443 2871 1676 2925 rediret.
1730 2871 1906 2924 Testis
1954 2874 2040 2924 est
2147 2867 2358 2939 ptistm,
2407 2883 2538 2922 cum
2581 2867 2703 2938 jam
2737 2868 2971 2938 penitus
3019 2869 3317 2922 oculorum
3363 2867 3610 2922 salutem
3653 2868 3867 2938 despe—

338 2964 459 3013 tota
489 2959 685 3012 civitas
735 2964 950 3025 nostra,
1000 2959 1110 3025 cui,
1144 2957 1379 3013 miseria
1419 2957 1768 3024 notiﬁcante,
1818 2958 2039 3012 dudum
2148 2961 2320 3024 reret,
2363 2956 2624 3010 invocato
2677 2957 2934 3027 ejusdem
2995 2957 3104 3010 viri
3163 2956 3402 3023 auxilio,
3463 2956 3522 3009 in
3585 2973 3867 3012 somnum

341 3050 462 3102 erat
490 3045 806 3101 notissima.
1803 3107 1808 3112 ν
2149 3046 2436 3100 resolutus
2484 3049 2586 3099 est.
2639 3046 2805 3100 Facto
2855 3049 3046 3099 autem
3097 3044 3371 3112 diluculo,
3416 3044 3652 3115 penitus
3697 3045 3866 3101 omni

1756 3139 1992 3194 νΑΒΙιΕ
2033 3141 2430 3196 LECTIONES.

345 3239 564 3294 cinium
608 3237 714 3292 viri
753 3235 932 3291 sancti
970 3240 1245 3305 regnante
1283 3235 1494 3290 domno
1536 3235 1799 3290 Heinrico
1838 3236 1908 3290 de
1952 3238 2330 3304 Bavenberch,
2373 3254 2524 3292 anno
2575 3237 2806 3292 Domini
2855 3240 2985 3292 1023
3029 3238 3368 3292 duodecimo
3410 3238 3703 3292 Kalendas
3745 3239 3863 3294 De-

349 3309 595 3365 cembris
650 3308 724 3362 ad
775 3309 952 3380 altare
1002 3306 1686 3380 _missam__celebraturus
1753 3307 2024 3361 accedens
2073 3307 2196 3380 ipse
2257 3308 2613 3380 Coloniensis
2679 3309 2998 3380 episcopus,
3049 3314 3441 3380 cantoresquer
3488 3310 3861 3380 preveniens,

350 3381 583 3436 missam
622 3396 726 3448 pro
764 3377 1065 3442 defunctis,
1107 3376 1376 3431 omnibus
1415 3377 1514 3447 qui
1553 3378 1794 3432 aderant
1837 3376 2223 3502 stupentibus,
2279 3379 2587 3438 inchoavit.
2633 3376 2738 3433 nes
2789 3376 3097 3433 immemor
3148 3376 3507 3449 interpretis'
3537 3380 3652 3445 sui,
3706 3381 3862 3434 beati

351 3451 563 3502 scilicet
619 3447 961 3502 Bernwardi.
994 3464 1123 3502 cum
1173 3447 1420 3501 venisset
1466 3448 1536 3502 ad
1567 3464 1870 3502 canonem.
1967 3449 2312 3502 evotissime.
2345 3450 2492 3502 sicut
2539 3450 2900 3502 nromiserat.
2953 3451 3290 3502 memoriam
3343 3451 3526 3502 insins
3554 3452 3679 3502 egit
3707 3451 3862 3502 inter

351 3451 563 3506 scilicet
619 3447 961 3514 Bernwardi,
994 3464 1142 3520 cum
1173 3447 1420 3520 venisset
1466 3448 1536 3502 ad
1567 3464 1870 3514 canonem,
1926 3447 2312 3518 devotissime,
2345 3450 2492 3504 sicut
2539 3450 2900 3519 promiserat,
2953 3447 3318 3505 memoriam_
3343 3451 3526 3520 ipsius
3554 3452 3679 3517 egit
3707 3451 3862 3505 inter

353 3522 526 3577 vivos.
568 3521 676 3576 Sed
735 3520 884 3574 inter
915 3518 1177 3572 salutaris
1227 3518 1452 3572 victime
1501 3519 1991 3573 consecracionem
2047 3520 2320 3574 transitus
2349 3520 2454 3574 viri
2504 3518 2605 3574 Dei
2633 3520 2906 3575 divinitus
2961 3521 3013 3574 ei
3056 3521 3340 3576 revelatus
3366 3518 3493 3585 est;
3526 3524 3684 3576 unde
3725 3539 3858 3576 mox

350 3594 532 3647 eciam
562 3592 623 3644 in
655 3591 996 3662 memoriam
1026 3590 1430 3662 defunctorum
1478 3589 1731 3662 nominis
1781 3591 1903 3660 ejus
1946 3591 2316 3662 imencionem
2360 3591 2529 3658 fecit;
2565 3597 2621 3645 et
2663 3593 2861 3646 omnia
2890 3608 3018 3662 quas
3047 3593 3386 3656 acciderant,
3446 3592 3617 3646 ﬁnita
3659 3595 3855 3654 missa,

351 3663 616 3744 fidelibus
662 3661 992 3744 publicavit.
1042 3661 1148 3725 Qui
1195 3661 1400 3744 celeste
1454 3660 1793 3744 miraculum
1837 3661 2096 3744 curiosus
2135 3662 2491 3744 investigare.
2522 3663 2850 3744 cupientes,
2891 3660 3095 3744 _inissis
3141 3663 3604 3743 exploratoribus
3644 3664 3709 3744 in
3751 3665 3857 3717 Hil-

349 3737 606 3802 densem,
663 3731 976 3787 certissime
1005 3737 1416 3802 cognoverunt,
1451 3732 1617 3803 quod;
1636 3731 1838 3786 eadem
1895 3732 2056 3803 hora,
2105 3731 2841 3803 quando’arcbiepiscopus
2891 3733 3136 3787 hostiam
3169 3731 3358 3787 nostra
3402 3733 3608 3787 salutis
3641 3734 3854 3788 immo-

351 3806 506 3882 l_avit,
554 3801 744 3882 anima
772 3801 1126 3882 sanctissima
1175 3803 1355 3882 fidelis
1385 3801 2246 3882 et-iprudentis.se‘rvi_Domini
2274 3801 3114 3882 nostrilesuﬁbristiceleste
3155 3804 3423 3882 gaudium
3466 3804 3758 3882 introivit.
3793 3836 3854 3843 ——

351 3877 480 3931 Fuit
510 3875 918 3946 nichilominus
948 3874 1006 3927 in
1053 3873 1300 3946 remotis
1345 3873 1603 3946 partibus
1635 3890 1667 3926 a
1693 3873 1944 3946 civitate,
1981 3873 2179 3946 Lunda
2209 3877 2321 3946 (a),
2355 3874 2425 3928 ad
2459 3878 2522 3928 l2
2568 3875 2821 3946 miliaria
2877 3875 2968 3941 (ὁ),
3002 3873 3206 3944 viginti
3253 3891 3348 3946 se;
3396 3876 3566 3928 annis
3614 3877 3854 3946 quidam

349 3947 603 4002 inclusus
634 3946 692 3999 in
726 3945 970 4015 quadam
1021 3943 1171 4015 silva
1211 3944 1445 3996 devotus
1486 3943 1786 4015 heremita,
1841 3945 2140 4015 Anselmus
2171 3945 2425 4012 nomine,
2480 3945 2578 4014 qui
2613 3947 2806 3999 solitas
2840 3947 2950 3999 Deo
2980 3943 3176 4015 preces
3206 3945 3469 4013 fundens,
3517 3943 3722 3999 statim
3753 3948 3856 4000 fuit

350 4017 410 4072 in
439 4017 664 4088 spiritu.
699 4013 766 4088 Et
793 4015 935 4088 vidit
966 4015 1088 4088 ipsa
1121 4013 1231 4078 die,
1263 4028 1396 4088 qua
1428 4013 1623 4088 anima
1647 4013 1753 4066 viri
1805 4014 1903 4067 Dei
1935 4015 2166 4088 celestia
2192 4015 2437 4088 claustra
2467 4013 2870 4088 petivittcelos
2917 4013 3145 4088 apertos
3175 4031 3307 4088 cum
3335 4015 3568 4088 ingenti
3593 4017 3849 4070 lumine:

350 4092 406 4141 et
460 4082 675 4141 audivit
704 4086 854 4138 inter
885 4082 1109 4155 dulcem
1166 4082 1477 4155 melodiam
1527 4084 1828 4155 beatorum
1885 4085 2188 4154 spirituum
2235 4085 2344 4140 hoc
2392 4082 2626 4140 carmen
2663 4087 2735 4141 ab
2795 4082 3013 4155 angelis
3063 4087 3301 4140 iterari:
3339 4106 3366 4136 α
3398 4087 3441 4141 Ο
3476 4085 3612 4141 felix
3663 4090 3856 4142 anima

355 4157 694 4222 Bernwardi,
733 4155 895 4224 cujus
953 4153 1158 4208 merita
1209 4153 1542 4224 hominibus
1593 4153 1778 4209 adhuc
1807 4153 1940 4208 sunt
1985 4155 2300 4222 incognita,
2351 4157 2468 4210 Deo
2520 4161 2710 4211 autem
2752 4163 2808 4212 et
2839 4153 3000 4210 nobis
3041 4157 3204 4211 valde
3257 4161 3407 4211 nota.
3463 4180 3482 4203 ι
3523 4159 3642 4212 Hec
3674 4159 3855 4212 tribus

349 4228 565 4281 vicibus
605 4223 896 4298 continuis
925 4224 1017 4278 die
1046 4223 1423 4298 deposicionis
1455 4223 1597 4298 vidit
1624 4229 1680 4278 et
1705 4225 1938 4298 audivit.
1984 4227 2305 4298 Predictam
2349 4227 2762 4298 revelacionem
2794 4227 2879 4280 vir
2909 4227 3012 4281 Dei
3041 4228 3179 4282 dum
3208 4243 3341 4298 sepe
3372 4244 3501 4281 cum
3528 4229 3854 4298 rdevocione

351 4300 684 4364 revolveret,
720 4296 819 4349 ubi
850 4303 1042 4349 tamen
1071 4294 1221 4368 illius
1239 4295 1505 4368 nominis
1547 4294 1634 4350 vir
1677 4299 1793 4368 tam
1829 4297 2026 4350 beatus
2056 4297 2383 4364 habitasset,
2415 4297 2728 4367 ignoraret,
2770 4314 2895 4352 ecce
2925 4297 3109 4352 astitit
3134 4299 3185 4351 ei
3226 4294 3571 4352 venerabilis
3604 4316 3854 4368 persona

394 4383 583 4421 rocere
613 4365 1308 4448 s_tature,_venusta-fac‘ie.
1343 4367 1822 4447 respersa.canis,
1874 4368 2331 4448 et‘operim'entis
2379 4365 2803 4448 pontiﬁcalibus
2851 4369 3075 4448 vestita,
3125 4368 3443 4448 dicens_ei_:
3477 4389 3501 4419 (ι
3553 4365 3675 4448 ξεῖςο
3725 4387 3852 4423 sum

396 4439 721 4511 ernwardus
750 4437 1070 4511 _episcoptis
1119 4437 1681 4511 Hildensemmensis,
1734 4437 2088 4511 quemtriua
2133 4439 2351 4511 visione
2383 4437 2456 4492 in
2509 4439 2700 4511 choro
2727 4441 3064 4511 angelorum
3111 4439 3434 4511 collaudari
3464 4437 3702 4494 audisti.
3743 4442 3851 4511 Ego

349 4509 719 4582 templumin
750 4507 1080 4582 Hildensem
1127 4509 1346 4582 angelis
1397 4509 1706 4582 construxi,
1752 4507 1811 4563 et
1855 4508 2108 4582 Yirginis
2156 4509 2363 4582 Filium
2391 4509 2728 4580 patrimonii
2773 4507 2886 4564 mei
2917 4526 3300 4564 successorem
3334 4510 3462 4582 feci,
3508 4507 3850 4582 cunctisque

349 4581 526 4652 seculi
560 4579 972 4652 voluptatibus
999 4579 1360 4652 renunciavi;
1398 4579 1656 4633 habitum
1704 4579 2024 4652 angelicum
2075 4580 2336 4652 suscepi;
2375 4579 2526 4634 nunc
2577 4597 2810 4652 quoque
2857 4582 3189 4650 centuplum
3231 4581 3423 4634 omnia
3456 4581 3662 4650 recipi,
3697 4579 3848 4635 ac'in

349 4653 446 4705 tali
486 4651 690 4721 jubilo,
718 4649 721 4650 ⁷
751 4650 897 4722 sicut
924 4649 1134 4716 vidisti,
1183 4649 1358 4722 vitam
1409 4655 1687 4722 eternamf
1715 4650 1999 4722 possideo.
2041 4673 2067 4700 ι)
2107 4652 2202 4705 His
2242 4649 2352 4705 sibi
2395 4667 2524 4705 cum
2573 4649 3071 4722 aliis'quibusdam
3113 4652 3390 4716 revelatis,
3441 4649 3593 4722 cum,
3623 4653 3848 4722 ingenti

349 4720 569 4777 lumine
598 4721 900 4794 disparuit,
931 4726 986 4774 et
1015 4738 1120 4794 pro
1151 4721 1335 4794 gloria
1367 4721 1547 4794 sancti
1588 4721 1694 4794 viri
1742 4720 2030 4775 solitarius
2077 4736 2188 4792 que
2220 4721 2477 4794 audierat
2525 4726 2587 4794 et
2609 4720 2826 4776 viderat
2855 4723 3082 4778 ﬁdelius
3122 4723 3412 4777 revelavit.
3463 4721 3617 4777 Obiit
3653 4720 3848 4794 itaque

345 4799 574 4849 sanctus
620 4793 814 4863 presul
846 4791 1283 4864 anno'Domini
1341 4793 1470 4846 t023
1517 4796 1579 4846 ut
1607 4791 1822 4845 dictum
1878 4796 1981 4864 est,
2015 4797 2072 4847 et
2098 4791 2371 4864 sepultus
2423 4792 2483 4846 in
2512 4792 2693 4864 cripta
2723 4793 2955 4848 ecclesie
3006 4809 3126 4859 sue,
3179 4809 3352 4864 quam
3400 4791 3845 4857 construxerat;

345 4866 516 4934 latuit
565 4862 756 4918 autem
789 4864 894 4934 sub
943 4868 1095 4917 terra
1126 4862 1291 4917 annis
1337 4867 1567 4916 centum
1609 4863 2072 4934 etgseptuaginta
2121 4862 2367 4918 duobus.
2415 4863 2593 4920 Codex
2624 4865 2657 4917 4
2685 4881 2748 4918 ea
2775 4866 2917 4918 inter
2944 4862 3214 4918 miracula
3249 4869 3375 4932 post
3405 4880 3524 4932 cap.
3563 4868 3595 4917 7
3629 4866 3844 4918 scribit.

441 4935 797 5062 hBervvardi.4
843 4933 916 4970 ’⁸⁸
973 4949 1092 5002 quae
1139 4937 1440 5001 sequuntur
1491 4935 1550 4987 in
1597 4932 1786 4987 codice
1828 4937 1846 4986 l
1887 4935 2002 4988 alia
2047 4949 2233 5000 manu,
2291 4935 2476 4989 saeculi
2527 4938 2704 4988 tamen
2749 4935 3054 4989 ἀτιοάθείΜὶ
3108 4936 3364 5002 ineuntis,
3419 4935 3641 5002 adjecta
3699 4940 3846 4990 sunt.

485 5021 734 5061 onovere
805 5045 818 5059 .

1986 5075 2208 5129 ΝΟΤᾸεῖ.

415 5173 526 5243 (61)
574 5175 711 5228 Eam
739 5189 774 5226 a
813 5169 1352 5243 Bennmie_episcopo
1392 5169 1654 5224 Misnensi
1689 5172 2036 5240 compositam
2144 5169 2324 5239 igitur
2381 5171 2588 5225 sseculo
2635 5188 2690 5225 χι
2743 5175 2798 5227 et
2846 5187 2921 5225 xu
2971 5172 3205 5226 ineunte
3253 5170 3437 5224 vicum
3488 5171 3666 5226 fuisse
3716 5171 3850 5227 hinc

342 5239 469 5308 esse,
506 5245 677 5297 tradit
708 5243 978 5296 conversio
1013 5239 1359 5308 Theutonica.
1454 5307 1458 5308 ί
1808 5239 1811 5240 ⁷
2143 5245 2382 5294 constat.

415 5316 524 5386 (62)
568 5310 982 5382 Antiquissima
1029 5307 1270 5364 civitatis
1319 5307 1518 5380 patria:
1568 5311 1800 5375 mentio,
1861 5327 2035 5382 quam
2216 5311 2329 5381 (63)
2360 5311 2747 5384 Ronnenberg
2771 5329 2950 5384 prope
2981 5316 3294 5368 Hannover.

414 5421 488 5491 (a)
526 5418 761 5474 Lubnde
793 5416 864 5471 ab
887 5416 1107 5472 oriente
1129 5417 1500 5470 Hannoveras.
2217 5418 2282 5486 (ὁ)
2314 5419 2568 5472 Romana
