3920 6190
64 275 155 327 437
1149 278 1498 334 APPENDIX
1545 280 1635 334 AD
1677 279 1880 334 VITAM
1922 281 1977 334 S.
2025 278 2477 334 BEBNWARDI.

3466 292 3567 347 438

56 396 245 452 dolore
274 397 478 467 fugato
535 396 800 463 surrexit,
843 399 1162 470 eademque
1202 400 1295 455 die
1343 417 1473 455 cum
1518 401 1757 456 testibus
1787 404 1833 456 A
1872 399 2176 456 circuitum
2204 401 2429 457 assidue
2458 402 2763 458 lambendo
2797 406 3153 477 exosculans,
3199 408 3567 468 devotissima

58 500 167 538 sua
226 486 494 540 sanitatis
538 487 609 541 ad
660 487 949 542 tumulum
1009 488 1162 543 beati
1209 490 1468 560 presulis

56 579 281 627 acturus
313 575 486 628 venit.

122 666 167 715 6.
192 663 491 717 Bukenem
523 662 642 733 (64)
669 662 825 718 vicus
856 668 940 718 est
987 682 1017 719 a
1052 666 1275 720 civitate
1320 666 1751 722 Hildenesheim

59 766 151 821 per
174 750 289 803 tria
323 749 538 803 distans
576 749 822 804 miliaria
867 752 999 818 (65),
1060 753 1158 806 ubi
1205 753 1363 808 faber
1392 754 1624 825 quidam
1651 755 1754 809 fer-

59 837 252 901 rarius,
312 838 471 892 Dodo
529 838 784 905 nomine,
842 842 1025 894 tactus
1082 845 1167 894 est
1222 841 1561 897 infirmitate
1592 844 1751 913 gravi

60 942 150 997 per
194 932 318 979 tres
377 927 758 997 septimanas;
817 927 895 982 ita
949 933 1012 982 ut
1067 945 1273 983 manus
1348 937 1404 984 et
1424 931 1595 1002 pedes
1628 932 1751 1002 jam

62 1020 434 1084 premortuos
510 1032 805 1069 occasuros
855 1033 886 1069 a
941 1033 1043 1071 sua
1111 1018 1447 1088 compagine
1518 1020 1754 1074 arbitra-

62 1109 228 1156 retur.
272 1104 517 1157 Vocatus
544 1108 734 1158 autem
762 1105 1064 1175 presbiter,
1098 1122 1226 1161 cum
1270 1108 1388 1177 jam
1418 1107 1749 1178 desperare-

62 1195 156 1254 tur,
201 1191 473 1256 advenit;
525 1192 689 1261 cujus
736 1192 973 1247 consilio
1020 1199 1454 1265 ceterorumque
1514 1197 1749 1268 propin-

54 1294 300 1349 quorum
346 1281 517 1341 vovit.
564 1285 627 1334 ut
701 1280 748 1333 si
804 1280 955 1335 infra
1004 1281 1255 1336 triduum
1306 1284 1597 1338 meliorari
1645 1302 1751 1340 coa-

52 1368 241 1436 pisset,
309 1370 637 1439 sepulcrum
716 1369 871 1423 beati
954 1369 1060 1423 viri
1138 1372 1460 1427 Bernwardi
1539 1374 1750 1444 gratias

50 1462 279 1510 acturus
314 1457 590 1511 visitaret.
638 1460 768 1513 Ilaec
816 1474 948 1512 cum
994 1465 1325 1530 agerentur,
1358 1467 1560 1532 quarta
1610 1462 1751 1517 feria

48 1550 168 1598 ante
226 1544 588 1600 Dominicam
615 1546 982 1617 rogationum
1022 1548 1288 1618 sequenti
1334 1548 1425 1603 die
1470 1565 1534 1602 ac
1587 1553 1748 1603 nocte

50 1634 176 1687 adeo
221 1634 536 1701 convaluit,
569 1638 633 1688 ut
678 1635 937 1704 proxima
985 1642 1141 1690 sexta
1187 1636 1326 1691 feria
1374 1637 1615 1708 nudipes
1645 1653 1750 1707 per

48 1723 141 1775 iter
173 1724 580 1793 praescriptum
615 1723 1040 1778 llildenesheim
1085 1726 1400 1791 adveniret,
1445 1725 1524 1779 sic
1556 1730 1747 1780 tamen

48 1812 261 1865 luridus
312 1827 430 1876 ore,
488 1816 552 1865 ut
588 1812 709 1881 ipsa
756 1811 928 1865 facies
957 1818 1258 1884 conspecta
1306 1814 1412 1867 viri
1471 1815 1749 1868 audienti-

50 1899 140 1952 bus
160 1900 338 1954 ﬁdem
370 1900 583 1953 faceret
610 1899 893 1955 miraculi.

102 1993 151 2041 7.
186 1989 397 2042 Mulier
434 1988 699 2059 quaedam
755 1989 1127 2043 Goslariensis
1176 1989 1396 2044 Eilmod
1447 1990 1682 2044 nomine
1715 2008 1747 2045 a

44 2078 282 2130 demone
314 2093 593 2146 possessa,
636 2093 765 2130 cum
815 2078 1062 2133 venisset
1091 2078 1161 2133 ad
1202 2079 1355 2132 beati
1382 2080 1742 2142 memoriam,

44 2180 134 2233 per
177 2165 406 2236 aliquot
455 2165 575 2218 dies
605 2165 819 2219 ibidem
858 2166 1120 2219 horribili
1166 2167 1337 2220 modo
1370 2173 1587 2233 vexata,
1614 2184 1744 2237 pre-

45 2254 187 2306 cibus
239 2254 505 2323 ejusdem
556 2254 902 2309 sanctissimi
944 2256 1206 2325 praesulis
1257 2260 1453 2309 curata
1500 2262 1610 2311 est.
1645 2257 1743 2311 Se-

48 2348 184 2408 ptem
216 2347 321 2395 aut
344 2343 541 2412 plures
572 2342 692 2396 dies
723 2348 918 2413 postea
948 2344 1244 2397 nobiscum
1278 2344 1502 2405 mansit,
1538 2345 1744 2399 cotidie

48 2431 362 2499 sepulcrum
432 2430 762 2500 pontiﬁcale
809 2448 940 2485 cum
1000 2432 1366 2486 devotissima
1427 2434 1743 2504 gratiarum

47 2520 254 2571 actione
285 2518 561 2584 visitavit,
613 2520 812 2573 crebro
860 2520 1076 2575 ibidem
1133 2520 1361 2591 corpori
1393 2527 1449 2575 et
1477 2523 1743 2591 sanguini

49 2607 261 2660 Domini
324 2608 790 2662 communicavit.
844 2609 978 2663 Inde
1010 2609 1359 2679 digrediens,
1414 2614 1537 2680 post
1568 2612 1740 2681 septi-

47 2712 230 2748 manas
275 2712 383 2749 sex
423 2696 635 2750 iterum
684 2697 872 2763 rediit,
904 2702 959 2751 et
1005 2713 1193 2752 ceram
1242 2698 1465 2752 duobus
1494 2699 1742 2753 denariis

44 2790 427 2855 comparatam
461 2786 671 2839 tumbae
724 2801 1143 2856 superponens,
1197 2802 1303 2856 pro
1332 2786 1590 2841 sanitatis
1623 2804 1740 2842 suae

45 2873 463 2943 perseverantia
519 2873 715 2927 retulit
762 2874 992 2943 gratias.
1050 2876 1229 2927 Testis
1287 2880 1370 2928 est
1429 2879 1544 2928 tota
1599 2876 1740 2930 Gos-

1544 491 1754 561 gratias

46 2962 190 3027 laria,
217 2961 321 3014 ubi
368 2978 470 3032 pro
522 2961 877 3015 mercimonii
926 2962 1013 3016 sui
1042 2963 1279 3033 negocio
1318 2964 1593 3033 probatur
1620 2979 1738 3018 esse
1772 2959 1811 3012 C

47 3049 357 3103 notissima.

104 3142 152 3193 8.
180 3138 425 3193 Juvenis
452 3136 686 3208 quidam
710 3138 769 3191 in
800 3138 1034 3193 Boemia
1079 3138 1138 3193 in
1170 3139 1547 3194 sacratissima
1578 3146 1739 3195 nocte

50 3228 350 3281 Dominicae
384 3226 696 3279 nativitatis
725 3242 855 3280 cum
907 3227 1131 3281 duobus
1174 3228 1446 3283 fratribus
1502 3229 1619 3282 suis
1648 3247 1737 3283 ce-

50 3317 284 3386 terisque
342 3314 550 3368 coaevis
590 3315 706 3368 suis
738 3313 812 3349 “8
837 3316 987 3370 ludis
1039 3316 1381 3387 quihusdam
1412 3317 1738 3388 invigilans,

48 3404 325 3457 dirissimo
384 3402 614 3456 demoui
671 3404 954 3457 vexandus
1021 3410 1105 3458 est
1154 3404 1417 3470 traditus,
1467 3406 1740 3461 fratribus

50 3493 292 3563 utrisque
319 3491 624 3545 subitanea
654 3496 838 3545 morte
864 3492 1190 3562 prmventis,
1214 3494 1530 3563 ceterisque
1551 3494 1737 3548 omni-

49 3582 140 3633 bus
167 3581 272 3652 qui
297 3579 521 3634 eisdem
568 3579 831 3633 infaustis
869 3580 1020 3633 ludis
1051 3580 1366 3635 intererant
1416 3587 1516 3636 aut
1557 3588 1739 3637 morte

48 3668 366 3733 subtractis,
391 3675 489 3720 aut
508 3667 819 3721 demonum
852 3667 1130 3721 vexationi
1164 3668 1517 3724 contraditis.
1546 3671 1739 3740 Itaque

48 3764 157 3825 post
176 3755 525 3821 triennium,
550 3756 791 3810 durante
809 3756 1022 3810 infelici
1040 3757 1327 3827 passione,
1343 3758 1569 3827 juvenis
1585 3758 1739 3813 idem

48 3846 247 3914 ignaris
298 3845 637 3917 parentibus
692 3846 803 3899 huc
854 3846 1104 3915 illucque
1154 3847 1453 3914 cursitans,
1507 3848 1737 3901 tandem

50 3934 467 3987 Hildenesheim
500 3932 781 4002 pervenit.
816 3932 900 3986 lbi
936 3934 1071 3987 dum
1105 3935 1541 4004 completorium
1572 3952 1737 3989 cane-

51 4026 209 4085 retur,
296 4019 720 4073 monasterium
808 4020 983 4073 sancti
1058 4020 1347 4074 Michaelis
1424 4021 1736 4091 ingressus,

48 4114 151 4163 tam
179 4109 327 4163 dure
363 4113 491 4161 ante
539 4109 716 4161 altare
763 4114 973 4162 sanctae
1022 4108 1214 4163 Crucis
1247 4113 1475 4163 vexatus
1523 4114 1625 4175 est,
1678 4113 1742 4163 ut

50 4212 231 4250 omnes
281 4195 391 4265 qui
431 4196 669 4249 aderant
727 4196 969 4249 horrore
1024 4195 1204 4250 nimio
1248 4197 1463 4267 stupidi
1496 4205 1550 4252 et
1577 4197 1741 4252 mise-

54 4286 256 4340 ratione
318 4284 648 4355 compuucti
702 4285 1095 4339 redderentur.
1130 4285 1519 4340 Introducitur
1547 4286 1739 4357 itaque

54 4374 96 4424 vi
140 4374 510 4443 pellentium,
579 4373 824 4426 nimium
881 4373 1133 4427 renitens
1202 4373 1346 4443 ipse,
1393 4374 1449 4430 in
1500 4373 1741 4445 criptam

54 4464 111 4515 ad
151 4463 306 4517 beati
359 4462 678 4516 Bernwardi
709 4462 986 4516 tumbam.
1028 4462 1133 4517 Ubi
1172 4462 1387 4517 diutius
1432 4464 1623 4517 furore
1643 4479 1741 4516 ro-

55 4556 186 4605 tatus
241 4556 303 4605 et
355 4550 527 4603 verba
572 4550 911 4619 blasphema
942 4550 1221 4620 garriens,
1274 4556 1335 4605 ut
1364 4551 1603 4622 quidam
1632 4552 1740 4605 lin-

54 4655 208 4708 gnam
232 4640 364 4710 ejus
394 4638 803 4708 intelligentes,
837 4639 935 4709 qui
965 4644 1100 4693 tunc
1129 4640 1272 4694 forte
1322 4640 1579 4706 aderant,
1611 4654 1743 4693 cum

52 4733 269 4797 stupore
324 4726 516 4796 pavidi
561 4728 899 4793 retulerunt,
936 4727 1169 4781 tandem
1216 4728 1484 4796 concidit,
1518 4731 1743 4797 aperto-

53 4832 149 4885 que
178 4833 277 4870 ore
311 4815 566 4883 inhians,
598 4816 881 4886 liquorem
941 4816 1373 4886 spurcissimum
1407 4832 1536 4871 cum
1567 4817 1744 4869 fetore

54 4903 216 4957 nimio
239 4908 529 4970 eructans,
589 4904 895 4958 incolumis
938 4905 1203 4959 surrexit.
1257 4907 1490 4959 Postera
1520 4904 1611 4959 die
1642 4921 1744 4974 po-

56 4993 173 5059 pulo
214 4996 598 5063 praesentatus
656 4996 742 5045 est
788 5009 976 5060 sanus,
1010 4997 1067 5047 et
1096 5009 1163 5048 ex
1194 5010 1261 5047 eo
1302 5009 1407 5063 per
1460 4996 1517 5047 t5
1563 4992 1743 5046 ferme

56 5078 161 5132 dies
207 5079 585 5150 sepulchrum
639 5079 1032 5151 frequentans,
1086 5086 1143 5135 et
1191 5081 1585 5151 pavimentum
1643 5096 1746 5149 per

1863 504 1991 543 cum
2025 488 2273 544 lacrimis
2299 489 2595 545 liberatori
2620 508 2723 545 suo
2755 493 2969 563 gratias
3000 495 3136 565 egit.

1935 581 1985 631 9.
2012 578 2250 642 Quidam
2299 584 2492 633 autem
2544 585 2888 635 mercatores
2938 583 3272 639 Bremeuses
3320 602 3450 641 cum
3506 588 3567 642 in

1862 666 2006 719 mari
2038 682 2233 720 versus
2261 666 2528 737 Angliam
2575 669 2931 739 navigarent,
2968 676 3308 742 tempestate
3349 675 3564 745 gravis-

1861 753 2006 808 sima
2043 755 2519 825 praeventhsunt,
2562 755 2641 810 ita
2669 762 2751 825 ut,
2796 764 2966 827 rupto
3022 759 3157 814 fune
3207 764 3478 829 anchore,
3510 768 3567 818 et

1862 841 1994 894 navi
2022 845 2142 895 tota
2169 857 2462 908 concussa,
2515 841 2635 912 jam
2666 843 2917 898 vicinum
2961 847 3177 900 cunctis
3216 849 3453 918 pelagus
3483 850 3565 904 in-

1860 934 2106 983 tentaret
2162 928 2488 983 interitum.
2552 931 2808 1001 Cumque
2856 933 3198 1003 supplicatio
3240 937 3564 991 communis

1861 1022 1917 1072 et
1972 1020 2188 1071 clamor
2247 1017 2614 1072 lacrimabilis
2678 1026 3046 1090 concreparet
3101 1021 3170 1075 ad
3237 1029 3563 1080 sanctorum

1860 1106 2197 1174 patrocinia,
2228 1110 2466 1176 repente
2521 1106 2756 1177 quidam
2812 1107 3023 1177 intulit,
3086 1110 3376 1180 quendam
3437 1129 3562 1167 san-

1859 1199 2015 1248 ctum
2071 1193 2403 1265 pontiﬁcem
2478 1196 2877 1250 Bernwardum
2944 1197 3177 1252 nomine
3254 1198 3312 1253 in
3374 1200 3563 1255 Hilde-

1862 1282 2114 1337 nesheim
2172 1298 2469 1337 coruscare
2521 1284 2834 1339 miraculis.
2887 1286 3020 1355 Ejus
3070 1302 3207 1356 ergo
3265 1290 3559 1344 communi

1859 1377 1991 1426 voto
2048 1372 2384 1442 sutfragium
2431 1374 2806 1443 postulantes,
2853 1375 3123 1428 continuo
3166 1376 3317 1430 inter
3340 1378 3559 1432 medios

1860 1460 2147 1515 undarum
2176 1460 2413 1514 vertices
2443 1460 2565 1515 sine
2609 1461 2805 1515 labore
2833 1462 2891 1515 in
2922 1463 3087 1516 solita
3142 1466 3556 1536 tranquillitate

1857 1553 2088 1618 portum
2143 1547 2463 1619 petierunt;
2496 1553 2554 1602 et
2604 1548 2665 1603 in
2696 1550 2907 1603 minori
2934 1550 3196 1606 navicula
3226 1554 3553 1623 redeuntes,

1857 1636 2167 1689 anchoram
2214 1651 2376 1688 suam
2405 1634 2464 1689 in
2504 1636 2650 1689 mari
2681 1637 2934 1705 elapsam
2966 1640 3303 1693 retulerunt.
3344 1639 3557 1695 Exinde

1858 1724 2095 1778 domum
2145 1724 2379 1789 reversi,
2435 1724 2579 1778 duos
2639 1741 2706 1778 ex
2751 1724 3058 1779 comitibus
3110 1727 3247 1791 suis,
3306 1743 3556 1797 quorum

1856 1828 2005 1865 unus
2059 1811 2451 1877 Godescalcus,
2494 1813 2639 1866 alter
2698 1813 2983 1867 Elvericus
3030 1815 3359 1881 vocabatur,
3424 1833 3553 1873 cum

1856 1900 2117 1954 navicula
2141 1916 2304 1954 cerea
2346 1900 2415 1954 ad
2467 1900 2729 1954 tumbam
2788 1901 2939 1955 beati
2985 1902 3093 1957 viri
3142 1902 3203 1956 in
3230 1902 3372 1958 feria
3390 1907 3556 1959 tertia

1854 1995 1983 2061 post
2022 1988 2364 2043 dominicam
2429 1989 2643 2043 Laetare
2690 1990 3024 2057 Jerusalem,
3076 2008 3180 2062 pro
3239 1992 3552 2062 gratiarum

1856 2078 2077 2131 actione
2126 2077 2585 2131 transmiserunt.
2628 2077 2785 2131 Idem
2842 2094 3071 2148 quoque
3124 2085 3325 2149 postea
3380 2081 3553 2136 simili

1852 2166 2106 2237 periculo
2136 2182 2237 2237 per
2257 2180 2388 2219 eum
2441 2164 2688 2231 liberati,
2740 2171 3072 2236 argenteam
3107 2168 3417 2222 anchoram
3449 2186 3553 2240 per

1852 2255 2187 2326 semetipsos
2221 2255 2575 2309 obtulerunt.

1928 2346 2009 2397 10.
2073 2342 2407 2413 Negociator
2445 2343 2680 2413 quidam
2747 2343 3171 2399 Hildenesheim
3227 2345 3540 2413 habitabat.

1852 2432 2031 2501 Hujus
2085 2433 2295 2502 conjux
2339 2447 2470 2485 cum
2518 2432 2609 2485 die
2684 2447 2985 2502 parasceve
3035 2433 3156 2486 loca
3222 2439 3549 2488 sanctorum

1853 2536 2010 2574 more
2069 2520 2178 2574 sibi
2250 2520 2561 2588 lannuatim
2640 2525 2914 2574 consueto
2977 2520 3219 2592 nudipes
3265 2520 3547 2588 circuiret,

1850 2607 2035 2662 thuris
2080 2611 2304 2677 partem
2359 2607 2727 2677 comparavit,
2784 2625 2958 2679 quam
3002 2608 3072 2662 ad
3111 2610 3366 2663 tumbam
3398 2610 3549 2664 beati

1854 2695 2177 2750 Bernwardi
2232 2696 2382 2749 ferre
2425 2696 2749 2750 destinavit.
2786 2697 2930 2767 Ergo
2963 2696 3052 2750 via
3109 2713 3237 2767 quas
3266 2698 3449 2751 tendit
3477 2698 3547 2751 ad

1852 2784 2263 2837 monasterium
2324 2784 2503 2837 sancti
2558 2783 2860 2851 Michaelis,
2890 2784 2949 2837 in
3009 2800 3160 2855 aqua
3209 2786 3384 2852 lutea,
3415 2801 3545 2855 quae

1850 2888 1953 2943 per
1993 2871 2279 2925 civitatem
2336 2888 2531 2925 versus
2588 2871 2746 2924 urbis
2786 2888 3016 2926 murum
3072 2872 3345 2935 decurrit,
3376 2874 3547 2942 pedes

1853 2960 2008 3025 lavit,
2033 2960 2168 3014 inde
2200 2961 2269 3015 ad
2299 2960 2710 3014 monasterium
2738 2961 3044 3029 pertendit.
3089 2962 3347 3031 Cumque
3378 2961 3547 3014 cimi-

1852 3049 2061 3103 terium
2129 3049 2384 3119 ejusdem
2455 3048 2724 3102 mcclesiaa
2790 3049 3235 3116 conscendisset,
3316 3049 3549 3120 agnovit

1851 3138 2105 3208 elapsum
2137 3153 2257 3190 esse
2300 3137 2429 3190 thus
2493 3136 2645 3207 quod
2700 3141 2934 3191 emerat.
2970 3137 3130 3192 Unde
3185 3138 3452 3209 graviter,
3485 3141 3549 3192 ut

1850 3226 2085 3289 ferebat,
2172 3225 2364 3278 animo
2424 3229 2805 3291 consternata,
2873 3225 3119 3279 excussis
3198 3226 3549 3280 vestimentis

1851 3314 2031 3368 sicubi
2083 3314 2415 3379 adhesisset,
2448 3314 2647 3367 eadem
2679 3314 2769 3367 via
2819 3330 2933 3385 qua
2984 3317 3229 3381 venerat,
3264 3330 3443 3385 usque
3477 3315 3547 3370 ad

1850 3419 2059 3472 aquam
2114 3418 2229 3473 qua
2277 3402 2437 3471 prius
2488 3402 2663 3471 pedes
2719 3404 2953 3468 laverat,
2986 3403 3281 3472 querendo
3306 3419 3543 3459 reversa.

1853 3491 2027 3544 nichil
2082 3490 2329 3556 invenit;
2385 3494 2683 3560 mestaque
2732 3490 2977 3543 nimium
3008 3491 3080 3544 ad
3130 3491 3545 3546 monasterium

1847 3579 2037 3632 rediit.
2072 3579 2207 3632 Inde
2254 3584 2511 3648 cryptam
2540 3577 2815 3647 ingressa,
2874 3582 3007 3632 ante
3047 3580 3304 3633 tumbam
3336 3580 3545 3634 beatis-

1847 3666 1976 3720 simi
2004 3664 2286 3735 pontiticis
2332 3665 2393 3718 in
2438 3665 2753 3719 orationem
2786 3681 2917 3719 cum
2966 3666 3120 3737 largo
3170 3668 3310 3721 tletu
3340 3683 3544 3737 procu-

1847 3755 1993 3820 buit,
2031 3758 2303 3824 reputans
2334 3753 2486 3822 apud
2531 3769 2611 3816 se,
2666 3753 2795 3808 ideo
2857 3753 3213 3807 oblationem
3257 3755 3367 3808 sibi
3422 3757 3545 3809 ela-

1849 3859 2032 3913 psam,
2089 3841 2243 3911 quod
2298 3841 2463 3911 quasi
2508 3840 2737 3911 indigna
2795 3839 2969 3893 fuerit
3027 3856 3154 3893 eam
3192 3841 3445 3909 perferre
3475 3840 3546 3894 ad

1848 3930 2029 3985 sancti
2096 3929 2203 3983 viri
2275 3927 2629 3983 memoriam.
2704 3928 2888 3983 Finita
2934 3929 3189 3982 oratione
3237 3928 3445 3982 humili
3491 3934 3550 3982 et

1848 4021 2171 4087 lacrimosa,
2222 4019 2490 4086 surrexit,
2544 4018 2677 4072 thus
2706 4017 3078 4089 perditumin
3108 4033 3283 4071 manu
3318 4016 3549 4071 sinistra

1848 4109 2088 4164 invenit.
2120 4108 2281 4172 Quod
2325 4107 2550 4162 tumulo
2583 4122 2978 4178 superponens
3008 4122 3140 4160 cum
3190 4105 3413 4175 ingenti
3442 4121 3545 4175 pa-

1850 4215 1985 4253 vore
2037 4197 2325 4265 abscessit,
2358 4196 2510 4267 quod
2561 4200 2787 4267 gestum
2840 4200 2962 4249 erat
3004 4196 3109 4249 sub
3141 4194 3387 4260 silentio,
3419 4194 3545 4249 abs-

1851 4286 2064 4354 condit,
2115 4286 2299 4339 donec
2343 4285 2547 4355 quinto
2595 4289 2695 4338 aut
2738 4288 2895 4338 sexto
2939 4284 3030 4338 die
3084 4301 3116 4338 a
3170 4282 3548 4338 familiaribus

1852 4375 1975 4445 ejus
2019 4373 2308 4444 proditum
2354 4373 2621 4428 innotuit.
2656 4373 2793 4437 Quae
2832 4378 2889 4427 et
2915 4373 3280 4443 postmodum
3303 4388 3434 4427 cum
3465 4373 3548 4427 rei

1852 4466 2024 4532 gestm
2076 4462 2369 4516 veritatem
2419 4479 2452 4515 a
2510 4463 2761 4533 quodam
2813 4463 2984 4517 fratre
3040 4467 3233 4516 nostro
3284 4476 3548 4532 promere

1852 4554 2162 4621 peteretur,
2197 4566 2313 4605 non
2345 4551 2466 4605 sine
2488 4550 2741 4605 lacrimis
2770 4566 2894 4603 eam
2926 4566 3158 4604 narrare
3197 4550 3405 4620 potuit.

1928 4643 2011 4693 Η.
2062 4639 2217 4693 Miles
2275 4639 2511 4711 quidam
2566 4626 2925 4692 Thietmarus
2983 4637 3239 4703 nomine,
3298 4637 3553 4691 ministe-

1855 4726 2011 4781 rialis
2043 4727 2217 4797 regis,
2252 4727 2309 4781 in
2342 4727 2464 4781 vico
2516 4728 2712 4797 Hogen
2758 4729 2869 4794 (66)
2914 4726 3075 4796 juxta
3106 4727 3382 4779 Wiseram
3439 4726 3550 4780 ﬂu-

1855 4816 2010 4870 vium
2060 4817 2294 4871 habitat.
2349 4817 2527 4886 Hujus
2600 4815 2771 4882 ﬁlius,
2831 4814 3197 4881 Machelmus,
3267 4828 3551 4867 annorum

1853 4902 2079 4957 circiter
2107 4909 2255 4969 octo,
2279 4920 2408 4956 cum
2438 4919 2541 4973 per
2584 4901 3044 4974 quinquennium
3106 4900 3312 4955 ﬁstulas
3337 4899 3556 4953 incom-

1854 4991 2023 5045 modo
2055 4991 2115 5044 in
2147 4991 2379 5045 maxilla
2408 4990 2639 5045 sinistra
2663 4994 2982 5057 vexaretur,
3027 4988 3328 5058 omnisque
3371 4987 3553 5041 medi-

1854 5094 2051 5133 corum
2074 5078 2131 5131 in
2163 5078 2260 5132 illo
2281 5094 2455 5149 opera
2475 5080 2867 5145 frustraretur,
2892 5079 3123 5133 tandem
3147 5077 3218 5131 ad
3266 5076 3553 5129 tumulum

1464 5177 1697 5231 VARIAS
1739 5175 2137 5231 LECTIONES.

122 5245 187 5279 2"
208 5248 295 5301 nis
327 5247 515 5301 codem.

1698 5334 1925 5390 NOTAE.

124 5414 209 5480 (64
239 5413 552 5467 Bokenem.

134 5485 229 5549 f65)
254 5482 481 5537 Scilicet
510 5484 861 5539 Germanica.

1930 5411 2036 5483 (66)
2070 5413 2242 5483 Hoya.
