4016 6202
363 305 468 360 439

1339 296 1762 353 εῐΗΑΝϐΜΑΒι
1805 293 2248 351 PRESBYTERI
2289 292 2879 349 HlLDESHElMENS.

3783 297 3900 350 HO

366 420 545 475 sancti
596 417 848 489 episcopi
901 417 1254 473 oblationem
1305 432 1487 481 suam,
1551 430 1779 468 cereum
1812 415 2074 469 videlicet
2101 416 2148 468 A
2187 412 2324 467 sulis
2350 428 2556 482 corpus
2587 427 2646 464 re
2670 409 2918 480 {niescit,
2958 409 3270 482 condignas
3312 427 3417 465 suo
3465 411 3722 466 sanatori
3755 429 3901 482 gra-

365 513 556 577 caput,
589 509 736 561 ferre
795 507 964 572 vovit,
1007 507 1054 560 si
1102 506 1249 560 infra
1296 520 1503 559 novem
1538 504 1660 558 dies
1705 503 2069 558 incolumitas

365 597 449 654 illi
508 595 728 649 meritis
781 595 933 649 beati
978 595 1083 648 viri
1135 595 1488 648 redderetur.
1555 592 1732 662 lgitur
1769 592 1915 646 infra
1973 591 2068 644 tri-

366 687 544 740 duum
603 690 735 737 ante
799 690 1028 753 tempus
1095 687 1475 754 prmoptatum
1552 696 1696 751 puer
1746 680 2066 734 remedium

368 773 611 843 accepit;
635 777 691 826 et
719 772 886 825 tertia
919 771 1059 826 feria
1092 771 1242 825 infra
1263 770 1642 824 ebdomadam
1679 774 2067 838 pentecosten,

369 879 495 918 cum
542 867 724 932 patre,
780 865 960 914 matre
1007 864 1061 913 et
1091 860 1234 922 avia,
1281 859 1339 912 in
1385 858 1778 912 testimonium
1813 857 2072 911 sanitatis

371 956 613 1021 receptae
669 965 798 1002 cum
867 947 1012 1002 votis
1069 946 1362 1018 promissis
1405 947 1475 1001 ad
1533 946 1871 1001 memoriam
1922 945 2072 1000 beati

370 1039 478 1093 viri
509 1054 701 1108 sospes
731 1035 1012 1106 pervenit.

448 1131 530 1180 t2.
581 1125 766 1179 Abbas
817 1124 988 1178 etiam
1048 1123 1292 1178 coenobii
1347 1123 1526 1176 sancti
1582 1123 1890 1187 Michaelis,
1927 1123 2072 1177 Con-

372 1214 542 1267 radns
574 1217 681 1279 (67)
713 1213 966 1278 nomine,
1012 1228 1140 1266 cum
1194 1213 1439 1282 quadam
1473 1211 1563 1265 die
1595 1228 1764 1265 causa
1811 1211 2074 1265 utilitatis

370 1301 727 1354 monasteriii
766 1301 876 1354 iter
899 1306 1110 1369 ageret,
1137 1302 1280 1353 forte
1310 1299 1532 1363 accidit,
1557 1305 1622 1352 ut
1646 1315 1794 1370 equo
1824 1299 2073 1365 labente,

372 1389 462 1443 cui
495 1390 804 1452 insederat,
838 1389 979 1442 tibia
1019 1389 1215 1440 collisa
1262 1403 1496 1456 prorsus
1528 1388 1733 1441 debilis
1785 1393 1840 1440 et
1879 1389 2076 1441 dolore

371 1477 653 1530 cruciatus
695 1477 752 1529 in
809 1478 947 1529 sella
1001 1477 1311 1546 gestatoria
1362 1476 1690 1529 referretur.
1748 1476 1924 1530 Jnssit
1969 1476 2072 1528 ita-

374 1582 486 1636 que
543 1582 600 1619 se
659 1566 728 1618 ad
795 1565 1163 1634 sepulchrum
1218 1565 1368 1618 beati
1421 1565 1706 1634 pontificis
1753 1564 2078 1619 Bernwardi

374 1653 612 1716 deferri;
667 1651 766 1706 ubi
819 1651 879 1705 in
937 1653 1197 1706 oratione
1242 1657 1580 1722 prostratus,
1658 1669 1787 1706 cum
1833 1655 2076 1709 vovisset

374 1758 452 1807 se,
495 1740 688 1810 quoad
736 1739 971 1804 viveret,
1007 1739 1300 1793 candelam
1353 1745 1517 1793 nocte
1573 1744 1628 1792 et
1686 1739 1938 1793 interdiu
1995 1740 2077 1794 ibi

375 1829 765 1899 provisurum,
821 1827 1127 1881 incolumis
1191 1827 1463 1880 continuo
1538 1829 1816 1893 surrexit;
1863 1829 2077 1898 quique

375 1917 578 1970 alienis
643 1916 904 1969 manibus
978 1920 1063 1970 est
1130 1915 1342 1982 illatus,
1398 1916 1648 1986 propriis
1709 1916 1950 1986 pedibus
1994 1921 2080 1970 est

379 2021 642 2076 egressus
674 2003 766 2056 ω.

456 2096 536 2147 13.
591 2093 790 2146 Mulier
825 2092 1071 2162 quedam
1118 2091 1424 2162 provincize
1474 2093 1766 2146 Marehern
1827 2094 1896 2147 de
1941 2093 2078 2147 civi-

381 2187 494 2235 tate
525 2183 782 2246 Olomuz,
814 2197 930 2233 non
982 2180 1196 2234 infimis
1248 2180 1582 2250 parentibus
1641 2183 1900 2248 oriunda,
1961 2198 2085 2252 sep-

379 2274 495 2322 tem
523 2269 690 2321 anuis
721 2267 918 2338 digitis
949 2268 1192 2322 sinistrae
1225 2285 1427 2323 manus
1458 2269 1517 2322 in
1549 2270 1731 2322 volam
1759 2271 2077 2332 contractis,

380 2357 637 2427 ejusdem
670 2357 889 2410 brachii
951 2358 1084 2410 ulna
1143 2363 1406 2411 concreta
1436 2358 1651 2428 pectori
1699 2375 1862 2428 paene
1923 2360 2084 2412 cohe-

380 2451 562 2511 rente,
595 2445 794 2499 debilis
849 2449 1104 2511 aruerat;
1166 2463 1294 2516 quae
1352 2447 1534 2500 multa
1591 2453 1915 2501 sanctorum
1961 2447 2084 2500 loca

381 2534 640 2588 sanitatis
696 2533 877 2604 gratia
953 2534 1318 2603 frequentare
1377 2535 1616 2588 solebat.
1673 2534 1836 2588 Venit
1891 2536 2084 2606 itaque

382 2624 562 2675 multo
638 2622 860 2675 itineris
932 2621 1128 2675 labore
1207 2622 1440 2692 fatigata
1491 2639 1660 2676 mane
1718 2629 1748 2677 7
1806 2624 2085 2677 Kalendas

379 2709 534 2765 Junii
563 2711 631 2763 ad
657 2709 1026 2780 sepulchrum
1059 2711 1212 2764 beati
1245 2711 1589 2778 Bernwardi,
1625 2711 1723 2765 ubi
1751 2712 1898 2766 infra
1931 2713 2084 2782 prio-

383 2813 503 2852 rem
555 2799 786 2852 missam
845 2800 1048 2868 posita,
1112 2801 1331 2868 populo
1388 2799 1741 2870 inspectante
1782 2801 2082 2870 pristinam

382 2885 686 2939 sanitatem
719 2887 950 2956 recepit.
1004 2887 1178 2954 Cujus
1227 2887 1308 2940 rei
1382 2892 1554 2940 testes
1603 2888 1795 2941 idonei
1851 2890 2088 2958 plurimi

382 2981 518 3029 tunc
560 2975 833 3044 temporis
871 2974 1194 3040 astiterunt,
1228 2975 1328 3046 qni
1371 2975 1526 3028 illam
1559 2977 1720 3045 prius
1751 2993 1808 3029 se
1835 2977 2079 3030 debilem
2118 2965 2157 3019 (ἶ

381 3062 657 3116 veraciter
713 3062 1012 3130 agnovisse
1077 3068 1461 3116 asseruerunt.
1525 3064 1646 3120 Mox
1700 3081 1836 3132 ergo
1887 3082 2084 3120 omnes

383 3151 481 3220 qui
515 3149 644 3203 huic
711 3151 984 3203 miraculo
1017 3156 1324 3220 praesentes
1355 3152 1640 3204 affuerunt
1687 3153 1969 3224 multique
2015 3156 2084 3208 de

381 3238 605 3291 civitate
635 3244 1018 3304 accurrentes,
1054 3239 1153 3308 qui
1187 3239 1292 3292 hoc
1318 3239 1524 3292 factum
1579 3239 1720 3292 scire
1747 3247 2080 3310 potuerunt,

386 3329 584 3386 Deum,
612 3326 712 3396 qui
744 3325 914 3378 tantis
946 3326 1222 3380 famulum
1265 3343 1431 3381 suum
1465 3328 1742 3398 glorificat
1772 3331 2081 3398 miraculis,

383 3416 440 3467 in
471 3415 660 3485 ymnis
690 3419 746 3467 et
811 3414 1092 3479 laudibus,
1144 3417 1437 3484 campanis
1485 3417 1657 3470 etiam
1688 3420 2078 3491 concrepanti-

385 3503 506 3569 bus,
545 3501 907 3555 devotissime
940 3501 1370 3558 benedixernnt.

456 3592 540 3643 14.
605 3590 846 3654 Quidam
890 3590 948 3643 in
993 3589 1308 3661 Thuringia
1348 3608 1584 3647 manum
1616 3595 1830 3648 habens
1859 3597 2078 3650 aridam

379 3677 654 3746 omnique
699 3677 888 3746 operis
937 3678 1125 3732 officio
1179 3680 1481 3749 privatam,
1531 3699 1662 3736 cum
1709 3700 1766 3736 se
1810 3686 1878 3738 ad
1929 3685 2080 3739 beati

381 3767 708 3820 Bernwardi
741 3767 1079 3821 memoriam
1129 3783 1260 3821 cum
1302 3769 1684 3825 oblationibus
1714 3773 1795 3825 ire
1818 3775 2076 3838 vovisset,

379 3855 426 3908 si
481 3855 702 3908 meritis
748 3855 903 3908 illitis
957 3855 1262 3910 sanitatem
1321 3859 1591 3929 consequi
1647 3861 2076 3929 promeruisset,

378 3942 675 4012 inopinata
728 3943 1017 3998 celeritate
1070 3945 1224 4014 quod
1272 3949 1827 4018 optaveratadeptns
1851 3952 2076 4004 est.ll|e

377 4037 570 4084 autem
609 4036 827 4085 tantam
874 4033 1118 4101 gratiam
1147 4033 1584 4103 parvipendens,
1615 4041 1672 4088 et
1699 4041 1893 4090 votum
1921 4041 2076 4108 quod

376 4119 588 4174 fecerat
614 4119 852 4188 implere
881 4119 1267 4185 dissimulans,
1303 4122 1558 4190 ejusdem
1593 4139 1793 4174 manus
1824 4124 2075 4194 itemque

378 4207 598 4260 brachii
650 4207 822 4260 simul
877 4207 1166 4260 debilitate
1214 4209 1487 4262 multatus
1533 4215 1634 4263 est.
1693 4211 1823 4276 Qui,
1893 4212 2073 4267 nimio

378 4294 574 4348 dolore
604 4299 864 4364 cogente,
898 4295 1030 4348 licet
1059 4311 1184 4349 sero
1212 4295 1268 4348 in
1297 4313 1356 4349 se
1402 4313 1680 4366 reversus,
1735 4304 1791 4353 et
1819 4317 1921 4353 cur
1967 4302 2074 4356 hoc

377 4385 670 4449 pateretur
700 4383 842 4434 haut
900 4382 1154 4452 ignarus,
1188 4400 1314 4436 cum
1365 4385 1752 4440 oblationibus
1785 4389 2076 4458 promissis

378 4469 446 4521 ad
477 4469 628 4522 beati
668 4469 1006 4523 confessoris
1033 4471 1309 4525 auxilium
1359 4472 1734 4530 invocandum
1769 4478 1850 4530 ire
1883 4479 2071 4548 coepit,

378 4557 751 4628 nondumque
810 4566 1038 4628 peracto
1084 4561 1308 4639 itinere,
1379 4564 1686 4633 perfectam
1740 4567 2069 4634 sospitatem

378 4645 606 4715 recepit.
645 4648 711 4699 Ut
742 4663 878 4718 ergo
909 4649 978 4701 ad
1031 4649 1217 4702 locum
1258 4653 1536 4719 pervenit,
1580 4652 1677 4706 ubi
1719 4655 1899 4708 sancti
1925 4672 2072 4724 prae-

2178 501 2387 555 tiarnm
2444 499 2698 553 actiones
2750 499 3046 569 persolvit,
3108 499 3416 570 nobisque,
3471 500 3725 571 qualiter
3785 503 3906 554 hoc

2177 593 2402 658 gestum
2434 584 2526 649 sit,
2563 603 2690 639 cum
2713 586 2974 657 pluribus
3017 602 3118 640 sne
3149 586 3407 640 sanitatis
3439 589 3680 641 testibus
3720 603 3906 641 enar-

2179 676 2342 729 ravit.
2405 721 2414 726 -

2254 768 2337 818 t5.
2369 764 2528 817 Alter
2569 763 2802 832 quidam
2841 763 3215 834 Volquardus,
3244 764 3406 818 omni
3438 764 3659 818 civitati
3684 770 3910 818 nostra:

2179 851 2535 916 notissimus,
2579 852 2748 903 διιιιεεὶ
2823 852 3084 918 passione
3127 859 3382 915 vexatus,
3444 853 3700 922 quodam
3757 858 3910 904 tem-

2180 956 2316 1010 pore
2381 956 2512 993 cum
2585 940 2896 993 aecclesimi
2954 939 3106 993 beati
3165 940 3454 994 Michaelis
3527 941 3909 994 introductus

2180 1029 2398 1095 fuisset,
2444 1028 2888 1098 corporalesque
2929 1029 3234 1082 medicinas
3267 1029 3376 1082 sibi
3417 1030 3689 1083 adhiberi
3720 1029 3908 1099 petis-

2181 1122 2283 1179 set,
2335 1117 2567 1187 quidam
2617 1117 2902 1186 presbiter
2938 1134 2971 1169 ει
3031 1119 3144 1170 Deo
3175 1117 3368 1188 potius
3423 1118 3535 1170 sibi
3590 1119 3906 1170 sanitatem

2183 1222 2302 1259 esse
2350 1205 2657 1276 petendam
2710 1205 2872 1258 illum
2919 1205 3238 1271 admonuit,
3293 1212 3350 1260 et
3406 1206 3468 1259 in
3513 1207 3769 1275 criptam
3829 1206 3902 1258 ad

2183 1294 2336 1348 beati
2365 1294 2686 1348 Beruwardi
2717 1294 2974 1347 tumbam
3031 1311 3130 1363 spe
3158 1295 3418 1348 sanitatis
3465 1296 3554 1348 ire
3588 1296 3895 1365 persuasit.

2183 1384 2306 1447 Quo
2349 1383 2519 1447 facto,
2556 1383 2644 1436 vix
2685 1384 2828 1436 hora
2869 1383 3108 1437 dimidia
3135 1389 3418 1436 transacta
3449 1384 3700 1453 criptam
3738 1385 3902 1436 laetus

2186 1472 2373 1536 exivit,
2427 1489 2601 1542 seque
2661 1477 2922 1524 sanatum
2998 1472 3173 1525 fuisse
3226 1473 3448 1526 cunctis
3509 1473 3572 1525 in
3645 1473 3906 1525 treclesia

2186 1561 2628 1614 consistentibus
2659 1562 2948 1613 evidenter
3004 1562 3267 1614 ostendit.
3301 1562 3409 1624 Qui
3441 1566 3652 1630 postea
3683 1568 3903 1630 septem

2188 1648 2390 1702 diebus
2429 1649 2670 1719 peractis
2701 1653 3013 1714 revocatus,
3047 1652 3104 1702 et
3149 1650 3218 1703 de
3259 1649 3694 1718 perseverantia
3761 1650 3904 1701 sani-

2187 1737 2319 1790 tatis
2386 1736 2791 1807 interrogatus,
2850 1753 2979 1789 cnm
3040 1755 3097 1790 se
3170 1737 3343 1790 nichil
3408 1737 3633 1790 doloris
3691 1737 3901 1790 habere

2187 1825 2384 1879 fuisset
2416 1826 2725 1895 professus,
2784 1827 3020 1895 populo,
3068 1827 3230 1895 cujus
3260 1832 3396 1878 tunc
3453 1827 3774 1879 multitudo
3804 1827 3899 1878 ad-

2189 1919 2327 1979 erat,
2357 1919 2443 1967 est
2463 1920 2870 1984 prwsentatus;
2932 1915 3213 1984 Deusqne,
3246 1931 3350 1984 pro
3401 1931 3470 1968 eo
3497 1915 3659 1984 quod
3691 1917 3903 1968 factum

2189 2003 2394 2063 fuerat,
2455 2002 2523 2056 ab
2586 2001 2854 2055 omnibus
2935 2003 3159 2072 magnis
3209 2001 3480 2056 laudibus
3538 2007 3630 2056 est
3686 2004 3902 2072 glorifi-

2189 2095 2366 2144 catus.

2266 2184 2348 2233 16.
2403 2179 2668 2234 Rusticus
2699 2178 2934 2249 quidam
2998 2179 3055 2232 in
3097 2179 3217 2233 vico
3267 2179 3366 2249 qni
3409 2179 3636 2234 Lintine
3689 2177 3764 2213 ²⁵⁰
3798 2180 3910 2248 (68)

2192 2275 2562 2338 nuncupatur
2613 2269 2899 2336 habitans,
2959 2269 3196 2322 Romam
3229 2269 3297 2322 ad
3348 2273 3612 2322 sanctum
3671 2270 3908 2322 Petrum

2194 2358 2469 2411 orationis
2525 2374 2692 2411 causa
2761 2359 3019 2423 tendens,
3090 2357 3149 2411 in
3210 2359 3414 2411 eodem
3473 2358 3687 2410 itinere
3749 2357 3912 2425 gravi

2194 2446 2365 2515 coepit
2417 2446 2752 2500 inﬁrmitate
2821 2446 3084 2499 detineri.
3132 2447 3238 2510 Qui
3297 2463 3428 2500 cum
3486 2445 3914 2499 omnimodisa

2194 2535 2453 2588 carnium
2507 2551 2608 2588 esu
2655 2551 2713 2587 se
2753 2535 3036 2588 abstinere
3083 2535 3344 2601 vovisset,
3397 2535 3782 2606 quoadusque
3843 2535 3912 2586 ad

2195 2623 2346 2677 beati
2381 2624 2702 2678 Bernwardi
2762 2624 3018 2677 tumbam
3053 2624 3262 2692 gratias
3311 2630 3543 2677 acturus
3575 2624 3782 2676 venire.
3813 2639 3917 2692 po-

2195 2712 2417 2773 tuisset,
2485 2712 2532 2764 si
2584 2727 2686 2782 per
2733 2727 2862 2764 eum
2911 2712 3244 2782 contigisset
3297 2728 3356 2764 se
3405 2728 3438 2764 a
3489 2710 3692 2764 mortis
3756 2710 3915 2780 peri-

2197 2801 2325 2854 culo
2379 2799 2628 2862 liberari,
2679 2800 2950 2853 continuo
3017 2800 3269 2870 pristinae
3301 2799 3598 2852 restitutus
3629 2804 3718 2852 est
3747 2799 3917 2852 sani-

2198 2889 2319 2942 tati.

2270 2981 2353 3030 17.
2380 2977 2572 3030 Puella
2604 2977 2851 3046 quedam
2902 2977 3137 3046 parvula
3193 2975 3493 3030 Machthild
3537 2976 3806 3040 nomine,
3843 2977 3916 3029 de

2199 3066 2445 3119 Bawaria
2475 3070 2632 3126 nata,
2687 3070 2771 3118 set
2820 3067 2967 3134 apud
3021 3082 3120 3118 nos
3151 3083 3181 3119 a
3231 3065 3431 3135 primis
3462 3066 3583 3119 fore
3630 3066 3810 3118 annis
3852 3066 3910 3118 in

2193 3155 2315 3208 vico
2369 3155 2622 3208 Tosseim
2699 3157 2809 3220 (69)
2877 3160 3229 3219 conversata,
3291 3154 3545 3223 religiosi
3593 3155 3907 3223 cujusdam

2190 3244 2296 3297 viri
2331 3241 2399 3278 ²⁵¹
2451 3248 2763 3296 sustentata
2819 3243 3168 3308 elemosinis,
3219 3259 3455 3296 manum
3505 3243 3727 3296 habens
3763 3261 3906 3298 con-

2191 3337 2451 3398 tractam,
2510 3332 2664 3386 venit
2721 3332 2788 3385 ad
2847 3331 2998 3386 beati
3053 3332 3905 3404 Bernwarditumbam;quam

2192 3437 2321 3474 mox
2356 3427 2416 3474 ut
2440 3421 2648 3491 attigit,
2679 3427 2889 3491 optatas
2918 3421 3116 3474 salutis
3146 3421 3462 3474 remedium
3492 3421 3730 3476 invenit.

2267 3513 2346 3564 18.
2378 3510 2502 3564 Fuit
2529 3526 2757 3580 quoque
2795 3510 3008 3563 Bremis
3056 3509 3264 3563 mulier
3295 3511 3546 3579 quedam
3585 3527 3703 3564 non
3735 3511 3904 3580 igno-

2191 3602 2260 3650 ta:
2294 3599 2446 3651 inter
2492 3614 2626 3651 suos
2671 3598 2988 3667 Opinionis;
3039 3599 3200 3666 cujus
3250 3598 3419 3650 facies
3474 3599 3679 3652 morbo
3711 3599 3902 3668 ingra-

2189 3692 2449 3740 vescente
2499 3688 2640 3740 adeo
2693 3687 3068 3752 intumuerat,
3122 3694 3181 3741 ut
3211 3687 3435 3739 narium
3484 3693 3540 3740 et
3591 3690 3896 3741 oculorum

2188 3775 2588 3829 discretionem
2629 3791 2776 3846 pene
2825 3775 3086 3828 funditus
3119 3775 3439 3829 ademisset.
3474 3776 3737 3847 Cumque
3773 3778 3897 3830 noti

2189 3863 2311 3932 ejus
2359 3864 2511 3918 beati
2566 3864 2851 3934 pontiﬁcis
2911 3864 3227 3918 Bernwardi
3273 3865 3730 3933 compassionem
3795 3866 3898 3918 im-

2189 3953 2511 4021 plorassent
2541 3968 2715 4022 super
2733 3952 2972 4006 nimiam
3007 3952 3162 4005 illius
3186 3951 3584 4018 afﬂictionem,
3619 3960 3895 4007 voventes

2187 4057 2313 4093 eam
2373 4041 2738 4110 sepulchrum
2803 4041 2959 4093 illius
3033 4041 3412 4102 visitaturam,
3471 4041 3638 4094 dolor
3698 4044 3891 4095 statim

2185 4130 2443 4193 cessavit,
2531 4134 2587 4181 et
2652 4127 2944 4198 inopinata
3016 4129 3300 4182 celeritate
3356 4129 3574 4182 sanitas
3643 4130 3893 4201 pristina

2183 4216 2374 4270 rediit.

2261 4308 2345 4360 t9.
2385 4305 2510 4358 Fuit
2548 4303 2687 4358 item
2719 4303 2777 4358 in
2809 4305 3109 4376 Nitelogon
3144 4308 3280 4374 (70),
3322 4305 3422 4376 qui
3454 4312 3539 4360 est
3557 4306 3716 4360 vicus
3747 4309 3889 4362 duo-

2185 4390 2291 4444 bus
2342 4393 2660 4446 miliaribns
2703 4392 2809 4462 (7t)
2851 4409 2883 4446 a
2939 4393 3163 4447 civitate
3188 4395 3616 4449 llildenesheim
3641 4396 3888 4455 distans,

2184 4481 2377 4550 puella
2423 4481 2669 4550 quedam
2722 4483 2799 4534 ita
2855 4481 3092 4536 diversis
3125 4499 3226 4553 per
3259 4483 3727 4553 quinquennium
3761 4502 3890 4554 pas-

2183 4567 2440 4623 sionibns
2483 4574 2540 4622 et
2589 4570 2863 4623 molestiis
2907 4571 3164 4641 corporis
3203 4572 3420 4637 affecta,
3475 4578 3539 4625 ut
3574 4573 3887 4627 novissime

2181 4657 2368 4711 nervis
2413 4663 2468 4712 et
2519 4659 2793 4712 membris
2848 4675 2994 4729 pene
3041 4660 3306 4714 omnibus
3345 4666 3659 4726 contracta,
3693 4668 3751 4715 et
3778 4663 3888 4716 sibi

1787 4815 2017 4869 VARIAS
2069 4817 2466 4872 LECTIONES.

444 4932 518 5024 ³1⁸⁸9
549 4937 679 5024 3,4,
720 4937 1048 5024 incidunt:
1113 4940 1306 5024 Neque
1364 4943 1471 4996 hoc
1498 4941 2160 5024 reticendum”videtur,
2213 4946 2348 5024 quia
2401 4948 2595 5024 plures
2654 4951 2766 5005 Deo
2832 4951 3040 5019 devoti,
3098 4958 3215 5008 tam
3269 4954 3372 5007 viri
3415 4970 3591 5024 quam
3644 4959 3884 5023 femine,

373 5013 652 5060 nocturne
683 5007 890 5087 quietis
922 5017 1182 5087 tempore
1213 5007 1292 5087 ad
1334 5014 1718 5087 sepulchrum
1751 5015 1900 5068 beati
1935 5017 2176 5087 presnlis
2208 5007 2526 5086 psalmodie
2559 5026 2756 5073 cantus
2787 5038 2845 5074 se
2897 5007 3120 5078 audisse
3148 5007 3209 5078 et
3252 5007 3884 5083 luminaria—divinitus

371 5093 606 5155 accensa
654 5080 858 5155 vidisse
888 5085 956 5155 _et
987 5082 1116 5155 miri
1184 5083 1376 5136 odoris
1415 5080 1806 5155 fraglanciam
1855 5080 2116 5151 sensisse,
2170 5080 2359 5142 testati
2412 5095 2562 5143 sunt.
2619 5091 2692 5126 ³⁸0
2718 5093 2914 5147 limine
2965 5111 3104 5149 corr.
3165 5095 3364 5149 liuline
3399 5097 3586 5151 eadem
3615 5080 3878 5154 manavit

372 5145 441 5182 ’δι
479 5149 709 5202 Ekberti
740 5152 977 5204 nomine
997 5152 1158 5205 addit
1186 5156 1235 5206 3.

2007 5255 2226 5311 NOTAE.

441 5369 552 5493 $67)
581 5371 653 5452 A1
689 5372 1013 5427 1102-1124.

464 5441 555 5493 68)
590 5440 845 5493 Luhnde.

464 5441 555 5507 68)
590 5440 845 5494 Luhnde.

440 5509 553 5582 (69)
585 5511 644 5564 In
667 5511 788 5564 loco
841 5512 940 5566 ubi
975 5517 1094 5583 jam
1144 5513 1526 5586 Marienburg,
1585 5516 1734 5572 inter
1767 5518 2062 5572 meridiem

448 5498 454 5506 κ

2176 5383 2232 5433 et
2253 5379 2531 5434 orientem
2561 5381 2846 5439 Hildesiae.

2247 5451 2352 5523 (70)
2378 5453 2719 5523 Nettliugen.

2246 5519 2355 5589 (7t)
2383 5519 2748 5591 Germanicis,
2782 5525 2852 5580 ab
2873 5527 3110 5581 oriente.
