3920 6190
135 297 226 350 tu
1246 295 1592 350 APPENDIX
1631 295 1720 350 AD
1765 295 1974 351 vrum
2017 295 2072 350 s.
2117 279 2540 350 assumant
3545 299 3647 352 ita

129 421 282 471 esset
324 415 546 469 inutilis
587 419 646 469 et
691 414 808 468 suis
857 415 1183 468 efﬁceretur
1222 415 1429 485 gravis.
1481 415 1615 468 Hinc
1661 414 1838 485 igitur
1866 419 1912 472 A
1950 420 2006 470 et
2038 416 2301 482 aliorum,
2336 415 2436 487 qui
2488 416 2558 470 de
2591 415 2830 470 diversis
2873 415 3010 472 locis
3059 418 3128 470 ad
3161 417 3644 488 sollempnitatem

129 510 160 559 6
219 507 414 562 Nonas
461 504 588 557 Maii
641 503 898 558 vehiculo
963 503 1226 568 adducta,
1279 503 1520 573 criptam
1597 504 1839 557 basilicae
1947 505 2293 559 inventionis
2343 511 2554 558 sanctas
2597 505 2778 558 crucis
2825 523 2892 560 eo
2939 506 3029 560 die
3063 509 3480 573 conﬂuxerant,
3534 525 3648 560 non

133 601 348 648 nostras
379 592 718 646 difﬁcillimo
749 592 942 645 labore
971 593 1196 646 duobus
1225 592 1421 645 innixa
1450 593 1668 646 baculis
1699 593 1838 646 irre-
1948 593 2174 646 modica
2221 594 2417 657 turba;
2479 601 2824 665 acceptoque
2872 595 3200 648 testimonio
3239 611 3272 648 a
3317 597 3650 664 parentibus

133 683 267 754 psit,
304 697 370 734 ac
401 699 458 735 se
489 697 661 750 super
685 681 833 734 beati
864 681 970 734 viri
1001 681 1256 734 tumbam
1288 681 1581 735 inclinavit
1608 701 1622 747 ;
1645 681 1840 752 ibique
1951 687 2008 734 et
2036 681 2250 736 civibus
2299 683 2504 752 puellae
2546 684 2614 736 de
2663 701 2730 735 eo
2765 683 2914 753 quod
2947 683 3247 748 acciderat,
3281 684 3648 753 omnipoten-

137 773 206 825 ab
257 771 424 824 omni
471 787 586 839 quo
631 769 926 822 laborabat
973 769 1340 823 incommodo
1383 775 1526 823 mira
1556 769 1841 824 celeritate
1950 776 2063 824 tem
2097 773 2272 824 Deum
2319 771 2561 840 publicis
2617 771 2876 824 laudibus
2905 773 2963 824 in
3013 779 3206 825 sancto
3257 789 3358 826 suo
3403 773 3646 826 devotis-

139 860 448 914 convaluit.
501 858 598 913 Die
642 859 904 929 sequenti
953 859 1220 912 convenit
1263 859 1616 912 incredibilis
1651 859 1843 912 multi-
1951 859 2093 912 sime
2145 859 2630 928 glorificaverunt.
2670 860 2860 914 Puella
2909 877 3040 914 vero
3089 861 3286 915 eodem
3325 863 3414 915 die
3453 862 3522 915 ad
3549 878 3650 916 sua

141 950 278 1003 tudo
323 949 526 1020 populi
565 953 774 1002 nostra
827 947 1084 1014 civitatis,
1134 947 1572 1019 peregrinorum
1618 965 1840 1020 quoque
1951 948 2254 1002 incolumis
2279 965 2500 1002 reversa
2529 954 2614 1002 est
2643 947 2734 1002 ³⁵³.

1561 1109 1786 1164 νΛῐὶΙΑΞ
1846 1109 2246 1164 LECTIONES.

215 1235 288 1268 "3
319 1234 422 1286 huc
455 1249 622 1302 usque
647 1232 813 1304 eodem
837 1235 889 1304 t,
917 1233 1070 1304 foliis
1091 1234 1303 1302 aliquot
1333 1236 1520 1288 uacuis
1550 1234 1914 1288 exstantibus.
1941 1264 2008 1274 —
2039 1236 2106 1288 C.
2141 1238 2192 1300 3,
2223 1236 2276 1300 4,
2307 1237 2358 1299 5,
2385 1237 2462 1288 ita
2491 1239 2928 1304 prosequuntur:

215 1307 302 1357 20.
331 1305 426 1356 Vir
455 1305 688 1374 quidam
719 1303 790 1356 de
845 1303 1072 1357 civitate
1131 1305 1344 1366 Lubek,
1395 1305 1763 1358 Adelwardus
1817 1304 2066 1358 nomine.
2115 1307 2192 1358 ita
2249 1303 2508 1375 paralisis
2565 1307 2764 1358 morbo
2817 1307 2992 1374 longo
3033 1309 3290 1374 tempore
3339 1304 3650 1358 dissolutus

143 1375 390 1446 jacebat,
417 1381 479 1427 ut
509 1391 612 1446 nec
639 1375 696 1426 in
732 1375 874 1426 lecto
923 1375 1296 1446 semetipsum
1350 1376 1587 1446 erigere,
1623 1393 1728 1429 nec
1758 1375 1828 1428 ad
1864 1393 1926 1428 os
1977 1392 2213 1429 manum
2262 1377 2553 1446 propriam
2591 1379 2867 1444 potuisset
2913 1376 3212 1429 adducere.
3277 1376 3454 1442 Hujus
3487 1376 3650 1428 uxori

145 1447 344 1500 beatus
379 1445 628 1512 pontifex
661 1445 1030 1498 Bernwardus
1061 1446 1121 1498 in
1167 1447 1382 1499 visione
1414 1445 1700 1516 apparuit,
1747 1463 1990 1516 eamque
2021 1451 2085 1500 ut
2113 1463 2214 1513 pro
2241 1445 2422 1499 salute
2453 1447 2558 1498 viri
2598 1447 2892 1500 Candelam
2929 1447 3090 1514 juxta
3135 1447 3557 1510 longitudinem
3587 1463 3652 1499 ac

145 1517 512 1570 latitudinem
559 1516 848 1585 sepulchri
883 1515 969 1568 sui
1001 1517 1203 1569 factam
1251 1519 1362 1570 Deo
1411 1515 1614 1570 vovere
1661 1515 1911 1580 debere,’
1938 1518 2185 1570 edocuit.
2219 1523 2289 1571 At
2319 1517 2414 1569 illa
2447 1517 2515 1570 de
2545 1533 2787 1585 soinpno
2841 1517 3118 1585 evigilans
3166 1525 3222 1568 et
3251 1516 3526 1570 visionem
3559 1533 3648 1570 re-

141 1593 414 1652 tractans,
475 1587 604 1639 ilico
637 1587 900 1652 surrexit,
952 1592 1008 1640 et
1053 1593 1360 1656 assumptis
1405 1589 1627 1640 duabus
1665 1588 1910 1652 feminis,
1973 1588 2032 1641 in
2089 1589 2368 1641 vestibulo
2399 1588 2606 1641 domus
2639 1605 2737 1641 sue
2787 1588 2907 1640 solo
2950 1587 3352 1656 prosternitur,
3404 1593 3650 1654 postque

145 1657 474 1712 oracionem
507 1663 564 1710 et
609 1663 802 1710 votum
827 1657 1180 1729 promissum
1215 1659 1284 1712 ad
1332 1659 1602 1712 maritum
1653 1675 1876 1712 reversa
1908 1665 2027 1724 est;
2074 1660 2402 1729 invenitque
2435 1675 2566 1711 eum
2609 1675 2710 1728 pro
2742 1667 3074 1728 recuperata
3097 1657 3218 1726 jam
3263 1658 3502 1710 sanitate
3540 1659 3649 1710 Deo

147 1730 372 1798 gracias
404 1731 688 1797 agentem.
731 1728 838 1792 Qui
872 1729 940 1782 ab
971 1729 1069 1782 illa
1117 1730 1256 1782 hora
1305 1735 1418 1782 tam
1453 1732 1622 1798 plene
1676 1729 1981 1794 convaluit,
2037 1735 2102 1783 ut
2137 1745 2248 1782 non
2290 1728 2456 1794 Iunge
2501 1737 2630 1799 post.
2683 1729 2748 1782 ad
2793 1737 2986 1782 votum
3034 1729 3474 1798 persolvenduin
3523 1745 3650 1782 cum

147 1816 326 1854 uxore
357 1800 538 1854 sancti
571 1799 676 1852 viri
707 1799 1074 1869 sepulchrum
1101 1800 1372 1862 visitaret,
1407 1817 1469 1853 ac
1501 1802 1707 1870 patrati
1741 1817 1798 1852 se
1833 1801 2090 1853 miraculi
2123 1802 2332 1854 relator
2357 1800 2709 1854 certissimus
2739 1800 3030 1853 existeret.

212 1875 302 1924 2t.
339 1871 466 1923 Alio
509 1886 738 1940 quoque
789 1877 1048 1939 tempore
1089 1871 1208 1938 jam
1249 1871 1382 1922 dit'ii
1441 1869 1866 1940 patri-familias
1917 1872 2066 1924 ﬁlius
2101 1873 2286 1925 adhuc
2344 1872 2684 1932 infantulus.
2730 1871 3028 1936 cujusdam
3079 1869 3244 1924 molis
3283 1871 3530 1939 desuper
3561 1885 3654 1940 ve-

145 1941 366 1995 nientis
395 1939 565 1994 ruina
595 1957 902 2009 oppressus
949 1947 1120 2011 atque
1173 1939 1474 2006 contritus,
1527 1959 1656 1995 cum
1700 1945 1818 2009 jam
1871 1959 2016 2012 pene
2067 1943 2358 1996 videretur
2388 1943 2688 2008 exanimis,
2727 1941 3076 2012 ejulabuuda
3127 1949 3308 1994 mater
3358 1941 3422 1993 sd
3468 1939 3650 2012 sancti

149 2013 479 2066 Bernwardi
526 2012 904 2082 patrocinium
943 2012 1232 2082 confugit;
1266 2029 1369 2065 nec
1408 2030 1505 2082 spe
1537 2031 1636 2065 sua
1671 2011 1938 2066 frustrata
1967 2019 2070 2065 est.
2103 2015 2241 2068 Nam
2288 2013 2560 2066 continuo
2607 2019 2736 2082 post
2764 2011 2978 2081 preces
3008 2019 3064 2065 et
3117 2013 3379 2064 lacrimas
3433 2011 3556 2080 ejus
3580 2011 3650 2064 ad

149 2086 332 2138 Deum
365 2083 538 2151 fusas,
567 2083 670 2136 sub
695 2083 1066 2138 invocacione
1114 2084 1292 2137 sancti
1339 2085 1582 2153 presulis
1611 2101 1756 2154 puer
1802 2090 2094 2154 tamquam
2145 2085 2214 2138 ab
2261 2084 2404 2154 ipsis
2451 2087 2651 2137 mortis
2704 2084 2962 2137 faucibus
3015 2093 3266 2154 ereptus,
3322 2083 3436 2136 vite
3463 2082 3652 2135 reddi-

147 2161 238 2208 tus
261 2160 366 2206 est.

213 2228 306 2278 2‘2.
343 2225 499 2278 Miles
541 2225 775 2294 quidam
825 2223 1186 2279 Herebordus
1215 2225 1284 2278 de
1315 2225 1448 2278 villa
1495 2225 1787 2278 [Iorbusen
1821 2225 1898 2295 (al
1952 2225 2174 2278 diutina
2205 2225 2534 2280 inﬁrmitate
2579 2229 2976 2293 consumptus,
3009 2225 3077 2278 ad
3139 2227 3389 2278 extrema
3446 2239 3654 2291 perve-

143 2302 328 2349 nerat.
373 2296 642 2364 Cognatis
699 2301 886 2348 autem
920 2301 976 2348 et
1006 2297 1203 2349 amicis
1257 2296 1410 2348 illius
1467 2313 1568 2364 pro
1603 2296 1910 2348 amissione
1942 2297 2220 2350 carissimi
2271 2297 2358 2349 sui
2407 2296 2651 2350 nimium
2700 2297 3047 2360 dolentibus,
3097 2295 3358 2348 sacerdos
3395 2295 3653 2360 ejusdem

145 2367 258 2419 loci
289 2367 600 2434 suggessit,
645 2372 704 2419 ut
736 2383 838 2436 pro
871 2382 937 2438 eo
993 2366 1372 2436 patrocinium
1423 2367 1572 2422 beati
1622 2367 1940 2420 Bernwardi
1969 2367 2393 2438 implorarent,
2429 2375 2619 2419 votum
2675 2367 2966 2426 facientes,
3004 2373 3066 2418 ut
3101 2367 3146 2418 si
3182 2367 3294 2418 vite
3345 2365 3566 2438 restitui
3598 2369 3654 2418 et

145 2439 394 2491 salutem
427 2438 698 2505 consequi
741 2435 1044 2507 potuisset,
1082 2438 1151 2490 ad
1199 2439 1566 2502 sepulchrum
1609 2439 1787 2490 sancti
1833 2437 2010 2492 laneis
2059 2435 2295 2491 indutus
2335 2445 2390 2492 et
2434 2439 2810 2500 discalciatus,
2867 2439 2936 2492 de
2985 2438 3157 2490 domo
3191 2453 3293 2488 sua
3347 2435 3648 2503 incipiens,

143 2508 346 2561 venire
379 2509 684 2561 debuisset.
716 2509 994 2561 Omnibus
1014 2523 1148 2574 ergo
1181 2508 1237 2560 id
1280 2509 1523 2561 ﬁdeliter
1555 2509 1904 2575 voventibus,
1956 2525 2090 2572 eger
2143 2510 2346 2562 melius
2404 2509 2612 2561 habere
2659 2511 2841 2578 cepit;
2875 2515 2932 2560 et
2979 2507 3406 2577 proﬁcientibus
3453 2508 3651 2559 melio-

145 2578 400 2631 racionis
420 2593 519 2630 sue
568 2579 912 2648 augmentis,
946 2579 1002 2631 in
1040 2579 1194 2632 brevi
1221 2579 1292 2632 ad
1331 2581 1562 2646 plenum
1597 2580 1900 2632 convaluit.
1938 2580 2042 2642 Qui
2072 2583 2438 2648 postmodum
2475 2577 2922 2632 alterius’cause
2969 2579 3259 2630 occasione
3292 2577 3653 2648 Bruueswicb

145 2650 378 2702 civitate
409 2647 738 2714 consistens,
771 2666 836 2704 ex
875 2651 1072 2703 eodem
1106 2651 1226 2702 loco
1265 2651 1332 2702 ad
1380 2651 1820 2718 persolvenduin
1873 2647 2082 2703 votum,
2115 2651 2224 2703 iter
2263 2650 2528 2718 arripuit,
2577 2667 2643 2702 eo
2690 2652 2840 2720 quod
2877 2651 3151 2702 brevioris
3191 2650 3278 2702 vie
3311 2647 3652 2720 compendio

149 2721 390 2786 nsus,in
421 2721 767 2773 ambulando
813 2721 1006 2773 minus
1051 2727 1193 2773 esset
1244 2721 1620 2774 laboraturus.
1661 2720 2002 2774 Perveniens
2039 2721 2233 2790 itaque
2282 2721 2350 2774 ad
2401 2719 3350 2786 civitatemHildensemmensem,
3403 2719 3654 2788 graviter

149 2791 436 2844 inﬁrmari
469 2791 639 2860 cepit.
681 2791 787 2845 Sed
814 2797 1006 2844 tamen
1038 2797 1264 2860 ceptum
1301 2792 1616 2858 adimplere
1644 2791 1994 2852 desiderans,
2049 2793 2342 2845 ecclesiam
2393 2793 2572 2844 sancti
2613 2792 2918 2854 Michaelis,
2951 2793 3011 2844 in
3057 2807 3170 2860 qua
3201 2799 3428 2843 sanctus
3461 2791 3650 2858 presul

149 2862 480 2931 requiescit,
513 2863 775 2930 expeciit,
829 2879 842 2926 ;
877 2863 972 2915 sed
1005 2869 1138 2916 ante
1168 2863 1379 2914 atrium
1412 2863 1645 2914 ecclesie
1677 2868 1970 2929 tamquam
1999 2863 2070 2915 ab
2102 2865 2295 2932 aliquo
2330 2863 2612 2930 impulsus
2640 2865 2873 2916 corruit.
2925 2863 3020 2916 His
3051 2867 3245 2916 autem
3279 2862 3374 2930 qui
3407 2861 3652 2913 comita-

149 2934 366 2985 bantur
394 2949 524 2985 enm
556 2933 1116 3001 apprehendentibus
1166 2939 1338 3002 atque
1372 2933 1710 2986 ducentibus
1753 2941 1812 2986 ut
1861 2933 1928 2986 ad
1953 2934 2192 3002 januam
2238 2934 2468 2988 basilice
2518 2939 2748 2986 ventum
2798 2939 2897 2992 est.
2944 2934 3180 2987 horrore
3227 2933 3404 2984 nimio
3437 2933 3648 2999 percul-

149 3021 246 3057 sus
277 3010 336 3056 et
369 3020 572 3073 pavore
595 3005 745 3056 inter
775 3021 978 3056 manus
1010 3020 1210 3056 eorum
1242 3005 1525 3074 collapsus
1554 3011 1658 3068 est,
1690 3020 1793 3056 nec
1826 3005 1942 3074 ullo
1985 3007 2152 3056 modo
2185 3021 2482 3074 assurgere
2531 3009 2630 3056 aut
2661 3005 2910 3056 intrandi
2937 3003 3231 3056 ecclesiam
3266 3019 3412 3055 Vires
3443 3003 3650 3056 habere

147 3075 362 3144 potuit,
401 3076 737 3144 usquedum
779 3075 1004 3142 publica
1046 3073 1405 3128 confessione
1432 3075 1698 3128 omnibus
1739 3073 1838 3144 qui
1867 3075 2124 3141 aderant,
2159 3093 2261 3144 pro
2290 3073 2402 3145 quo
2441 3081 2596 3128 reatu
2645 3075 2750 3128 bac
2789 3091 2934 3144 peua
2985 3076 3345 3139 multaretur,
3381 3074 3646 3143 aperiret.

151 3145 418 3216 Beceptis
456 3161 590 3212 ergo
624 3145 858 3209 viribus,
890 3146 960 3198 ad
999 3163 1098 3198 sua
1140 3152 1446 3208 revertens,
1489 3153 1546 3199 et
1573 3145 1709 3200 inde
1757 3146 2089 3216 procedens,
2125 3147 2240 3199 voti
2295 3147 2383 3199 sui
2433 3145 2690 3200 ordinem
2741 3150 2900 3200 tanto
2939 3145 3058 3215 jam
3115 3145 3402 3212 devocior,
3437 3149 3650 3210 quanto

149 3215 350 3270 divino
385 3215 599 3286 [divine
633 3217 685 3287 3]
717 3219 948 3269 verbere
979 3216 1281 3278 erudicior,
1315 3217 1580 3286 explevit.

221 3289 312 3342 23.
353 3285 609 3340 Matrona
651 3285 896 3356 quedam
949 3287 1285 3350 Bremensis,
1337 3285 1401 3339 in,
1443 3286 1777 3340 inﬁrmitate
1819 3286 2027 3356 posita,
2061 3286 2206 3341 vidit
2255 3286 2518 3340 assistere
2563 3287 2670 3340 sibi
2713 3287 2998 3357 quendam
3041 3286 3334 3340 reverendi
3372 3285 3559 3338 vultus
3589 3285 3650 3338 in

155 3358 360 3410 habitu
393 3359 750 3422 sacerdotali,
788 3359 1234 3425 interrogantem
1283 3375 1430 3424 eam,
1481 3367 1812 3412 utrumnam
1833 3364 2169 3420 agnosceret
2211 3375 2380 3428 quem
2414 3359 2746 3427 aspiciebat.
2793 3359 2911 3422 Que
2965 3359 3336 3426 respondens,
3392 3363 3454 3409 ut
3499 3362 3652 3428 pote-

149 3435 238 3481 rat
267 3458 344 3468 ——
365 3430 452 3480 vix
484 3429 634 3481 enim
661 3429 719 3480 in
742 3430 862 3482 solo
895 3435 1120 3498 pectore
1151 3429 1334 3482 vitalis
1363 3429 1596 3496 spiritus
1650 3431 1956 3482 anhelabat
1983 3459 2052 3468 —
2084 3427 2242 3492 dixit,
2285 3445 2414 3482 eum
2465 3429 2570 3480 sibi
2602 3445 2833 3498 prorsus
2881 3429 3234 3488 incognitum
3282 3445 3423 3480 esse.
3459 3431 3528 3480 At
3554 3427 3650 3498 ille

153 3499 574 3566 benignissimo
625 3500 821 3561 aifatu,
877 3496 1028 3570 quod
1075 3501 1193 3568 ipse
1225 3506 1372 3552 esset
1421 3501 1789 3553 BernWardus
1843 3499 2385 3553 Hildensenimensis
2435 3496 2754 3568 episcopus,
2809 3499 3217 3562 indicavit;et,
3275 3499 3408 3566 quia
3454 3496 3650 3570 salutis

149 3586 322 3622 eausa
353 3570 691 3634 advenisset,
724 3572 982 3624 asseruit.
1023 3570 1358 3623 Ammonuit
1387 3571 1588 3632 eciam,
1622 3577 1686 3623 ut
1717 3571 1786 3622 ad
1816 3571 2182 3636 sepulchrum
2237 3571 2415 3638 ipsius
2443 3577 2800 3623 nummatum
2833 3570 2946 3622 vini
2972 3571 3049 3638 (ὁ)
3090 3571 3158 3621 ad
3201 3569 3648 3622 celebracionem

151 3641 480 3706 missarum,
529 3649 864 3710 recuperata
893 3641 1152 3706 sanitate,
1199 3641 1447 3708 offerret,
1481 3647 1652 3710 atque
1695 3641 1804 3694 hoc
1848 3641 1999 3693 dicto
2052 3640 2348 3708 disparuit.
2395 3641 2594 3692 Mulier
2621 3657 2775 3704 vero,
2824 3657 2934 3709 que
2967 3641 3138 3692 morti
3179 3641 3358 3692 vicina
3403 3640 3650 3707 putaba-

147 3715 242 3763 tur
271 3741 340 3751 -
373 3728 506 3764 nam
539 3712 660 3764 solo
687 3716 972 3780 prostrata
999 3729 1154 3764 more
1189 3713 1446 3766 ﬁdelium
1479 3729 1542 3765 ex
1573 3713 1675 3764 hac
1705 3713 1814 3763 vita
1847 3710 2223 3779 migrancium
2251 3712 2509 3780 jacuerat
2543 3739 2606 3750 —
2656 3711 2884 3780 erigens
2924 3727 2980 3764 se
3001 3710 3312 3778 paulisper,
3365 3710 3647 3772 omnibus,

149 3783 248 3850 qui
279 3783 350 3834 ad
385 3783 566 3835 exitus
604 3784 726 3850 ejus
777 3783 1237 3851 expectacionem
1285 3789 1686 3845 convenerant,
1740 3782 2014 3834 visionem
2058 3783 2380 3840 enarravit:
2425 3787 2596 3850 atque
2642 3782 2712 3834 ab
2745 3781 2944 3834 eadem
2994 3783 3132 3833 hora
3165 3781 3318 3851 salva
3363 3781 3514 3851 facta
3545 3785 3644 3832 est.

149 3853 520 3906 Postmodum
549 3849 784 3906 visitans
814 3849 1178 3923 sepulchrum
1230 3855 1429 3916 sancti,
1463 3854 1820 3906 oblacionem
1879 3852 2254 3922 prescriplam
2305 3849 2550 3905 ﬁdeliter
2597 3852 2824 3916 obtulit,
2867 3851 3106 3923 aliisque
3161 3849 3518 3923 ﬁdelibusad
3563 3866 3649 3902 se-

150 3924 436 3992 quendam
471 3921 1268 3994 hujusceinodiidevocionem
1303 3927 1564 3994 exemplo
1594 3923 1723 3977 fuit.
1767 3921 1903 3977 Nam
1940 3923 2102 3994 multi
2134 3931 2328 3994 postea
2359 3929 2472 3975 tam
2509 3923 2665 3990 pium
2703 3925 2912 3994 factum
2971 3922 3284 3983 imitantes,
3334 3921 3649 3990 suifragan-

149 3994 301 4048 tibus
331 3993 561 4048 meritis’
589 3996 740 4050 beati
772 3996 1114 4060 Bernwardi,
1148 4013 1181 4049 a
1214 3996 1386 4048 variis
1415 3993 1787 4064 languoribus
1813 3999 1868 4047 et
1888 3993 2310 4048 calamitatibus
2342 4002 2475 4047 sunt
2505 3993 2751 4047 liberati.

1031 4095 1132 4146 Hic
1153 4094 1276 4153 ﬁnis
1295 4093 1536 4145 codicum
1563 4091 1619 4158 4,
1729 4091 1945 4158 Adjicit
1969 4092 2245 4158 scriptura
2265 4091 2427 4158 paulo
2457 4091 2656 4144 minori
2675 4094 2704 4145 3
2730 4107 2742 4144 :

217 4171 306 4225 24.
340 4170 496 4224 Miles
525 4171 758 4240 quidam
791 4171 860 4225 de
892 4172 1094 4224 ducatu
1137 4172 1568 4225 Mekelenborch
1611 4171 1766 4226 febre
1813 4171 2018 4224 acriter
2061 4177 2379 4238 correptus,
2432 4169 2502 4223 ad
2543 4169 3001 4225 exhortacionem
3049 4169 3375 4239 aliquorum
3424 4183 3650 4221 ammo-

151 4239 326 4302 nitus,
362 4247 420 4293 ut
452 4239 646 4295 sancto
685 4244 1038 4304 Bernwardo,
1070 4243 1654 4297 Hii-tenesemensium
1703 4251 1970 4311 patrono,
2001 4247 2191 4293 votum
2233 4241 2465 4304 faceret,
2509 4246 2564 4294 et
2594 4243 2715 4294 sine
2763 4241 2938 4294 dubio
2987 4242 3308 4294 relevamen
3343 4243 3398 4292 et
3439 4241 3650 4292 sanita-

151 4315 262 4364 tem
296 4313 552 4381 recipere
581 4329 696 4366 non
733 4314 1042 4378 dubitaret,
1073 4314 1316 4366 faciliter
1352 4314 1675 4383 acquievit;
1723 4319 1778 4366 et
1809 4318 1939 4364 voto
1973 4311 2136 4372 facto,
2164 4329 2290 4364 mox
2345 4317 2404 4364 ut
2443 4311 2612 4364 verba
2645 4313 2713 4366 de.
2761 4316 2884 4382 ejus
2931 4328 3026 4364 ore
3077 4313 3360 4372 exierunt,
3419 4319 3652 4364 sanatus

153 4389 274 4445 est;
309 4384 367 4436 in
401 4384 566 4454 cujus
593 4385 822 4437 evidens
867 4383 1258 4437 testimonium
1309 4385 1466 4437 misit
1507 4385 1656 4436 idem
1709 4383 1870 4435 miles
1919 4383 2200 4436 ﬂorenum
2244 4399 2480 4436 aureum
2527 4399 2630 4451 per
2657 4385 2800 4437 duos
2845 4384 3164 4437 sacerdotes
3204 4383 3274 4436 ad
3323 4383 3652 4454 sepulcrum

153 4455 326 4505 sancti
347 4453 592 4516 presulis
619 4471 630 4517 ;
663 4471 774 4523 que
805 4455 1056 4522 predicta
1087 4455 1165 4508 sic
1196 4455 1521 4522 contigisse,
1546 4455 1787 4507 ﬁdeliter
1816 4455 1998 4506 testati
2043 4457 2193 4507 sunt.

219 4527 306 4576 25.
351 4525 615 4579 Rusticus
670 4526 846 4578 eciam
899 4526 1131 4594 quidam
1178 4526 1247 4579 de
1298 4525 1506 4579 diocesi
1555 4526 2040 4580 Hildenesemensi
2088 4539 2218 4577 cum
2269 4523 2365 4576 diu
2415 4524 2811 4590 febriscitaret,
2857 4539 3064 4594 aquam
3129 4525 3198 4577 de
3235 4524 3434 4577 tumba
3475 4525 3650 4576 sancti

153 4596 392 4666 presulis
423 4595 530 4666 sibi
560 4595 748 4649 atierri
774 4597 961 4664 peciit,
994 4613 1166 4664 quam
1195 4613 1324 4650 mox
1357 4604 1416 4650 ut
1443 4597 1638 4650 bibere
1667 4597 1836 4666 cepit,
1873 4595 2046 4649 febris
2069 4595 2360 4662 abscessit,
2398 4600 2456 4649 et
2495 4601 2623 4666 post
2650 4596 2816 4649 illum
2848 4597 3002 4648 diem
3051 4611 3170 4649 non
3215 4595 3557 4666 comparuit,
3597 4599 3652 4647 et

152 4669 214 4718 ut
241 4665 364 4735 ipse
393 4665 564 4729 dixit,
593 4669 652 4719 in
675 4667 914 4720 sanitate
943 4669 1342 4738 perseveravit.

221 4765 292 4825 (α)
327 4762 432 4825 Ita,
461 4763 515 4818 4.
545 4763 576 4810 5
596 4781 611 4824 ;
633 4765 662 4816 3
687 4761 746 4815 in
769 4763 890 4817 loco
924 4779 1052 4816 raso
1072 4765 1320 4816 hornsen.
1354 4793 1422 4800 ——
1446 4763 1572 4816 Non
1593 4767 1677 4816 est.
1699 4765 1848 4818 Ilor-
2033 4761 2108 4832 (ὁ)
2138 4762 2202 4816 Id
2239 4769 2324 4819 est
2351 4762 2602 4833 pretium
2631 4761 2770 4816 vini.

149 4847 276 4885 sum
305 4848 490 4902 prope
519 4833 723 4887 Alield.
