4016 6202
297 287 400 341 443

1171 431 1388 439 .—————

1389 431 1530 438 *-

1533 429 1887 437 .~._——-—————

1254 286 1552 343 ALPERTI
1591 289 1646 343 S.
1683 286 2152 344 SYMPHORIANI
2199 287 2493 343 METENS.
2527 285 2835 342 MONACII.

2051 429 2392 437 ’.ὴ-α

3697 291 3804 343 444

1635 561 1793 601 CIRCA
1827 563 2014 603 ANNUM
2049 562 2236 602 DOMlNl
2273 561 2467 600 MXXIV’.

1447 729 2630 877 ALPEBTUS

1153 978 1795 1045 SYMPHORIANI
1856 977 2324 1042 METENSIS
2388 974 2925 1041 MONACHUS.

1822 1145 2272 1164 ..ῃ-...-

559 1212 1474 1358 δζΝΟΤιΤΙΑᾟΕ
1557 1267 2146 1357 ALPEBTO'
2221 1270 2370 1354 ET
2454 1269 2752 1355 EJUS
2839 1267 3518 1360 OPERIBUS.

907 1435 1096 1506 (Apud
1121 1437 1302 1500 Pertz,
1333 1437 1673 1490 Monumenta
1703 1435 2002 1491 Germaniae
2035 1433 2314 1514 historica,
2345 1431 2549 1503 Script.
2576 1437 2712 1486 tom.
2753 1433 2838 1500 IV,
2862 1449 2995 1504 pag.
3022 1433 3170 1501 696.)

357 1715 645 1786 Alpertus,
697 1713 993 1786 Sigeberto
1057 1717 1288 1768 auctore
1341 1713 1412 1783 (1)
1463 1711 1642 1766 sancti
1699 1711 1978 1784 Sympho-
2009 1714 2054 1764 A
2091 1707 2458 1779 imperatoris
2514 1700 2644 1762 ante
2695 1708 2893 1762 oculus
2957 1707 3196 1763 haberet
3247 1710 3387 1780 (12),
3432 1709 3552 1774 {res
3609 1709 3803 1778 potius

287 1803 435 1857 riani
481 1802 745 1858 Metensis
792 1802 1126 1870 monachus,
1180 1803 1386 1856 seculo
1431 1819 1487 1856 x1
1535 1802 1789 1866 ineunte,
1841 1801 1985 1855 duos
2092 1797 2404 1868 provinciae
2431 1813 2606 1867 quam
2655 1796 2889 1866 imperii
2936 1798 3285 1852 enarrandas
3317 1797 3423 1852 sibi
3470 1798 3800 1868 proposuit.

286 1892 511 1947 libellos
543 1892 892 1964 composuit,
927 1892 1172 1946 alterum
1206 1892 1274 1946 de
1304 1891 1588 1962 episcopis
1618 1889 1982 1955 Metensibus,

287 1981 662 2036 Constantino
689 1981 882 2034 abbati
922 1983 998 2050 (2)
1029 1980 1391 2050 inscriptum,
1423 1980 1584 2050 cujus
1615 1979 1769 2051 quod
1804 1994 1984 2032 unum

287 2074 470 2123 exstat
497 2069 885 2140 fragmentum
925 2067 998 2139 (3)
1048 2069 1116 2123 de
1163 2067 1470 2122 Deoderico
1501 2067 1788 2138 praecipue
1819 2067 1941 2136 agit
1968 2083 1982 2126 ;

286 2159 552 2222 alterum,
586 2173 758 2228 quem
800 2158 878 2211 De
924 2157 1249 2211 diversitate
1290 2161 1594 2228 tenporum
1642 2156 1882 2221 vocavit,
1917 2155 1986 2208 ad

288 2245 677 2301 Burchardum
734 2245 1208 2300 Wormatiensem
1257 2249 1593 2316 episcopum
1640 2246 1737 2314 (4).
1792 2245 1986 2299 Priore

287 2330 553 2402 quaedam
601 2335 919 2383 memoratu
969 2331 1300 2402 dignissima
1333 2331 1402 2384 ad
1458 2330 1757 2383 historiam
1805 2346 1986 2382 anno-

287 2435 420 2474 rum
467 2421 707 2474 978-984
749 2418 1016 2473 facientia
1059 2419 1251 2488 tradit,
1314 2435 1444 2490 quae
1476 2435 1508 2472 a
1553 2418 1674 2471 viro
1717 2418 1777 2472 in
1829 2418 1985 2472 obse-

289 2507 442 2580 quiis
475 2507 768 2563 Deoderici
799 2508 822 2561 Ι
851 2507 1110 2577 episcopi
1159 2508 1453 2578 quondam
1493 2507 1719 2561 assiduo
1757 2521 1987 2577 compe-

290 2600 444 2652 rerat
475 2597 579 2667 (5);
637 2597 708 2651 de
757 2596 1119 2650 Adalberone
1151 2597 1198 2650 ll
1243 2600 1299 2650 et
1343 2596 1688 2650 Theoderico
1730 2596 1779 2650 ll
1811 2612 1990 2666 pauca

292 2690 516 2740 tantum
570 2685 747 2754 addit,
798 2702 927 2757 quae
979 2689 1242 2740 nostrum
1269 2702 1334 2740 ex
1378 2681 1641 2756 partibus
1687 2686 1993 2740 Adelbero-

292 2774 379 2828 nis
404 2775 478 2841 ΙΙΙ
509 2780 567 2830 et
593 2775 927 2830 Theoderici
971 2774 1130 2829 ducis
1169 2779 1368 2829 contra
1416 2775 1829 2830 Theodericum
1868 2774 1989 2846 epi-

291 2879 529 2935 scopum
554 2865 799 2930 stetisse,
846 2864 1092 2934 ideoque
1117 2867 1248 2918 ante
1278 2880 1495 2918 annum
1534 2867 1667 2920 1017
1699 2863 1990 2934 scripsisse

2096 1886 2357 1941 Narravit
2392 1885 2572 1956 igitur
2617 1901 2746 1956 qua:
2792 1891 2893 1939 aut
2944 1885 3066 1956 ipse
3117 1891 3383 1956 expertus
3430 1886 3625 1941 fuerat
3693 1887 3804 1957 (13‘;

2096 1980 2194 2029 aut
2222 1991 2256 2028 a
2301 1973 2436 2027 viris
2482 1972 2581 2044 qui
2630 1972 2740 2043 ipsi
2783 1973 2896 2028 ﬁde
2945 1974 3104 2045 digni
3154 1975 3497 2029 videbantur
3537 1975 3807 2029 audierat

2097 2062 2229 2132 (14),
2266 2078 2353 2116 res
2406 2065 2665 2132 tempore
2717 2061 2973 2117 Ausfridi
3012 2068 3068 2116 et
3104 2062 3407 2117 Adalboldi
3455 2063 3518 2116 in
3569 2063 3807 2118 dioecesi

2095 2149 2442 2222 Trajectensi
2472 2155 2680 2219 gestas,
2727 2151 2888 2204 nullo
2924 2151 3174 2222 partium
3206 2152 3394 2206 studio
3425 2151 3541 2222 (15)
3576 2152 3807 2219 ductus,

2097 2244 2156 2295 at
2207 2239 2267 2293 in
2300 2239 2564 2294 homines
2593 2238 2888 2308 improbos
2919 2244 2975 2294 et
3013 2241 3257 2294 nefarios
3286 2241 3498 2295 acriter
3521 2240 3804 2294 invectus.

2097 2329 2264 2384 Libro
2323 2328 2511 2398 primo
2561 2329 2629 2382 de
2680 2328 2847 2382 rebus
2886 2328 3162 2395 Anst'ridi,
3215 2329 3465 2383 secundo
3507 2328 3578 2382 de
3630 2329 3807 2382 rebus

2096 2417 2398 2473 Adalboldi
2428 2417 2683 2488 episcopi
2711 2417 2848 2488 agit.
2898 2418 3137 2489 Scripsit
3185 2434 3338 2472 anno
3375 2420 3501 2474 1021
3550 2417 3670 2489 (16)
3705 2434 3806 2471 au-

2103 2509 2260 2572 1022,
2301 2506 2569 2560 defuncto
2614 2507 2736 2576 jam
2788 2507 3081 2562 Balderico
3125 2507 3262 2576 (17),
3311 2507 3409 2562 sed
3441 2507 3686 2562 ecclesia
3713 2523 3806 2560 ca-

2099 2595 2343 2651 thedrali
2375 2596 2722 2666 Trajectensi
2752 2597 3010 2651 nondum
3046 2601 3374 2650 consecrata
3407 2595 3546 2666 (18).

2169 2687 2340 2742 Liber
2364 2687 2436 2741 ad
2465 2685 2895 2757 intelligendam
2919 2690 3086 2740 terra;
3116 2685 3270 2738 illius
3305 2683 3608 2738 historiam
3639 2684 3805 2738 valde

2103 2777 2274 2841 utilis,
2332 2791 2450 2829 una
2515 2791 2647 2828 cum
2694 2774 2932 2828 historia
2992 2773 3392 2845 episcoporum
3461 2771 3805 2828 Metensium

2102 2866 2310 2919 saeculo
2344 2881 2400 2918 x1
2430 2864 2489 2917 in
2517 2880 2723 2918 manus
2767 2863 3047 2932 Sigeberti
3095 2862 3537 2928 Gemhlacensis,
3584 2861 3646 2916 in
3684 2877 3808 2915 mo-

292 2952 619 3023 indigitant.
665 2953 848 3018 Liber,
881 2953 1202 3023 catalogum
1223 2953 1624 3022 episcoporum
1653 2952 1987 3006 Metensium
2023 2969 2062 3022 Β
2101 2955 2351 3008 nasterio
2388 2953 2444 3008 S.
2499 2951 2784 3007 Vincentii
2831 2952 2990 3006 Metis
3056 2950 3283 3018 morati,
3347 2951 3579 3006 devenit
3634 2955 3694 3004 et
3738 2950 3808 3003 ab

293 3045 486 3095 sancto
535 3041 815 3096 Clementi
867 3043 1158 3094 ostensum
1209 3045 1458 3108 secutus,
1516 3041 1814 3110 Alpertum
1881 3039 1986 3093 ali-

293 3124 521 3194 quando
561 3123 620 3177 in
661 3122 894 3176 Metensi
943 3122 1170 3176 dioecesi
1217 3128 1504 3178 versatum
1562 3124 1826 3195 cleroque
1872 3125 1989 3178 Me-

292 3211 441 3265 tensi
498 3211 809 3281 ascriptum
838 3210 1014 3264 fuisse
1060 3211 1265 3281 probat
1315 3212 1412 3282 (6),
1461 3229 1566 3266 nec
1612 3217 1802 3266 tamen
1833 3213 1993 3266 Metis

293 3297 645 3368 conscriptus
678 3302 782 3362 est,
829 3312 960 3350 cum
992 3298 1364 3352 Constantino
1405 3299 1596 3353 abbati
1627 3301 1875 3354 directus
1915 3301 1991 3374 (7)

293 3403 407 3440 non
446 3390 642 3440 autem
674 3385 898 3439 oblatus
947 3402 1066 3440 esse
1111 3386 1349 3442 dicatur.
1399 3389 1561 3443 Certe
1592 3389 1768 3444 libros
1798 3391 1875 3444 De
1905 3391 1992 3445 di-

294 3475 558 3529 versitate
601 3478 927 3545 temporum
974 3476 1243 3547 Alpertus
1290 3477 1529 3531 minime
1572 3479 1731 3533 Metis
1763 3480 1858 3551 (8),
1895 3480 1993 3536 sed

298 3563 356 3616 in
389 3562 619 3618 dioecesi
669 3562 1038 3633 Trajectensi,
1077 3565 1241 3634 cujus
1293 3566 1441 3619 clero
1492 3566 1596 3620 sub
1641 3567 1905 3622 Ausfrido
1937 3573 1996 3623 et

297 3651 618 3707 Adalboldo
660 3651 945 3723 episcopis
988 3653 1268 3723 ascriptus
1297 3653 1483 3707 fuerat
1513 3655 1605 3725 (9),
1647 3655 1708 3710 in
1756 3657 1994 3712 ecclesia

293 3747 390 3796 aut
441 3741 787 3796 monasterio
836 3758 866 3794 e
916 3741 1147 3796 sinistra
1196 3742 1383 3797 Rheni
1433 3743 1546 3813 (10)
1593 3744 1720 3811 sito,
1753 3745 1994 3817 Trajecti

294 3832 530 3886 fortasse
561 3831 668 3900 (11)
709 3834 810 3884 aut
854 3831 1187 3902 Noviomagi
1225 3847 1497 3902 praesens,
1544 3835 1907 3904 composuit;
1939 3839 1996 3890 et

293 3937 425 3975 cum
460 3919 765 3976 Adalboldi
809 3921 1064 3992 episcopi
1107 3921 1318 3976 librum
1367 3921 1437 3975 de
1467 3922 1642 3992 gestis
1675 3923 1921 3978 Heinrici
1945 3925 1995 3978 II

2098 3037 2221 3109 ipso
2251 3039 2564 3110 exscriptus
2611 3041 2720 3110 (19)
2761 3045 2864 3094 est.
2903 3041 3044 3095 Usus
3074 3045 3158 3094 est
3189 3039 3521 3112 Sigebertus
3569 3039 3809 3094 fortasse

2103 3127 2306 3183 eodem
2357 3127 2572 3195 codice,
2607 3144 2779 3199 quem
2805 3129 2928 3199 jam
2977 3128 3243 3183 manibus
3296 3133 3444 3195 tero,
3494 3128 3669 3182 unico
3696 3129 3807 3182 sal-

2104 3222 2220 3272 tem
2253 3217 2353 3289 qui
2381 3217 2630 3287 supersit
2676 3223 2732 3271 et
2786 3232 2957 3288 quem
2989 3233 3022 3270 a
3045 3217 3293 3272 Roherto
3348 3217 3810 3272 Verboeckhorst

2102 3305 2411 3376 praeposito
2462 3307 2518 3360 S.
2570 3305 2816 3375 Ludgeri
2866 3305 3332 3359 Helmstadiensis
3381 3305 3492 3359 sibi
3526 3306 3803 3360 traditum

2105 3395 2384 3448 Eccardus
2437 3395 2496 3448 in
2544 3394 2792 3465 Corpore
2842 3393 2932 3448 SS.
2964 3394 3141 3448 medii
3171 3394 3338 3448 sevit.
3387 3395 3429 3457 Ι,
3463 3410 3519 3464 p.
3576 3397 3804 3457 91-132,

2104 3483 2297 3553 paucis
2345 3481 2483 3537 locis
2528 3481 2873 3549 emendavit,
2921 3482 3021 3536 sed
3071 3481 3459 3552 compluribus
3507 3483 3661 3536 male
3708 3499 3804 3537 ex-

2105 3572 2328 3642 pressit.
2366 3576 2438 3626 At
2478 3587 2612 3642 pars
2652 3571 2863 3643 operis,
2912 3570 3131 3625 scilicet
3175 3569 3308 3624 libri
3337 3589 3354 3624 1
3385 3571 3574 3640 capita
3609 3575 3802 3636 11-15,

2110 3661 2354 3715 Eccardo
2391 3661 2694 3730 ignorante
2717 3661 2836 3732 jam
2891 3675 3044 3713 anno
3106 3658 3240 3714 1680
3292 3659 3395 3713 sub
3434 3660 3606 3713 titulo
3669 3663 3808 3715 Vita:

2107 3750 2162 3805 S.
2216 3750 2454 3816 Aufridi
2500 3752 2741 3819 episcopi
2797 3749 3142 3817 Ultrajectini
3173 3763 3328 3817 pars,
3371 3752 3595 3817 auctore
3625 3763 3807 3802 mona-

2105 3837 2202 3892 eho
2255 3838 2607 3907 Ultrajectino
2644 3839 2702 3893 S.
2752 3838 2934 3904 Pauli,
2991 3841 3147 3890 tomo
3195 3837 3237 3901 Ι,
3279 3834 3430 3905 Maii,
3489 3851 3622 3907 pag.
3679 3837 3803 3891 431.

2106 3926 2233 3992 432,
2318 3925 2380 3979 in
2455 3925 2609 3979 Actis
2683 3925 2776 3980 SS.
2848 3924 3378 3994 Antwerpiensibus
3470 3923 3803 3994 prodierat,

1934 4011 2161 4067 ΝΟΤᾸΞ.

367 4089 441 4158 (1)
472 4091 551 4143 De
583 4089 675 4143 SS.
711 4089 872 4154 eccl.,
908 4104 1031 4158 cap.
1071 4089 1190 4142 143.

367 4159 440 4229 (2)
476 4162 551 4214 De
595 4175 662 4213 eo
699 4160 828 4214 vide
884 4175 1058 4227 supra
1107 4174 1240 4230 pag.
1293 4161 1397 4214 658
1448 4159 1790 4230 (Patrologiz
1847 4166 1987 4217 tom.

297 4233 560 4295 CXXXIX,
593 4230 663 4284 ad
697 4246 785 4283 an.
826 4231 1003 4296 1024).

369 4302 444 4372 (3)
475 4301 556 4354 Ad
590 4299 945 4372 deperditam
977 4298 1168 4372 operis
1195 4303 1436 4372 (partem
1469 4301 1756 4372 pertinere
1799 4303 1995 4358 viden-

300 4370 393 4425 tur
427 4370 564 4442 quaa
595 4372 759 4440 Hugo
798 4370 1237 4424 Flaviniacensis
1266 4370 1414 4424 libro
1445 4370 1487 4425 11
1514 4371 1687 4427 tradit
1717 4391 1730 4428 :
1770 4377 1998 4430 Domnus

299 4444 600 4509 Fingenius
645 4443 959 4514 Scottorum,
996 4443 1250 4509 progenie
1314 4443 1597 4498 oriundus.
1634 4484 1647 4499 .
1684 4486 1696 4497 .
1733 4486 1745 4499 .
1784 4485 1796 4497 .
1830 4447 1998 4514 Cujus

299 4513 594 4566 adventum
617 4512 1110 4582 peregrinationem
1140 4517 1190 4566 et
1219 4516 1610 4569 conversionem
1653 4518 1750 4584 qui
1785 4512 1998 4584 plen—ius

297 4598 451 4637 nosse
498 4583 790 4649 desiderat,
836 4585 894 4636 in
958 4585 1087 4638 Vita
1135 4584 1446 4640 Theoderici
1485 4583 1677 4641 eximii
1738 4583 1998 4643 Metensis

298 4656 536 4723 episcopi
566 4657 697 4709 sciri
723 4659 914 4723 potest.

372 4726 473 4798 (4)
495 4725 602 4798 Ad,
634 4726 1015 4781 Theodericum
1044 4727 1093 4782 ll
1140 4728 1434 4782 Metensum
1478 4731 1804 4798 episcopum,
1860 4729 1998 4782 scri-

301 4794 386 4868 bit
429 4795 699 4852 Meurisse
740 4798 800 4851 in
864 4798 1003 4852 llist.
1055 4814 1186 4868 epp.
1249 4794 1605 4866 Metensium,
1648 4794 1704 4868 p.
1756 4802 1880 4864 349,
1929 4816 1996 4852 eo

300 4867 536 4940 fortasse
591 4868 651 4922 in
699 4884 962 4940 errorem
1006 4867 1208 4923 ductus
1255 4870 1410 4940 quod
1459 4867 1728 4924 ultimum
1787 4869 1999 4923 codicis

299 4938 456 4993 unici
479 4944 652 5009 caput
681 4939 750 4994 de
776 4939 1123 4994 Theoderico
1150 4941 1197 4994 II
1229 4938 1365 5011 agit.

373 5009 446 5076 (5)
477 5010 612 5076 Cap.
649 5013 696 5064 1.

396 5083 451 5146 6)
506 5078 882 5152 Deodericum
933 5086 1096 5136 vocat
1123 5086 1366 5136 nostrum
1413 5082 1718 5152 praesulem,
1768 5096 1891 5152 cap.
1947 5086 1996 5136 1.

375 5154 456 5220 (7)
494 5151 676 5222 Igitur
702 5151 929 5216 missus,
961 5153 1112 5207 haud
1140 5169 1172 5205 a
1196 5157 1478 5222 praesente
1503 5151 1747 5206 oblatus.

373 5222 451 5291 (8)
486 5223 658 5276 Vocat
688 5239 814 5278 eam
844 5225 1038 5278 Metim
1068 5226 1126 5276 in
1144 5225 1320 5291 Belgis
1355 5239 1392 5286 1,
1421 5225 1471 5276 5.

378 5294 458 5363 (9)
527 5293 772 5349 Clericos
828 5295 1184 5362 Trajectense
1248 5298 1460 5348 nostros
1506 5297 1670 5348 vocat
1717 5311 1754 5360 1,
1810 5297 1861 5358 8,
1913 5298 1998 5363 12,

314 5367 423 5430 13;
477 5365 546 5420 cf.
602 5369 658 5421 et
720 5363 1108 5420 narrationem
1171 5363 1242 5418 de
1295 5363 1558 5418 Ansfrido
1600 5382 1638 5432 1,
1701 5368 1884 5431 11-18,
1930 5367 2001 5420 de

305 5436 718 5492 mercatoribus
743 5435 1100 5490 Tielensibus
1131 5440 1188 5488 et
1217 5435 1369 5490 bello
1408 5440 1606 5490 contra
1645 5436 1925 5490 Frisiones
1963 5454 1997 5490 11

307 5509 371 5559 20
404 5523 527 5579 sqq.

2170 4094 2276 4162 (10)
2310 4110 2370 4158 11,
2407 4097 2457 4154 1.
2491 4097 2541 4147 9.

2204 4165 2288 4230 11)
2322 4183 2359 4230 1,
2389 4169 2448 4218 14
2473 4180 2486 4218 :
2523 4167 2615 4220 Est
2652 4165 2801 4219 collis
2829 4179 2924 4218 sea:
2952 4162 3194 4217 millibus
3225 4178 3260 4215 a
3285 4161 3550 4230 Trujeeto.

2202 4236 2287 4301 12)
2325 4253 2361 4301 1,
2395 4240 2446 4290 5.
2491 4237 2573 4291 Cf.
2600 4235 2901 4290 Adalboldi
2937 4233 3132 4288 laudes
3164 4249 3220 4293 11,
3254 4238 3307 4287 2.

2205 4239 2264 4289 12
2325 4253 2361 4301 1,
2395 4240 2446 4290 5.
2491 4237 2573 4291 Cf.
2600 4236 2901 4290 Adalboldi
2937 4236 3132 4288 laudes
3164 4249 3220 4293 11,
3254 4238 3307 4287 2.

2205 4236 2291 4374 13)
2341 4306 2594 4376 Exempli
2650 4306 2834 4377 gratia
2867 4322 2911 4372 1,
2967 4309 3069 4360 15:
3103 4303 3310 4358 Audivi
3345 4303 3658 4372 quemdam,
3698 4308 3801 4356 etc.

2205 4376 2678 4446 1i)118,12;11,
2720 4379 2804 4431 14.
2990 4445 2993 4446 ν
3196 4443 3292 4446 ᾧ,
3694 4445 3702 4446 7

2180 4378 2291 4444 (131)
2329 4380 2678 4444 118,12;11,
2720 4379 2804 4431 14.

2180 4443 2293 4517 (15)
2351 4443 2544 4514 Cf.’11,
2591 4449 2673 4502 14.
2726 4445 3002 4502 Balderici
3064 4462 3152 4501 res
3191 4443 3554 4500 Thietmarus
3603 4445 3804 4499 eodem

2107 4517 2223 4572 fere
2256 4518 2425 4590 modo
2457 4518 2708 4590 exponit,

2179 4590 2294 4658 (16)
2330 4585 2564 4644 Initium
2611 4587 2894 4642 scribendi
2936 4587 3071 4642 fecit
3109 4585 3372 4658 Heinrico
3394 4587 3442 4640 Il
3465 4586 3803 4658 jamdimpe-

2107 4656 2292 4714 ratore
2325 4662 2387 4730 (1,
2429 4662 2480 4729 7)
2529 4664 2585 4715 et
2631 4665 2938 4730 postquam
2967 4657 3266 4713 Adalboldi
3298 4657 3439 4730 liber
3478 4657 3549 4710 de
3579 4656 3801 4730 Heinri-

2106 4747 2172 4784 co
2202 4731 2248 4785 ll
2282 4729 2570 4801 prodierat
2599 4747 2612 4798 ;
2640 4729 2790 4802 epus
2808 4745 2977 4784 suum
3009 4745 3186 4800 usque
3217 4743 3311 4782 an.
3352 4729 3479 4782 1021
3515 4729 3804 4797 produxit,

2109 4805 2280 4868 11,16,
2327 4804 2410 4856 17.

2181 4873 2296 5010 (17)
2324 4876 2430 4926 An.
2470 4873 2624 4927 1021.
3213 4909 3216 4914 -

2181 4943 2272 5010 (18
2356 4943 2720 4998 Consecratio
2797 4941 3069 4996 solemnis
3143 4957 3216 4995 ec<

2180 4939 2296 5012 (18)
2356 4943 2720 4998 Consecratio
2797 4941 3069 4996 solemnis
3143 4939 3394 4995 ecclesia:
3466 4939 3806 5012 cathedralis

2107 5010 2639 5093 TraiectensisAper
2664 5013 3050 5093 Adalboldum
3101 5012 3431 5093 episcopum
3486 5010 3541 5064 d.
3594 5027 3648 5093 γι
3685 5011 3802 5093 Kal:

2105 5081 2243 5139 Julii
2274 5101 2372 5138 an.
2433 5081 2566 5140 1023
2616 5092 2898 5154 praesente
2952 5081 3235 5154 Heinrico
3274 5083 3322 5154 ll_
3377 5081 3728 5151 imperatore
3753 5084 3808 5134 et

2108 5155 2410 5210 duodecim
2440 5152 2881 5225 archiepiscopis
2903 5159 2960 5208 et
2989 5153 3271 5226 episcopis
3300 5152 3447 5226 facta
3475 5157 3559 5206 est
3588 5169 3602 5215 ;
3637 5168 3805 5223 quam

2109 5230 2259 5303 certe
2295 5229 2529 5303 _noster_
2543 5222 2658 5303 non
2695 5222 2932 5303 silentio
2971 5222 3367 5303 praeteriisset,
3393 5222 3441 5276 si
3485 5238 3552 5303 ea
3580 5222 3809 5303 peracta

2111 5295 2446 5366 scripsisset.
2498 5296 2737 5367 Scripsit
2767 5296 2941 5352 etiam
2972 5293 3125 5351 'dum
3180 5293 3474 5351 Heinricus
3503 5293 3549 5346 ll
3577 5293 3638 5348 in
3668 5293 3807 5347 vivis

2110 5372 2250 5420 erat.

2184 5439 2300 5508 (19)
2333 5438 2415 5493 Ad
2445 5455 2538 5492 an.
2591 5442 2716 5506 978,
2768 5439 3034 5502 982-981,
3086 5439 3399 5504 997,1003,
3455 5437 3802 5508 1005,1006.

2117 5505 2288 5576 1009,
2334 5512 2490 5575 1010,
2543 5505 2717 5580 1020;
2752 5525 2842 5562 an.
2881 5510 3016 5563 1808
3072 5507 3424 5562 Baldericum
3479 5505 3800 5560 antehabet.
