4016 6202
139 292 244 347 iiIi

1147 288 1285 345 LIB.
1330 292 1419 348 DE
1464 292 1816 349 EPISCOPIS
1855 293 2289 351 METENSIBUS
2330 292 2676 349 LIBELLUS.
3580 291 3681 346 446

141 434 208 470 ex
280 415 467 469 codice
523 411 966 468 membranaceo
1017 416 1245 466 vetusto
1321 417 1377 470 S.
1451 418 1612 472 Pauli
1671 420 1862 491 Traje-
1895 428 1942 481 Α
1980 436 2047 475 ea
2100 436 2273 475 manu
2331 423 2428 475 aut
2475 419 2544 474 ab
2593 420 2769 473 altero
2815 419 3074 490 ejusdem
3126 420 3318 475 saculi
3375 418 3678 491 scriptore,

142 504 353 560 ctensis
392 502 685 574 descripta,
720 517 895 572 quem
931 517 1000 555 ex
1028 500 1222 555 codice
1259 504 1682 561 Hannoverano
1714 508 1866 564 haud

145 595 378 650 ﬂuxisse
429 596 677 665 apparet,
735 606 919 661 quare
971 591 1101 661 ejus
1140 606 1388 663 quoque
1427 594 1570 650 ratio
1609 596 1871 653 habenda

144 689 286 737 erat.
327 682 570 737 Editioni
600 679 773 751 igitur
803 684 1029 734 nostra
1060 680 1459 738 inservierunt
1490 699 1505 738 :

222 774 277 841 ί)
309 772 370 827 C.
412 770 617 841 regius.
654 771 892 825 Constat
927 768 1083 821 foliis
1121 784 1217 821 sex
1275 772 1729 827 membranaceis
1776 773 1871 827 in-

147 861 242 914 fol.
304 866 362 915 et
415 859 563 915 binis
609 875 709 930 per
764 857 1051 928 paginam
1105 857 1404 913 columnis
1444 860 1630 915 littera
1670 861 1873 933 exigua

149 949 462 1021 gracilique
506 948 705 1003 saculo
757 963 813 1000 xr
866 951 1141 1001 exaratus
1184 950 1301 1001 est.
1353 949 1608 1004 Scribam
1658 951 1871 1005 librum

149 1055 261 1090 non
291 1037 636 1091 intellexisse
666 1036 849 1089 multa
893 1037 1022 1088 loca
1055 1034 1333 1105 probant,
1369 1044 1467 1091 aut
1508 1038 1687 1111 ipsius
1716 1045 1869 1111 post-

1974 510 2209 565 fortasse
2241 508 2560 579 Sigeberto,
2595 523 2766 578 quem
2799 524 3056 564 numero.

2047 597 2097 666 2)
2131 595 2376 667 Signavi,
2427 595 2524 649 sed
2554 611 2657 648 nec
2698 594 2823 664 ipso
2857 596 3149 650 interdum
3182 611 3330 649 vera
3373 593 3679 650 sententia

1979 685 2205 749 callido,
2240 685 2509 737 correcta.

2052 773 2103 842 3)
2132 771 2310 826 Editio
2354 770 2607 840 capitum
2662 774 2821 825 11-15
2860 771 2987 826 libri
3034 772 3229 844 primi,
3267 771 3328 826 in
3376 771 3530 826 Actis
3574 770 3672 826 SS.

1982 863 2018 917 l.
2054 878 2108 915 c.

2050 950 2267 1015 Quibus
2319 947 2607 1014 adhibitis,
2657 951 2898 1017 textum,
2960 953 3238 1019 quantum
3285 948 3410 1004 fieri
3464 949 3673 1021 potuit,

1980 1038 2241 1111 pristina
2268 1036 2582 1106 integritati
2615 1037 2938 1091 restitutum
2969 1038 3365 1107 proponimus.

744 1309 900 1393 DE
987 1304 1587 1394 EPISCOPIS
1676 1306 2399 1393 METENSIBUS
2480 1306 3063 1392 LIBELLUS.

230 1500 248 1550 l
504 1497 676 1567 Hujus
727 1497 834 1566 (20)
890 1496 1086 1568 itaque
1144 1496 1517 1567 temporibus
1575 1497 1687 1567 (an.
1748 1498 1875 1566 978)
1908 1498 1947 1550 Β
1986 1500 2187 1550 contra
2218 1496 2441 1549 Gracos
2469 1495 2631 1550 duxit
2676 1497 3005 1551 exercitum.
3046 1497 3151 1552 Ubi
3182 1498 3319 1552 dum
3358 1498 3677 1554 inconsulte

152 1585 464 1641 Lotharius
492 1602 583 1639 rex
614 1586 961 1640 Francorum
988 1586 1045 1639 in
1076 1590 1313 1655 partem
1350 1587 1653 1657 Belgarum
1686 1589 1867 1657 regni,

150 1674 310 1746 quod
360 1677 381 1709 ²
417 1674 522 1728 sub
571 1675 813 1745 imperio
863 1674 1086 1729 Ottonis
1133 1675 1369 1728 casaris
1419 1680 1561 1742 erat,
1609 1676 1868 1731 animum

150 1764 430 1823 intendit.
475 1768 539 1818 ut
580 1781 694 1817 sua
739 1763 947 1818 ditioni
985 1766 1234 1820 Hrenum
1296 1780 1480 1835 usque
1515 1765 1622 1819 sibi
1664 1766 1871 1835 subju-

150 1856 338 1921 garet.
384 1852 523 1904 Nam
563 1851 698 1905 dum
742 1851 889 1906 forte
938 1851 1112 1923 Aquis
1159 1851 1299 1906 Otto
1334 1854 1519 1907 Casar
1560 1853 1582 1885 3
1613 1853 1686 1906 ad
1736 1869 1873 1907 con-

151 1944 360 1993 ventus
392 1940 643 2009 agendos
693 1945 850 1993 tutus
882 1944 939 1994 et
988 1940 1145 1994 omni
1198 1940 1413 1995 timore
1455 1940 1684 1995 sublato
1734 1959 1870 1996 con-

149 2028 400 2092 sisteret,
436 2032 491 2081 et
521 2028 576 2082 id
622 2044 727 2098 per
769 2030 1156 2099 exploratores
1207 2029 1479 2083 Lothario
1525 2029 1650 2099 regi
1692 2046 1873 2083 enun—

150 2116 358 2169 tiatum
408 2121 571 2181 esset,
607 2117 830 2187 magnis
862 2117 1162 2171 itineribus
1192 2116 1261 2171 ad
1298 2133 1431 2172 eum
1461 2118 1875 2183 contendit,-et

153 2205 221 2258 de
255 2205 572 2274 improviso
602 2222 783 2276 prope
814 2212 1001 2260 castra
1030 2206 1284 2273 accessit,
1320 2211 1380 2260 ut
1408 2207 1753 2277 imperatori
1780 2208 1871 2263 vix

156 2294 396 2347 facultas
440 2293 527 2346 sui
560 2293 879 2364 recipiendi
929 2296 1375 2366 relinqueretur,
1417 2301 1591 2367 atque
1623 2296 1685 2349 in
1731 2295 1874 2365 fuga

154 2383 527 2436 acceleranda
575 2384 968 2438 emolumenta
1005 2387 1194 2437 essent
1242 2384 1424 2438 multa
1463 2384 1684 2450 relicta,
1737 2401 1873 2456 qua

156 2470 357 2524 omnia
405 2470 615 2540 prada
674 2471 936 2525 hostibus
993 2471 1239 2525 fuerant.
1294 2472 1406 2525 Hac
1452 2471 1726 2526 felicitate
1770 2490 1872 2529 rex

155 2559 507 2623 sublevatus,
557 2575 719 2629 spem
768 2559 886 2613 suis
943 2575 1155 2629 augere
1205 2563 1263 2613 et
1310 2559 1580 2614 audacius
1638 2561 1874 2617 crebras

155 2647 521 2703 incursiones
571 2664 766 2717 agere,
826 2648 1162 2719 Mettimque
1212 2664 1393 2719 usque
1433 2648 1870 2720 proﬁciscitur:

153 2738 248 2792 sed
286 2738 451 2791 nulla
481 2754 540 2790 re
587 2737 881 2791 navefacta
927 2737 1241 2808 probrosus
1270 2736 1457 2792 rediit.
1513 2738 1576 2791 Et
1605 2737 1756 2793 sicut
1806 2757 1873 2794 ex

152 2826 428 2881 felicitate
475 2827 707 2897 obrepit
745 2825 1074 2888 insolentia,
1109 2825 1189 2879 sic
1230 2825 1370 2880 item
1400 2843 1465 2880 ex
1507 2827 1708 2880 eadem
1763 2830 1876 2883 ali-

156 2916 389 2986 quando
449 2915 669 2970 desidia
723 2914 931 2969 mentis
986 2914 1124 2969 oriri
1181 2915 1343 2969 solet.
1403 2917 1621 2970 Prasul
1675 2915 1879 2990 itaque

157 3005 526 3073 Deodericus,
575 3004 838 3075 quamvis
890 3005 1093 3058 inanes
1140 3004 1405 3058 incursus
1455 3005 1609 3076 regis
1652 3005 1877 3073 forent,

154 3100 347 3149 tamen
395 3095 519 3164 ejus
572 3093 805 3164 ineptia
855 3098 917 3147 ut
946 3092 1405 3164 reprimerentur
1432 3093 1651 3149 statuit.
1708 3096 1878 3152 Unde

153 3183 363 3237 litteris
392 3199 523 3237 cum
553 3182 758 3253 legatis
803 3182 871 3235 ad
906 3184 1177 3237 Ottonem
1221 3183 1501 3236 Casarem
1535 3182 1757 3252 missis,
1806 3187 1896 3241 de

154 3272 241 3326 his
296 3272 472 3326 rebus
523 3286 657 3324 eum
712 3270 1011 3324 certiorem
1070 3268 1223 3335 facit,
1283 3269 1535 3341 dicitque
1585 3270 1645 3324 in
1704 3277 1878 3330 tanto

155 3378 257 3415 suo
290 3360 542 3430 imperio
572 3376 690 3414 non
722 3360 927 3414 debere
957 3375 1091 3414 eum
1117 3359 1267 3412 hanc
1288 3360 1699 3413 contumeliam
1738 3364 1877 3418 diu-

158 3451 266 3505 tius
299 3451 423 3522 pati
472 3449 580 3504 sibi
627 3450 973 3519 populisque
1019 3448 1144 3518 ejus
1184 3447 1328 3501 ﬁeri.
1382 3448 1599 3512 Quibus
1637 3453 1878 3519 auditis,

159 3540 266 3593 sibi
298 3556 429 3594 eam
479 3555 601 3593 rem
644 3539 956 3609 imperator
1002 3553 1156 3591 cura
1200 3536 1520 3590 necessario
1569 3537 1881 3595 astimavit

160 3645 302 3681 esse.
356 3628 672 3682 Consuesse
703 3626 857 3680 enim
890 3629 1138 3681 Francos
1172 3641 1352 3696 regno
1381 3626 1506 3696 ejus
1536 3626 1793 3696 impetus
1823 3636 1882 3684 et

162 3717 398 3787 rapinas
450 3717 661 3782 facere,
713 3716 1047 3770 detrimenti
1104 3719 1161 3768 et
1203 3715 1572 3769 contumelia
1618 3715 1702 3768 illi
1758 3734 1878 3772 esse

155 3806 462 3875 judicavit.
518 3805 853 3861 Convocatis
898 3806 1095 3875 itaque
1135 3803 1353 3858 cunctis
1392 3803 1771 3874 principibus,
1809 3807 1878 3861 de

164 3895 339 3949 illatis
389 3894 500 3949 sibi
552 3893 782 3964 injuriis
811 3910 842 3948 a
891 3909 1024 3964 rege
1073 3897 1420 3963 conquestus
1448 3897 1551 3946 est.
1586 3892 1675 3947 Hii
1703 3898 1723 3929 ι
1752 3910 1878 3948 οω-

168 4000 291 4050 nes,
339 3980 579 4037 consilio
613 3982 765 4049 dato,
819 3983 995 4036 armis
1042 3982 1127 4036 illi
1176 3981 1525 4035 obviandum
1557 3997 1679 4035 esse
1722 3981 1876 4036 dice-

1984 1590 2039 1640 et
2095 1584 2272 1637 nimia
2321 1583 2631 1651 celeritate,
2683 1600 2869 1656 neque
2914 1591 2977 1639 ut
3031 1602 3121 1640 res
3169 1586 3353 1657 pralii
3401 1588 3675 1658 exposcit,

1982 1688 2243 1746 pugnam
2288 1672 2593 1742 commisit,
2640 1674 2825 1727 omnis
2866 1674 3131 1728 nobilitas
3175 1676 3356 1729 nostri
3395 1676 3677 1730 exercitus

1983 1761 2177 1833 gladio
2228 1766 2285 1815 et
2313 1766 2449 1815 astu
2486 1762 2651 1816 nimii
2700 1762 2907 1817 caloris
2933 1767 2990 1817 et
3034 1763 3125 1817 siti
3169 1764 3362 1835 periit,
3393 1780 3498 1819 nec
3528 1781 3679 1819 unus

1985 1850 2218 1921 quidem
2252 1866 2318 1903 ex
2349 1851 2428 1905 eis
2458 1851 2757 1922 superfuit,
2792 1851 2886 1922 qui
2933 1852 3078 1907 facta
3109 1853 3353 1922 posteris
3386 1854 3681 1909 nuntiaret

1984 1944 2100 2006 (an.
2134 1937 2279 2008 982).
2327 1940 2448 2004 Quo
2478 1936 2707 1995 rumore
2737 1941 2807 1995 ad
2844 1957 3009 2003 aures
3054 1942 3273 2013 regina
3320 1942 3679 2013 Theupbanu

1986 2028 2227 2100 perlato,
2271 2044 2399 2097 qua
2429 2029 2500 2084 ab
2541 2029 2885 2100 imperatore
2931 2031 3159 2085 Rohsan
3187 2033 3302 2100 (2t)
3334 2032 3531 2086 relicta
3560 2031 3681 2086 fue-

1986 2119 2094 2181 rat,
2128 2116 2316 2170 statim
2366 2118 2588 2187 procaci
2640 2117 2950 2184 locutione,
2983 2123 3046 2173 ut
3094 2119 3205 2173 fert
3247 2119 3444 2173 levitas
3473 2122 3681 2174 mulie-

1988 2220 2140 2272 rum,
2197 2207 2537 2260 conterrales
2588 2223 2721 2260 suos
2768 2236 2837 2246 -ο
2883 2211 3005 2260 erat
3049 2206 3201 2260 enim
3250 2208 3319 2261 de
3361 2208 3573 2262 Gracia
3611 2240 3670 2250 -—

1987 2293 2060 2347 ad
2106 2294 2308 2349 coelum
2355 2296 2622 2349 extollere
2672 2295 3001 2366 exitumque
3052 2296 3268 2349 adversi
3317 2297 3501 2365 pralii
3548 2313 3679 2352 cum

1988 2398 2213 2437 summo
2263 2384 2471 2455 probro
2502 2385 2574 2439 ad
2622 2384 3051 2454 derogationem
3098 2384 3457 2456 imperatoris
3495 2385 3677 2440 intor-

1989 2487 2181 2543 quere,
2235 2474 2335 2544 qui
2390 2479 2548 2527 tanta
2610 2472 2940 2543 frequenter
2996 2473 3205 2527 virtute
3254 2472 3278 2507 δ
3327 2473 3603 2538 laudatus,
3651 2492 3685 2529 a

1990 2560 2107 2614 suis
2162 2566 2278 2616 tam
2330 2562 2495 2616 facile
2549 2561 2621 2615 sit
2678 2567 3002 2631 superatus.
3068 2562 3282 2616 Prasul
3320 2562 3683 2629 Deodericus,

1989 2650 2197 2704 auditis
2248 2650 2462 2721 regina
2510 2650 2991 2704 contumeliarum
3040 2650 3242 2717 verbis,
3298 2652 3567 2717 multum,
3617 2658 3687 2707 ut

1931 2780 1948 2796 η
1989 2740 2227 2809 dignum
2272 2744 2414 2806 erat,
2465 2743 2660 2794 contra
2690 2755 2816 2793 eam
2850 2745 3134 2805 movetur;
3169 2744 3226 2793 et
3267 2755 3395 2793 cum
3440 2739 3509 2793 de
3538 2741 3682 2794 ami-

1991 2829 2199 2883 cissimi
2232 2845 2293 2882 ac
2334 2827 2781 2883 reverentissimi
2822 2827 3042 2881 domini
3072 2827 3524 2892 adversitatibus,
3559 2832 3682 2882 tum

1991 2934 2227 2972 suorum
2276 2917 2616 2972 dilectorum
2670 2915 2691 2951 ⁷
2742 2916 3009 2981 militum,
3061 2921 3117 2971 et
3166 2920 3485 2970 ceterorum
3537 2916 3684 2970 ami-

1990 3024 2186 3062 corum
2231 3006 2329 3079 qui
2381 3006 2783 3071 occubuerant,
2842 3005 3093 3059 maximo
3142 3005 3339 3058 dolore
3386 3003 3683 3075 afﬂigitur,

1990 3102 2182 3150 tamen
2239 3096 2639 3167 procacitatem
2695 3099 2750 3148 et
2803 3093 3207 3148 contumeliam
3266 3094 3481 3163 regina
3541 3093 3685 3147 obli-

1989 3185 2146 3240 vioni
2177 3201 2293 3239 non
2323 3184 2494 3239 dedit.
2530 3185 2641 3237 Hoc
2674 3182 2887 3237 ultione
2917 3183 3107 3237 divina
3130 3187 3339 3247 actum,
3370 3181 3682 3236 secundum

1987 3274 2326 3346 pradictum
2358 3273 2536 3327 sancti
2564 3272 2717 3326 illius
2747 3272 3015 3337 hominis,
3050 3288 3083 3325 a
3103 3271 3299 3325 multis
3329 3270 3686 3338 credebatur,

1988 3369 2061 3419 ut
2096 3364 2197 3434 qui
2248 3362 2309 3416 in
2361 3361 2733 3416 vastationem
2777 3361 2941 3432 regni
2989 3362 3333 3415 Francorum
3383 3359 3685 3414 consilium

1990 3454 2285 3515 dederant,
2336 3451 2448 3522 ipsi
2478 3452 2536 3504 in
2577 3450 2895 3522 peregrinis
2944 3450 3109 3503 terris
3148 3450 3445 3519 sepultura
3476 3453 3531 3502 et
3572 3465 3687 3503 om-

1990 3542 2148 3595 nium
2182 3540 2497 3594 amicorum
2529 3539 2743 3592 solatiis
2770 3543 3046 3593 carerent.
3082 3540 3207 3607 Ipse
3240 3554 3373 3591 vero
3403 3538 3529 3592 Otto
3560 3539 3685 3593 Ca—

1990 3646 2082 3684 sar
2112 3629 2418 3683 temerario
2464 3644 2630 3681 cursu
2661 3644 2788 3681 cum
2821 3628 3013 3697 paucis
3060 3625 3131 3679 ad
3163 3642 3331 3679 naves
3361 3627 3683 3681 Gracorum

1989 3722 2352 3789 pugnaturus
2399 3715 2712 3781 advolavit;
2760 3733 2792 3770 a
2823 3714 3030 3785 quibus
3076 3714 3492 3784 circumceptus
3533 3745 3601 3755 —
3631 3720 3689 3769 et

1992 3806 2181 3858 nullus
2204 3804 2256 3857 ei
2288 3805 2441 3857 locus
2472 3802 2749 3857 evadendi
2791 3802 2979 3873 patuit
3004 3832 3075 3843 —
3099 3802 3160 3855 in
3194 3819 3350 3856 mare
3376 3819 3505 3856 cum
3536 3820 3685 3874 equo

1989 3892 2246 3948 insilivit.
2280 3893 2463 3963 Super
2482 3907 2653 3962 quem
2679 3898 2799 3947 tam
2819 3891 2914 3944 diu
2948 3891 3113 3957 sedit,
3141 3890 3320 3945 donec
3351 3891 3689 3945 indumenta

1990 3981 2183 4035 omnia
2228 3980 2438 4051 quibus
2488 3979 2727 4034 indutus
2775 3987 2897 4035 erat
2944 3978 3133 4050 gladio
3166 3979 3485 4046 discideret,
3538 3986 3600 4035 ut
3627 3998 3686 4035 se

167 4072 325 4126 bant.
376 4072 635 4135 Quorum
668 4070 926 4125 omnium
972 4087 1251 4125 consensu
1294 4070 1530 4140 suscipit
1559 4061 1952 4141 negotium,D
1992 4070 2062 4124 ad
2115 4069 2430 4123 natandum
2488 4068 2895 4139 expeditiorem
2948 4072 3191 4137 aptaret.
3243 4071 3289 4121 A
3339 4068 3505 4139 longe
3556 4085 3685 4123 vero

168 4165 222 4214 et
253 4177 320 4214 ex
353 4160 515 4213 omni
566 4163 731 4229 parte
762 4158 995 4229 imperii
1036 4159 1147 4224 sui,
1181 4159 1355 4213 etiam
1395 4175 1460 4214 ex
1492 4159 1671 4224 Italia,
1707 4159 1879 4214 innu-

169 4249 468 4304 merabilis
517 4248 901 4303 multitudinis
931 4248 1085 4320 cogit
1128 4247 1460 4315 exercitum,
1495 4264 1674 4319 usque
1724 4248 1884 4302 Pari-

172 4339 292 4392 sius
321 4338 592 4409 perrexit,
638 4340 693 4390 et
723 4343 943 4391 vastata
970 4338 1226 4409 regione,
1255 4337 1375 4390 sine
1410 4336 1579 4390 ullius
1613 4353 1878 4407 congres-

172 4426 333 4480 sione
369 4426 559 4480 rediit.
618 4427 749 4479 Erat
777 4429 899 4479 tum
948 4427 1229 4496 temporis
1260 4426 1317 4480 in
1361 4425 1591 4481 Francia
1634 4426 1720 4479 vir
1750 4444 1879 4481 san-

173 4516 371 4569 ctitate
429 4520 484 4569 et
535 4514 745 4585 spiritu
801 4514 931 4568 talis
996 4514 1040 4581 5,
1094 4515 1187 4570 cui
1238 4514 1510 4569 divinitus
1567 4515 1878 4569 revelatum

174 4609 281 4670 est,
331 4618 550 4669 omnes,
584 4601 825 4657 consilio
856 4619 1103 4673 quorum
1134 4607 1323 4657 actum
1372 4607 1474 4669 est,
1509 4608 1572 4656 ut
1601 4602 1881 4656 exercitus

174 4691 235 4746 in
288 4691 584 4747 Franciam
638 4692 963 4759 duceretur,
1014 4692 1163 4747 infra
1195 4697 1411 4763 septem
1454 4708 1740 4746 annorum
1770 4692 1876 4745 cir-

174 4782 340 4835 culos
390 4797 512 4834 esse
566 4780 898 4835 morituros.
955 4782 1127 4852 Cujus
1174 4782 1538 4852 prophetiam
1587 4782 1668 4836 ita
1715 4797 1879 4836 com-

177 4872 397 4939 pletam
446 4870 788 4939 colligimus.
825 4870 966 4924 Nam
1018 4871 1154 4925 dum
1189 4870 1421 4925 Francia
1469 4886 1729 4924 reversus
1773 4876 1877 4937 est,

176 4974 311 5011 mox
376 4958 437 5011 in
486 4957 739 5012 secundo
793 4974 943 5012 anno
1000 4964 1128 5029 post
1165 4959 1479 5029 imperator
1523 4958 1583 5013 in
1623 4958 1882 5038 Calabria

1993 4158 2275 4228 aspiciens
2324 4158 2535 4222 navim,
2595 4158 2663 4212 ad
2715 4175 2887 4229 quam
2936 4171 3162 4211 summo
3210 4162 3419 4211 conatu
3456 4190 3526 4197 —
3566 4164 3690 4213 erat

1992 4248 2144 4301 enim
2180 4246 2562 4317 peritissimus
2593 4252 2790 4301 natatu
2829 4277 2885 4287 —
2921 4245 3154 4299 tendere
3183 4244 3465 4313 cupiebat.
3506 4247 3688 4311 Quem

1992 4341 2183 4391 nauta
2251 4340 2542 4389 natantem
2608 4340 2927 4402 cernentes,
2987 4338 3217 4403 captum
3277 4340 3575 4389 traxerunt
3628 4335 3687 4390 in

1992 4426 2203 4479 navim.
2239 4427 2370 4479 Erat
2415 4424 2566 4479 enim
2619 4425 2855 4496 quidam
2888 4424 2948 4478 in
2999 4423 3129 4477 navi
3177 4440 3308 4478 cum
3358 4424 3439 4478 eis
3483 4441 3553 4480 ex
3584 4441 3686 4479 na-

1989 4514 2145 4567 tione
2201 4514 2528 4568 Sclavorum
2573 4519 2743 4568 notus
2790 4513 3140 4585 imperatori,
3203 4513 3303 4584 qui
3350 4530 3479 4568 mox
3523 4516 3686 4585 palu-

1992 4602 2324 4657 damentum
2375 4618 2489 4672 quo
2523 4606 2647 4656 erat
2693 4602 2929 4655 indutus
2970 4617 3185 4655 exuens
3214 4600 3257 4665 ⁸,
3294 4607 3358 4655 ut
3386 4618 3453 4656 eo
3485 4601 3686 4657 indue-

1991 4697 2150 4744 retur
2190 4696 2246 4744 et
2292 4691 2444 4745 nuda
2494 4690 2754 4744 membra
2802 4691 3117 4759 obtegeret,
3166 4689 3403 4744 tradidit
3442 4694 3498 4745 et
3539 4701 3687 4745 nutu

1991 4796 2104 4850 quo
2134 4784 2357 4851 poterat
2385 4778 2596 4846 innuit,
2625 4778 3007 4849 suspicionem
3044 4777 3233 4832 nautis
3281 4778 3579 4845 adimeret,
3614 4795 3686 4834 ne

1991 4868 2511 4923 animadverterent
2537 4866 2581 4933 9,
2614 4866 2825 4938 ipsum,
2877 4866 2975 4937 qui
3007 4872 3176 4932 esset,
3227 4882 3373 4920 esse.
3408 4869 3458 4921 Is
3488 4868 3683 4932 etiam,

1992 4958 2272 5027 adprima
2319 4955 2702 5029 persuasionis
2764 4954 2812 4989 ¹⁰
2865 4955 3093 5025 eloquio
3156 4955 3416 5022 idoneus,
3476 4955 3574 5021 ait,
3638 4956 3685 5009 si

1588 5084 1820 5137 νΑΒΙίΕ
1875 5082 2270 5138 LECTIONES.

253 5182 552 5235 'numeros
604 5180 800 5249 adjeci.
874 5182 893 5213 ’
949 5180 1224 5251 regnique
1276 5196 1323 5234 ο.

1401 5183 1423 5216 ³
1455 5197 1612 5234 cesar
1658 5195 2046 5248 nonnunquam
2096 5196 2141 5234 ο.
2193 5184 2243 5234 et
2274 5181 2389 5233 alia
2437 5177 2706 5246 ejusmodi
2743 5192 2785 5232 e.

2845 5196 2899 5246 gr.
2935 5175 3155 5246 regine,
3214 5175 3379 5235 lctus,
3438 5174 3680 5242 editicia,

177 5267 341 5332 eg‘er,
400 5252 573 5321 cepit,
630 5245 1211 5332 piegulhcenobiuin,
1270 5252 1495 5322 equavi,
1541 5253 1646 5332 nsed
1674 5245 1983 5332 plurimum
2016 5267 2067 5316 e,
2101 5268 2167 5305 a.
2221 5267 2274 5332 oe
2300 5245 2508 5332 scribit.
2584 5247 2621 5303 ’⁸.
2656 5248 2715 5302 lii
2745 5252 2797 5328 2.
2859 5245 2898 5328 '5
2927 5245 3196 5317 spiritalis
3236 5262 3279 5301 ο.
3358 5246 3382 5282 ⁵
3415 5262 3590 5300 manu
3623 5250 3678 5301 2.

180 5358 199 5390 ι
220 5320 574 5377 delictorum
600 5320 648 5376 cI
728 5320 752 5355 ⁸
783 5321 977 5376 exiens
1006 5338 1144 5378 corr.
1177 5320 1391 5376 exuens
1421 5339 1467 5376 ο.

1541 5320 1564 5356 ⁹
1594 5320 2075 5377 animaverterent
2102 5338 2148 5376 c.

2230 5320 2275 5355 ¹⁰
2320 5324 2402 5375 ita
2428 5323 2494 5374 E.
2522 5318 2903 5390 persuasioris
2926 5333 2973 5371 ο.

1822 5420 2043 5474 NOTAE.

249 5517 369 5585 (20)
403 5515 626 5571 Scilicet
656 5515 954 5571 Deoderici
982 5515 1257 5587 episcopi.

2057 5516 2166 5587 (21)
2201 5518 2473 5572 Rossano.
