4016 6202
316 241 413 296 447
1269 240 1578 296 ALPERTI
1616 241 1671 295 S.
1715 239 2187 297 SYMPHORIANI
2227 242 2523 297 METENS.
2562 240 2863 296 MONACH.
3718 244 3805 296 iis

319 363 553 419 monitis
582 363 701 417 suis
745 378 944 417 aurem
991 362 1319 434 praeberent
1364 366 1419 416 et
1448 361 1698 417 consiliis
1748 361 2023 417 obsecun-
2058 364 2103 417 A
2138 364 2415 435 permisit.
2450 364 2577 434 Ipse
2634 367 2831 417 autem
2883 378 3011 445 pum
3065 362 3379 417 Deoderico
3429 362 3663 434 praesule
3710 365 3807 421 lto-

318 453 540 518 darent,
590 451 1080 506 fortunatissimos
1120 452 1177 505 in
1206 450 1365 506 brevi
1395 450 1656 517 futuros;
1704 467 1817 506 non
1852 452 2020 522 longe

319 542 453 595 hinc
500 540 696 594 abesse
749 542 979 595 Hohsan
1022 541 1065 576 ¹¹
1099 539 1385 594 civitatem
1419 556 1432 594 :
1468 542 1526 593 in
1557 556 1667 610 qua
1696 556 1879 595 omnes
1907 543 2019 595 the-

322 631 475 684 sauri
503 629 709 684 Ottonis
750 629 989 681 Casaris
1028 628 1126 682 sub
1156 629 1337 691 istius,
1371 629 1467 695 qui
1496 627 1863 683 cubicularius
1904 630 2020 697 ejus

320 723 417 785 est,
472 716 719 771 custodia
777 717 1107 782 retinentur;
1168 731 1394 784 quorum
1456 717 1755 770 maximam
1807 722 2021 785 partem

319 807 468 861 vobis
525 806 764 858 dandam
810 807 1049 873 profecto
1094 807 1373 869 noveritis,
1426 805 1566 859 himc
1602 807 1653 858 si
1690 806 1817 859 illuc
1847 806 2020 858 duxe-

322 896 446 949 ritis
474 901 524 949 et
557 896 854 949 libertatem
883 895 1003 960 frui
1027 895 1404 962 permiseritis.
1455 895 1550 948 His
1577 893 1805 961 auditis,
1838 900 1896 947 et
1924 894 2018 947 in-

324 984 502 1038 vicem
534 999 593 1036 se
618 980 1209 1052 circumspicientibus
1239 987 1296 1035 et
1324 983 1503 1036 multa
1533 983 1599 1036 ad
1634 983 1754 1036 haec
1783 982 1934 1036 inter
1961 998 2020 1035 se

323 1072 767 1139 conferentibus,
798 1071 1050 1135 tandem,
1078 1075 1142 1123 ut.
1172 1075 1256 1124 est
1287 1086 1411 1124 mos
1440 1071 1710 1125 humanae
1741 1070 2019 1142 cupidita-

322 1162 414 1223 tis,
449 1176 547 1231 spe
573 1161 825 1229 pecuniae
857 1159 1031 1213 illecti
1063 1175 1074 1212 :
1102 1159 1181 1222 Si,
1216 1174 1335 1229 quae
1370 1158 1790 1228 pollicitaveris,
1840 1158 2019 1227 aiunt,

323 1264 379 1302 re
404 1251 822 1316 perpetravcris,
872 1248 1227 1301 hortationem
1263 1249 1475 1301 consilii
1506 1250 1586 1301 tui
1613 1250 1730 1301 sine
1762 1247 2023 1301 dilatione

323 1337 715 1405 aggredimur!
748 1367 815 1375 —
845 1338 984 1389 Huic
1024 1336 1432 1404 pollicitationi,
1466 1335 1673 1406 inquit,
1721 1352 1803 1389 me
1843 1338 2023 1405 ipsum

323 1431 373 1480 et
402 1426 561 1495 (idem
603 1428 902 1493 interpono.
948 1425 1139 1477 Nautae
1168 1422 1426 1477 videntes
1473 1424 1849 1477 constantiam
1882 1440 2012 1493 pro-

327 1513 596 1579 missoris,
628 1514 698 1567 de
727 1513 891 1582 cujus
924 1528 1021 1565 ore
1056 1511 1404 1581 pendebant,
1455 1512 1786 1583 semetipsos
1816 1514 2023 1567 cohor-

327 1602 614 1669 tabantur,
664 1602 938 1666 dicentes,
971 1606 1241 1654 extremm
1273 1600 1578 1654 dementia
1623 1616 1765 1665 esse,
1800 1616 1867 1653 ea
1898 1615 2023 1671 qua:

317 1691 450 1761 jure
480 1689 548 1743 ab
580 1689 662 1742 eis
688 1705 790 1759 pro
823 1688 1219 1758 redemptione
1241 1688 1448 1758 captivi
1477 1687 1806 1758 accipienda
1832 1693 2024 1741 essent

325 1793 355 1831 e
388 1776 655 1830 manibus
686 1774 974 1829 amittere.
1017 1775 1138 1827 Mox
1177 1774 1425 1844 impulsa
1455 1774 1605 1841 navi,
1644 1779 1923 1828 venerunt
1953 1774 2023 1828 ad

326 1864 667 1936 priedictum
726 1864 915 1916 locum
979 1862 1211 1917 Rohsan
1259 1863 1567 1928 civitatem,
1621 1868 1677 1917 et
1732 1863 2022 1934 applicue-

326 1959 462 2007 runt
493 1954 557 1988 ¹²’
591 1954 801 2006 Ductor
830 1967 962 2005 vero
990 1967 1192 2005 eorum
1223 1967 1459 2004 cernens
1490 1951 1683 2005 omnia
1711 1953 1816 2006 sub
1846 1952 2025 2005 animi

328 2038 418 2093 sui
447 2039 742 2092 voluntate
780 2053 901 2090 esse
943 2039 1264 2103 convoluta,
1307 2039 1472 2092 laetus
1518 2038 1701 2109 surgit
1746 2043 1803 2092 et
1832 2038 2025 2109 paucis

329 2128 666 2183 cohortatur
712 2131 943 2191 nautas;
977 2132 1040 2179 ut.
1087 2126 1271 2180 securi
1301 2128 1424 2196 ejus
1467 2127 1715 2181 reditum
1765 2132 2026 2198 expecta-

328 2220 476 2283 rent,
510 2214 815 2286 preecepit;
863 2231 921 2267 se
968 2214 1207 2283 iturum,
1240 2220 1297 2269 et
1338 2216 1599 2269 celeriter
1626 2215 2027 2269 subsecuturos

330 2304 536 2375 captivi
586 2319 714 2356 cum
778 2303 1041 2373 pecunia,
1090 2320 1274 2373 'quam
1333 2303 1694 2374 promi-erat,
1758 2305 2028 2358 adductu-

332 2410 462 2447 rum
505 2393 569 2445 13.
621 2393 730 2457 Qui
778 2392 1019 2446 festinus
1068 2392 1361 2462 ingressus
1408 2393 1716 2459 civitatem,
1753 2393 2019 2447 Deoderi-

333 2497 462 2535 cum
488 2481 814 2550 pontiﬁcem
847 2481 1120 2550 repperit,
1146 2481 1246 2551 qui
1268 2480 1613 2552 imperatore
1635 2482 2028 2552 proﬁciscente

335 2569 405 2622 ad
438 2568 701 2637 praelium
732 2567 814 2621 ibi
846 2583 977 2622 cum
1006 2568 1205 2637 regina
1239 2569 1596 2638 'l‘tieophanu
1625 2568 1855 2622 relictus
1885 2572 2026 2633 erat,

334 2656 533 2727 illique
571 2672 804 2711 omnem
856 2656 938 2709 rei
997 2657 1261 2710 ordinem
1325 2658 1632 2727 expromit,
1690 2662 1746 2710 et
1799 2656 1858 2711 id
1899 2672 2029 2710 cum

334 2761 560 2799 summo
605 2745 833 2799 silentio
878 2745 1200 2814 supprimat
1244 2751 1458 2809 monet,
1510 2750 1567 2799 et
1611 2745 1679 2799 ad
1728 2761 1858 2799 eum
1900 2760 2032 2799 mox

336 2834 550 2900 veniat;
584 2834 808 2888 nullum
855 2849 1071 2899 secum,
1099 2833 1147 2886 si
1179 2833 1584 2903 imperatorem
1634 2834 1850 2886 salvum
1883 2832 2032 2886 reci-

2136 469 2285 507 mam
2319 452 2510 519 rediit,
2548 452 2742 523 ibique
2777 468 2933 523 aeger
2962 468 3077 505 non
3110 456 3240 522 post
3274 452 3490 505 multos
3521 451 3638 505 dies
3668 456 3812 508 mori-

2134 547 2229 595 tur
2257 544 2365 611 (an.
2415 543 2539 605 983,
2574 543 2691 595 Dec.
2746 540 2833 611 6);
2862 540 3015 612 apud
3062 543 3337 595 Sanctum
3372 540 3604 594 Petrum
3651 540 3707 595 in
3734 559 3813 612 pa-

2132 631 2336 700 radyso
2360 632 2524 701 juxta
2551 628 2867 683 oratorium
2901 634 3108 684 sanctae
3142 628 3336 684 Mariae
3370 628 3679 682 honoriﬁce
3701 647 3812 686 cum

2134 719 2384 772 maximo
2429 718 2562 771 ﬁetu
2615 717 2796 772 tocius
2845 717 3002 771 urbis
3042 718 3346 788 sepelitur.
3396 718 3494 771 llis
3539 716 3611 770 ita
3640 719 3812 788 gestis,

2134 804 2475 859 Deodericus
2514 807 2746 874 praesul,
2800 813 3000 875 parata
3031 804 3415 877 profectione.
3449 805 3555 858 iter
3602 807 3810 860 domum

2132 892 2531 964 proﬁciscendi
2580 894 2844 963 arripuit,
2895 899 2951 947 et
2982 910 3201 948 memor
3233 893 3458 963 regina:
3506 893 3810 964 improperii

2132 982 2403 1036 adversus
2469 982 2746 1037 Caesarem
2814 983 3037 1053 prolati.
3111 998 3309 1036 secum
3381 982 3601 1035 volvere
3651 983 3809 1053 coepit.

2129 1069 2374 1141 qualiter
2416 1068 2500 1122 illi
2535 1070 2639 1143 sub
2679 1070 2977 1122 occasione
3024 1069 3129 1123 tilii
3178 1069 3473 1138 regnandi
3519 1070 3641 1138 jura
3686 1076 3807 1123 sub-

2134 1158 2399 1211 traheret.
2436 1158 2564 1211 lliec
2590 1158 2862 1228 cogitanti
2896 1174 2985 1211 res
3015 1163 3328 1227 oportuna,
3364 1162 3431 1210 ut
3462 1156 3571 1210 sibi
3604 1156 3805 1211 videba-

2130 1249 2247 1311 tur,
2302 1251 2388 1299 set
2439 1246 2653 1315 absque
2715 1246 3211 1316 piaedestinatione
3263 1245 3373 1299 Dei
3435 1245 3637 1298 accidit
3702 1245 3806 1298 Erat

2135 1332 2367 1403 quidam
2418 1333 2657 1387 Noricus
2704 1334 2936 1387 nomine
2986 1334 3310 1395 Heinricus,
3364 1333 3455 1386 vir
3501 1348 3803 1403 magnarum

2134 1436 2330 1491 opum,
2397 1421 2679 1475 desiderio
2747 1422 3027 1491 regnandi
3082 1422 3396 1485 inductus;
3453 1437 3805 1491 quoscumque

2134 1509 2339 1579 potuit,
2392 1509 2512 1563 adit
2569 1512 2632 1575 η,
2693 1511 3129 1581 persuadetque,
3188 1525 3565 1564 communem
3603 1525 3718 1562 cum
3753 1528 3804 1562 eo

2133 1613 2360 1651 causam
2423 1603 2692 1655 statuant.
2752 1599 2943 1653 Multis
2993 1600 3405 1669 largitionibus
3453 1598 3615 1658 datis.
3670 1597 3803 1651 facile

2135 1701 2233 1737 eos
2262 1684 2331 1738 ad
2380 1701 2540 1739 suam
2596 1687 2938 1739 sententiam
2971 1685 3258 1757 perduxit.
3319 1683 3560 1739 Plurimi
3593 1684 3671 1738 his
3697 1699 3803 1755 per-

2135 1773 2495 1827 suasionibus
2546 1774 2720 1828 illecti
2763 1790 2821 1827 se
2856 1775 2905 1828 ei
2939 1775 3309 1839 dediderunt,
3345 1779 3403 1827 et
3434 1789 3563 1826 eum
3595 1788 3749 1842 super
3771 1773 3803 1806 ¹⁶

2135 1878 2193 1916 se
2225 1877 2420 1930 regem
2462 1859 2507 1896 ¹⁷
2556 1862 3022 1919 nominaverunt.
3074 1863 3178 1918 Ubi
3216 1864 3343 1916 haec
3397 1879 3430 1915 a
3482 1861 3805 1914 narrantibus

2133 1951 2367 2021 prmsuli
2419 1952 2685 2005 nuntiata
2715 1957 2867 2020 sunt,
2922 1953 3211 2006 divertens
3265 1952 3337 2004 ab
3370 1951 3573 2004 itinere
3603 1949 3665 2002 ad
3694 1964 3801 2002 eum

2135 2040 2427 2110 profectus
2473 2044 2575 2108 est,
2634 2058 2664 2094 a
2695 2057 2809 2112 quo
2860 2046 2916 2095 et
2964 2040 3011 2075 ¹⁸
3042 2040 3351 2110 magnifice
3400 2037 3715 2108 suscipitur,
3760 2042 3806 2088 et

2136 2145 2304 2183 causa
2332 2129 2481 2183 inter
2507 2145 2604 2183 eos
2632 2130 2729 2184 diu
2756 2130 2991 2201 agitata,
3031 2129 3175 2183 dolis
3207 2126 3586 2199 pseudoregis
3620 2156 3681 2165 —
3706 2129 3803 2177 erat

2137 2218 2289 2271 enim
2317 2222 2535 2271 astutus
2558 2218 2788 2288 eloquio
2810 2249 2878 2258 —
2902 2219 3107 2290 praesul
3129 2216 3601 2279 circumvenitur;
3630 2211 3804 2265 oblatis

2138 2306 2305 2361 donis
2353 2306 2577 2360 eximiis
2618 2306 2666 2341 ¹⁹
2705 2313 2760 2361 et
2790 2308 3046 2378 pluriora
3089 2323 3217 2360 cum
3266 2305 3518 2360 maxima
3562 2306 3801 2374 potestate

2136 2394 2303 2464 regni
2349 2395 2645 2464 pollicens,
2702 2395 3038 2449 electionem
3088 2399 3145 2449 et
3178 2394 3536 2449 deditionem
3583 2390 3721 2454 fecit,
3760 2392 3805 2440 et

2138 2484 2210 2537 ad
2240 2490 2489 2554 emptum
2537 2484 2647 2538 iter
2675 2501 2938 2538 reversus
2981 2490 3065 2538 est
3095 2485 3207 2554 (an.
3261 2483 3412 2553 984).
3447 2481 3690 2549 Cumque
3716 2478 3801 2530 hoc
3872 2502 3885 2513 ι

2138 2572 2351 2627 factum
2382 2574 2493 2626 late
2540 2589 2643 2644 per
2687 2573 2936 2643 populos
2984 2572 3498 2643 percrebresceret,
3532 2583 3739 2639 prorsus
3762 2563 3802 2599 ²⁰

2140 2668 2262 2716 erat
2308 2662 2500 2715 nullus
2548 2677 2808 2715 summus
2856 2678 3045 2732 neque
3090 2661 3391 2728 minimus,
3438 2658 3534 2729 qui
3566 2672 3677 2726 ejus
3702 2660 3801 2708 acta

2139 2766 2256 2804 non
2285 2750 2666 2804 detestaretur
2697 2767 2710 2804 :
2743 2766 2872 2803 cum
2906 2766 3037 2804 eum
3074 2751 3263 2803 locum
3302 2748 3503 2819 gratiae
3540 2745 3677 2815 apud
3706 2743 3800 2795 im—

2140 2844 2465 2911 peratorem
2495 2842 2735 2899 teneret,
2768 2844 2829 2891 ut
2868 2854 3037 2891 nemo
3076 2838 3134 2890 in
3163 2837 3326 2891 omni
3359 2852 3536 2905 regno
3559 2829 3798 2903 potentia,

331 2940 469 2995 ΡΘΓΘ
500 2923 680 2992 cupit.
727 2928 938 2993 Ρτωιθῐ·
966 2923 1107 2976 duos
1138 2922 1346 2975 Virtute
1391 2923 1663 2992 PPObatOS
1698 2922 1907 2975 Πιὶιὶὶθδ
1935 2938 2028 2974 ευ-
2062 2929 2101 2982 C
2140 2926 2375 2981 consilio
2406 2930 2463 2978 et
2504 2926 2889 2980 familiaritate
2940 2927 3090 2995 regis
3118 2941 3250 2979 eum
3304 2921 3659 2994 praecederet,
3702 2932 3796 2970 non

332 3017 473 3066 mat.
511 3011 816 3081 Episcopus
846 3010 1074 3081 gavisus
1103 3011 1171 3064 de
1212 3010 1596 3064 incolomitate
1627 3011 1777 3080 regis
1812 3010 2030 3064 domini

334 3100 443 3167 sui,
480 3100 723 3169 Liuponi
770 3106 828 3153 et
853 3099 1151 3153 Richizoni
1196 3098 1476 3152 militibus
1506 3099 1643 3165 suis,
1678 3115 1870 3153 secum
1900 3116 2029 3170 per-

335 3194 474 3260 gant
522 3189 585 3253 1‘,
631 3188 828 3256 jussit;
867 3203 925 3241 se
963 3186 1114 3240 foras
1146 3202 1338 3240 muros
1384 3187 1645 3250 civitatis,
1680 3188 1825 3242 situs
1871 3189 2030 3242 loco-

337 3292 464 3330 rum
498 3282 555 3329 et
584 3275 826 3329 aediﬁcia
866 3275 1168 3329 domorum
1218 3274 1438 3328 visendi
1487 3274 1691 3346 gratia,
1722 3277 2031 3346 procedere

337 3365 499 3418 velle.
554 3364 618 3418 Et
658 3365 851 3418 exiens
899 3363 1264 3418 altitudinem
1322 3364 1481 3422 navis
1540 3369 1911 3435 conspexerat
1965 3394 2027 3405 —

338 3458 459 3506 erat
490 3452 646 3505 enim
692 3452 838 3506 miro
868 3467 1041 3523 opere
1088 3452 1402 3507 secundum
1434 3453 1760 3507 Graecorum
1810 3470 2027 3508 morem

337 3546 682 3605 constructa,
709 3572 777 3582 —
804 3547 860 3595 et
888 3540 1083 3596 subtili
1109 3541 1320 3595 intuitu
1353 3542 1650 3596 introitum
1683 3543 1805 3612 ejus
1836 3544 2031 3612 explo-

337 3631 499 3692 ravit.
562 3635 619 3684 et
668 3630 899 3685 tandem
958 3631 1082 3683 nisu
1139 3647 1254 3702 quo
1302 3632 1510 3700 potuit,
1569 3631 1859 3685 difﬁcilem
1909 3632 2032 3701 ejus

337 3734 632 3774 ascensum
655 3720 966 3789 superavit.
990 3719 1363 3789 Conspicatur
1383 3735 1519 3789 ergo
1539 3720 1840 3773 dominum
1863 3721 2032 3791 longe

337 3809 407 3863 ab
444 3809 659 3863 honore
706 3808 866 3878 regio
906 3808 1221 3874 sedentem,
1253 3814 1308 3862 et
1349 3809 1615 3862 manibus
1645 3809 1896 3879 applosis
1926 3811 2034 3863 ele-

336 3905 463 3954 veta
491 3914 628 3952 voce
673 3898 959 3966 clamavit,
990 3914 1202 3969 rexque
1246 3898 1377 3952 ilico
1407 3898 1560 3951 haud
1590 3898 1844 3968 segniter
1880 3898 2034 3953 foras

338 3988 557 4042 exiluit.
611 3988 811 4042 Nautze
856 4002 989 4041 vero
1038 3987 1288 4056 primum
1331 3984 1642 4039 familiares
1685 3985 1892 4056 captivi
1934 4003 2032 4056 pe-

338 4077 566 4130 cuniam
622 4081 914 4146 portantes
963 4074 1267 4140 arbitrati;
1314 4077 1400 4127 set
1447 4089 1575 4127 cum
1624 4074 1790 4127 aliter
1825 4090 1891 4129 ac
1927 4074 2036 4128 rati

339 4171 502 4219 erant
538 4165 852 4229 accidisset,
893 4179 1053 4216 arma
1097 4179 1300 4232 capere
1349 4163 1726 4235 hostibusque
1774 4164 2034 4220 resistere

339 4254 716 4325 temptabant.
768 4252 973 4306 Milites
1005 4267 1137 4304 vero
1168 4252 1424 4323 praedicti
1476 4252 1653 4322 Liupo
1685 4258 1741 4307 et
1788 4254 2033 4307 Bicliezo

286 4396 293 4399 .
341 4344 673 4414 episcopum
721 4348 785 4395 ut
832 4339 1129 4395 celerrime
1177 4341 1375 4406 exiret,
1424 4343 1853 4408 ammonebant,
1895 4358 2034 4396 cun-

341 4434 589 4484 ctantem
629 4428 702 4481 ob
754 4429 1019 4481 timorem
1078 4428 1515 4494 submersionis,
1564 4429 1618 4483 vi
1668 4430 1838 4483 etiam
1879 4434 2036 4484 veste

342 4520 513 4572 scissa
560 4517 630 4571 de
659 4517 789 4571 navi
840 4508 1533 4589 eiecerunt,‘magnoque
1576 4518 1796 4588 impetu
1825 4518 2037 4572 strictis

342 4606 549 4678 gladiis
614 4605 672 4659 in
736 4610 941 4661 nautas
1011 4606 1180 4672 facto,
1244 4607 1386 4660 alios
1450 4606 1833 4671 interficiunt,
1898 4606 2037 4660 alios

342 4697 626 4762 sauciant;
677 4692 775 4750 alii
820 4697 925 4751 sub
972 4701 1222 4751 transtra
1269 4696 1578 4761 delituunt,
1631 4695 1728 4749 alii
1778 4696 2037 4750 certatim

342 4802 400 4839 se
427 4786 498 4841 de
545 4784 677 4840 navi
716 4784 973 4856 ejiciunt,
1025 4789 1081 4839 et
1109 4801 1239 4839 cum
1270 4784 1527 4855 periculo
1567 4783 1698 4838 vitae
1744 4784 1951 4855 pelago
1974 4800 2037 4837 se

341 4873 723 4928 crediderunt.
777 4875 891 4928 Rex
920 4890 1055 4929 vero
1100 4874 1396 4927 innectens
1437 4872 1607 4926 nudis
1651 4871 1894 4943 pedibus
1921 4871 2036 4925 cal-

341 4962 493 5017 caria
522 4968 580 5016 et
609 4978 840 5016 ascenso
872 4978 1043 5033 equo,
1090 4977 1291 5015 omnes
1321 4960 1492 5016 traxit
1521 4962 1592 5015 ad
1636 4966 1869 5015 terram.
1909 4961 2040 5025 Qui-

342 5051 451 5106 bus
497 5050 830 5105 necessariis
889 5049 1229 5105 liberalitate
1276 5049 1434 5116 regia
1477 5049 1827 5103 sufﬁcienter
1874 5049 2037 5103 attri-

342 5140 494 5195 butis
521 5144 576 5194 et
604 5139 999 5212 copiosissima
1041 5135 1286 5206 pecunia
1313 5136 1522 5191 ditatos
1552 5138 1711 5192 abire
1741 5154 1870 5193 cum
1900 5155 2038 5211 pace

2140 3016 2346 3070 debere
2392 3031 2523 3069 eum
2566 3020 2791 3069 tantum
2840 3014 3062 3069 facinus
3108 3014 3153 3047 ²¹
3196 3019 3398 3066 contra
3434 3009 3675 3064 omnium
3702 3002 3800 3072 opi-

2139 3105 2373 3159 nionem
2424 3105 2695 3158 adversus
2747 3105 2930 3158 ﬁlium
2980 3103 3135 3172 regis
3187 3103 3569 3156 committere.
3625 3095 3795 3162 Sicque

2138 3194 2350 3248 factum
2383 3199 2488 3259 est,
2516 3198 2581 3246 ut
2614 3194 2752 3246 dum
2784 3192 3102 3261 repentinae
3131 3207 3251 3245 suae
3295 3184 3598 3245 temeritati
3623 3194 3793 3235 consu-

2140 3282 2257 3335 lere
2286 3282 2489 3347 noluit,
2523 3281 2837 3334 multorum
2871 3280 2938 3333 ad
2970 3279 3058 3332 sui
3093 3279 3526 3349 derogatiouem
3555 3287 3647 3325 ora
3682 3281 3793 3335 ape-

2143 3370 2255 3423 ruit
2283 3370 2352 3424 ".
2389 3369 2642 3439 Denique
2672 3384 2804 3422 cum
2845 3366 3109 3438 plurimis
3144 3365 3505 3437 principibus
3546 3361 3659 3429 ejus
3684 3369 3792 3408 con-

2139 3455 2332 3509 silium
2390 3455 2692 3525 displicere
2760 3454 3062 3523 comperit,
3122 3454 3258 3524 quia
3320 3453 3409 3506 his
3470 3448 3648 3504 insciis
3698 3445 3793 3496 haec

2140 3544 2332 3598 omnia
2363 3548 2574 3613 egerat,
2610 3559 2819 3612 magno
2848 3542 3046 3596 dolore
3077 3541 3332 3609 affectus,
3370 3537 3521 3593 domi
3559 3551 3613 3588 se
3651 3528 3793 3584 conli-

2141 3634 2290 3700 nuit,
2320 3639 2379 3688 et
2407 3648 2689 3702 nusquam
2738 3630 3085 3701 digrediens,
3123 3629 3625 3699 transgressionem
3661 3630 3792 3673 suam

2142 3723 2357 3776 occulte
2386 3736 2575 3774 secum
2630 3720 3024 3773 miserebatur.
3071 3721 3205 3773 Post
3254 3734 3373 3772 non
3428 3715 3655 3769 multum
3683 3713 3793 3760 tem-

2142 3811 2296 3880 poris
2319 3809 2665 3880 aegritudine
2691 3814 2991 3880 superatus
3017 3808 3078 3862 in
3113 3810 3322 3862 lectum
3350 3803 3574 3867 decidit,
3605 3806 3654 3852 et
3676 3795 3793 3849 circa

2142 3899 2409 3970 quintum
2444 3898 2844 3967 praedictorum
2894 3903 3113 3967 septem
3151 3910 3439 3950 annorum
3477 3885 3714 3949 decessit,
3751 3884 3793 3931 et

2144 3986 2204 4040 in
2232 3986 2492 4041 coenobio
2519 3986 2697 4040 sant-ti
2747 3986 3048 4049 Vincentii,
3082 3985 3232 4056 quod
3276 3984 3401 4054 ipse
3441 3972 3732 4034 construxit
3753 3971 3794 4020 et

2144 4075 2466 4129 innumeris
2537 4080 2709 4146 atque
2773 4074 3148 4144 amplissimis
3232 4065 3601 4127 accumulavit
3656 4072 3792 4149 orna:

2147 4164 2374 4228 mentis,
2430 4165 2746 4217 tumulatus
2803 4169 2887 4217 est
2941 4164 3009 4217 ³³.
3069 4165 3199 4218 Haec
3255 4163 3319 4215 in
3364 4165 3606 4213 extrema
3649 4152 3791 4203 nostri

2146 4253 2410 4323 praesulis
2455 4256 2621 4306 aetate
2665 4256 2808 4320 acta,
2857 4253 2929 4306 ab
2960 4267 3026 4306 eo
3054 4252 3151 4322 qui
3182 4252 3242 4304 in
3292 4251 3416 4320 ejus
3466 4248 3579 4298 erat
3606 4234 3791 4323 assidue

2145 4341 2437 4412 obsequiis
2501 4341 2749 4410 cognita,
2817 4340 3054 4408 confeci,
3117 4356 3233 4394 non
3280 4329 3657 4407 comparantia
3697 4322 3792 4391 eius

2146 4430 2535 4499 superioribus
2564 4431 2741 4500 gestis
2766 4430 2837 4484 ab
2866 4429 2963 4483 illo
2990 4428 3401 4500 gloriosissime
3424 4417 3664 4495 peractis,
3688 4424 3788 4480 qm"

2147 4520 2279 4589 quia
2310 4519 2558 4590 pleniter
2596 4525 2730 4572 nota
2758 4535 2871 4572 non
2898 4524 3078 4579 erant,
3113 4535 3141 4572 a
3175 4517 3336 4572 nobis
3367 4507 3642 4585 praeterita
3666 4501 3785 4590 sunt.

2146 4607 2351 4661 Verum
2382 4607 2562 4677 aliqui
2592 4607 2840 4678 quadam
2890 4607 3256 4660 miseratione
3294 4600 3472 4658 animi
3516 4588 3689 4678 mirari
3723 4599 3790 4678 ἔθ’

2147 4696 2288 4761 lent,
2322 4676 2625 4767 quomodo
2658 4695 2745 4748 vir
2796 4694 2926 4748 talis
2959 4711 3024 4749 ac
3052 4698 3137 4748 tot
3179 4692 3481 4747 virtutibus
3527 4676 3787 4767 praedictus

2146 4784 2216 4838 ab
2261 4790 2412 4838 statu
2461 4800 2579 4838 suae
2622 4783 2973 4838 auctoritatis
3004 4789 3121 4838 tam
3150 4782 3313 4837 facile
3362 4776 3577 4834 deviare
3612 4767 3787 4837 potans-

2147 4877 2343 4949 δεῖν,οῐ
2381 4877 2506 4943 regi
2550 4871 2825 4944 praedicto
2856 4877 2971 4925 tam
3015 4876 3249 4940 repente
3279 4870 3403 4924 sine
3431 4857 3651 4919 consilio
3678 4861 3783 4949 suo—

2146 4941 2277 5015 rum
2310 4978 2368 5015 se
2398 4960 2684 5015 subderet.
2722 4960 2863 5015 Huic
2892 4958 3285 5014 ammirationi
3314 4950 3597 5025 responSio
3627 4940 3784 5040 nostra

2147 5049 2252 5104 hac
2291 5049 2653 5104 excusatione
2706 5049 2870 5103 facile
2918 5046 3263 5104 medebitur.
3306 5038 3525 5101 Recenti
3557 5035 3691 5089 enim
3716 5035 3783 5075 ca—

2146 5139 2427 5203 lamitate,
2483 5142 2654 5210 atque
2711 5139 2910 5193 dolore
2957 5136 3280 5192 vehementi
3320 5151 3432 5206 quo
3471 5116 3785 5199 premebam

1755 5279 1985 5336 VARIE
2036 5279 2435 5335 LECTIONES.

1293 5392 1336 5425 ¹³
1370 5389 1748 5445 adventurum
1808 5394 1854 5445 t.

1226 5463 1269 5495 ²¹
1303 5462 1503 5517 faenus
1538 5464 1557 5515 1
1575 5501 1588 5515 .

421 5396 461 5429 ιι
496 5393 732 5448 rothsan
762 5395 823 5462 2._
897 5392 941 5425 ¹²
990 5391 1104 5462 apl.
1165 5394 1208 5445 t.

360 5463 404 5499 '9
430 5463 633 5520 eximis
656 5478 701 5517 c.
781 5460 830 5495 ²⁰
859 5460 1064 5531 prosus
1099 5466 1145 5515 t.

1938 5392 1981 5427 ιι
2026 5394 2307 5460 peragant
2340 5393 2386 5444 t.

1665 5463 1713 5496 ²²
1745 5461 2011 5532 apperuit
2043 5464 2090 5514 t.

3588 5370 3625 5404 ιε
3671 5369 3714 5418 ιο
3742 5360 3776 5409 Ι.

2468 5387 2513 5424 ¹⁵
2551 5389 2695 5444 adiit
2742 5393 2796 5443 2.
2879 5390 2921 5424 ¹⁶
2952 5387 3056 5442 sub
3091 5405 3136 5442 c.

2171 5460 2218 5495 ³³
2248 5476 2422 5515 vocem
2455 5463 2518 5514 E.
2549 5461 2742 5530 supple
2765 5463 2826 5514 it.

3219 5389 3259 5421 ¹⁷
3318 5398 3445 5453 rege
3472 5396 3512 5433 6.
