4016 6202
193 263 308 320 449

1387 258 1518 317 LIB.
1565 259 1658 316 DE
1703 257 2058 319 EPISCOPIS
2097 262 2557 320 METENSIBUS.
3627 271 3728 324 450

193 403 272 440 ex
330 381 666 439 amicissimi
717 387 776 436 et
823 381 1282 452 conjunctissimi
1330 381 1434 434 viri
1489 385 1696 446 morte,
1747 380 1918 434 desti-
1943 385 1988 436 A
2029 388 2222 436 autem
2261 382 2444 436 adhuc
2483 388 2611 453 post
2651 383 3112 438 emendationem
3155 386 3524 454 pertinatiam
3560 389 3608 422 ³ο
3638 394 3734 444 de-

193 483 358 530 tutus
407 479 462 527 et
501 475 768 536 altiictus,
835 477 892 524 et
939 471 1155 542 reginae
1203 471 1523 540 obprobriis
1571 470 1918 537 stimulatus,

193 565 490 634 simulque
517 563 670 631 regis
694 561 958 631 praedicti
985 559 1452 613 assertationibus
1482 559 1529 592 ²¹³
1559 559 1823 612 seductus
1849 561 1918 626 95,

193 669 370 725 paene
427 651 790 704 obliviscitur
821 648 871 683 ³⁵
922 649 1030 713 sui,
1067 653 1122 701 et
1152 650 1344 702 animo
1375 649 1430 701 in
1464 649 1686 702 diversa
1714 647 1920 701 distra-

195 750 312 808 cto,
347 741 485 810 quid
519 745 720 809 ageret
754 739 1010 792 incertus
1041 744 1180 791 erat.
1215 738 1309 791 Set
1337 744 1532 790 tamen
1583 753 1696 788 non
1726 737 1926 790 deerat

197 832 252 885 ei
309 829 598 882 verissimi
651 828 896 880 scientia
949 831 1004 879 et
1050 827 1193 880 ratio
1243 826 1483 888 consilii,
1526 824 1737 894 quibus
1781 843 1922 878 sem-

197 936 306 990 per
361 934 486 988 prm
548 917 823 970 omnibus
882 915 1180 985 pollebat;
1222 914 1362 984 quin
1406 915 1462 968 id
1512 913 1570 965 in
1617 913 1774 966 brevi
1831 930 1922 966 re-

195 1007 404 1061 sarciri
455 1013 512 1059 et.
560 1007 628 1058 ad
679 1021 844 1057 suam
907 1003 1208 1074 pristinam
1266 1003 1574 1072 perducere
1611 1007 1808 1070 posset
1846 1001 1926 1054 di-

197 1097 512 1166 gnitatem,
583 1095 668 1146 illi
740 1093 960 1146 diutius
1017 1092 1064 1144 si
1117 1091 1302 1143 vivere
1373 1092 1642 1146 licuisset.
1709 1090 1923 1146 Verum

197 1187 344 1240 dum
411 1183 677 1236 omnium
746 1182 1002 1235 virorum
1061 1185 1391 1234 nostrorum
1477 1197 1676 1234 causas
1746 1178 1926 1231 subli-

197 1275 390 1326 mium
445 1272 772 1336 considero,
829 1269 970 1322 nihil
1019 1269 1078 1322 in
1130 1269 1211 1322 eis
1259 1269 1544 1338 repperio,
1591 1268 1746 1338 quod
1810 1282 1922 1320 non

196 1363 330 1430 ejus
379 1362 518 1414 vitae
564 1358 840 1427 eligantia
881 1362 1151 1428 superet;
1193 1361 1248 1409 et
1292 1357 1398 1410 hoc
1447 1357 1690 1427 quisque
1751 1355 1925 1408 etiam

195 1451 428 1503 crimen
491 1448 838 1516 arrogantiae
880 1447 1056 1508 subit,
1093 1445 1140 1498 si
1187 1445 1488 1510 existimet,
1523 1463 1582 1498 se
1611 1445 1742 1496 vitie
1775 1445 1924 1496 Deo—

197 1539 384 1594 derici
419 1539 703 1606 cujusque
745 1535 963 1606 judicio
996 1552 1165 1604 pesse
1197 1536 1536 1604 Comparari.
1567 1533 1728 1588 Multi
1764 1549 1924 1585 nam-

197 1644 316 1698 que
371 1643 488 1678 non
539 1643 568 1676 a
617 1641 676 1676 se
729 1624 886 1692 ipsis,
939 1628 1022 1676 set
1081 1639 1144 1676 ex
1195 1623 1440 1675 aliorum
1490 1621 1786 1674 beneficiis
1833 1622 1920 1674 vel

197 1716 381 1767 etiam
437 1713 677 1782 rapinis,
733 1713 1047 1782 locupletes
1092 1715 1148 1764 et
1191 1711 1327 1764 clari
1359 1709 1404 1744 ’7
1447 1710 1660 1774 eti'ecti;
1709 1709 1928 1762 Deode-

199 1804 360 1856 ricus
392 1818 529 1854 vero
563 1802 736 1870 longe
767 1801 928 1852 aliter
966 1799 1353 1869 generositate
1394 1805 1706 1868 parentum
1744 1803 1800 1849 et
1831 1814 1924 1852 ex-

197 1890 478 1944 cellentia
521 1891 832 1958 majorum,
868 1905 934 1940 ex
985 1887 1186 1940 innata
1237 1904 1470 1957 quoque
1511 1885 1676 1956 copia
1721 1902 1926 1955 magna

197 1981 562 2051 praediorum
614 1977 960 2030 clarissimus
1017 1975 1284 2030 habetur.
1327 1978 1507 2030 Aliter
1551 1974 1731 2041 enim,
1780 1975 1928 2026 vires

197 2073 330 2139 ejus
382 2065 803 2136 magnitudinis
843 2065 910 2116 ab
941 2065 1182 2118 ineunte
1217 2070 1385 2117 mtate
1431 2081 1628 2118 secum
1675 2077 1928 2115 crescere

195 2162 250 2210 et
296 2171 423 2209 suae
474 2156 718 2223 gloriam
770 2154 1038 2222 potentias
1083 2169 1263 2222 usque
1295 2153 1352 2206 in
1386 2154 1561 2206 tinem
1610 2151 1744 2203 vitae
1778 2151 1928 2219 apud

195 2265 253 2299 se
307 2244 648 2310 consistere,
711 2242 1039 2311 impossible
1100 2245 1265 2294 esset.
1317 2240 1500 2304 Quam
1553 2239 1832 2308 frequens
1875 2239 1931 2291 et

194 2335 442 2388 sedulus
472 2333 618 2384 circa
650 2347 769 2383 suae
800 2332 1039 2382 salutem
1067 2329 1278 2382 animae
1303 2329 1495 2392 fuerit,
1521 2327 1927 2383 testimonium

193 2431 282 2478 est
319 2423 639 2476 oratorium
671 2420 849 2472 sancti
897 2417 1199 2483 Vincentii,
1249 2417 1317 2470 de
1349 2434 1464 2487 quo
1495 2433 1677 2487 supra
1709 2416 1927 2468 dictum

193 2519 302 2578 est,
353 2512 413 2564 in
461 2511 648 2563 insula
699 2509 940 2562 Mosellae
979 2505 1236 2559 lluminis
1282 2505 1435 2558 foras
1487 2521 1691 2560 muros
1743 2504 1928 2557 Mettis

191 2601 449 2656 civitatis
480 2615 654 2668 opere
697 2596 994 2666 magnifico
1026 2597 1096 2648 ab
1129 2611 1193 2647 eo
1215 2600 1642 2658 constructum,
1681 2593 1740 2645 in
1773 2594 1926 2663 quod

193 2691 376 2744 etiam
407 2688 787 2758 plurimorum
830 2701 1062 2754 corpora
1111 2688 1436 2736 sanctorum
1473 2701 1545 2738 ex
1597 2681 1652 2716 93
1705 2683 1928 2751 longin-

195 2796 336 2850 quis
379 2777 710 2848 regionibus
754 2775 848 2845 pio
895 2773 1078 2826 studio
1112 2772 1343 2824 advecta
1390 2771 1716 2843 congessit.
1764 2770 1930 2833 Quic-

197 2869 342 2939 quid
369 2871 540 2920 etiam
571 2863 856 2918 facultatis
877 2861 1133 2916 cmnobio
1155 2866 1210 2913 et
1230 2859 1680 2930 congregationi
1717 2858 1928 2911 divinis

201 2957 318 3012 sibi
349 2954 644 3026 obsequiis
679 2952 1073 3006 insistentibus
1118 2948 1378 3014 contulit,
1424 2966 1597 3021 papae
1645 2949 1920 3002 Romanae
1960 2941 1998 2996 C

204 3049 381 3112 sedis,
424 3048 704 3116 praesente
752 3042 968 3095 Caesare
1015 3041 1224 3093 Ottone
1269 3039 1540 3102 secundo,
1583 3035 1928 3090 auctoritate

207 3125 732 3188 sub-anathemate
785 3128 1074 3182 stabilivit.
1125 3125 1382 3196 Denique
1416 3127 1485 3180 de
1519 3127 1609 3180 liis
1656 3123 1930 3178 omnibus

207 3242 278 3295 pa
293 3240 366 3292 pa
395 3221 770 3289 privilegium
793 3217 1070 3271 conscribi
1090 3215 1281 3286 jussit,
1333 3220 1388 3268 et
1409 3214 1663 3282 praesule
1687 3219 1928 3282 rogante

207 3311 582 3367 dalmatieam
617 3316 676 3362 et
720 3307 974 3360 sanda'lia
1006 3304 1200 3358 abbati
1230 3303 1407 3356 sancti
1433 3301 1718 3356 Vincentii
1751 3301 1927 3364 misit,

207 3407 274 3456 ut
313 3415 541 3468 semper
573 3398 750 3452 abbas
797 3395 907 3449 loci
955 3395 1131 3456 illius,
1187 3393 1416 3445 absente
1461 3393 1750 3461 episcopo.
1785 3389 1929 3441 divi-

209 3507 358 3544 num
409 3488 664 3542 ol’ticium
720 3485 838 3537 vice
873 3483 1069 3537 suain
1121 3481 1252 3534 sede
1302 3479 1612 3550 episcopali
1659 3479 1716 3530 in
1761 3477 1930 3530 domo

211 3577 404 3631 sancti
429 3573 706 3644 Stephani
738 3569 1213 3642 prothomartyris
1245 3567 1576 3638 peregisset.

285 3666 407 3719 Hoc
458 3663 806 3732 opusculum
877 3677 983 3730 ego
1051 3659 1340 3727 Alpertus,
1405 3671 1508 3707 nec
1561 3653 1709 3705 inter
1741 3668 1932 3704 servos

215 3753 318 3809 Dei
352 3751 766 3812 nominandus,
807 3749 874 3801 de
907 3747 1152 3817 praesule
1201 3750 1394 3797 nostro
1446 3740 1678 3810 digessi,
1713 3739 1931 3809 tibique

213 3849 414 3896 sancte
459 3841 626 3894 Pater
661 3837 1052 3900 Constantine,
1098 3833 1164 3885 ad
1205 3830 1608 3900 corrigendum
1649 3827 1830 3880 direxi
1859 3825 1932 3895 *9,

213 3947 292 3985 ne
323 3929 590 3992 aemulus,
625 3927 670 3980 si
715 3925 844 3996 quis
873 3929 956 3976 est
980 3922 1080 3993 qui
1111 3920 1472 3974 dormitando
1509 3917 1653 3969 sacri
1692 3915 1931 3986 vigilem:

217 4019 300 4072 tia
371 4019 644 4071 abhorret
684 4013 854 4066 studii
906 4011 1385 4081 amplectituique
1456 4005 1592 4075 tegri
1638 4009 1932 4074 torporem

219 4106 343 4160 otii.
389 4104 608 4176 aliquid
671 4103 730 4155 in
789 4101 870 4154 eis
923 4100 990 4153 ad
1033 4097 1450 4152 detrahendum
1506 4093 1776 4163 reperiat.
1835 4091 1932 4146 Sin

2031 489 2244 542 ponere
2281 473 2546 538 noluerit,
2600 477 2788 526 sumat
2831 472 2940 525 sibi
2989 474 3192 526 solatio
3239 480 3338 528 tua
3391 476 3618 530 licentia
3674 485 3732 532 et

2034 578 2162 614 meo
2208 560 2412 613 atfectu
2459 561 2720 614 caninam
2777 561 3048 626 litteram,
3097 569 3162 616 ut
3221 565 3306 617 vel
3342 564 3420 616 sic
3465 565 3733 620 inconve-

2033 649 2214 702 nienti
2263 665 2404 701 sono
2439 649 2684 714 deditus,
2735 649 3038 702 ridiculum
3092 652 3344 720 prmbeat
3387 654 3724 722 legentibus.

2103 741 2156 790 2.
2213 739 2350 804 (Αη.
2413 739 2535 804 98’s,
2589 738 2703 792 Oct.
2775 741 2876 802 16;
2951 741 3108 804 1005,
3183 743 3302 794 Dec.
3364 741 3472 806 14.)
3510 763 3530 789 α
3591 743 3734 794 ltem

2032 825 2313 878 Adalbero
2361 825 2526 878 anuis
2568 828 2655 878 22.
2691 846 2717 873 ››
2757 825 2938 878 Verba
2994 829 3175 880 sancti
3214 829 3404 897 angeli
3445 829 3638 882 brevia
3680 833 3738 881 et

2034 917 2275 968 obscura
2326 918 2506 969 solent
2587 933 2728 983 esse,
2791 923 2852 970 ut
2907 917 2966 970 in
3043 919 3131 971 bis
3205 920 3544 990 indagandis
3622 923 3734 990 piae

2036 1013 2252 1058 mentes
2321 1005 2732 1058 delectabiliter
2815 1013 3204 1060 exerceantur.
3291 1009 3427 1061 Ecce
3519 1011 3736 1062 etenim

2033 1093 2206 1146 dicit:
2247 1116 2267 1142 α
2297 1094 2436 1146 Item
2478 1093 2802 1146 Adalbero:
2837 1113 2863 1144 »
2916 1095 3078 1164 quasi
3129 1095 3364 1162 diceret,
3425 1096 3598 1150 istum
3645 1115 3738 1150 su-

2033 1182 2246 1251 periori
2282 1185 2393 1250 (22)
2425 1197 2544 1235 esse
2588 1181 2836 1234 similem
2885 1189 2940 1236 et
2989 1183 3222 1236 nomine
3266 1190 3322 1237 et
3353 1185 3486 1250 vita,
3532 1193 3596 1238 nt
3634 1186 3736 1256 qui

2035 1270 2405 1324 concordabit
2453 1271 2704 1337 nomine,
2774 1287 2892 1322 non
2970 1271 3313 1340 discrepabit
3373 1274 3732 1340 operatione.

2036 1359 2253 1412 Dicitur
2281 1363 2494 1424 autem,
2530 1365 2800 1428 utrosque
2844 1361 2953 1426 (‘23)
2997 1360 3288 1430 episcopos
3330 1360 3736 1414 devotissimos

2035 1447 2096 1500 in
2144 1446 2292 1498 curis
2358 1463 2676 1516 pauperum
2734 1448 3004 1512 extitisse,
3055 1455 3112 1501 et
3176 1449 3233 1500 in
3297 1450 3621 1502 extruendis
3678 1455 3735 1502 et

2037 1535 2300 1604 regendis
2330 1535 2582 1588 ecclesiis
2617 1535 2739 1588 sine
2778 1535 3000 1589 defectu
3045 1553 3453 1605 perseverasse,
3497 1537 3653 1590 unde
3681 1543 3736 1591 et

2039 1623 2272 1676 nomine
2317 1629 2374 1676 et
2419 1623 2531 1675 vita
2579 1626 2784 1677 merito
2835 1624 2905 1677 ab
2956 1626 3158 1694 angelo
3190 1626 3474 1695 coaequari
3503 1642 3733 1679 merue-

2037 1716 2193 1764 runt.

2110 1801 2162 1851 3.
2216 1797 2344 1864 (An.
2403 1801 2554 1864 1006,
2604 1797 2777 1866 1047.)
2831 1800 2958 1852 [line
3007 1799 3194 1852 littera
3243 1799 3360 1870 (‘24)
3409 1799 3562 1853 illius
3615 1802 3731 1870 (‘25)

2037 1885 2282 1950 nomini,
2315 1886 2414 1955 qui
2440 1887 2498 1939 in
2521 1887 2651 1940 sede
2685 1903 2834 1940 nunc
2862 1889 3201 1942 substitutus
3242 1895 3346 1956 est,
3381 1889 3639 1952 minime,
3676 1895 3738 1942 ut

2037 1974 2406 2044 perspicuum
2437 1981 2540 2037 est,
2573 1975 2877 2044 congruit;
2931 1977 3078 2029 unde
3111 1980 3165 2028 et
3199 1978 3364 2029 multi
3397 1977 3730 2046 opinantur,

2037 2063 2202 2115 illum
2233 2063 2292 2116 in
2324 2079 2563 2116 numero
2607 2064 2944 2133 pontiﬁcum
2985 2081 3096 2117 non
3147 2066 3617 2132 computandum,
3651 2073 3736 2118 set

2039 2159 2275 2222 propter
2299 2152 2806 2222 transgressionem
2843 2153 3042 2221 populi
3093 2153 3470 2222 subpositum,
3503 2159 3558 2206 et
3589 2161 3730 2208 tam-

2041 2241 2134 2293 diu
2169 2240 2351 2309 quoad
2378 2241 2476 2292 ille
2507 2240 2726 2293 venerit
2753 2240 2851 2308 qui
2884 2241 3130 2292 litteram
3174 2246 3549 2308 praenotatam
3599 2257 3734 2308 por-

2039 2330 2261 2398 taverit,
2311 2329 2702 2398 episcopatum
2742 2344 2960 2381 cessare
3001 2328 3217 2382 dicunt.
3273 2329 3367 2382 Set
3411 2344 3513 2380 nos
3561 2329 3736 2383 etiam

2041 2417 2106 2471 ad
2143 2423 2397 2470 nostram
2438 2417 2769 2486 opinionem
2797 2418 3092 2470 mittamus
3136 2432 3389 2470 manum.
3435 2417 3574 2469 Nam
3608 2417 3736 2470 exi-

2040 2507 2340 2560 stimamus
2371 2511 2415 2559 A
2459 2507 2703 2576 positam
2739 2505 2900 2575 quasi
2933 2509 3090 2560 Alter
3123 2506 3484 2570 Deodericus,
3525 2505 3584 2558 in
3617 2523 3734 2576 quo

2041 2612 2142 2648 nos
2174 2594 2414 2664 qumstio
2444 2595 2680 2647 obscura
2730 2610 2795 2646 eo
2847 2601 3138 2664 angustat,
3193 2611 3292 2647 cur
3335 2611 3450 2647 non
3497 2596 3738 2662 angelus

2041 2683 2352 2736 dixerit“:
2386 2705 2405 2730 ι
2460 2683 2600 2735 Item
2651 2681 2990 2735 Deodericus
3037 2699 3109 2748 ii;
3160 2683 3306 2736 sicut
3355 2683 3424 2736 de
3475 2684 3734 2751 superio—

2039 2772 2197 2826 ribus
2227 2771 2470 2826 dixerat.
2525 2771 2780 2840 Denique
2813 2771 2985 2841 bujus
3017 2773 3295 2826 sermonis
3342 2773 3560 2824 occulta
3595 2772 3733 2824 dum

2039 2861 2284 2914 en‘odare
2314 2858 2598 2928 cupimus,
2631 2859 2874 2912 occorrit
2921 2859 3136 2928 animo,
3183 2861 3344 2930 quasi
3376 2859 3448 2912 ob
3488 2859 3630 2913 duas
3663 2861 3738 2912 si-

2037 2948 2430 3021 gniﬁcationes
2477 2950 2717 3000 alterum
2753 2949 3030 3017 posuisse,
3068 2955 3168 3002 aut
3198 2965 3265 3002 ex
3309 2948 3736 3017 computatione

2037 3038 2286 3102 numeri,
2319 3054 2433 3108 qua
2455 3037 2696 3090 dicimus
2719 3036 2766 3070 3’
2799 3059 2824 3084 ‹‹
2857 3053 3022 3102 unus,
3057 3060 3084 3086 ››
3122 3038 3332 3101 «alter,
3363 3056 3388 3086 η
3415 3055 3441 3086 α
3476 3036 3732 3088 tercius»

2035 3133 2136 3182 aut
2165 3144 2230 3180 ex
2261 3126 2599 3179 discretione
2647 3126 2881 3178 alterius
2915 3126 3062 3190 vitae,
3095 3132 3161 3180 ut
3189 3127 3237 3159 ³³
3289 3125 3520 3178 nomine
3555 3127 3735 3196 tequi-

2035 3234 2204 3270 vocos
2226 3221 2310 3269 set
2341 3215 2456 3268 vita
2495 3214 2798 3268 dissimiles
2841 3215 3062 3268 futuros
3110 3215 3514 3268 innotesceret.
3555 3215 3733 3266 Nemo

2035 3311 2230 3359 tamen
2288 3311 2544 3357 nostrum
2612 3303 2784 3356 vitam
2839 3303 3072 3356 illorum
3143 3303 3425 3357 discutere
3501 3303 3735 3372 poterit,

2037 3395 2172 3466 quia
2205 3394 2356 3446 solus
2391 3395 2537 3446 Dens
2575 3393 2744 3445 corda
2792 3394 3122 3446 mortalium
3173 3393 3451 3458 intuetur,
3483 3397 3539 3444 et.
3581 3397 3737 3445 actus

2038 3485 2208 3537 etiam
2233 3481 2586 3546 sublimium,
2637 3481 2799 3550 quia
2844 3482 3010 3534 nobis
3051 3480 3358 3550 aliquando
3398 3481 3486 3532 vel
3533 3481 3734 3534 adula-

2037 3572 2190 3625 tione
2233 3572 2316 3622 vel
2363 3586 2557 3624 amore
2622 3569 2794 3622 etiam
2851 3569 3178 3640 ignorantia
3225 3575 3592 3636 venerantur,
3642 3586 3734 3622 co—

2039 3677 2156 3714 ram
2192 3658 2368 3712 oculis
2420 3658 2518 3712 Dei
2567 3657 2928 3710 districtioris
2971 3657 3174 3727 judicii
3221 3657 3500 3710 sententia
3529 3659 3736 3710 exami-

2039 3756 2270 3803 nantur.
2301 3747 2456 3800 lllius
2497 3761 2744 3815 namque
2777 3761 2986 3798 nomen
3025 3745 3378 3813 Redemptor
3405 3751 3600 3798 noster
3631 3763 3734 3799 no-

2037 3838 2138 3902 vit,
2170 3851 2340 3906 quem
2361 3835 2518 3888 omni
2549 3849 2682 3886 cura
2732 3833 2932 3886 ovibus
2971 3833 3291 3886 commissis
3343 3832 3502 3886 factis
3541 3834 3735 3887 lauda-

2038 3926 2170 3979 bilis
2218 3921 2665 3977 conversationis
2707 3927 2762 3974 et
2792 3921 3066 3974 virtutum
3103 3919 3378 3989 exemplis
3421 3922 3734 3976 secundum

2041 4015 2378 4084 dignitatem
2414 4010 2782 4082 apostolicam
2813 4009 3121 4082 praesidere
3147 4009 3424 4078 cognovit.

1663 4249 1894 4301 VAilIJi
1937 4244 2332 4301 LECTIONES.

295 4377 342 4408 ²⁴
373 4376 544 4425 asert.
587 4387 612 4422 c
716 4368 763 4402 ³³
817 4373 902 4420 set
931 4367 1131 4420 ductus
1158 4381 1202 4418 c.
1308 4365 1354 4400 ²⁶
1379 4363 1743 4416 obliviscetur
1801 4366 1844 4414 l.
1949 4359 1996 4395 ’7
2031 4361 2154 4415 dari
2185 4377 2228 4413 ε.
2337 4357 2384 4391 ³³
2416 4363 2547 4412 etc.
2648 4357 2696 4392 ’9
2750 4355 2920 4425 dirig.
2972 4354 3190 4410 correxi
3223 4359 3272 4408 l.
3373 4355 3422 4388 δυ
3455 4356 3737 4426 pertinan-

221 4463 362 4516 tiam
395 4477 440 4515 c.
521 4459 562 4492 ³¹
609 4456 832 4512 dixerit.
872 4455 1010 4509 dixit
1039 4469 1084 4506 c.
1163 4453 1209 4485 ³³
1242 4444 1372 4506 όῐὶἶὲ
1399 4467 1442 4504 c.
1521 4449 1570 4482 ³³
1599 4466 1670 4502 uo
1706 4454 1754 4503 l.

1871 4580 2090 4632 ΝΟΤᾸῗ.

295 4719 408 4782 {‘22)
438 4713 569 4767 Scit.
597 4708 945 4765 Adalberoni
978 4709 1018 4762 Ι.

295 4785 414 4854 (23)
449 4783 856 4837 Adalberones.

2107 4703 2222 4771 (24)
2256 4704 2314 4754 Α.

2101 4775 2213 4842 (25)
2243 4771 2569 4825 Theoderici
2601 4771 2666 4823 11.
