4016 6202
403 260 498 312 451
1352 253 1652 310 ALPEDTI
1692 253 1747 307 S.
1790 249 2268 306 SYMPHORIANI
2313 251 2614 306 METENS.
2665 249 2966 305 MONACH.
3773 261 3857 314 452

975 580 1170 687 DE
1279 575 2336 738 DIVERSITATE
2453 575 3327 686 TEMPORUM

1899 802 2152 867 LIBRI
2208 801 2418 868 DUO.

1619 1141 2020 1214 INCIPIT
2096 1140 2705 1215 PROLOGUS.

489 1435 684 1488 Frater
713 1435 896 1488 Immo
924 1435 1035 1503 ('26)
1085 1450 1252 1487 causa
1297 1434 1508 1488 amoris
1557 1435 1626 1488 ad
1672 1450 1762 1488 me
1789 1435 1970 1490 venit:
2007 1439 2104 1490 tua
2143 1442 2188 1493 A
2219 1437 2444 1508 collegi,
2479 1454 2552 1492 ne
2599 1437 2893 1492 verbosior
2924 1454 3096 1509 quam
3129 1438 3426 1493 debuerim
3471 1440 3696 1494 viderer.
3733 1443 3783 1494 Et
3807 1449 3849 1494 ut

412 1528 607 1576 sancta
654 1523 862 1589 studia,
911 1523 1232 1576 venerande
1273 1525 1482 1593 praesul
1519 1523 1861 1589 Burcharde,
1908 1523 2105 1593 ﬁdem,

411 1615 768 1664 sanctitatem
799 1616 855 1664 et
884 1611 1241 1665 honestatem
1278 1627 1501 1664 morum
1547 1612 1762 1677 retulit,
1795 1617 1862 1681 .et
1895 1617 2108 1682 quanta

412 1699 746 1753 auctoritate
786 1705 1144 1753 construeres
1190 1703 1246 1752 et
1295 1714 1523 1769 regeres
1579 1700 1873 1753 ecclesiam
1931 1700 2035 1754 tibi
2075 1717 2106 1754 a

412 1789 527 1842 Deo
554 1787 938 1855 commissam,
973 1788 1235 1842 ostendit.
1274 1789 1403 1858 Ejus
1459 1788 1848 1853 relationibus,
1903 1788 2104 1856 fateor,

410 1876 719 1930 admodum
754 1893 868 1930 non
915 1877 1097 1930 solum
1130 1877 1582 1947 congaudebam,
1635 1877 1732 1931 sed
1769 1877 1940 1931 etiam
1967 1893 2103 1931 con-

411 1963 586 2034 digna
639 1964 1042 2030 admiratione,
1089 1965 1301 2035 gratias
1350 1965 1463 2018 Deo
1511 1969 1632 2018 toto
1684 1966 1852 2020 corde
1901 1981 2104 2037 repen-

410 2052 568 2117 dens,
639 2052 984 2107 exultabam.
1036 2051 1293 2124 Cumque
1352 2055 1538 2108 adhuc
1591 2054 1659 2108 de
1707 2059 1805 2108 tua
1849 2054 2106 2108 bonitate

409 2142 668 2213 pluriora
713 2143 855 2197 scire
917 2143 1324 2210 desiderarem,
1367 2149 1581 2215 quanta
1628 2144 1996 2199 meditatione
2045 2144 2104 2198 in

411 2233 619 2284 sanctis
659 2230 987 2302 Scripturis,
1041 2232 1236 2285 labore
1275 2233 1632 2302 jejuniorum
1670 2237 1728 2287 et
1756 2233 2102 2303 vigiliarum,

409 2323 468 2372 et
496 2318 555 2372 in
586 2319 802 2374 caeteris
833 2319 1041 2373 Christi
1075 2321 1346 2390 operibus
1376 2337 1525 2375 esses
1555 2325 1879 2392 occupatus,
1929 2337 2107 2391 expo-

408 2407 541 2461 suit.
577 2407 833 2477 Denique
866 2412 1082 2478 quanto
1135 2409 1385 2479 amplius
1433 2410 1518 2463 tui
1566 2410 1919 2464 mentionem
1954 2409 2106 2480 apud

409 2511 514 2549 nos
540 2502 739 2566 egerat
769 2497 835 2565 3‘,
867 2501 1027 2551 tanto
1072 2498 1381 2569 gratiorem
1415 2498 1581 2553 nobis
1624 2499 1778 2553 diem
1827 2504 1882 2552 et
1903 2499 2099 2569 jacun-

408 2583 630 2639 diorem
664 2584 946 2640 effecerat.
980 2586 1047 2640 Et
1073 2587 1206 2657 quia
1238 2587 1297 2640 in
1326 2592 1441 2641 tam
1496 2587 1774 2642 laudabili
1806 2589 1918 2642 vita
1944 2589 2106 2660 agni-

405 2677 498 2726 tus
531 2689 609 2740 es,
662 2690 1015 2745 quamquam
1047 2680 1102 2729 et
1139 2681 1268 2730 ante
1308 2676 1572 2746 plurimis
1602 2681 1658 2732 et
1704 2678 2107 2747 praestantibus

405 2760 541 2814 viris
589 2761 974 2817 referentibus
1016 2763 1198 2816 multa
1247 2763 1522 2833 praeclara
1570 2769 1627 2817 et
1669 2764 1915 2819 illustria
1944 2765 2013 2818 de
2052 2770 2108 2819 te

405 2849 520 2903 sint
546 2849 763 2920 audita,
815 2852 1128 2905 secundum
1187 2851 1333 2905 dicta
1385 2852 1696 2906 Salvatoris
1742 2853 1924 2907 nOstri
1955 2852 2109 2908 unici

405 2936 533 2990 Filii
561 2935 660 2989 Dei
685 2952 698 2989 :
730 2959 749 2985 α
784 2937 909 2990 Non
932 2942 1117 3006 potest
1142 2933 1192 2968 ³⁵
1224 2936 1420 2990 civitas
1437 2937 1708 2991 abscondi
1736 2953 1908 3008 super
1937 2954 2108 2991 mon-

404 3031 521 3079 tem
555 3024 758 3094 posita,
796 3040 982 3094 neque
1015 3025 1247 3078 lucerna
1281 3041 1455 3096 supra
1492 3025 1903 3080 candelabrum
1937 3026 2108 3080 missa

405 3114 587 3184 (Matt.
617 3129 672 3178 v,
704 3113 791 3177 14,
829 3111 954 3180 l5);
991 3131 1020 3163 ι)
1070 3116 1265 3165 tamen
1315 3113 1560 3167 interior
1606 3120 1703 3167 tua
1750 3113 2104 3169 conversatio

404 3199 662 3270 apertius
705 3200 1088 3265 manifestata,
1127 3201 1465 3255 memoriam
1501 3202 1607 3270 tui,
1640 3202 1826 3273 sigillo
1857 3202 2107 3257 caritatis

405 3288 616 3344 Christi
684 3288 906 3358 pectori
963 3304 1092 3342 meo
1145 3288 1330 3343 areius
1395 3289 1757 3361 impressam,
1825 3297 2106 3362 perpetua

403 3377 926 3449 conglutinatione,
985 3376 1031 3431 si
1083 3393 1369 3448 praesumo
1421 3379 1698 3447 conﬁteri,
1748 3379 2105 3450 mihicopu-

403 3467 561 3521 labit.
587 3465 656 3520 Et
688 3466 732 3519 si
772 3465 1039 3536 angustia
1067 3466 1366 3520 familiaris
1419 3467 1504 3521 rei
1539 3467 1598 3522 in
1630 3468 2103 3524 administrandis

402 3553 692 3625 obsequiis
720 3553 945 3624 copiam
990 3554 1133 3608 mihi
1183 3555 1436 3626 negabit,
1485 3561 1678 3611 tamen
1729 3557 1842 3628 pim
1896 3557 2105 3612 mentis

403 3643 636 3698 afl'ectus
656 3642 716 3697 in
753 3642 975 3697 Christo
992 3643 1116 3716 {tibi
1144 3660 1373 3715 semper
1418 3645 1619 3713 aderit,
1667 3646 1898 3700 fulcitus
1945 3647 2102 3700 testi-

401 3733 598 3786 monio
625 3731 954 3802 Scriptum,
1003 3732 1279 3787 dicentis:
1318 3731 1644 3788 «Voluntas
1692 3734 1843 3788 bona
1897 3734 2106 3789 sufticit

401 3820 616 3874 omnia.
665 3840 694 3870 »
748 3820 1034 3875 Caeterum
1093 3820 1312 3875 nomini
1367 3825 1468 3875 tuo
1548 3821 1724 3875 istum
1778 3821 2102 3875 consecravi

399 3907 661 3963 libellum
715 3908 784 3962 de
823 3913 1146 3963 nostrorum
1187 3909 1412 3963 dierum
1441 3909 1770 3963 hominibus
1817 3907 2102 3980 composi-

2218 1531 2454 1597 propter
2505 1531 2633 1581 tuas
2704 1526 3108 1597 occupationes
3177 1527 3558 1581 sanctissimas
3616 1529 3847 1584 fastidium

2217 1611 2478 1677 vitarem,
2538 1609 2799 1663 brevitati
2844 1609 3099 1662 animum
3144 1610 3202 1663 in
3252 1610 3521 1664 omnibus
3557 1611 3694 1666 dedi.
3729 1617 3784 1665 At
3816 1616 3847 1667 si

2219 1698 2462 1751 aemulus
2490 1697 2619 1768 quis
2675 1698 2820 1751 forte
2875 1713 2938 1750 ex
2989 1697 3228 1752 adverso
3283 1700 3594 1765 emerserit,
3649 1706 3699 1753 et
3722 1701 3847 1754 livido

2220 1789 2384 1840 oculo
2433 1785 2522 1840 his
2561 1785 2827 1856 inspectis
2878 1785 2950 1839 ob
3005 1785 3277 1840 invidiam
3319 1803 3519 1856 rugam
3550 1790 3846 1850 contraxerit,

2219 1883 2276 1930 et
2310 1876 2366 1928 in
2401 1875 2511 1928 hoc
2543 1891 2634 1929 me
2681 1875 3103 1944 reprehendere
3150 1876 3516 1945 temptaverit
3547 1876 3605 1942 ³⁸,
3637 1877 3764 1946 quod
3787 1893 3850 1930 su-

2217 1961 2437 2033 perﬂue
2468 1978 2616 2016 nova
2659 1967 2716 2015 et
2753 1961 3124 2031 impudenter
3177 1963 3423 2032 inpolito
3476 1980 3714 2017 sermone
3759 1964 3847 2017 edi-

2219 2051 2424 2117 derim,
2455 2067 2521 2104 eo
2574 2051 2725 2122 quod
2783 2051 3068 2104 sufticiant
3119 2051 3251 2105 libri
3289 2069 3437 2122 quos
3481 2052 3698 2106 studiosi
3741 2052 3848 2105 reci.

2217 2141 2400 2212 piant,
2453 2140 2669 2194 nedum
2717 2140 2890 2193 etiam
2945 2140 3070 2194 istis
3129 2140 3416 2210 imperitis
3462 2141 3683 2212 scriptis,
3725 2143 3846 2212 quasi

2219 2227 2410 2281 inutili
2437 2227 2605 2292 fasce,
2653 2232 2982 2293 onerantur,
3037 2234 3094 2283 et
3121 2244 3186 2281 ea
3215 2243 3386 2282 causa
3431 2229 3671 2284 libellum
3717 2244 3844 2298 repu-

2218 2316 2350 2370 lerit
2377 2334 2388 2370 :
2419 2317 2467 2369 is
2499 2317 2662 2381 sciat,
2693 2333 2824 2370 eum
2868 2321 2983 2370 tum
3030 2311 3345 2388 cognitioni
3391 2318 3722 2372 solummodo
3754 2333 3848 2370 esse

2220 2405 2476 2468 missum,
2508 2411 2570 2458 ut
2601 2410 2699 2458 tuo
2740 2405 2958 2476 judicio
3001 2413 3102 2460 aut
3145 2407 3459 2472 aboleatur,
3493 2411 3585 2460 aut
3630 2406 3848 2475 legendus

2219 2499 2493 2548 servetur.
2550 2495 2690 2548 Nam
2744 2510 2841 2564 spe
2899 2494 3095 2564 gratiae
3171 2501 3287 2549 tuae
3345 2494 3601 2560 confisus,
3654 2494 3714 2547 ab
3772 2493 3848 2546 bas

2217 2581 2538 2636 intentione
2570 2581 2780 2636 mentis
2810 2598 2952 2636 meae
2986 2599 3101 2636 non
3132 2583 3296 2637 facile
3331 2585 3623 2654 quisquam
3650 2587 3848 2635 retraxe-

2219 2671 2312 2738 rit,
2343 2671 2482 2742 quin
2531 2670 2803 2740 quicquid
2836 2671 3127 2724 sentencia
3170 2675 3270 2725 tua
3316 2671 3648 2743 probaverit,
3677 2669 3846 2739 absque

2218 2759 2592 2830 ambiguitate
2626 2759 2683 2813 id
2716 2759 2959 2813 aliorum
3009 2760 3180 2814 etiam
3228 2760 3636 2815 examinatione
3677 2759 3739 2811 sit
3761 2762 3845 2810 sta-

2215 2846 2558 2901 biliendum.
2586 2847 2649 2900 Et
2678 2847 2725 2900 si
2756 2847 2990 2902 demum
3029 2848 3152 2902 hinc
3192 2849 3536 2920 obiicientur
3578 2854 3629 2901 et
3660 2860 3844 2916 arguar,

2218 2937 2370 3007 quod
2403 2935 2672 2990 omnibus
2701 2935 2930 3005 cognita
2979 2937 3328 3007 scripserim,
3381 2943 3478 2992 tuo
3515 2936 3726 2991 consilio
3747 2949 3846 3004 per-

2215 3026 2486 3095 pendant,
2510 3039 2600 3078 me
2627 3026 2733 3078 hac
2764 3025 3136 3095 responsione
3179 3026 3267 3080 uti
3294 3043 3305 3080 :
3342 3031 3474 3080 nota
3502 3023 3845 3080 delectabiliter

2215 3115 2423 3184 sacpius
2451 3113 2657 3180 audiri,
2692 3117 2753 3167 ut
2780 3114 2923 3168 solet
2951 3112 3076 3167 fieri
3107 3113 3165 3167 in
3193 3114 3514 3178 cantilenis,
3546 3112 3703 3184 quod,
3733 3116 3844 3162 vete-

2212 3201 2371 3254 ribus
2415 3216 2478 3255 ex
2536 3201 2870 3256 assiduitate
2917 3201 3202 3268 fastiditis,
3246 3219 3406 3256 novae
3455 3199 3771 3272 frequentius
3797 3196 3839 3249 in

2211 3289 2333 3344 dies
2381 3290 2662 3361 repetitae,
2727 3290 3118 3345 delectabilias
3175 3292 3506 3346 audiuntur.
3564 3291 3696 3344 Inter
3751 3287 3841 3341 haec

2211 3379 2436 3434 noverit
2457 3385 2555 3434 tua
2588 3379 2858 3450 dignitas,
2913 3380 3066 3450 quod
3095 3380 3270 3435 etiam
3299 3380 3371 3435 ad
3399 3379 3695 3435 evitandam
3730 3375 3840 3428 ocio-

2211 3466 2434 3520 sitatem
2489 3470 2546 3520 et
2605 3466 2882 3520 desidiam
2957 3468 3146 3521 cordis
3211 3484 3303 3522 res
3384 3467 3515 3521 istas
3569 3461 3838 3520 scribendas

2211 3553 2600 3624 susceperim;
2657 3559 2714 3609 et
2757 3556 2892 3626 quia
2935 3556 3004 3610 ad
3037 3572 3182 3627 opus
3243 3556 3342 3610 Dei
3398 3555 3511 3610 sive
3541 3554 3605 3608 ad
3651 3551 3837 3619 alicujus

2210 3643 2434 3696 virtutis
2476 3643 2766 3713 profectus
2794 3644 3038 3699 idoneus
3084 3661 3201 3699 non
3255 3661 3404 3712 sum,
3438 3645 3496 3698 in
3550 3644 3649 3697 hoc
3692 3637 3835 3696 saltim

2212 3733 2484 3802 opusculo
2520 3733 2796 3787 miserum
2828 3733 3085 3787 animum
3117 3734 3188 3789 ab
3219 3734 3380 3789 inani
3412 3731 3710 3788 curiositate
3728 3724 3837 3780 cohi-

2209 3820 2426 3874 berem.
2459 3820 2618 3884 Quod
2669 3821 2840 3876 etiam
2871 3821 2997 3876 ideo
3026 3823 3149 3878 sine
3199 3823 3433 3877 nomine
3481 3818 3700 3875 auctoris
3724 3812 3838 3887 posi-

2209 3912 2332 3962 tum
2363 3914 2466 3976 est,
2499 3915 2585 3978 ut,
2618 3909 2666 3963 si
2695 3909 2976 3981 displicet,
3011 3911 3157 3966 sicut
3203 3910 3445 3982 praedixi
3474 3907 3728 3980 superius,
3767 3917 3834 3955 re-

399 4004 545 4064 tum,
577 3997 666 4051 cui
697 4013 910 4052 nomen
953 4001 1036 4050 est
1087 3997 1162 4050 De
1220 3996 1547 4050 diversitate
1577 4001 1926 4068 temporum,
1963 3997 2099 4069 quia
2133 4009 2173 4065 C
2211 4014 2387 4064 seces,
2447 3997 2561 4052 sive
2610 3998 2762 4052 fossa
2825 3999 2971 4053 facta
3056 4000 3236 4054 humo
3308 3998 3518 4072 operiri
3566 3996 3768 4067 jubeas;
3805 3988 3836 4039 si

398 4087 459 4140 in
489 4103 558 4141 eo
589 4086 812 4140 diversa
859 4086 1094 4139 collecta
1142 4084 1426 4140 videntur.
1476 4085 1600 4139 Non
1641 4085 1793 4139 enim
1854 4086 2099 4157 pleniter
2204 4103 2338 4141 vero
2364 4088 2568 4158 placet,
2602 4087 2865 4158 adposito
2896 4088 3130 4144 nomine
3170 4105 3341 4144 causa
3380 4084 3628 4142 exercicii
3653 4078 3838 4136 feliciter

396 4174 590 4229 omnia
653 4189 782 4244 quae
838 4173 908 4227 de
958 4172 1252 4243 proposita
1294 4174 1536 4227 materia
1596 4173 1895 4229 scribenda
1935 4180 2098 4229 erant
2204 4177 2378 4241 legas.

1303 4294 1560 4348 INCIPIT
1591 4294 1926 4350 EPISTOLA
1967 4295 2182 4350 DOMNI
2226 4295 2641 4351 BURGHARDI
2680 4296 3013 4353 EPISCOPI.

472 4400 867 4464 Buncmmnus,
921 4401 1128 4452 sancite
1169 4398 1602 4453 Wormaciensis
1647 4400 1915 4454 tecclesiaa
1959 4415 2095 4470 pro-

398 4486 550 4541 visor
575 4485 933 4540 humillimus
982 4489 1254 4555 ALPERTO,
1297 4486 1531 4556 speciali
1583 4504 1708 4555 suo,
1760 4489 1960 4558 gratiae
2003 4487 2096 4540 in-

396 4574 718 4645 tegritatem
750 4580 805 4628 et
828 4574 1139 4644 plurimam
1172 4575 1435 4629 salutem.

472 4663 686 4719 Literas
716 4669 863 4733 tuas,
894 4679 1036 4736 quas
1068 4664 1304 4719 nomine
1347 4679 1478 4720 meo
1508 4663 1615 4720 tibi
1644 4663 1892 4718 multum
1938 4664 2092 4718 inco-

2207 4398 2368 4468 gnito
2399 4399 2623 4466 misisti,
2684 4398 2946 4454 hilariter
2986 4401 3197 4472 accepi,
3252 4417 3394 4473 quas
3444 4401 3608 4456 etiam
3630 4411 3720 4468 per
3741 4390 3833 4448 dili-

2207 4488 2454 4542 ctionem
2484 4489 2816 4559 pariterque
2865 4493 3017 4544 tuam
3051 4491 3395 4560 peticionem
3424 4495 3479 4544 et
3520 4489 3633 4558 ipse
3661 4482 3767 4554 legi,
3793 4484 3831 4530 εί

2205 4592 2394 4631 coram
2427 4592 2518 4630 me
2574 4577 2763 4647 legere
2814 4578 3062 4648 prmcepi
3095 4597 3110 4645 ;
3146 4578 3207 4632 in
3266 4578 3472 4650 quibus
3526 4573 3682 4629 studii
3707 4566 3762 4637 ³⁷,
3786 4581 3830 4618 δε

2204 4665 2513 4720 voluntatis
2551 4670 2667 4720 tua:
2712 4665 3073 4721 devotionem
3105 4666 3238 4721 satis
3297 4680 3572 4738 superque
3620 4652 3827 4730 cognovi.

1805 4788 2052 4843 VARLzE
2092 4789 2382 4845 LECTION
2393 4789 2487 4845 ES.

467 4891 515 4926 ⁸⁴
545 4888 726 4961 egerit
782 4893 839 4945 l.
876 4893 1073 4959 egerat
1100 4891 1153 4943 2.
1231 4886 1280 4923 ⁸³
1305 4892 1436 4958 pote
1483 4891 1528 4942 l.
1601 4886 1650 4922 ⁸⁵
1680 4887 2062 4958 taemptaverit
2091 4903 2138 4942 c.
2217 4885 2263 4922 ³⁷
2323 4888 2514 4944 studui
2559 4892 2606 4943 l.

2038 5013 2262 5068 NOT/E.

458 5114 570 5185 (26)
599 5115 952 5185 lmmonem,
974 5111 1257 5185 abbatem
1287 5110 1669 5185 Gor_zi_ensem,
1700 5113 2095 5185 Prumiensem

395 5191 453 5240 et
481 5181 893 5264 auguiensem,
930 5183 1164 5264 fratrem
1195 5181 1412 5264 Alperti
1436 5182 1614 5264 fuisse.
1636 5184 1960 5264 suspicatur
1991 5183 2098 5262 Ec-

390 5252 599 5311 cardus
619 5271 632 5322 ;
669 5256 766 5309 sed
798 5255 979 5308 Immo
1019 5253 1294 5308 diaconus
1344 5252 1775 5308 Wormatiensis
1817 5254 1988 5308 fuisse
2015 5253 2098 5306 vi-

392 5327 581 5393 detur,
640 5325 710 5379 ad
762 5324 1293 5395 quemimonachus
1339 5323 1613 5395 Tielensis
1671 5324 1971 5395 epistolam
2024 5324 2094 5376 de

391 5394 686 5452 miraculis
711 5394 1150 5466 SfWalburgis
1194 5394 1438 5466 scripsit.
1480 5398 1603 5449 Act.
1649 5394 1741 5451 SS.
1795 5396 1956 5451 Febr.
1995 5395 2090 5458 III,

389 5485 447 5538 p.
517 5468 642 5520 548.
693 5465 865 5520 etiam
922 5465 992 5520 de
1044 5465 1320 5520 Immonis
1367 5465 1541 5521 fratre
1588 5481 1776 5522 sermo
1840 5471 1974 5522 est:
2032 5466 2094 5519 Si

2207 5112 2578 5185 testemrhujus
2602 5113 2749 5179 signi
2775 5111 2970 5185 habere
2998 5114 3182 5185 cupis,
3203 5115 3437 5179 fratrem
3485 5115 3645 5185 tuum,
3679 5117 3739 5185 an

2206 5197 2262 5236 se
2282 5198 2366 5237 res
2386 5167 2604 5255 habeat,
2627 5167 3009 5255 interrogabis,
3041 5167 3137 5252 (ίυί
3161 5167 3322 5249 Ὶιὶιηο,
3352 5182 3542 5255 marito
3573 5189 3657 5255 suo
3681 5175 3730 5225 in

2206 5254 2513 5326 miserabili
2570 5253 2710 5308 caede
2751 5250 3077 5326 Frisiorum:
3103 5256 3430 5326 ἐγκατέθετο,⁸
3453 5250 3827 5326 αυωίιμποτετιξς

2206 5323 2386 5394 Quem
2416 5328 2613 5378 tamen
2643 5328 2714 5379 ab
2745 5324 3001 5394 AJperto,
3033 5315 3328 5380 clerico'ut
3345 5315 3574 5385 videtur,
3595 5315 3827 5370 diversum

2202 5392 2528 5450 habuerim.
