3920 6190
225 316 329 369 453

1083 313 1171 367 DE
1216 312 1673 368 DIVERSITATE
1714 313 2100 371 TEMPORUM
2144 316 2334 371 LIBRI
2376 317 2532 372 DUO.
2575 348 2641 356 —
2684 320 2810 373 LIB.
2843 320 2883 373 Ι.

3633 328 3736 380 454

224 437 323 492 Set
348 438 450 492 has
507 436 777 507 quociens
827 434 1060 501 revolvi,
1116 435 1331 489 tociens
1369 451 1473 505 per
1502 434 1730 505 singula
1777 451 1923 505 pene
1961 440 2008 490 Α
2040 435 2102 489 in
2129 436 2389 507 quolibet
2420 437 2587 503 libro,
2636 438 2886 493 diversas
2912 454 3007 494 sex
3032 455 3229 495 causas
3260 443 3441 513 quaari
3470 447 3735 502 convenit

226 526 397 580 verba
454 530 792 591 commotus,
845 524 1051 577 nostris
1107 524 1303 594 pueris
1348 524 1727 595 praesentibus
1757 540 1929 594 super

226 616 337 669 hoc
366 615 543 681 dolui,
581 614 794 667 scilicet
858 614 1015 684 quod
1050 614 1133 667 his
1185 613 1541 684 temporibus
1590 619 1723 667 sunt
1760 613 1923 677 nulli,

225 706 317 758 vel
351 704 442 757 vix
494 700 845 774 paucissimi,
905 702 1005 773 qui
1044 703 1113 757 ad
1162 702 1511 757 studendum
1561 701 1931 756 inveniantur

226 793 448 856 idonei,
482 793 568 846 vel
627 791 835 862 quibus
874 792 1137 845 voluntas
1183 791 1427 845 sufficiat
1474 790 1763 857 studendi,
1798 807 1929 843 cum

230 888 289 937 et
347 882 454 935 hoc
484 881 717 951 negotio
760 886 815 933 et
844 880 1245 950 unusquisque
1273 880 1619 945 reﬁceretur,
1654 895 1717 933 ac
1764 878 1929 932 labiis

229 970 459 1024 animus
486 986 519 1023 a
568 969 740 1022 variis
770 969 1174 1023 tumultuantis
1222 968 1394 1022 seculi
1434 968 1753 1022 commissis
1783 966 1926 1022 inte-

230 1059 343 1113 rim
376 1059 845 1129 suspenderetur,
874 1073 1094 1110 necnon
1128 1062 1253 1110 cata
1309 1056 1571 1109 cautione
1609 1056 1931 1126 posteritati

230 1148 563 1219 sequacium
620 1146 910 1200 laudabile
954 1145 1277 1199 traderetur
1307 1145 1655 1214 exemplum.
1721 1144 1931 1199 Omnes

231 1243 427 1292 autem
483 1237 897 1291 delectamento
929 1235 1352 1289 mundanorum
1385 1233 1539 1287 illusi
1591 1239 1646 1286 et
1676 1233 1744 1287 ad
1776 1234 1931 1287 dete-

232 1326 387 1379 riora
434 1324 789 1395 pronissimi,
839 1322 1063 1377 miseris
1119 1323 1292 1392 hujus
1353 1322 1528 1375 seculi
1585 1321 1931 1374 vanitatibus

232 1415 570 1479 inserviunt,
647 1420 704 1467 et
762 1418 879 1467 tam
944 1412 1305 1467 delectabiles
1358 1410 1684 1464 animarum
1734 1410 1931 1479 epulas

228 1520 489 1558 exercere
518 1507 618 1556 aut
647 1518 902 1573 qumrcre
926 1501 1209 1570 {nesciunt
1249 1516 1313 1553 ac
1334 1499 1562 1570 penitus
1592 1500 1927 1569 neglegunt,

231 1592 380 1645 sicut
426 1591 702 1661 scriptum
759 1596 870 1644 est:
941 1609 967 1641 α
1000 1590 1210 1644 Omnes
1261 1588 1710 1656 declinaverunt,
1760 1588 1929 1641 simul

230 1680 462 1734 inutiles
494 1680 627 1733 facti
671 1685 829 1744 sunt;
891 1695 1007 1732 non
1049 1683 1132 1731 est
1180 1679 1278 1748 qui
1308 1678 1479 1731 faciat
1532 1676 1771 1745 bonum,
1814 1694 1929 1731 non

227 1776 313 1823 est
353 1786 532 1840 usque
582 1771 651 1823 ad
718 1784 897 1821 unum
953 1770 1120 1835 (Rom.
1158 1784 1237 1828 Ill,
1303 1768 1472 1835 12).»
1519 1767 1699 1836 Igitur
1755 1767 1927 1820 studii

230 1860 311 1913 tui
348 1858 571 1913 devotio
616 1874 729 1911 non
780 1862 865 1910 est
911 1856 1101 1909 inanis
1151 1856 1304 1926 apud
1362 1871 1468 1915 me.
1526 1870 1629 1907 nec
1704 1854 1931 1908 videtur

227 1947 619 2017 vituperanda,
656 1951 741 1999 set
786 1947 1032 1999 multum
1064 1944 1367 1998 laudanda.
1408 1944 1549 1997 Nam
1585 1944 1643 1996 in
1676 1942 1929 1997 dictami-

226 2038 318 2091 nis
351 2037 436 2090 tui
483 2036 601 2101 ﬁlo,
635 2035 789 2089 haud
824 2035 1079 2104 segniter
1103 2038 1351 2097 tornato,
1387 2048 1623 2103 magnas
1653 2036 1708 2086 et
1738 2038 1928 2086 aucto-

230 2127 377 2179 rales
432 2140 627 2178 causas
699 2141 817 2178 non
869 2123 1250 2178 titubantibus
1298 2121 1552 2191 vestigiis
1604 2120 1929 2173 cautissime

229 2214 597 2267 conservasti.
654 2214 716 2267 In
747 2213 903 2266 omni
962 2214 1115 2265 enim
1166 2212 1518 2282 expositione
1549 2210 1840 2274 auctorali,
1875 2214 1930 2263 et

2037 529 2211 595 atque
2268 526 2521 596 expediri
2576 532 2821 597 orortet,
2873 528 3019 583 sicut
3070 530 3128 583 in
3160 531 3437 601 prooemio
3467 533 3735 589 editionis

2037 618 2238 683 prima?
2290 630 2671 684 ysagogarum
2721 618 3004 687 Porphirii
3036 618 3338 673 Severinus
3382 618 3451 689 ³⁸,
3484 624 3731 690 pruden-

2038 701 2290 755 tissimus
2340 702 2557 769 doctor,
2620 704 2789 757 Fabio
2862 706 3218 775 exhortante,
3276 708 3520 763 dicendo
3580 710 3735 764 insti-

2038 790 2176 843 tuit:
2221 810 2247 839 (ι
2308 790 2565 845 Primum
2624 793 2832 862 inquit,
2905 794 3087 861 docet,
3164 812 3291 865 quae
3339 797 3411 850 sit
3456 799 3734 871 cujusque

2039 879 2228 948 operis
2250 878 2514 944 intentio,
2550 881 2799 934 secundo
2816 897 2944 952 quas
2966 884 3204 949 utilitas,
3239 884 3415 938 tercio
3438 887 3536 956 qui
3556 887 3730 954 ordo;

2040 971 2243 1037 quarto
2304 968 2352 1021 si
2428 968 2572 1037 ejus,
2659 970 2822 1038 cujus
2888 987 3032 1040 opus
3127 988 3248 1026 esse
3299 973 3524 1037 dicitur,
3604 992 3732 1047 ger-

2041 1071 2242 1108 manus
2294 1056 2677 1127 propriusque
2700 1055 2748 1091 39
2778 1060 2921 1112 liber
2952 1061 3298 1131 est;quinto
3339 1079 3463 1132 quas
3503 1064 3573 1117 sit
3611 1066 3733 1134 ejus

2038 1144 2368 1214 inscriptio;
2407 1151 2629 1199 sextum
2660 1150 2744 1199 est
2791 1148 2849 1201 id
2886 1148 3093 1216 dicere,
3155 1150 3224 1203 ad
3283 1166 3455 1221 quam
3513 1159 3734 1221 partem

2040 1232 2421 1302 pllilOsOphitB
2467 1234 2879 1303 cujuscumque
2930 1236 3062 1289 libri
3120 1237 3361 1291 ducatur
3402 1240 3667 1295 intentio.
3703 1262 3730 1291 ιο

2044 1322 2170 1374 Haec
2200 1322 2396 1374 omnia
2448 1322 2507 1375 in
2546 1322 2692 1375 libro
2744 1329 2845 1376 tuo
2902 1330 3063 1378 caute
3109 1328 3476 1395 conservasti,
3527 1334 3613 1382 set
3640 1346 3735 1382 no-

2040 1409 2213 1462 minis
2250 1408 2333 1463 tui
2402 1410 2830 1480 inscriptionem
2887 1428 3004 1466 non
3062 1415 3396 1483 apposuisti.
3452 1416 3733 1479 Quoniam

2040 1502 2232 1550 autem
2292 1513 2421 1551 meo
2465 1497 2703 1551 arbitrio
2767 1500 2872 1552 hoc
2916 1500 3293 1569 judicandum
3352 1501 3399 1538 ιυ
3457 1504 3734 1574 reliquisti

2040 1586 2170 1639 ideo
2204 1585 2493 1656 sicjudico
2539 1602 2643 1640 nec
2672 1603 2791 1641 non
2843 1593 2899 1641 et
2930 1588 3138 1657 jubeo:
3175 1591 3427 1643 Titulum
3459 1591 3606 1645 libro
3633 1608 3733 1662 ap-

2040 1692 2237 1746 ponas,
2291 1691 2500 1729 nomen
2548 1682 2712 1730 tuum
2761 1677 3107 1731 ﬁducialiter
3164 1679 3462 1745 inscribas,
3520 1685 3575 1733 et
3604 1682 3731 1733 uni-

2041 1763 2249 1834 cuique
2282 1764 2472 1833 legere
2503 1765 2712 1818 volenti
2761 1765 2906 1818 liber
2952 1770 3161 1834 pateat,
3198 1782 3261 1819 ac
3288 1767 3502 1821 stabilis
3540 1767 3735 1821 incon-

2039 1854 2348 1923 vulsusque
2398 1868 2526 1905 meo
2578 1853 2797 1922 judicio
2848 1859 3200 1923 permaneat.
3233 1856 3289 1908 Si
3316 1856 3443 1926 quis
3469 1856 3733 1923 vero,in-

2041 1942 2192 1995 vidia
2249 1940 2606 2009 stimulante,
2651 1942 3018 1995 detractionis
3058 1960 3352 1997 murmure
3384 1961 3488 1997 nos
3515 1952 3735 1999 nostra-

2041 2046 2152 2100 que
2180 2030 2487 2099 vituperet,
2510 2030 2641 2084 huic
2666 2032 3002 2100 respondeo,
3031 2038 3089 2085 et
3113 2033 3413 2086 confusum
3437 2033 3523 2087 bis
3551 2035 3735 2088 verbis

2041 2118 2432 2172 obmutescere
2454 2118 2629 2172 facio:

2112 2207 2343 2261 Invidus
2364 2224 2423 2260 es
2444 2207 2673 2271 nostris,
2707 2208 2981 2278 quoniam
3007 2212 3069 2262 tu
3091 2209 3228 2263 talia
3247 2211 3451 2264 nescis.

970 2464 1246 2509 EXPLICIT
1278 2462 1559 2506 EPISTULA
1594 2460 1782 2504 DOMNI
1814 2458 2156 2502 BURCUARDI
2190 2458 2653 2502 WORMACIENSIS
2688 2458 2973 2502 EPISCOPI.

232 2633 763 2738 INCIPIT
818 2624 1569 2733 ALPERTUS
1640 2625 1821 2724 DE
1886 2620 2831 2723 DI'VERSITATE
2886 2622 3730 2726 TEMPORUM.

1404 2826 1797 2834 Μμ-ρ

1802 2824 2165 2831 ..ᾔ-..-

1724 2933 2011 3005 LIBER
2085 2928 2223 3004 1".

303 3096 323 3146 ί
362 3090 426 3144 ιδ.
460 3087 630 3159 Apud
683 3088 991 3142 Germanos
1044 3084 1141 3155 qui
1182 3083 1329 3137 circa
1377 3083 1642 3137 Rhenum
1672 3081 1930 3136 incolunt
1963 3083 2002 3137 C
2043 3080 2216 3133 ullam
2253 3097 2413 3151 spem
2456 3081 2727 3151 pociundi
2779 3099 2849 3136 ne
2891 3083 3126 3154 quidem
3180 3085 3547 3153 existimaret,
3604 3103 3736 3157 pro-

225 3183 340 3236 duo
386 3177 676 3245 ditissimi,
720 3177 1083 3230 Wicmannus
1129 3174 1245 3242 (27)
1305 3177 1361 3227 et
1388 3171 1731 3237 Baldericus,
1777 3186 1929 3225 sum-

227 3270 333 3323 mis
366 3269 576 3339 opibus
630 3266 779 3319 inter
837 3281 894 3317 se
935 3263 1005 3317 de
1030 3262 1333 3333 potentatu‘
1370 3260 1810 3315 contendebant.
1836 3259 1929 3313 Set

228 3360 600 3412 Wicmannus
658 3354 841 3425 gratia
898 3357 954 3406 et
1003 3351 1264 3405 amicicia
1317 3350 1468 3421 regis
1501 3350 1927 3419 multorumque

226 3450 644 3503 Germanorum
680 3443 998 3507 nitebatur;
1031 3441 1174 3495 alter
1218 3439 1573 3494 Coloniensis
1625 3438 1929 3493 sacerdotis

226 3538 484 3606 itemque
542 3532 816 3588 Gerhardi
851 3530 1216 3595 Mosellensis,
1263 3528 1513 3598 potentis
1570 3528 1673 3581 viri
1717 3526 1931 3581 auxilia

228 3626 335 3681 sibi
362 3624 644 3679 concibat.
675 3621 768 3674 His
800 3619 970 3673 rebus
999 3617 1322 3672 conﬁrmati
1354 3616 1420 3683 ⁸⁸,
1450 3616 1929 3672 contumeliosum

229 3709 650 3773 existimabant,
700 3721 806 3759 nec
837 3705 981 3757 alter
1033 3702 1197 3756 alteri
1238 3702 1296 3755 in
1335 3702 1450 3754 ullo
1481 3703 1525 3736 ⁴⁸
1574 3700 1804 3770 negotio
1845 3715 1931 3752 ce-

230 3800 409 3855 deret.
460 3795 747 3851 Interdum
799 3796 971 3847 etiam
1028 3807 1165 3862 pace
1218 3790 1368 3843 inter
1418 3806 1515 3842 eos
1564 3789 1725 3855 facta,
1795 3788 1928 3842 dolo

230 3888 458 3959 pocius,
508 3900 681 3956 quam
740 3886 805 3936 ut
842 3881 1015 3935 ullius
1062 3895 1211 3933 vera:
1242 3877 1513 3932 amicicie!
1544 3876 1714 3930 ﬁdem
1740 3892 1925 3929 serva-

230 3981 381 4042 rent,
434 3973 757 4028 studebant.
818 3970 913 4025 Set
965 3967 1288 4023 Baldericus
1326 3964 1598 4043 ditissimi
1657 3970 1712 4017 et
1758 3964 1927 4034 longe

234 4064 581 4121 nobilissimi
634 4058 951 4114 Wicmanni
1000 4058 1130 4128 (28),
1182 4056 1343 4125 cujus
1386 4054 1629 4124 majores
1661 4070 1928 4123 magnam

229 4161 453 4226 partem
504 4150 841 4215 Germaniae,
902 4151 957 4201 et
1005 4146 1251 4200 maxime
1294 4144 1440 4197 circa
1498 4144 1687 4196 littora
1732 4142 1929 4195 oceani

230 4242 476 4315 imperia
506 4241 797 4303 tenebant,
848 4236 1026 4290 filiam
1065 4234 1233 4289 duxit
1258 4248 1528 4297 uxorem;
1562 4232 1929 4285 Wicmannus

228 4350 360 4387 vero
399 4331 623 4401 aliquos
680 4343 861 4381 annos
929 4328 1057 4395 post
1113 4322 1366 4393 praefecti
1420 4320 1707 4375 Godei'ridi
1787 4322 1920 4388 (29),

226 4420 495 4476 avunculi
549 4416 845 4482 Balderici,
894 4414 1069 4467 filiam
1104 4411 1162 4465 in
1191 4409 1621 4464 matrimonium
1668 4424 1923 4479 sumpse-

227 4513 333 4560 rat.
376 4506 474 4560 Ilis
506 4504 675 4557 rebus
719 4507 772 4554 et
805 4500 894 4553 liic
923 4500 983 4552 in
1035 4496 1232 4561 Gallia,
1286 4501 1342 4549 et
1374 4496 1469 4549 ille
1498 4494 1556 4547 iu
1602 4494 1925 4561 Germania,

231 4594 448 4665 praedia
491 4597 549 4646 et
590 4588 830 4644 aedificia
856 4588 1037 4642 multa
1092 4601 1159 4639 ex
1181 4585 1330 4639 dotis
1349 4584 1478 4654 jure
1509 4583 1618 4647 sibi
1647 4583 1930 4653 adquisie-

230 4693 369 4737 rant.

230 4775 276 4825 2.
333 4774 403 4825 De
442 4768 659 4823 castello
689 4766 878 4820 Adela:
929 4768 974 4800 ⁴⁶
1028 4767 1261 4829 incenso,
1302 4765 1351 4815 et
1400 4761 1639 4829 ejusdem
1667 4759 1923 4813 moribus.

298 4861 431 4913 Erat
480 4862 648 4911 antea
701 4861 947 4925 tempus,
1005 4868 1135 4905 cum
1194 4849 1519 4903 Baldericus
1570 4864 1685 4901 suae
1734 4846 1927 4899 uxoris

2038 3170 2236 3236 pterea
2279 3168 2432 3237 quod
2486 3169 2734 3224 habebat
2780 3171 2890 3242 (30)
2920 3189 3176 3228 sororem
3209 3174 3442 3229 nomine
3471 3175 3736 3247 Liutgar—

2037 3255 2166 3309 dam
2200 3254 2547 3310 abbatissam
2597 3259 2878 3313 Eltnensis
2907 3262 3118 3316 montis
3174 3265 3306 3330 (3t),
3339 3280 3453 3334 qua
3481 3265 3733 3340 nolente,

2039 3345 2257 3397 nullam
2310 3347 2715 3400 contumeliam
2779 3364 2881 3402 suo
2931 3352 3128 3420 generi
3184 3352 3455 3422 degeneri
3489 3354 3735 3408 conubio

2038 3430 2249 3485 inferre
2282 3433 2544 3487 audebat.
2585 3435 2895 3491 Videbatur
2941 3438 3095 3493 enim
3138 3440 3233 3493 ille
3255 3442 3567 3497 secundum
3598 3459 3735 3514 quo-

2038 3520 2305 3574 rumdam
2363 3522 2718 3590 opinionem,
2777 3527 3038 3595 quamvis
3116 3528 3240 3582 loco
3285 3530 3616 3585 nobilitatus
3664 3530 3731 3593 “7,

2038 3624 2247 3677 genere
2309 3614 2571 3666 tamen...
2631 3611 2718 3679 “3;
2779 3612 2827 3666 is
2880 3614 3049 3667 etiam
3117 3622 3173 3670 et
3221 3617 3455 3687 quidam
3504 3619 3735 3683 Godizo,

2044 3697 2366 3751 Hicbizouis
2395 3699 2563 3761 filius,
2608 3700 2694 3752 vir
2751 3717 3091 3771 magnarum
3141 3720 3339 3773 opum,
3370 3706 3468 3776 qui
3499 3706 3650 3761 inter
3678 3726 3738 3761 se

2039 3786 2097 3839 in
2127 3785 2225 3839 illo
2257 3786 2449 3855 spacio
2498 3788 2776 3857 temporis
2823 3791 3149 3843 societatem
3179 3797 3235 3844 et
3262 3791 3435 3846 ﬁdem
3475 3794 3733 3849 firmave-

2040 3878 2187 3941 rant,
2222 3874 2281 3927 in
2306 3875 2984 3951 clientelavaiutgardae
3017 3895 3075 3931 se
3102 3879 3462 3945 devoverant,
3498 3883 3737 3953 ejusque

2039 3961 2328 4033 obsequiis
2351 3969 2408 4017 et
2436 3964 2694 4033 imperiis
2743 3966 3225 4037 obtemperarant.
3261 3969 3392 4023 Erat
3438 3971 3592 4025 enim
3620 3971 3733 4025 Go-

2041 4049 2166 4103 dizo
2187 4051 2646 4121 consanguineus
2692 4054 2897 4108 harum
2943 4071 3227 4121 sororum,
3280 4062 3336 4110 et
3380 4058 3632 4128 primum
3666 4064 3736 4114 ad

2040 4138 2358 4192 amiciciam
2387 4140 2619 4195 alterius
2650 4157 2708 4194 se
2747 4143 3047 4209 addicavit,
3096 4145 3263 4215 eique
3290 4147 3543 4201 studium
3568 4166 3737 4203 suum

2041 4231 2097 4279 et
2122 4228 2400 4281 auxilium
2454 4231 2813 4299 praestiterat.
2870 4232 2967 4286 Set
2994 4248 3125 4287 cum
3180 4234 3357 4289 animi
3387 4236 3509 4306 ejus
3540 4238 3734 4293 levita-

2044 4318 2156 4369 lem
2208 4322 2265 4370 et
2309 4332 2497 4371 mores
2548 4319 2738 4373 faciles
2792 4320 3269 4378 animadverteret
3300 4325 3369 4379 ab
3418 4327 3540 4396 ejus
3569 4327 3735 4382 fami-

2038 4404 2285 4459 liaritate
2341 4423 2399 4459 se
2450 4409 2709 4475 removit,
2759 4415 2814 4463 et
2851 4411 2922 4464 ad
2954 4412 3180 4467 domum
3209 4414 3529 4485 Luitgardaa
3559 4417 3735 4471 clien-

2035 4495 2207 4547 telam
2239 4510 2297 4548 se
2332 4497 2592 4551 contulit.
2622 4498 2728 4561 Qui
2766 4503 2896 4568 post
2950 4499 3084 4553 hinc
3137 4501 3458 4570 biennium,
3494 4504 3567 4559 ob
3613 4506 3733 4575 ple-

2016 4597 2243 4653 -rasque
2269 4582 2510 4654 injurias
2550 4602 2691 4656 quas
2739 4587 2916 4641 Adela
2942 4588 3124 4642 sorori
3162 4590 3388 4645 domnae
3413 4592 3733 4663 Liutgardaa

2039 4668 2356 4740 inrogabat,
2387 4673 2654 4742 adjuncto
2707 4673 2814 4728 sibi
2871 4675 3180 4745 Balderico,
3239 4680 3532 4733 castellum
3580 4681 3733 4734 illius

2037 4758 2225 4811 subito
2314 4761 2667 4831 inrumpens,
2725 4762 2919 4832 praeda
2948 4768 3005 4816 et
3032 4764 3295 4819 incendio
3360 4770 3730 4838 consumpsit.

2036 4847 2164 4915 Ipsa
2195 4864 2350 4916 vero,
2378 4857 2672 4919 comperto
2718 4868 2917 4904 eorum
2948 4852 3216 4919 adventu,
3249 4856 3420 4924 paulo
3450 4862 3580 4910 ante
3611 4873 3731 4912 me-

1636 4930 1868 4983 VARIIE
1912 4929 2305 4985 LECTIONES.

298 5018 347 5053 ³⁸
400 5015 1045 5097 ρυὰεηῐὶὺρερθιεέιιεη
1095 5027 1145 5097 ί)ἰ
1207 5008 1265 5097 3:
1307 5008 1673 5097 propriisque
1706 5024 1780 5097 .0.
1814 5006 2293 5097 ‘:°:judicast‘qu
2428 5008 2472 5097 ξι
2524 5011 2771 5097 Ῑροιξγυ
2827 5014 3291 5097 pun-LIBER!
3341 5016 3535 5097 dis-unt
3588 5023 3726 5097 inp.

234 5093 274 5126 ιπ
329 5077 580 5144 ηιάηενοε
627 5087 846 5160 addidi:
909 5083 1166 5160 Eckhqrt:
1221 5077 1750 5160 “joy—firmata
1811 5077 1855 5114 ιδ
1914 5079 2013 5132 illo
2067 5082 2114 5131 l.
2171 5079 2218 5115 ιδ
2264 5080 2497 5135 Addelae
2540 5085 2593 5136 2.
2650 5081 2696 5118 ⁵⁷
2754 5084 3067 5139 nobilitatis
3132 5090 3180 5140 l.
3240 5084 3288 5120 ⁸⁸
3345 5088 3473 5143 vilis
3520 5093 3734 5160 supplet

1871 5219 1913 5272 N
1923 5219 2093 5274 ΟΤᾸΞ.

236 5163 373 5216 Eckh
404 5165 640 5227 fortasse
670 5157 970 5213 mediocris
990 5171 1041 5207 υ.
1069 5156 1224 5220 infra
1276 5153 1329 5206 Il
1367 5154 1419 5217 8,
1446 5167 1580 5222 pag.
1612 5152 1735 5204 713.

302 5313 414 5381 (27)
448 5311 526 5365 De
556 5309 719 5379 cujus
775 5320 985 5378 genere
1037 5302 1105 5357 cf.
1159 5304 1225 5357 cl.
1288 5301 1597 5356 Wedekind
1647 5304 1817 5355 noteu
1849 5302 1919 5365 II,

237 5383 670 5523 Botggjltlomitis
692 5446 830 5523 pagi
844 5445 1161 5523 Hamalant.

430 5519 666 5577 Comitis
691 5515 1150 5582 Hattuariorum;
1192 5515 1260 5568 cf.
1298 5531 1357 5581 ιι,
1389 5518 1440 5569 6.

2106 5302 2218 5368 (30)
2252 5300 2475 5355 Scilicet
2499 5318 2654 5358 uxor.

2112 5372 2422 5454 _(31)-Elten_
2450 5373 2521 5427 ad
2584 5375 2868 5442 Rhenum,
2933 5392 2964 5429 a
3015 5378 3346 5434 Wicmanno
3404 5381 3726 5454 Liutgardaa

2034 5447 2193 5509 patre
2231 5443 2551 5499 fundatum.
