3920 6190
312 231 415 284 455

1260 228 1567 287 ALI’ERTI
1605 233 1660 286 S.
1703 227 2184 288 SYMPHORIANI
2226 228 2517 287 METENS.
2563 226 2868 287 MONACH.
3315 222 3321 235 ’
3671 240 3755 293 4ΰῦ

311 353 466 408 diam
493 357 718 408 noctem
747 370 878 409 cum
931 355 1121 426 paucis
1160 356 1432 427 profugit.
1493 356 1587 411 Set
1620 360 1893 426 praeterea
1923 373 2012 410 res
2051 357 2093 409 Α
2123 355 2278 409 illius
2334 371 2531 409 necem
2583 354 2888 425 cogitabat,
2930 358 2984 408 et
3023 353 3262 407 consilio
3311 370 3432 409 cum
3462 357 3757 427 quibusdam

312 443 418 497 ista
497 443 866 497 vehementer
935 451 1017 498 est
1073 445 1428 511 admiranda,
1506 445 1608 498 has
1670 459 1898 499 sorores
1943 442 2008 511 ‘9,

312 532 645 601 parentibus
678 532 1009 586 clarissimis
1057 541 1231 599 ortas,
1283 540 1400 587 tam
1434 534 1687 587 diversas
1740 550 1773 586 τι
1801 550 1860 587 se
1887 550 2010 587 esse

312 621 586 690 potuisse,
622 626 683 673 ut
708 627 846 691 quot
880 622 1354 691 reprehensiones
1400 622 1458 676 in
1489 638 1603 675 una
1650 627 2004 682 notarentur.

310 715 395 762 tot
426 709 486 762 in
515 710 691 761 altera
729 710 966 763 virtutes
995 711 1464 780 praedicerentur,
1506 711 1619 764 nisi
1658 711 1765 764 hoc
1795 712 2008 781 cogita-

312 798 585 864 tionibus,
620 801 830 850 nostris
864 814 1244 868 Opponamus,
1293 799 1506 853 mirum
1557 816 1673 852 non
1719 799 1914 866 fuisse,
1942 816 2008 854 eo

308 887 458 956 quod
492 892 546 939 et
576 886 799 955 primus
830 903 1037 955 parens
1066 894 1261 941 uoster
1286 888 1485 941 itidem
1521 888 1826 943 dissimiles
1856 890 2003 942 filios

308 975 591 1044 genuerit,
654 990 902 1044 quorum
984 976 1146 1040 alter,
1209 976 1637 1030 crudelissimus
1697 978 2004 1046 parricida,

308 1065 551 1117 alterum
609 1063 975 1117 mitissimum
1030 1063 1245 1118 invidia
1302 1064 1524 1119 occidit.
1598 1066 1801 1119 Nostro
1873 1083 2005 1120 vero

306 1151 534 1205 silentio
572 1151 671 1206 illa
706 1151 1200 1221 prtetermittenda
1246 1157 1400 1220 sunt,
1453 1169 1583 1224 quas
1617 1154 1686 1208 de
1715 1155 1896 1209 Adela
1928 1155 2008 1209 di-

306 1240 601 1306 cebantur,
666 1241 822 1310 quod
867 1246 990 1294 erat
1062 1242 1309 1294 clamosa
1367 1243 1426 1295 in
1492 1258 1649 1308 voce,
1698 1243 1907 1296 lasciva
1946 1244 2002 1296 in

303 1331 509 1396 verbis,
555 1341 708 1383 veste
769 1329 1106 1399 composita,
1160 1330 1351 1384 animo
1408 1330 1703 1395 dissoluta,
1764 1337 1821 1385 et
1850 1334 2003 1402 quod

305 1419 738 1473 instabilitatem
771 1419 979 1471 mentis
1036 1418 1271 1471 nutibus
1319 1421 1614 1473 oculorum
1644 1420 1998 1490 praeferebat.

307 1508 418 1560 Nos
439 1524 571 1560 vero
602 1507 835 1574 scimus,
866 1523 991 1559 eam
1025 1508 1094 1561 ad
1132 1524 1308 1577 Opera
1341 1510 1516 1561 multa
1558 1526 1679 1562 esse
1711 1512 1999 1572 solertem.

306 1612 517 1666 magno
552 1596 805 1665 ingenio,
839 1600 895 1648 et
931 1612 1264 1649 numerosas
1294 1597 1671 1651 cubicularias
1729 1599 1799 1652 ad
1829 1599 2001 1652 varie-

305 1691 478 1739 tatem
510 1685 822 1738 textrilium
848 1700 1039 1738 rerum
1090 1685 1392 1738 instructas
1424 1685 1657 1748 habere,
1692 1692 1749 1740 et
1778 1687 1836 1740 in
1871 1704 1971 1756 pre

305 1773 472 1827 ciosis
519 1773 767 1826 vestibus
828 1773 1194 1827 conficiendis
1245 1790 1390 1843 pene
1430 1790 1628 1827 omnes
1675 1780 1998 1829 nostrarum

303 1863 605 1933 regionum
638 1862 908 1915 mulieres
948 1878 1219 1932 superare
1287 1864 1433 1931 (32);
1486 1863 1609 1917 haec
1653 1866 1774 1917 sola
1802 1864 1998 1918 huma-

304 1950 451 2004 nitas
480 1950 541 2003 in
571 1966 637 2004 ea
665 1954 801 2004 nota
832 1955 932 2003 est.

754 2040 804 2092 3.
847 2040 912 2091 De
938 2038 1177 2091 moribus
1211 2038 1541 2105 Liutgardae.

373 2130 441 2181 At
483 2142 617 2180 vero
682 2126 1003 2195 Liutgardis
1049 2126 1220 2196 longe
1287 2127 1582 2181 dissimilis
1639 2128 1791 2182 huic.
1852 2130 1993 2184 Nam

303 2215 834 2269 moribushonestis
862 2221 985 2268 erat
1038 2215 1432 2282 celeberrima,
1478 2216 1786 2271 virtutibus
1814 2219 1995 2271 omni-

302 2304 408 2357 bus
437 2304 586 2357 ultra
619 2317 791 2372 quam
849 2301 1003 2355 credi
1046 2308 1234 2372 potest
1291 2303 1752 2373 praeclarissima,
1807 2304 1995 2375 hospi-

301 2394 519 2446 talitate
539 2394 618 2446 ita
643 2392 900 2455 adsueta,
935 2395 997 2444 ut
1062 2391 1122 2444 in
1152 2391 1401 2445 adventu
1425 2391 1717 2462 hospitum
1750 2396 1996 2447 maxime

301 2480 700 2546 delectaretur,
752 2479 1063 2550 itidemque
1119 2479 1165 2532 si
1215 2481 1445 2550 qnando
1500 2481 1781 2547 abessent,
1841 2483 1991 2552 quod

300 2573 494 2623 tamen
550 2585 680 2622 raro
728 2568 987 2635 contigit,
1021 2569 1308 2638 quandam
1358 2569 1519 2640 quasi
1572 2569 1995 2624 mmsticiamin

300 2658 457 2709 vultu
492 2656 849 2726 praeferebat.
883 2656 1250 2709 Prudentiam
1299 2655 1355 2709 in
1416 2673 1482 2709 ea
1511 2657 1734 2710 laudari
1775 2673 1890 2710 non
1912 2664 1996 2710 est

300 2760 548 2812 necesse,
608 2760 738 2797 cum
787 2760 898 2796 non
951 2744 1135 2797 solum
1185 2760 1248 2797 ex
1313 2744 1527 2813 ralatio
1587 2744 1656 2798 ad
1703 2761 1851 2811 eam,
1908 2750 1995 2799 set

301 2833 472 2887 etiam
522 2850 589 2886 ex
648 2832 976 2904 longinquis
1030 2832 1362 2903 regionibus
1420 2850 1662 2903 magnus
1716 2850 1992 2887 numerus

302 2921 605 2975 hominum
656 2922 725 2974 ad
786 2937 1016 2974 suarum
1068 2937 1258 2974 rerum
1305 2922 1646 2992 capiendum
1687 2924 1990 2977 consilium

298 3010 684 3064 conﬂuxisset.
723 3009 853 3062 Erat
881 3010 1035 3063 enim
1082 3009 1141 3062 in
1191 3025 1257 3062 ea
1305 3026 1432 3062 cum
1469 3026 1691 3063 summa
1732 3011 1989 3079 scientia,

300 3104 423 3151 tum
455 3097 748 3151 verissima
771 3096 1006 3151 facultas
1025 3113 1258 3151 suorum
1282 3098 1652 3152 consiliorum
1685 3100 1990 3169 expedien-

298 3186 521 3241 dorum.
553 3187 830 3240 Omnibus
850 3186 1112 3251 affabilis,
1169 3186 1435 3239 omnibus
1493 3188 1683 3241 extitit
1721 3188 1988 3258 benigna,

297 3260 479 3329 multa
537 3274 705 3328 etiam
761 3274 948 3328 dando
996 3275 1300 3328 maximam
1351 3275 1594 3344 gloriam
1643 3279 1845 3347 adepta
1876 3283 1989 3345 est;

296 3364 451 3418 unde
482 3368 539 3417 et
576 3362 832 3432 contigit,
862 3368 926 3416 ut
972 3379 1171 3416 omnes
1228 3380 1351 3417 eam
1381 3364 1631 3417 maximo
1652 3364 1869 3420 honore
1899 3382 1988 3420 ce-

295 3452 603 3507 lebrarent.
662 3453 949 3521 Pauperes
1008 3467 1135 3505 eam
1191 3451 1352 3523 quasi
1410 3458 1649 3507 matrem
1698 3457 1867 3508 etiam
1925 3471 1989 3510 ex

295 3540 615 3611 peregrinis
673 3540 811 3594 locis
844 3540 966 3593 sine
1021 3540 1317 3594 intervallo
1360 3540 1822 3611 frequentabant,
1855 3559 1991 3613 quo-

296 3644 425 3681 rum
476 3628 762 3682 neminem
800 3628 924 3682 sine
963 3628 1163 3682 solatio
1193 3645 1225 3682 a
1245 3644 1304 3681 se
1335 3628 1489 3682 abire
1513 3629 1794 3698 permisit.
1827 3630 1990 3684 Mira-

296 3733 404 3784 res,
432 3720 494 3770 ut
546 3716 870 3787 fragilitatis
919 3716 1155 3771 feminei
1183 3732 1350 3771 sexus
1395 3719 1566 3771 tantis
1599 3719 1990 3773 vexationibus

297 3822 367 3859 ne
406 3807 639 3877 quidem
688 3806 758 3860 ad
812 3807 1012 3860 horam
1063 3812 1414 3876 gravaretur,
1473 3812 1558 3860 set
1586 3808 1795 3875 potius,
1836 3808 1989 3877 quod

294 3900 381 3949 est
410 3894 750 3960 mirabilius,
805 3901 867 3948 ut
897 3895 1035 3956 dixi,
1071 3896 1470 3948 delectaretur.
1526 3895 1685 3948 Unde
1713 3896 1990 3966 frequen-

293 3988 382 4037 ter
410 3984 562 4037 inter
592 3999 694 4036 nos
730 3983 995 4036 collocuti
1040 3981 1109 4047 5°,
1141 3984 1274 4037 dum
1299 3982 1359 4035 iu
1392 3987 1516 4053 ejus
1545 3983 1726 4053 gloria
1741 3984 1988 4037 aestima-

291 4088 487 4126 remus
556 4076 774 4125 tantam
829 4071 1234 4137 humilitatem,
1285 4072 1467 4124 fateor
1518 4087 1625 4123 nos
1674 4071 1796 4141 jam
1852 4077 1990 4126 tunc

292 4160 597 4220 divinasse,
640 4160 697 4213 id
727 4160 877 4229 quod
908 4175 1105 4213 verum
1147 4163 1286 4225 erat,
1333 4159 1431 4212 illa
1485 4156 1529 4192 δι
1565 4158 1810 4213 extincta
1859 4159 1980 4213 uul-

291 4249 406 4302 lam
462 4247 522 4300 in
560 4246 649 4301 his
704 4247 1033 4315 regionibus
1065 4246 1154 4300 sui
1210 4246 1566 4300 consimilem
1614 4252 1730 4301 tam
1773 4246 1983 4301 illustri

290 4336 402 4389 vita
441 4352 562 4389 esse
595 4336 863 4389 futuram.
898 4335 1311 4389 Patrimonium
1357 4352 1584 4406 quoque
1615 4352 1804 4402 omne,
1831 4336 1980 4407 quod

290 4424 397 4477 sibi
454 4424 787 4478 hereditatis
831 4430 993 4494 parte
1043 4423 1092 4459 ⁸²
1154 4430 1518 4490 successerat,
1593 4425 1845 4479 ecclesiae
1890 4425 1981 4479 cui

290 4512 412 4583 ipsa
441 4518 686 4583 prmerat
711 4512 971 4567 contulit.
998 4512 1055 4567 Id
1081 4529 1245 4567 soror
1291 4511 1487 4583 “ejus
1532 4513 1742 4567 factum
1788 4513 1989 4583 gravi!

288 4607 377 4655 ter
449 4602 655 4669 ferens,
730 4602 1101 4657 traditionem
1167 4602 1324 4656 illam
1384 4601 1595 4672 saepius
1661 4602 1981 4656 rescindere

291 4689 650 4745 moliebatur.
683 4689 780 4745 Set
827 4707 956 4745 cum
985 4690 1043 4744 id
1092 4690 1317 4746 efﬁcere
1366 4707 1482 4744 non
1517 4696 1729 4761 posset,
1760 4690 1820 4745 in
1849 4691 1979 4745 vitae

2121 444 2404 515 pestiferis
2446 444 2613 510 inito,
2673 445 2831 497 illam
2890 458 3139 503 veneno,
3200 447 3262 496 ut
3310 443 3500 509 fertur,
3544 449 3759 505 extinxe-

2119 541 2273 588 runt.
2335 535 2445 589 Nos
2479 550 2606 587 eam
2659 550 2804 594 rem,
2846 548 2950 602 pro
3001 531 3391 601 magnitudine
3440 534 3644 588 sceleris
3675 554 3757 607 pa-

2120 639 2247 677 rum
2303 622 2471 677 nobis
2525 628 2903 691 compertam,
2960 621 3364 675 existimationi
3417 623 3561 692 vulgi
3609 626 3759 680 ιιιιωί-

2122 712 2373 766 nandum
2411 710 2813 781 relinquimus.
2866 710 2955 764 Set
2986 708 3069 761 illi
3108 708 3210 779 qui
3241 725 3511 763 venenum
3540 713 3759 768 confece-

2116 806 2264 865 rant,
2314 800 2463 869 capti
2529 797 2577 836 ⁵⁸
2630 805 2803 869 atque
2867 797 3042 852 oculis
3094 798 3385 868 dampnati
3459 805 3599 853 sunt.
3653 802 3763 857 Post

2115 894 2359 942 mortem
2395 888 2521 958 ejus
2576 905 2708 943 cum
2753 903 2954 941 omnes
2984 886 3198 957 ubique
3229 886 3521 941 orbitatem
3549 886 3590 923 ⁸⁵
3616 894 3759 943 tantte

2116 977 2374 1031 mulieris
2405 993 2533 1031 cum
2566 977 2718 1031 luctu
2753 982 2812 1030 et
2865 976 3100 1045 planctu
3131 974 3489 1044 deplorarent
3534 992 3676 1030 soror
3700 979 3759 1032 il-

2113 1066 2223 1119 lius
2254 1066 2439 1119 locum
2471 1065 2779 1119 furibunda
2815 1064 3052 1125 invadit,
3085 1068 3142 1118 et
3170 1079 3341 1117 omne
3379 1064 3762 1134 patrimonium,

2113 1154 2268 1224 quod
2318 1169 2484 1207 soror
2542 1154 2638 1224 pia
2693 1152 3011 1207 intentione
3080 1152 3333 1206 ecclesiae
3399 1152 3643 1218 contulit,
3706 1156 3761 1209 ad

2113 1258 2274 1296 suam
2304 1247 2645 1312 potestatem
2676 1241 2905 1296 retorsit
2944 1240 3011 1295 ⁸⁸.
3073 1239 3171 1295 Set
3195 1257 3310 1295 non
3354 1241 3528 1295 multo
3576 1247 3688 1311 post
3709 1259 3759 1296 ex

2112 1339 2396 1400 praecepto
2457 1330 2682 1384 Ottonis
2733 1328 2888 1382 tertii
2949 1326 2994 1365 ⁸⁷
3049 1328 3411 1399 imperatoris
3463 1345 3583 1382 cum
3624 1330 3758 1384 dede-

2111 1434 2242 1472 core
2297 1419 2554 1489 expulsa,
2617 1418 2707 1473 his
2758 1418 3198 1472 adversitatibus
3248 1418 3541 1488 praevideri
3586 1420 3761 1488 cogita-

2109 1507 2237 1573 bat;
2281 1512 2338 1562 et
2379 1507 2613 1561 consilio
2670 1524 2801 1561 cum
2832 1508 2950 1562 suis
3005 1514 3259 1577 accepto,
3302 1523 3428 1560 cum
3460 1514 3578 1577 post
3611 1508 3756 1561 virum

2042 1635 2080 1687 Β
2111 1597 2359 1665 priorem
2420 1597 2542 1650 sine
2595 1596 2979 1650 occultatione
3028 1597 3275 1666 turpiter
3324 1596 3544 1649 vixisset
3588 1600 3636 1649 et
3678 1613 3757 1650 cu-

2110 1684 2288 1755 pienti
2346 1686 2434 1738 sui
2488 1685 2711 1754 copiam
2775 1701 2891 1738 non
2941 1690 3223 1754 negasset,
3283 1689 3575 1753 postquam
3623 1684 3758 1737 vidua

2110 1773 2314 1827 lasciva
2361 1771 2410 1807 ⁵⁸
2456 1774 2769 1828 secundum
2825 1773 3042 1827 dictum
3103 1773 3284 1826 sancti
3311 1772 3543 1843 apostoli
3580 1771 3622 1842 (Ι
3648 1774 3754 1826 Tim.

2109 1878 2160 1929 v,
2203 1865 2279 1929 ιι)
2323 1862 2422 1915 diu
2453 1862 2739 1916 luxuriata
2768 1862 2985 1927 fuisset,
3036 1860 3199 1914 illum
3232 1860 3302 1914 de
3330 1877 3441 1931 quo
3469 1877 3628 1930 supra
3653 1860 3758 1914 dixi-

2108 1966 2235 2005 mus
2268 1950 2607 2004 Baltericum
2649 1951 2811 2005 duxit
2853 1950 3145 2013 maritum,
3198 1966 3330 2003 cum
3361 1949 3572 2003 vivente
3600 1964 3757 2002 sorore

2106 2044 2310 2092 neuter
2333 2040 2598 2109 copulam
2648 2038 2882 2093 alterius
2913 2054 2983 2091 ne
3014 2043 3207 2091 mente
3239 2037 3469 2107 quidem
3500 2037 3756 2105 concipere

2105 2127 2367 2181 auderet.
2429 2128 2539 2181 Nec
2570 2128 2751 2180 multo
2809 2130 2954 2197 post,
3016 2126 3329 2196 instigante
3372 2126 3486 2193 illa,
3544 2141 3661 2177 cum
3692 2140 3759 2178 ar-

2108 2219 2256 2268 mata
2305 2231 2481 2269 manu
2538 2220 2792 2269 montem
2840 2217 3014 2268 Eltnaa
3063 2212 3111 2247 ‘9
3150 2214 3341 2267 subito
3374 2219 3616 2283 occupat.
3644 2213 3755 2266 Cum

2105 2304 2340 2373 opidani
2371 2303 2674 2373 repentino
2709 2310 2862 2357 metu
2894 2303 3144 2373 perculsi
3186 2303 3323 2372 fuga
3376 2304 3607 2355 salutem
3634 2316 3757 2371 quaa-

2105 2397 2316 2459 rerent,
2347 2391 2407 2444 in
2464 2390 2811 2445 monasterio
2860 2407 2917 2444 se
2947 2391 3315 2444 abdiderunt.
3350 2390 3757 2461 EXpugnaloque

2105 2480 2479 2547 monasterio,
2530 2486 2587 2534 et
2661 2480 2867 2549 jaculis
2932 2480 3210 2533 altaribus
3266 2478 3533 2549 trajectis,
3589 2492 3754 2543 unum,

2106 2584 2277 2638 quem
2339 2568 2448 2622 sibi
2523 2567 2822 2622 inimicum
2873 2567 3187 2621 existimari
3246 2567 3446 2634 voluit,
3511 2566 3761 2636 captivum

2105 2658 2286 2712 duxit.
2343 2657 2436 2712 Set
2489 2673 2618 2710 cum
2651 2658 2707 2711 id
2765 2656 2883 2727 regi
2932 2662 3295 2727 compertum
3327 2656 3489 2723 foret,
3532 2654 3762 2726 graviter-

2105 2763 2217 2817 que
2247 2746 2459 2799 factum
2509 2745 2617 2798 hoc
2646 2746 2836 2812 ferret,
2889 2744 3160 2798 delictum
3196 2744 3764 2814 Baltericideprecato-

2103 2850 2231 2887 rum
2263 2834 2479 2887 auxilio
2529 2833 2771 2904 pecunia
2825 2833 3117 2903 expiatum
3148 2838 3255 2886 est.
3301 2833 3415 2886 Rex
3453 2848 3579 2885 vero
3606 2830 3763 2883 altiori

2032 2914 2072 2967 C
2102 2922 2340 2976 consilio
2393 2922 2453 2976 in
2492 2926 2786 2991 posterum
2844 2921 2955 2974 loci
3000 2921 3152 2973 illius
3206 2921 3568 2974 stabilitatem
3593 2918 3763 2990 praevi-

2100 3010 2234 3064 dere
2263 3010 2483 3076 volens,
2521 3010 2875 3079 Noviomago
2935 3006 2985 3043 ⁶⁰
3013 3008 3255 3062 concilio
3291 3008 3504 3063 indicto
3536 3010 3640 3079 (an.
3661 3010 3762 3069 997,

2100 3101 2237 3153 Mai.
2310 3097 2419 3167 l8),
2452 3114 2582 3151 cum
2614 3099 2866 3168 undique
2915 3097 3370 3169 frequentissimi
3424 3098 3554 3151 illuc
3592 3112 3763 3150 conve-

2099 3188 2310 3252 nirent,
2332 3187 2693 3240 tractandum
2748 3187 2815 3240 de
2848 3186 3120 3256 praedicto
3171 3186 3302 3240 loco
3343 3186 3557 3239 statuit.
3586 3184 3764 3238 Aderat

2099 3292 2228 3329 cum
2276 3291 2379 3328 sua
2425 3275 2669 3344 conjuge
2711 3274 3038 3341 Baltericus,
3086 3289 3153 3327 eo
3183 3274 3344 3344 quod
3377 3273 3659 3328 sententia:
3692 3287 3764 3325 se-

2099 3369 2368 3418 natorum
2425 3369 2841 3434 processerant,
2898 3366 2963 3416 ut
3012 3362 3108 3416 ille
3158 3363 3459 3416 convictus
3486 3360 3761 3416 secundum

2098 3452 2283 3522 legem
2315 3452 2375 3505 in
2405 3457 2746 3522 perpetuum
2780 3451 2849 3505 ab
2868 3450 3022 3505 illius
3052 3451 3518 3520 expostulatione
3548 3448 3764 3504 ecclesia!

2098 3557 2156 3594 se
2205 3540 2499 3606 eximeret,
2554 3539 2748 3610 sicque
2778 3539 2941 3593 karta
2967 3544 3022 3594 et
3053 3539 3361 3611 privilegio
3390 3539 3498 3594 loci
3526 3539 3763 3594 stabilita-

2097 3635 2215 3684 tem
2241 3629 2615 3683 tirmaverunt
2643 3630 2775 3697 (33).

2381 3755 2433 3806 4.
2475 3756 2542 3807 De
2570 3753 2722 3806 obitu
2763 3752 2973 3808 Ottonis
3010 3757 3061 3806 et
3082 3751 3221 3806 dolis
3241 3752 3516 3807 Baldrici.

2168 3860 2304 3914 Post
2329 3859 2451 3913 haec
2494 3875 2627 3912 vero
2672 3857 2986 3929 imperator
3031 3857 3239 3912 tercius
3293 3858 3449 3924 Otto,
3498 3859 3653 3913 boum
3695 3854 3763 3908 in-

2099 3947 2242 4001 dolis
2281 3946 2626 4014 adolescens,
2662 3946 2721 4000 in
2772 3946 2932 4003 Italia
2983 3946 3249 4014 moritur,
3305 3962 3623 4018 corpusque
3668 3944 3767 4014 ejus

2098 4035 2165 4089 ad
2220 4034 2581 4106 Aquasgraui
2633 4034 2886 4105 effertur,
2919 4039 2973 4089 et
3022 4034 3101 4089 ibi
3133 4051 3261 4089 cum
3296 4037 3459 4106 regio
3484 4035 3685 4089 honore
3703 4047 3769 4084 se-

2097 4124 2309 4195 pelitur
2363 4126 2477 4193 (an.
2535 4123 2718 4179 l002l.
2776 4124 2910 4177 Post
2964 4122 3130 4194 cujus
3183 4129 3433 4178 mortem
3488 4120 3767 4178 Baltericus

2016 4198 2058 4250 ι)
2098 4213 2257 4282 rupit
2295 4212 2487 4279 fidem,
2545 4217 2602 4265 et
2625 4210 2814 4266 hostili
2851 4227 3021 4265 manu
3072 4211 3382 4283 adgressus
3426 4212 3495 4267 ad
3543 4216 3767 4265 montem

2096 4302 2296 4370 Eltnae,
2355 4302 2569 4355 vallum
2614 4300 2715 4371 qui
2756 4300 3053 4354 ecclesiam
3110 4300 3178 4354 ad
3212 4301 3397 4356 instar
3441 4299 3645 4355 castelli
3670 4312 3766 4350 am-

2093 4389 2285 4444 biebat
2347 4390 2532 4457 scidit,
2616 4388 3007 4460 familiamque
3065 4404 3303 4443 omnem
3389 4388 3498 4444 sibi
3583 4385 3767 4441 servire

2092 4478 2297 4549 coegit.

2590 4586 2640 4638 5.
2681 4585 2755 4637 Dc
2781 4582 3046 4637 Heinrico
3066 4584 3108 4618 ⁸¹
3150 4598 3295 4652 rege.

2104 4722 2113 4727 -
2165 4690 2270 4744 Ubi
2293 4704 2428 4744 vero
2459 4688 2759 4745 Heinricus
2786 4704 3009 4743 summa
3039 4704 3232 4743 rerum
3272 4690 3494 4761 potitus
3530 4692 3631 4754 est,

1708 4847 1940 4901 VARle
1964 4844 2366 4901 LECTIONES.

361 4965 406 5003 ω
456 4982 692 5038 supores
754 4965 888 5039 L59
950 4969 1032 5020 ita
1062 4968 1172 5021 Eck
1218 4997 1328 5019 .—
1376 4967 1637 5039 collocati
1689 4982 1740 5020 c.
1795 4964 1841 4999 δι
1906 4967 2021 5039 illu_
2061 4982 2199 5039 corr.
2234 4966 2332 5019 illa
2389 4983 2433 5021 c.
2564 4971 2722 5039 patre
2773 4983 2894 5022 corr
2974 4974 3137 5039 parte
3167 4985 3213 5023 c.
3268 4967 3318 5004 ⁸³
3365 4984 3596 5039 sororor
3638 4981 3765 5039 corr.

290 5053 451 5109 soror
488 5035 537 5090 ei
596 5039 641 5074 “
701 5036 900 5109 capiti
929 5053 1067 5090 corr.
1124 5039 1273 5107 capti
1329 5054 1374 5090 ς.
1414 5036 1462 5073 ⁸⁸
1514 5040 1595 5109 ita
1640 5040 1881 5101 curreret;
1942 5037 2311 5109 sobrietatem
2362 5053 2407 5092 ο.
2462 5035 2512 5072 ³⁸
2565 5035 2830 5109 retrorsit
2882 5035 3019 5094 corr.
3074 5039 3301 5094 retorsit
3355 5056 3404 5093 ο.
3445 5037 3492 5074 ⁸⁷
3528 5038 3682 5093 tercii
3726 5038 3770 5086 ἓ.

292 5105 340 5139 ⁸⁸
358 5110 439 5160 ita
468 5110 528 5162 E.
558 5109 747 5163 lascua
769 5105 823 5163 δ.
856 5106 904 5142 ⁵9
933 5115 1081 5162 etum
1116 5111 1163 5162 l.
1193 5105 1368 5162 eltnaa
1398 5111 1451 5163 2.
1493 5107 1542 5143 ⁶⁰
1580 5108 1747 5162 novio
1773 5124 1982 5178 magno
2021 5111 2068 5163 l.
2099 5106 2144 5142 δι
2182 5108 2491 5164 HENRICO
2519 5123 2565 5164 ο.
2603 5108 2703 5164 hoc
2736 5110 2865 5164 loco.

1923 5257 2146 5313 NOT/E.

360 5386 736 5460 (32)__Eadem
780 5389 902 5460 fere
942 5389 1113 5443 verba
1165 5389 1235 5442 de
1279 5404 1473 5442 sorore
1522 5386 1835 5443 Burchardi
1859 5387 1979 5460 epi-

287 5457 444 5528 scopi
474 5458 744 5513 Wormat.
774 5459 834 5512 in
857 5460 977 5529 ejus
1009 5461 1133 5514 Vita
1161 5459 1433 5530 leguntur
1455 5474 1501 5513 c.
1540 5460 1625 5514 l2.

2163 5389 2277 5458 (33)
2312 5388 2393 5443 Cf.
2430 5404 2497 5443 ea
2542 5388 2612 5443 de
2641 5404 2702 5442 re
2732 5388 2986 5444 chartam
3018 5387 3384 5459 imperatoris
3417 5402 3510 5458 ap.
3547 5384 3767 5459 Schsten

2089 5448 2238 5512 Anu.
2262 5448 2514 5515 'Padcrb.
2542 5459 2586 5527 Ι,
2620 5459 2741 5515 343.
3101 5448 3121 5459 ‘
3452 5448 3479 5458 ’
3645 5448 3674 5477 ⁸
