3920 6190
73 257 207 308 ’457
898 313 903 318 ,
957 256 1045 311 DE
1087 255 1553 313 DIVERSITATE
1594 259 1981 316 TEMPOBUM
2024 261 2207 316 LIBRI
2252 260 2407 316 DUO.
2448 290 2516 301 -—
2560 262 2691 316 LIB.
2736 262 2775 314 Ι.

3528 266 3632 321 458

110 383 317 436 iterum
375 381 563 435 locum
619 380 782 434 illum
842 380 901 435 in
964 380 1217 450 priorem
1274 386 1485 437 statum
1559 384 1807 439 reduxit.
1840 389 1884 439 A
1925 385 2209 440 Meriwido
2250 382 2300 419 ⁷²
2360 386 2469 456 (34)
2524 401 2731 455 magna
2788 384 3077 439 celeritate
3126 386 3289 453 vecti,
3324 402 3509 458 usque
3556 388 3630 444 ad

110 471 278 524 Multa
337 470 612 541 praeclara
640 470 709 523 de
757 470 867 523 hoc
912 470 1036 523 viro
1086 470 1251 525 nobis
1299 472 1596 527 scribenda
1646 472 1814 526 sufli-

110 560 307 612 ciunt:
343 573 516 628 quam
562 558 746 622 facile,
778 558 961 627 gratia
1016 560 1115 612 Dei
1164 560 1435 627 donante,
1463 562 1509 597 σε
1558 561 1630 615 ad
1688 561 1811 632 api-

112 665 231 702 cem
283 645 331 683 ⁶³
388 648 552 719 regni
594 648 942 718 pervenerit,
972 648 1219 719 qualiter
1264 649 1515 703 illustres
1563 652 1711 704 viros
1758 656 1812 704 et

112 753 350 791 summa:
383 736 675 806 potentiae,
707 736 858 789 bella
888 737 1189 790 adversum
1223 754 1281 791 se
1320 739 1687 805 concitantes,
1721 756 1812 793 ce-

112 827 210 881 leri
248 825 481 879 victoria
509 826 567 878 in
612 824 968 878 deditionem
1000 826 1192 878 venire
1241 826 1513 897 coegerit,
1567 827 1815 898 qualiter

117 930 273 983 reges
345 914 406 966 in
453 915 499 949 “
575 912 944 966 interioribus
1007 914 1325 968 Germaniae
1387 915 1659 985 partibus,
1712 916 1813 987 qui

116 1010 245 1057 sunt
303 1002 513 1055 Winidi
544 1001 744 1068 vocati,
797 1017 910 1055 suae
940 1001 1152 1056 dicioni
1208 1003 1541 1058 tributarios
1610 1004 1809 1058 eﬂ'ece-

114 1093 201 1155 rit,
238 1097 294 1145 et
325 1091 537 1144 Mettim
567 1091 626 1143 in
657 1089 841 1159 Belgis
883 1089 979 1143 diu
1020 1095 1220 1144 contra
1260 1107 1318 1145 se
1367 1094 1517 1147 male
1563 1093 1810 1163 cogitan-

111 1188 247 1244 tem,
280 1185 336 1232 et
363 1177 753 1248 compluribus
784 1178 946 1231 annis
984 1178 1291 1241 obsessam,
1343 1196 1489 1250 pene
1516 1181 1587 1234 ad
1629 1181 1808 1236 inter-

108 1268 389 1322 nitionem
438 1265 488 1300 ⁸³
514 1266 816 1320 vastaverit
859 1266 972 1335 (an.
1012 1267 1229 1337 l0|2?),
1277 1272 1333 1321 et
1374 1269 1604 1322 tandem
1653 1270 1809 1323 mul-

107 1359 175 1411 tis
206 1356 589 1409 incommodis
618 1354 789 1407 illatis
812 1354 920 1408 sibi
951 1354 1270 1425 subegerit;
1301 1362 1385 1409 set
1405 1356 1539 1427 quia
1561 1358 1808 1411 domnus

104 1445 447 1501 Adelholdus
493 1443 865 1512 Trajectensis
927 1442 1230 1513 episcopus
1282 1443 1402 1497 haec
1449 1445 1643 1500 omnia
1675 1446 1806 1515 ple-

103 1535 337 1588 niterin
374 1548 489 1590 uno
542 1532 834 1584 volumine
888 1532 1177 1585 luculento
1226 1548 1489 1587 sermone
1545 1550 1804 1603 compre-

104 1622 319 1685 hendit,
352 1638 383 1673 a
431 1619 593 1673 nobis
644 1636 775 1689 pars
828 1636 956 1689 quae
997 1619 1304 1691 aliquando
1338 1621 1547 1676 nostris
1579 1623 1803 1693 scriptis

105 1709 427 1764 necessario
471 1708 711 1762 occurrit
763 1710 1164 1778 praetereunda
1202 1710 1321 1763 visa
1374 1715 1476 1777 est,
1530 1726 1601 1764 ne
1633 1710 1806 1765 histo-

102 1801 183 1852 ria
227 1797 396 1851 tantis
453 1802 509 1850 et
530 1801 647 1850 tam
694 1798 947 1850 venustis
1008 1797 1364 1851 documentis
1395 1799 1550 1852 edita
1580 1817 1610 1853 a
1639 1799 1806 1854 nobis

106 1892 379 1957 tanquam
413 1885 482 1938 ab
518 1884 841 1954 insipientis
870 1886 1075 1939 latratu
1108 1885 1518 1941 obfuscaretur.

322 1976 374 2028 6.
416 1975 492 2028 De
521 1975 634 2027 viso
656 1976 867 2038 comete,
896 1978 945 2026 et
970 1975 1135 2039 fame,
1169 1979 1219 2027 et
1240 1977 1589 2029 mortalitate.

174 2064 312 2117 Post
364 2062 498 2115 hinc
546 2061 861 2114 triennium
911 2077 1083 2131 quam
1135 2078 1230 2115 rex
1292 2063 1352 2115 in
1380 2063 1583 2117 solium
1640 2062 1806 2134 regni

109 2152 450 2205 sublimatus
499 2154 602 2213 est,
646 2154 954 2202 commetes
1007 2150 1267 2204 horribili
1315 2152 1501 2221 specie
1546 2152 1805 2206 ﬂammas

104 2241 207 2292 hac
253 2240 504 2309 illacque
548 2237 787 2307 jactans,
849 2236 910 2291 in
966 2238 1201 2291 australi
1252 2246 1411 2307 parte
1464 2240 1592 2295 coeli
1651 2240 1805 2294 visus

108 2335 206 2383 est.
256 2327 536 2399 Sequenti
587 2342 736 2380 anno
787 2325 965 2380 fames
1024 2332 1082 2380 et
1126 2329 1443 2381 mortalitas
1472 2328 1805 2399 gravissima

107 2435 207 2489 per
248 2422 438 2471 totum
484 2415 682 2469 orbem
732 2415 893 2469 facta}
922 2420 1054 2470 sunt
1108 2425 1217 2479 (an.
1283 2417 1460 2487 1005),
1524 2416 1602 2470 ita
1654 2417 1803 2470 utin

107 2506 305 2559 multis
338 2505 473 2558 locis
523 2519 643 2575 prae
697 2504 1070 2557 multitudine
1119 2509 1479 2558 mortuorum
1532 2510 1588 2559 et
1630 2505 1801 2559 tmdio

103 2594 507 2665 sepelientium
559 2592 673 2645 vivi
718 2592 900 2646 adhuc
952 2592 1214 2663 spiritum
1251 2595 1561 2663 trahentes,
1592 2593 1645 2646 vi
1691 2610 1803 2665 qua

105 2689 377 2753 poterant
405 2682 719 2736 renitentes
744 2679 793 2714 θδ
823 2697 951 2734 cum
983 2682 1227 2735 mortuis
1256 2683 1654 2737 obruerentur.

590 2774 640 2823 7.
671 2772 744 2822 De
773 2771 1038 2826 Wecelino
1057 2775 1327 2839 apostata.

172 2859 303 2913 Istis
360 2859 533 2913 etiam
577 2858 801 2925 diebus,
861 2858 1127 2912 videlicet
1184 2858 1433 2912 Heinrici
1489 2860 1643 2929 regis
1702 2859 1802 2929 qui

1922 478 2151 544 portum
2179 475 2330 544 Tylae
2384 476 2496 543 (35)
2537 480 2922 544 pervenerunt
2968 474 3083 545 (an.
3146 475 3317 542 1006).
3378 477 3632 546 Populus

1922 579 2056 615 vero
2112 562 2211 633 qui
2268 563 2415 616 circa
2476 562 2667 616 littora
2722 563 2841 617 Wal
2899 562 3153 616 ﬂuminis
3201 562 3627 633 habitaverunt,

1921 657 2215 720 comperto
2244 655 2417 704 tanta:
2457 651 2843 705 multitudinis
2870 652 3141 716 adventu,
3182 668 3343 722 spem
3394 667 3627 707 omnem

1921 739 2119 793 salutis
2168 740 2225 792 in
2276 740 2413 809 fuga
2479 746 2777 810 ponentes.
2829 756 2931 793 sua
2984 756 3129 809 pene
3177 739 3371 793 omnia
3415 747 3628 810 praeter

1918 827 2242 898 pecuniam,
2296 828 2433 898 quia
2485 833 2829 881 mercatores
2870 833 3052 897 erant,
3104 828 3467 882 alienissimis
3498 829 3629 883 reli-

1920 920 2189 987 querunt.
2247 917 2553 970 Praefectus
2608 933 2743 970 vero
2797 918 3047 988 prudens
3092 916 3353 988 consilio,
3409 917 3625 973 veritus

1917 1021 1987 1059 ne
2021 1004 2141 1075 agri
2173 1004 2504 1059 hominibus
2543 1005 2798 1059 destituti
2845 1005 3107 1061 hostibus
3155 1005 3376 1062 facilior
3399 1011 3624 1076 pateret

1916 1094 2228 1165 ingressus,
2261 1093 2315 1146 vi
2364 1110 2478 1165 qua
2527 1098 2753 1162 poterat
2808 1110 3042 1147 ascenso
3094 1110 3264 1164 equo,
3298 1093 3615 1164 fugientem

1915 1181 2004 1234 vix
2048 1181 2288 1234 retinuit
2335 1180 2635 1251 populum.
2685 1182 2882 1235 Hostes
2911 1197 3092 1252 usque
3124 1182 3274 1253 Tylae
3306 1181 3621 1250 venientes,

1914 1271 2036 1323 vela
2096 1270 2503 1341 deposuerunt,
2561 1274 2618 1324 et
2667 1275 2901 1340 portum
2950 1272 3106 1327 nullo
3163 1270 3462 1327 resistente
3518 1272 3610 1325 in-

1914 1355 2119 1424 gressi,
2160 1356 2382 1425 copiam
2429 1356 2613 1411 victus
2672 1372 2944 1427 magnam
2987 1363 3339 1429 repererunt.
3384 1359 3507 1423 Qua
3536 1376 3623 1414 ce-

1915 1444 2110 1498 leriter
2150 1451 2466 1516 exportata,
2511 1446 2697 1500 vicum
2746 1446 3016 1502 incendio
3058 1452 3439 1503 vastaverunt.
3492 1450 3614 1502 Mo-

1914 1532 2226 1587 nasterium
2268 1550 2501 1604 quoque
2532 1539 2740 1588 sanctae
2767 1534 3091 1605 Walburgte
3122 1534 3509 1605 irrumpentes
3537 1534 3607 1602 ⁷³,

1914 1624 2210 1691 vestesque
2242 1628 2465 1675 sanctas
2506 1639 2539 1676 a
2569 1622 2820 1693 quodam
2874 1622 3081 1677 comite
3121 1623 3422 1693 Waltgero,
3480 1640 3616 1677 con-

1917 1714 2194 1763 structore
2251 1710 2430 1780 ipsius
2461 1711 2591 1776 loci,
2652 1716 2710 1764 et
2774 1727 2877 1764 sua
2906 1712 3153 1781 conjuge
3206 1712 3321 1765 Deo
3369 1711 3545 1782 digna
3573 1709 3621 1749 ⁷⁸

1917 1797 2200 1852 Alberada
2266 1798 2481 1852 ibidem
2561 1799 2858 1853 collocatas
2916 1800 3258 1865 auferentes,
3323 1804 3378 1853 et
3439 1800 3617 1855 altare

1918 1885 2158 1955 spoliato
2188 1884 2256 1955 π,
2288 1890 2343 1939 et
2385 1889 2665 1957 praeterea
2695 1902 2868 1956 quam
2922 1886 3189 1956 plurimis
3220 1886 3391 1941 rebus
3446 1886 3620 1939 eccle-

1916 1972 2157 2026 siasticis
2234 1973 2547 2043 exportatis
2605 1973 2905 2027 ecclesiam
2960 1974 3194 2044 quidem
3268 1973 3615 2027 incolomem

1915 2059 2327 2130 relinquentes,
2389 2061 2459 2115 ad
2510 2062 2746 2115 classem
2806 2077 2863 2114 se
2916 2060 3231 2132 recipiunt;
3306 2062 3613 2132 statimque

1916 2148 2138 2201 nunciis
2168 2165 2197 2202 a
2240 2148 2506 2219 praefecto
2536 2149 2596 2203 in
2626 2165 2827 2203 omnes
2856 2154 3046 2220 partes
3078 2148 3348 2216 dimissis,
3383 2154 3613 2219 postero

1914 2235 2005 2289 die
2058 2252 2284 2290 summo
2346 2253 2513 2291 mane
2573 2238 2821 2290 maxima
2862 2236 3170 2291 multitudo
3223 2236 3503 2290 convenit.
3547 2238 3614 2291 Et

1915 2324 2051 2395 quia
2096 2326 2395 2395 prazfeclus
2439 2325 2713 2379 exercitui
2743 2341 2987 2396 praeesse
3038 2341 3156 2379 non
3212 2329 3456 2395 poterat,
3483 2325 3611 2378 Bal-

1914 2412 2109 2479 terico,
2136 2414 2204 2467 de
2232 2431 2344 2484 quo
2395 2431 2566 2484 supra
2605 2413 2875 2479 diximus,
2926 2413 3182 2484 itemque
3236 2413 3540 2467 Unruocho
3567 2410 3614 2449 ⁷⁸

1913 2501 2131 2568 comiti,
2186 2507 2422 2556 strenuo
2455 2502 2596 2568 viro,
2629 2502 2729 2574 qui
2772 2503 2832 2556 in
2881 2502 3131 2556 exercitu
3182 2502 3344 2556 tercii
3392 2502 3614 2555 Ottonis

1910 2589 2273 2659 imperatoris
2316 2590 2476 2643 Italia
2513 2591 2573 2643 in
2636 2606 2695 2643 re
2751 2590 2990 2644 militari
3042 2589 3475 2661 opinatissimus
3504 2590 3613 2643 ha-

1910 2677 2175 2747 bebatur,
2207 2679 2420 2733 bellum
2445 2679 2843 2734 committitur.
2905 2680 3121 2733 Nostris
3174 2679 3308 2731 visis
3342 2684 3399 2732 et
3440 2678 3613 2732 celeri

1912 2782 2112 2819 eorum
2145 2766 2393 2820 adventu
2426 2767 2615 2820 hostes
2645 2765 2954 2837 perterriti,
2996 2782 3169 2820 naves
3214 2782 3389 2837 quam
3437 2764 3606 2819 citius

1913 2856 2194 2908 solventes
2240 2854 2599 2922 recedebant,
2660 2855 2799 2909 adeo
2848 2860 2911 2909 ut
2937 2854 3139 2909 similis
3164 2855 3317 2925 fugae
3354 2869 3612 2909 recessus

106 2955 307 3018 postea
372 2947 769 3003 benedictione
827 2946 1133 3017 apostolica
1181 2948 1494 3017 imperator
1569 2947 1801 3001 effectus
1834 2953 1874 3007 Ο
1911 2943 2219 2997 videretur.
2256 2944 2445 2997 Nostri
2490 2944 2878 3014 insequentes,
2932 2948 2989 2997 et
3044 2959 3112 2996 ex
3165 2949 3403 3013 utraque
3452 2947 3614 3013 parte

105 3043 208 3104 est,
271 3036 508 3108 quidam
565 3036 903 3104 Wecelinus,
937 3035 1037 3106 qui
1085 3035 1272 3090 fuerat
1316 3036 1601 3090 Cuonradi
1646 3036 1804 3090 ducis

106 3126 349 3180 clericus
396 3125 664 3178 illusione
722 3124 998 3177 diabolica
1031 3123 1318 3189 seductus,
1370 3124 1551 3177 errori
1597 3124 1803 3177 Judeo—

106 3228 237 3265 rum
295 3211 605 3265 consensit.
650 3210 765 3263 Hoc
812 3210 1051 3263 audiens
1090 3226 1204 3275 rex,
1247 3208 1445 3275 nimia,
1479 3214 1543 3263 ut
1583 3210 1804 3279 justum

103 3300 235 3367 fuit,
286 3299 725 3353 conturbatione
773 3304 1096 3353 commotus
1146 3302 1250 3363 est,
1284 3303 1453 3368 atque
1484 3297 1638 3351 illius
1680 3298 1806 3368 jus-

106 3389 269 3443 sione
301 3405 452 3443 unus
483 3387 897 3458 discipulorum
926 3402 1160 3441 suorum
1206 3386 1440 3440 nomine
1488 3386 1804 3452 Heinricus,

102 3479 431 3549 aequivocus
512 3478 682 3547 regis,
749 3476 1086 3547 praedictum
1135 3479 1450 3546 apostatam
1514 3474 1806 3529 veracissi-

103 3567 217 3620 mis
272 3582 449 3620 sacrm
505 3565 814 3636 Scriptura
852 3564 1218 3631 testimoniis,
1263 3568 1327 3618 ut
1382 3563 1504 3635 ejus
1568 3563 1809 3634 epistola

101 3654 374 3719 afﬁrmat,
439 3653 578 3707 falsa
626 3653 800 3707 verba
855 3652 915 3706 in
965 3650 1252 3707 Christum
1303 3651 1544 3721 ejusque
1585 3654 1808 3703 sanctos

105 3744 322 3797 dixisse
366 3743 600 3810 devicit;
662 3747 718 3797 et
771 3742 907 3814 quia
954 3742 1077 3796 haec
1126 3742 1485 3812 longiusculo
1542 3757 1807 3795 sermone

104 3838 399 3902 protracta
444 3836 595 3899 sunt,
656 3831 713 3885 in
747 3830 858 3885 ﬁne
901 3831 1063 3885 istius
1102 3830 1283 3884 libelli
1313 3847 1380 3884 ea
1444 3845 1657 3901 ponere
1709 3828 1807 3883 de-

103 3921 393 3974 crevimus
426 3920 548 3988 (lib.
586 3936 646 3987 ιι,
672 3935 794 3990 cap.
838 3922 927 3984 22,
955 3921 1065 3985 35).

434 4011 483 4063 8.
535 4011 608 4061 De
633 4008 869 4061 adventu
906 4005 1378 4064 Nordmannorum
1409 4005 1475 4059 δ”.

178 4098 569 4163 Wicmannus,
622 4096 819 4150 sortita
870 4096 1131 4166 conjuge,
1193 4100 1260 4149 ut
1314 4111 1487 4165 supra
1540 4094 1806 4161 diximus,

108 4188 367 4257 przefecti
396 4185 535 4251 tilia,
568 4185 677 4239 sibi
706 4185 763 4238 in
792 4185 1061 4238 omnibus
1100 4184 1492 4253 obtemperare
1526 4183 1808 4254 ﬁdemque

104 4276 194 4329 illi
220 4280 278 4329 et
314 4274 635 4328 amicitiam
684 4310 732 4345 ρο
775 4289 999 4327 servare
1045 4273 1357 4339 constituit,
1397 4277 1453 4326 et
1484 4272 1811 4343 frequenter

108 4365 253 4416 alter
278 4363 353 4416 ab
374 4362 553 4415 altero
586 4360 833 4414 adscitus
863 4357 912 4393 ⁵9
950 4359 1229 4425 convivio,
1281 4374 1645 4413 communem
1705 4359 1813 4414 sibi

107 4466 339 4504 causam
394 4450 663 4503 fecerant.
733 4448 991 4519 Cumque
1036 4447 1158 4517 jam
1208 4447 1365 4501 senio
1413 4447 1704 4500 confectus
1760 4451 1815 4501 et

108 4539 462 4608 aegritudine
493 4538 572 4591 ita
598 4537 989 4607 deprehensus
1016 4541 1164 4590 esset
1202 4535 1503 4606 praefectus
1528 4535 1599 4604 τυ,
1633 4541 1697 4589 ut
1723 4536 1815 4590 vix

102 4629 351 4698 pedibus
379 4627 690 4694 incederet,
725 4630 940 4697 pyrataa
969 4642 1035 4680 ex
1070 4624 1305 4680 diversis
1330 4625 1535 4679 insulis
1551 4625 1594 4660 τί
1620 4624 1818 4679 oceani

102 4732 241 4770 cum
277 4731 490 4786 magna
534 4715 901 4770 multitudine
930 4714 1163 4770 navium
1212 4714 1438 4783 emersi,
1473 4728 1576 4786 per
1602 4713 1819 4768 ﬂumen

1914 3030 2171 3085 ﬂuminis
2212 3031 2426 3085 levibus
2461 3032 2674 3101 prmliis
2704 3031 2887 3098 factis,
2941 3037 2998 3086 et
3027 3032 3316 3103 utrimque
3345 3033 3390 3067 ⁷⁷
3418 3032 3613 3102 paucis

1914 3124 2012 3173 aut
2035 3118 2083 3154 ⁷⁸
2113 3120 2421 3174 vulneratis
2470 3125 2565 3173 aut
2607 3121 2823 3187 occisis,
2873 3138 2943 3175 ne
2991 3122 3302 3191 cupiditate
3341 3121 3552 3191 praeda:
3582 3136 3615 3174 a

1914 3208 2041 3278 ripa
2086 3208 2312 3277 longius
2360 3209 2549 3262 hostes
2592 3213 2960 3279 vagarentur,
3018 3209 3418 3279 prohibebant.
3465 3207 3615 3262 Vicis

1914 3312 2048 3350 vero
2073 3298 2234 3367 juxta
2262 3297 2420 3350 littus
2448 3295 2497 3331 79
2525 3313 2668 3367 quos
2701 3298 2859 3351 adire
2899 3301 3162 3367 poterant
3191 3297 3426 3362 exustis,
3458 3312 3614 3350 nona

1914 3385 2057 3439 hora
2087 3387 2202 3440 diei
2251 3402 2451 3440 omnes
2481 3386 2551 3439 de
2592 3386 2830 3440 navibus
2877 3386 3234 3447 desilierunt,
3276 3385 3455 3438 aciem
3485 3400 3615 3438 con-

1914 3472 2359 3527 fertissimam80
2423 3475 2836 3540 instruxerunt,
2909 3473 3117 3527 nostris
3178 3472 3226 3506 ⁸¹
3273 3476 3613 3543 potestatem

1914 3562 2214 3632 pugnandi
2246 3562 2638 3629 praebuerunt.
2698 3564 2769 3616 At
2830 3562 3013 3616 nostri
3042 3562 3165 3615 loco
3223 3577 3281 3614 se
3312 3561 3613 3615 continue-

1916 3658 2070 3715 runt,
2104 3656 2159 3703 et
2201 3651 2336 3720 quia
2386 3649 2620 3721 plurimi
2660 3666 2731 3705 ex
2785 3650 2938 3720 agris
2977 3650 3157 3704 coacti
3212 3653 3611 3712 convenerant,

1916 3753 2047 3791 cum
2081 3737 2167 3792 his
2214 3738 2284 3793 ad
2315 3755 2479 3792 usum
2529 3738 2665 3792 belli
2726 3739 3007 3809 imperitis
3037 3742 3093 3791 et
3123 3736 3434 3807 superioris
3477 3734 3617 3789 anni

1915 3832 2153 3896 propter
2205 3826 2566 3880 sterilitatem
2642 3826 2836 3897 inopia
2892 3826 3192 3880 familiaris
3257 3825 3339 3878 rei
3384 3823 3616 3892 vexatis,

1916 3914 2183 3983 prmlium
2226 3915 2586 3969 committere
2628 3930 2744 3968 non
2786 3915 3091 3969 audebant.
3126 3912 3229 3968 Ubi
3258 3911 3488 3968 barbari
3517 3928 3617 3965 ne-

1919 4002 2135 4057 minem
2170 4003 2237 4057 ad
2289 4018 2543 4074 pugnam
2583 4003 2892 4073 procedere
2931 4002 3345 4072 conspicerent,
3381 3999 3518 4053 satis
3548 3998 3618 4053 ad

1920 4090 2365 4145 ostentationem
2416 4107 2534 4145 sua:
2578 4092 2818 4146 audatiaa
2862 4091 3075 4145 factum
3108 4090 3517 4154 existimantes,
3546 4087 3620 4141 ad

1920 4194 2092 4232 naves
2142 4194 2202 4233 se
2255 4178 2560 4249 recipiunt,
2641 4185 2700 4234 et
2748 4179 2908 4234 nullo
2956 4179 3299 4248 prohibente
3375 4174 3617 4248 regressi

1925 4272 2076 4322 sunt.

2171 4358 2221 4410 9.
2252 4356 2330 4409 De
2358 4353 2589 4409 secundo
2611 4354 2850 4409 adventu
2878 4354 3370 4411 Nordmannorum.

1990 4445 2265 4514 Sequenti
2295 4462 2445 4499 anno
2508 4445 2690 4515 (1007)
2742 4445 2952 4498 iterum
3001 4444 3232 4515 quidam
3288 4447 3622 4515 pyratarum

1926 4549 2056 4588 cum
2087 4533 2402 4603 nonaginta
2429 4534 2613 4604 longis
2639 4533 2876 4586 navibus
2899 4548 3001 4603 per
3020 4535 3237 4587 ﬂumen
3258 4532 3477 4586 Laicam
3511 4530 3620 4600 (36)

1926 4622 2252 4677 veniebant.
2288 4621 2498 4685 Nostri,
2540 4621 2816 4691 extimplo
2867 4625 3061 4674 coacta
3110 4636 3317 4690 magna
3360 4620 3623 4673 multitu-

1929 4711 2060 4767 dine
2094 4709 2354 4781 equitum
2381 4714 2436 4765 et
2462 4710 2724 4782 peditum
2756 4716 2811 4765 et
2829 4700 2880 4743 δέ
2906 4724 3221 4780 paucarum
3247 4708 3500 4776 navium,
3523 4723 3626 4778 per

1536 4840 1767 4893 VARle
1808 4836 2205 4893 LECTIONES.

179 4936 231 4970 ⁶²
269 4937 586 4991 donantem
616 4951 661 4989 c.
738 4933 787 4971 ⁸⁸
818 4935 1025 5005 ipicem
1067 4951 1114 4990 c.
1191 4937 1237 4972 “
1262 4935 1408 5005 deest
1434 4938 1495 4989 in
1537 4951 1579 4989 c.
1615 4935 1709 4989 sed
1756 4935 1921 5005 adest
1956 4933 2108 5005 apud
2164 4932 2499 5005 Sigebertym
2530 4947 2561 4985 a
2594 4933 2754 5005 l003.
2832 4929 2878 4967 ⁸⁵
2908 4929 3202 5005 internitio
3223 4945 3267 4984 c.
3347 4928 3397 5005 ἥδ
3428 4927 3625 5005 remit-

105 5011 368 5063 tentesc.
452 5007 497 5042 ⁸⁷
565 5006 1110 5061 ΝΟΒΜΑΝΝΟΒΗΜ
1163 5009 1211 5060 1.

1290 5003 1339 5042 ⁸⁸
1395 5006 1706 5060 amicitiam
1752 5022 1796 5060 c.
1878 5002 1926 5038 59
1979 5000 2198 5058 adsitus
2258 5019 2305 5063 c.
2384 5000 2445 5074 ⁷⁰γ
2481 5003 2770 5074 perfectus
2795 5018 2838 5057 ε.

2917 5000 2960 5036 ⁷¹
2994 5002 3130 5055 locis
3160 5017 3297 5055 corr.
3350 5000 3552 5053 insulis
3578 5016 3625 5054 c.

106 5076 161 5111 ⁷³
198 5080 338 5132 meri
356 5079 535 5131 uuido
558 5093 603 5131 ο.
678 5079 725 5113 ⁷³
778 5077 1101 5148 irrupentes
1131 5092 1177 5131 ο.
1252 5078 1299 5112 ⁷⁸
1356 5077 1528 5147 digne
1560 5092 1605 5131 c.
1682 5078 1730 5113 π
1783 5075 2033 5148 spoliate
2063 5090 2109 5129 c.
2139 5075 2352 5148 μ-τουὶια
2398 5071 2502 5148 Ε.’
2532 5079 2671 5148 recte
2723 5089 2796 5148 ea;
2846 5088 2965 5148 cup.
3005 5075 3067 5127 l6
3123 5071 3457 5148 emendavit;
3493 5073 3551 5124 in
3579 5086 3624 5148 ᾳ.

108 5150 259 5221 locus
320 5149 547 5221 syllaba
606 5164 688 5203 un
749 5140 928 5204 vacat.
1005 5148 1052 5183 ⁷⁷
1107 5150 1189 5202 ita
1247 5150 1314 5203 E.
1380 5140 1610 5219 utrique
1658 5162 1704 5202 c.
1782 5140 1837 5180 ⁷⁸
1896 5163 1961 5200 ac
2017 5161 2063 5201 ο.
2137 5144 2187 5180 ’⁷9
2238 5144 2376 5200 litus
2447 5147 2501 5199 2.
2565 5142 2615 5179 ⁸ο
2662 5140 2977 5199 confestiss.
3032 5158 3079 5199 c.
3155 5140 3203 5178 ⁸¹
3262 5147 3518 5198 nostram
3576 5144 3624 5197 l.

108 5218 169 5255 ⁸²
211 5237 296 5277 ac.

1777 5296 1979 5352 ΝΟΤίΕ

192 5394 303 5464 (34)
351 5394 530 5452 Hodie
575 5394 645 5451 de
691 5396 985 5463 Merwede,
1044 5395 1230 5453 Rheni
1273 5395 1389 5450 sive
1418 5394 1645 5450 Vahalis
1690 5390 1821 5450 bra-

112 5467 341 5523 chium.

480 5572 753 5639 PATROL.
806 5573 976 5639 CXL.

2004 5392 2118 5461 (35)
2140 5394 2201 5446 In
2243 5391 2441 5448 dextra
2494 5390 2740 5447 Vahalis.

2004 5393 2095 5461 (35
2140 5394 2201 5446 In
2243 5392 2289 5446 ἀι

2004 5392 2122 5535 (ssi
2151 5462 2289 5519 Lek.

3242 5573 3320 5631 l5
