4016 6202
459 234 564 289 459

1416 228 1714 287 ALPERTI
1753 232 1808 287 S.
1849 230 2330 287 SYMPIIORIANI
2372 231 2669 286 METENS.
2703 231 3004 287 MONACH.
3823 244 3907 294 460

459 358 645 430 ripam
694 355 959 411 instructi
1012 356 1184 411 armis
1240 355 1549 411 adventum
1598 355 1848 410 hostium
1894 360 2157 427 expecta-
2187 358 2224 410 Α
2267 356 2371 410 iste
2424 358 2655 408 sanctus
2709 353 2935 424 scriptis
2965 354 3173 408 nostris
3215 353 3537 424 intervenit,
3585 357 3718 415 libet
3759 377 3912 432 pauca

458 445 616 501 bant.
645 447 717 500 At
768 445 941 515 primi
988 445 1364 500 barbarorum
1417 445 1533 497 visa
1582 447 1742 497 tanta
1785 442 2155 498 multitudine

457 535 887 606 perturbantur,
933 538 990 588 et
1035 534 1096 588 in
1148 533 1334 588 medio
1390 531 1645 587 ﬂuminis
1701 532 1860 586 alveo
1890 531 2157 586 anchoris

459 639 634 676 naves
712 626 1040 684 statuentes,
1115 622 1365 692 reliquos
1444 624 1742 691 expectare
1819 620 2154 691 disponunt.

458 712 766 781 Postquam
810 710 867 764 in
913 726 1095 764 unum
1128 708 1566 776 conveniebant,
1598 715 1656 762 et
1685 709 1981 763 sententiis
2006 708 2159 762 inter

459 816 559 854 eos
587 798 844 866 conlatis,
878 798 1069 852 invitis
1100 796 1309 852 nostris
1365 797 1609 851 transire
1659 796 2018 864 diffidebant,
2071 798 2158 852 le-

461 893 623 960 gatos
656 887 724 941 ad
777 902 874 940 eos
930 885 1224 952 miserant,
1287 888 1352 939 ut
1407 885 1559 957 ipsos
1602 901 1705 957 per
1760 885 1902 940 ﬁnes
1959 901 2159 939 eorum

459 973 834 1044 transportari
894 978 1261 1045 paterentur;
1322 973 1431 1027 sibi
1492 990 1612 1027 esse
1669 972 1727 1026 in
1787 974 1980 1027 animo
2035 973 2158 1027 sine

456 1063 669 1134 injuria
698 1067 754 1116 et
784 1063 1060 1117 malelicio
1092 1064 1174 1116 ire
1201 1062 1367 1129 velle,
1413 1067 1470 1116 et
1500 1068 1558 1116 ut
1605 1062 1661 1116 id
1695 1078 1894 1116 eorum
1937 1078 2073 1133 pace
2104 1067 2160 1116 et

456 1150 686 1206 licentia
714 1150 913 1204 liceret
968 1150 1208 1221 precari.
1242 1151 1308 1204 Et
1350 1151 1657 1222 impetrato
1684 1149 1755 1218 ⁸³,
1788 1166 1855 1205 eo
1888 1150 1979 1205 die
2017 1167 2156 1223 pace

457 1239 568 1293 lusi
588 1244 739 1292 sunt.
769 1238 1042 1308 Sequenti
1081 1240 1172 1293 die
1202 1254 1330 1292 cum
1382 1240 1616 1293 classem
1651 1239 1981 1304 movissent,
2018 1239 2157 1309 jam-

458 1342 569 1398 que
596 1326 768 1397 primi
802 1329 1052 1382 Ilrenum
1077 1333 1269 1381 essent
1292 1327 1557 1398 ingressi,
1587 1326 1767 1382 nostri
1798 1343 1927 1381 cum
1959 1326 2157 1398 paucis

455 1414 716 1481 navibus,
767 1415 1018 1469 clamore
1071 1431 1280 1486 magno
1336 1416 1673 1469 novissimos
1705 1416 1955 1484 adhorti,
2004 1415 2154 1470 bello

456 1504 729 1557 lacessere
760 1500 807 1536 ⁸⁸³
854 1509 1165 1574 coeperunt.
1203 1503 1325 1568 Quo
1377 1506 1624 1558 clamore
1654 1503 1725 1557 ab
1755 1504 1881 1557 aliis
1937 1503 2150 1567 audito,

2265 444 2334 499 de
2363 442 2479 497 vita
2496 442 2621 513 ejus
2651 442 2782 497 huic
2803 442 2966 513 operi
2994 447 3188 497 nostro
3223 444 3493 500 inserere.

2662 552 2747 605 tl.
2784 550 2867 604 De
2897 549 3048 604 beato
3066 550 3339 617 dus/ride
3359 554 3565 607 comite.

2340 639 2471 694 Erat
2503 636 2551 672 ⁸9
2600 637 2775 709 igitur
2841 638 3138 693 Ansfridns
3191 639 3250 693 in
3314 641 3763 712 Bratuspantium
3806 644 3913 701 ﬁni-

2266 729 2374 784 bus
2406 727 2514 799 (37)
2569 744 2755 782 comes
2784 743 3025 784 summae
3071 729 3332 798 justiciaa,
3368 735 3431 783 ut
3473 746 3660 801 neque
3695 736 3912 788 muneri-

2267 817 2375 871 bus
2408 832 2597 887 neque
2624 816 2793 881 donis
2821 813 2872 850 9°
2896 832 2930 871 a
2959 816 3314 872 rectitudinis
3338 818 3480 873 calle
3511 819 3716 874 reﬂecti
3737 828 3914 892 posset.

2269 906 2622 976 Frequenter
2657 904 2719 958 in
2753 904 3010 959 conciliis
3048 909 3105 959 et
3145 906 3516 960 conventibus
3548 909 3823 962 sententiae
3863 912 3915 964 ab

2266 1010 2335 1048 eo
2358 993 2621 1065 inprimis
2649 994 2965 1064 exquisitae,
3008 993 3077 1049 ab
3113 1011 3211 1049 ore
3242 994 3368 1065 ejus
3395 1012 3598 1051 omnes
3624 1002 3779 1052 erant
3800 1015 3915 1070 pen-

2267 1083 2464 1138 dentes
2484 1088 2540 1138 et
2569 1098 2697 1154 quae
2727 1083 2851 1153 ipse
2904 1083 3096 1153 legum
3155 1082 3380 1137 decreta
3421 1085 3640 1147 statuit,
3683 1086 3766 1140 bis
3801 1089 3913 1142 nulli

2265 1171 2653 1226 contradicere
2682 1171 2766 1226 fas
2796 1171 2924 1225 fuit.
2974 1172 3171 1227 Sermo
3212 1172 3334 1242 ejus
3374 1172 3453 1225 ita
3485 1173 3843 1230 mediocritate
3873 1183 3915 1229 et

2265 1258 2606 1314 discretione
2658 1262 3030 1328 temperatus,
3093 1262 3159 1312 ut
3217 1274 3336 1313 non
3387 1259 3594 1313 comici
3658 1263 3817 1314 nostri
3851 1263 3914 1315 di-

2264 1352 2421 1402 ctum
2478 1348 2631 1418 (Ten.
2667 1347 2831 1402 Andr
2863 1347 2904 1413 l,
2949 1363 2987 1411 ι,
3038 1346 3125 1415 34)
3169 1362 3183 1401 :
3224 1348 3304 1401 Ne
3351 1347 3490 1417 quid
3524 1350 3705 1415 nimis,
3753 1366 3907 1420 super-

2265 1436 2617 1507 grederetur.
2652 1435 2760 1491 Sed
2817 1441 2875 1490 et
2929 1436 3035 1489 hoc
3086 1434 3530 1503 adnectendum,
3557 1437 3692 1507 quia
3725 1452 3780 1492 ex
3814 1456 3908 1492 mo-

2264 1526 2557 1580 deratione
2617 1540 2850 1578 suorum
2906 1523 3211 1577 verborum
3278 1523 3444 1578 facile
3507 1526 3821 1595 compositio
3868 1534 3908 1579 et

454 1591 716 1691 οξιεθνίίθν
745 1596 1089 1691 ,θθθυΠἮη-τν
1152 1597 1228 1691 et.
1263 1592 1495 1646 armatis
1562 1592 1710 1691 circa
1761 1591 1927 1691 mms-
1969 1590 2155 1663 diSPO'
2190 1635 2233 1691 Β
2268 1608 2532 1662 honestas
2556 1606 2679 1677 ejus
2705 1605 2906 1659 occulti
2949 1606 3134 1659 cordis
3177 1606 3248 1660 ab
3303 1590 3670 1661 audientibus
3706 1609 3906 1679 intellegi

456 1680 601 1745 sitis,
634 1684 856 1734 nostros
887 1696 956 1734 ne
989 1680 1454 1750 adpropinquare
1502 1681 1780 1735 auderent
1808 1684 2149 1750 perterrent.

458 1768 789 1822 lntermisso
830 1769 1009 1822 noctis
1058 1768 1248 1839 spacio
1298 1773 1354 1823 et
1401 1768 1668 1823 omnibus
1694 1769 1903 1823 nostris
1937 1768 2152 1823 ﬂumen

457 1856 874 1928 transportetis,
908 1863 964 1910 et
991 1855 1040 1892 ⁸⁸
1064 1858 1313 1911 diluculo
1347 1858 1412 1912 ad
1450 1863 1673 1912 nostros
1696 1844 1886 1928 quiin
1917 1857 2155 1912 navibus

457 1952 624 1999 erant
664 1945 802 1999 falsa
840 1945 992 1999 fama
1050 1946 1401 2016 pervenisset
1438 1944 1508 2013 ⁸⁵,
1569 1947 1789 2018 equites
1818 1962 1948 2001 cum
1976 1947 2154 2001 hosti-

457 2033 563 2088 bus
594 2050 802 2105 magno
850 2036 1163 2089 certamine
1216 2035 1538 2090 conﬂixisse
1586 2036 1824 2107 jamque
1877 2035 2154 2106 quasdam

459 2137 630 2175 naves
657 2123 906 2192 direptas
931 2140 1073 2191 esse,
1124 2125 1267 2178 nihil
1314 2124 1523 2196 reliqui
1551 2124 1621 2177 ad
1653 2123 2004 2178 celeritatem
2047 2125 2157 2179 sibi

457 2211 732 2265 fecerunt.
796 2212 1065 2265 Tumultu
1124 2217 1181 2266 et
1246 2212 1493 2265 clamore
1544 2213 1737 2266 omnia
1779 2212 2153 2282 complentes,

456 2299 612 2354 nullo
640 2300 801 2366 duce,
831 2301 991 2353 nullo
1019 2304 1173 2353 certo
1213 2300 1428 2364 ordine,
1468 2305 1527 2354 ut
1576 2301 1793 2372 quique
1842 2300 1950 2354 sibi
2015 2301 2158 2355 cele-

457 2386 637 2441 riores
668 2387 1031 2455 videbantur,
1055 2388 1312 2443 hostibus
1341 2388 1904 2460 appropinquabant.
1939 2387 2156 2452 Quibus

455 2476 612 2537 visis,
672 2476 731 2531 in
796 2493 974 2531 unum
1033 2478 1225 2533 hostes
1253 2478 1583 2550 conglobati
1634 2482 2023 2533 occurrerunt.
2084 2482 2156 2532 At

456 2564 635 2618 nostri
667 2565 772 2637 qui
792 2565 849 2619 in
883 2565 1120 2620 navibus
1146 2572 1329 2633 erant,
1364 2574 1428 2621 ut
1455 2567 1725 2621 viderunt
1754 2566 2153 2621 Nordmannos

451 2654 693 2725 integris
743 2653 960 2709 viribus
1012 2656 1342 2723 occurrisse,
1386 2657 1598 2710 relictis
1630 2657 1888 2718 navibus,
1947 2656 2151 2727 praeci-

447 2742 597 2815 pites
627 2759 686 2797 se
716 2743 868 2815 fuga
895 2743 1199 2799 dederunt.
1235 2744 1388 2810 Quos
1441 2745 1630 2800 hostes
1688 2744 2012 2812 consectati,
2065 2748 2153 2799 tot

446 2832 505 2886 in
533 2848 601 2887 ea
655 2832 791 2904 fuga
846 2839 1218 2904 peremerunt
1262 2838 1407 2906 quot
1435 2851 1606 2889 cursu
1643 2834 1919 2906 consequi
1944 2839 2147 2905 potue-

450 2924 604 2975 runt.

809 3009 892 3064 10.
924 3012 1000 3067 De
1023 3014 1189 3078 portu
1208 3012 1536 3080 Trajectensi
1562 3014 1793 3067 incenso.

521 3114 913 3183 Trajectenses
958 3113 1007 3148 ⁸⁷
1058 3115 1128 3169 de
1175 3115 1419 3170 adventu
1467 3116 1842 3171 barbarorum
1874 3117 2150 3172 cerciores

452 3201 606 3267 facti,
637 3217 709 3255 ne
760 3200 1024 3257 hostibus
1056 3202 1343 3256 commodi
1381 3209 1483 3258 aut
1531 3205 1661 3259 usui
1693 3205 1763 3259 ad
1795 3204 2148 3259 obsidionem

451 3289 667 3344 castelli
743 3289 907 3356 foret,
971 3296 1202 3359 portum
1266 3307 1496 3347 omnem
1561 3293 1672 3362 ipsi
1752 3293 2147 3348 incenderunt.

453 3379 625 3433 Portu
670 3382 887 3447 exusto,
943 3379 1245 3449 conquesti
1302 3386 1436 3436 sunt
1489 3381 1717 3436 barbari
1767 3398 1871 3437 cur
1926 3386 2147 3437 tantum

450 3466 881 3521 incommodum
931 3473 1081 3521 esset
1121 3468 1461 3535 admissum,
1518 3486 1579 3525 se
1649 3471 1874 3525 nullum
1928 3472 2148 3525 malum

450 3556 720 3611 adversus
772 3555 962 3610 locum
1019 3556 1229 3625 moliri,
1288 3559 1605 3629 praesertim
1674 3575 1801 3614 cum
1851 3559 2149 3615 Ausfridus

449 3650 623 3700 tantm
680 3644 999 3699 sanctitatis
1072 3646 1159 3700 vir
1216 3646 1402 3702 eidem
1486 3638 1755 3719 praeesset
1813 3648 2140 3719 episcopus.

448 3733 764 3804 Religionis
823 3738 1017 3788 tamen
1077 3750 1241 3789 causa
1285 3740 1347 3789 ut
1385 3736 1443 3790 in
1466 3737 1761 3791 castellum
1792 3736 2148 3792 intromitte-

445 3827 650 3878 rentur
688 3822 958 3888 orabant;
994 3823 1258 3877 ecclesias
1299 3824 1686 3880 oblationibus
1733 3826 1849 3879 suis
1886 3826 2147 3882 venerari

447 3928 506 3965 se
534 3911 678 3965 velle
706 3910 994 3966 dicebant.
1038 3910 1258 3975 Quibus
1310 3912 1610 3984 oppidani,
1667 3920 1960 3985 assumpto
1986 3916 2143 3968 vultu

444 4002 501 4051 et
550 3998 891 4064 constantia,
950 4001 1301 4069 respondent
1346 4017 1405 4053 se
1463 4001 1683 4056 aditum
1723 4002 1956 4056 armatis
1997 4012 2144 4071 prie;

444 4086 578 4141 bere
619 4103 733 4142 non
761 4103 948 4157 posse.
1000 4089 1064 4141 Et
1115 4089 1375 4159 quamvis
1400 4086 1450 4122 ⁸⁸
1485 4089 1756 4143 facillima
1794 4090 2142 4161 expugnatio

2267 1696 2475 1767 potuit.
2540 1695 2821 1768 Quicquid
2870 1711 3005 1749 vero
3030 1692 3073 1728 9‘
3100 1695 3158 1750 in
3207 1696 3331 1766 jugi
3364 1701 3419 1749 et
3465 1696 3739 1751 cotidiana
3760 1699 3907 1752 conta-

2264 1784 2558 1840 bulatione
2612 1785 2976 1856 loquebatur,
3017 1784 3121 1838 hoc
3169 1784 3495 1838 divinarum
3547 1785 3909 1857 Scripturarum

2265 1873 2539 1945 exemplis
2580 1873 2787 1928 blande
2818 1873 3136 1944 leniterque
3164 1873 3497 1940 condiebat;
3548 1881 3603 1930 et
3640 1875 3684 1929 si
3729 1877 3907 1947 quando

2265 1963 2505 2034 contigit
2537 1965 2659 2016 uta
2715 1963 3064 2016 secularibus
3116 1962 3361 2034 negotiis
3416 1964 3651 2034 quietus
3692 1979 3798 2017 esse
3835 1979 3911 2034 po-

2264 2056 2431 2119 terat,
2482 2056 2582 2106 aut
2634 2052 2786 2121 justa
2829 2050 3049 2120 judicia
3102 2050 3151 2086 9’
3207 2052 3511 2117 tractabat,
3573 2056 3670 2106 aut
3723 2053 3906 2107 lectioni

2263 2144 2424 2193 tanto
2458 2140 2645 2194 studio
2691 2139 3009 2205 insistebat,
3044 2143 3105 2193 ut
3145 2154 3178 2191 a
3216 2139 3567 2210 quibusdam
3629 2139 3909 2209 insipienti-

2266 2228 2372 2283 bus
2447 2227 2837 2282 monachicam
2896 2227 3073 2281 vitam
3132 2225 3295 2281 illum
3343 2242 3521 2298 agere
3592 2227 3906 2283 derideretur.

2263 2316 2426 2380 Quod
2464 2316 2594 2370 ideo
2626 2314 2814 2370 minus
2839 2313 2912 2368 sit
2939 2315 3151 2370 mirum
3179 2331 3405 2369 necesse
3431 2321 3544 2377 est.
3576 2317 3706 2388 quia
3734 2321 3903 2387 quanto

2266 2404 2508 2459 avidiori
2548 2403 2919 2458 meditatione
2954 2403 3133 2457 sancti
3170 2402 3376 2457 divinis
3445 2406 3715 2474 operibus
3751 2403 3908 2473 invigi~

2264 2492 2405 2559 lant,
2446 2496 2605 2546 tanto
2632 2492 2877 2563 amplius
2915 2491 3141 2546 viliores
3172 2492 3388 2546 mundo
3429 2493 3600 2561 ﬁunt,
3648 2498 3701 2547 et
3753 2499 3807 2547 ut
3836 2509 3910 2563 pa-

2262 2581 2461 2635 tientia
2499 2596 2700 2634 eorum
2747 2580 3042 2651 probetur,
3071 2597 3105 2634 a
3156 2581 3346 2651 pravis
3376 2581 3708 2636 hominibus
3734 2597 3793 2635 ex
3819 2597 3911 2652 per-

2265 2670 2535 2724 missione
2602 2669 2703 2723 Dei
2752 2670 3092 2740 plerumque
3151 2668 3628 2738 dehonestentnr,
3666 2674 3795 2725 teste
3842 2685 3915 2721 no-

2263 2760 2408 2814 tario
2442 2757 2683 2830 Spiritus
2715 2756 2911 2825 sancti,
2957 2757 3177 2811 dicente
3210 2774 3224 2812 :
3274 2758 3639 2827 Obprobrium
3676 2759 3914 2829 insipienti

2263 2847 2466 2902 dedisti
2510 2848 2783 2918 me(Psal.
2837 2862 3064 2912 xxxviii,
3110 2846 3184 2916 9).
3231 2845 3455 2901 Summi
3509 2848 3679 2901 etiam
3722 2851 3773 2901 et
3811 2847 3910 2900 illu-

2186 2915 2228 2971 c
2265 2940 2409 2991 stres
2428 2936 2553 3001 viri,
2588 2915 2722 2990 dum
2772 2934 2832 2990 in
2856 2935 2988 3005 jure
3028 2915 3268 2990 dicendo
3296 2936 3530 3006 gravius
3553 2932 3602 2971 9³
3620 2936 3750 3007 quid
3770 2934 3909 2989 disce-

2262 3025 2542 3096 ptandum
2575 3028 2716 3092 erat,
2758 3029 2813 3078 et
2842 3030 2908 3078 ut
2953 3024 3096 3077 solet
3146 3023 3268 3077 ﬁeri
3304 3024 3513 3078 diversi
3537 3025 3752 3079 diversa
3773 3024 3909 3077 senti-

2264 3119 2410 3181 rent,
2453 3119 2508 3168 et
2547 3113 2754 3167 variari
2784 3111 3080 3166 sententia:
3113 3112 3462 3179 viderentur,
3491 3119 3567 3167 ad
3608 3118 3731 3166 e‘um
3768 3110 3910 3181 gratia

2266 3201 2517 3257 discendi
2538 3205 2594 3255 et
2620 3200 3013 3270 interrogandi
3040 3200 3408 3254 recurrebant
3444 3197 3513 3253 9‘.
3562 3199 3908 3271 Imperialibus

2263 3307 2493 3363 quoque
2532 3289 2761 3345 secretis
2807 3288 3120 3360 smpissime
3174 3288 3465 3358 intererat,
3481 3294 3543 3343 et
3572 3289 3821 3361 quociens
3857 3286 3907 3339 de

2261 3379 2574 3451 majoribus
2611 3378 2781 3433 rebus
2828 3379 3190 3434 tractandum
3241 3382 3380 3444 erat,
3421 3382 3584 3433 tanta
3624 3376 3907 3432 auctoritate

2262 3473 2318 3521 et
2343 3468 2621 3537 dignitate
2646 3464 2696 3500 9⁵
2731 3466 3067 3531 habebatur,
3100 3471 3165 3521 ut
3194 3466 3314 3520 sine
3345 3466 3526 3536 ipsius
3558 3466 3782 3521 consilio
3808 3478 3906 3517 raro

2260 3555 2475 3628 aliquid
2527 3560 2889 3610 statueretur.
2945 3555 3058 3609 [loc
3107 3554 3215 3609 sibi
3247 3554 3307 3609 in
3358 3555 3516 3609 omni
3560 3560 3720 3609 aetate
3761 3554 3906 3608 dcere

2259 3648 2405 3713 tum,
2455 3644 2560 3699 hoc
2611 3644 2718 3698 sibi
2771 3643 3151 3715 propositum,
3199 3660 3313 3697 non
3372 3643 3518 3698 sicut
3573 3642 3828 3715 quosdam
3871 3637 3906 3671 9‘

2260 3732 2442 3788 nostri
2486 3732 2781 3804 temporis,
2842 3748 2986 3803 quos
3041 3733 3379 3804 plerumque
3410 3738 3509 3786 aut
3569 3728 3904 3787 misericordia

2259 3827 2357 3876 aut
2388 3822 2600 3876 invidia
2636 3838 2669 3876 a
2693 3819 2741 3855 9"
2773 3822 2989 3891 judicio
3028 3821 3143 3876 labi
3190 3821 3592 3892 conspicimus,
3624 3822 3689 3877 de
3718 3818 3845 3891 juris
3866 3821 3904 3869 et

2260 3912 2402 3983 legis
2439 3910 2676 3965 veritate
2703 3910 2844 3964 nihil
2887 3910 3236 3965 diminuerat
3263 3908 3331 3963 9⁸.
3378 3910 3459 3966 Ob
3490 3910 3617 3965 haec
3644 3909 3691 3945 9°
3717 3910 3779 3963 ab
3805 3920 3903 3975 rege

2258 4000 2588 4071 frequenter
2642 3998 2887 4053 adscitus
2940 4003 2996 4052 et
3041 4015 3204 4053 carus
3262 4014 3380 4069 prae
3433 3999 3659 4053 caeteris
3702 3996 3900 4055 habitus,

2258 4088 2382 4159 ejus
2412 4087 2669 4143 oratione
2718 4092 2776 4141 et
2800 4088 3016 4158 Ipravos
3046 4085 3119 4121 ¹⁰⁰
3149 4087 3480 4142 cohercebat
3509 4093 3569 4142 et
3601 4103 3718 4142 rem
3756 4082 3902 4155 public

444 4180 615 4242 esset,
669 4180 859 4228 tamen
895 4182 1322 4247 cognoscentes,
1382 4181 1638 4232 sanctum
1697 4178 1885 4233 locum
1927 4183 1984 4233 et
2013 4183 2146 4233 tan-
2172 4192 2215 4245 ι)
2255 4192 2379 4231 cam
2416 4176 2483 4212 ¹⁰¹
2513 4193 2641 4231 cum
2694 4191 2833 4248 pace
2880 4175 3250 4247 gubernabat.
3304 4175 3701 4246 Prtedonibus,
3742 4173 3903 4246 quibus

442 4266 564 4316 tum
597 4262 945 4317 sacerdotem
984 4263 1101 4317 suis
1153 4264 1399 4319 fortunis
1439 4266 1577 4320 alias
1633 4265 1908 4320 obsistere
1961 4283 2145 4339 posse,

444 4349 664 4404 nullam
722 4351 1014 4405 laesiouem
1072 4351 1284 4407 civitati
1338 4353 1647 4410 inferentes
1684 4356 1966 4411 abierunt.
2010 4357 2147 4420 Quis

443 4435 555 4490 hoc
585 4436 803 4491 meritis
823 4437 1002 4491 sancti
1048 4438 1303 4510 episcopi
1347 4456 1460 4494 non
1493 4442 1796 4510 adscribat,
1829 4443 2144 4515 oppidanos

443 4528 639 4579 contra
669 4541 827 4596 spem
872 4529 1028 4580 metu
1077 4526 1368 4596 liberatos,
1402 4532 1460 4582 et
1514 4531 1833 4601 periculum
1874 4531 2138 4593 evasisse.

446 4617 503 4668 et
548 4614 738 4668 locum
793 4613 958 4669 illum
1010 4614 1349 4672 inviolatum
1404 4617 1834 4688 permansisse?
1861 4619 2005 4684 Quia
2054 4621 2144 4675 vir

2256 4264 2419 4337 regio
2481 4265 2951 4337 Bratuspantium
2995 4265 3039 4299 ¹²
3078 4265 3323 4320 maxime
3380 4264 3664 4333 alebatur,
3689 4261 3902 4319 infestis

2256 4355 2435 4409 simus
2464 4359 2608 4421 erat,
2631 4359 2689 4408 et
2707 4354 2921 4409 crebris
2951 4354 3379 4409 occursionibus
3408 4371 3610 4410 eorum
3644 4357 3828 4409 conata
3854 4346 3901 4383 ’⁸⁵

2252 4443 2624 4515 impediebat.
2683 4442 3003 4514 Principem
3046 4459 3272 4515 quoque
3315 4459 3542 4510 eorum,
3586 4444 3901 4515 desperatum

2251 4532 2570 4598 hominem,
2601 4532 2763 4603 cujus
2792 4547 3003 4587 nomen
3039 4548 3107 4586 ne
3131 4530 3198 4568 ¹⁰⁸
3256 4530 3369 4586 dici
3407 4532 3642 4603 quidem
3669 4547 3801 4602 Opus
3825 4530 3902 4587 est

2251 4620 2531 4692 sanguine
2590 4619 2800 4675 civium
2867 4618 2941 4655 ¹⁰³
2982 4625 3041 4676 et
3079 4622 3275 4692 praeda
3314 4620 3599 4685 adultum,
3657 4616 3902 4691 frequenti

1864 4731 2097 4787 VARUS
2139 4732 2434 4788 LECTION
2444 4732 2543 4789 ES.

510 4819 566 4900 δεῖ
631 4822 941 4900 impetrata
983 4828 1105 4900 _E.A
1152 4825 1201 4864 ἰ
1268 4827 1579 4900 lascereere
1641 4832 1690 4882 l.
1759 4828 2064 4900 lassescere
2128 4831 2181 4885 2.
2258 4828 2307 4864 ⁸⁵
2384 4830 2664 4885 verborum
2744 4832 3067 4885 constructio
3138 4835 3323 4884 nostra
3375 4832 3625 4900 propria.
3701 4828 3768 4900 "A
3798 4840 3901 4896 per-

438 4893 730 4971 venissent
757 4911 802 4949 c.
878 4893 1340 4971 "_Trajectense
1398 4915 1441 4954 c.
1515 4898 1565 4934 ⁸⁸
1598 4899 1836 4971 quanvis
1881 4915 1965 4971 οη
2004 4898 2055 4971 3?
2106 4905 2271 4955 Anno
2335 4903 2504 4955 tertio
2561 4900 2787 4955 Henrici
2835 4902 3223 4971 imperatoris.
3283 4893 3505 4956 Ottonis
3562 4901 3716 4954 tertii
3757 4893 3902 4971 beata

437 4969 749 5043 meruerit:
762 4966 987 5043 caesaris
1014 4966 1241 5043 augusti
1273 4966 1633 5043 successoris:
1662 4976 1783 5024 erat
1819 4970 1970 5043 apud
1996 4970 2457 5043 _Brachbantium
2514 4987 2705 5026 comes
2736 4966 3028 5043 Aufridus,
3072 4976 3175 5025 etc.
3199 4972 3428 5043 _incipit_
3449 4974 3480 5025 3
3508 4971 3666 5043 ('{ita
3695 4971 3755 5043 S.
3789 4970 3903 5043 Arn;-

436 5036 640 5162 fricat

438 5122 504 5159 νε
514 5124 601 5160 me
622 5126 625 5129 ’

438 5108 601 5160 venie

439 5243 512 5280 ¹⁰⁵
534 5243 709 5303 civilii
739 5250 999 5304 adultum
1034 5251 1274 5306 3.mcdia
1293 5243 1505 5307 desunt.

700 5034 751 5071 9°
780 5036 836 5091 d.
891 5034 1233 5093 transitoriis
1277 5041 1396 5093 ullo
1444 5042 1615 5096 modo
1673 5057 1707 5095 a
1751 5044 1802 5096 3.
1856 5034 1922 5078 '9’
1971 5041 2116 5097 deest
2150 5046 2196 5096 l.

622 5113 745 5185 iant
1038 5115 1211 5185 tantae
1270 5112 1625 5166 auctoritatis
1672 5111 1994 5185 habebatur
2024 5114 2075 5166 3.
2150 5109 2201 5146 9‘
2259 5114 2492 5185 quidam
2526 5105 2632 5185 73.“
2662 5110 2724 5185 7977
2773 5118 2870 5166 aut
2920 5128 2964 5166 c.
3044 5110 3096 5185 ξε
3158 5112 3479 5166 diminuere
3533 5105 3696 5185 3:!”
3745 5106 3896 5185 hoc

440 5174 514 5254 3‘3?
543 5179 757 5254 primos
792 5181 870 5254 3._
923 5176 991 5216 ⁴⁰¹
1044 5196 1099 5254 7c.
1153 5184 1213 5254 et
1254 5196 1496 5254 regnum
1528 5198 1634 5254 per
1687 5198 1820 5237 eum
1885 5184 1944 5237 in
2002 5198 2140 5253 pace
2171 5198 2226 5254 g.
2275 5174 2344 5239 ’3.

2273 5042 2324 5079 ³³
2365 5043 2402 5097 i.
2456 5044 2494 5097 i.
2545 5044 2734 5113 legum
2768 5048 2809 5095 t.
2850 5045 2902 5097 3.
2978 5039 3026 5078 9³
3049 5041 3241 5113 gravis
3285 5039 3342 5113 cI
3406 5039 3455 5079 ⁹⁴
3487 5039 3897 5113 requirebantt.

2423 5182 2496 5219 ¹⁰²
2522 5184 2837 5239 brachbant
2900 5186 2951 5238 3.
3028 5180 3098 5220 ¹⁰³
3160 5189 3393 5237 conatus
3457 5184 3509 5237 3.
3586 5181 3659 5220 ιοι
3720 5195 3814 5236 nec
3860 5178 3894 5229 3⁴

2106 5338 2312 5396 NOTAE

514 5427 625 5501 (37)
653 5428 917 5487 Brabant.
