4016 6202
260 255 353 306 461
1107 256 1202 311 DE
1249 259 1709 317 DIVERSITATE
1748 263 2134 324 TEMI’ORUM
2180 271 2361 326 LIBRI
2405 274 2559 329 DUO.
2606 305 2671 313 --
2714 278 2841 331 LIB.
2889 281 2928 333 Ι.
3666 295 3687 333 .I.

258 377 399 446 fuga
438 392 493 429 se
522 376 603 429 vix
635 374 1004 445 eripientem,
1046 378 1430 434 vehementer
1471 385 1807 453 promebat;
1842 404 1969 442 cum
1998 393 2039 444 Λ

256 465 357 517 ille
398 469 495 517 aut
533 461 599 499 ¹⁰⁶
646 462 886 516 saltibus
911 469 1016 517 aut
1053 467 1375 537 paludibus
1407 470 1760 527 densissimis
1803 477 1972 531 arbo—

255 553 416 607 ribus
448 552 685 617 consitis,
726 567 995 621 prazsens
1044 555 1374 625 periculum
1422 560 1662 615 evadere
1710 564 1968 634 cupiens,

251 658 373 695 sese
445 642 755 694 occultaret.
838 640 1007 695 Multi
1085 649 1375 714 praeterea
1424 648 1724 719 triumphi,
1794 654 1970 706 multa

250 731 402 784 bella
433 731 661 784 feliciter
689 733 853 799 gesta
894 746 1023 783 non
1055 732 1130 785 ad
1164 734 1477 802 perniciem
1511 737 1743 799 civium,
1778 746 1863 793 set
1901 742 1968 793 ad

255 818 671 889 reprimendam
713 817 1032 872 audaciam
1088 819 1511 891 improborum.
1564 828 1692 880 Haec
1739 829 1968 899 quidem

260 906 443 958 laicus
472 906 713 975 gerebat.

332 997 417 1048 12.
460 994 713 1060 Quomodo
742 993 1074 1061 Ansfridus
1109 1011 1279 1051 comes
1319 1001 1597 1069 episcopus
1632 1001 1897 1072 efﬁcitur.

329 1082 472 1136 Cum
503 1082 601 1152 (38)
633 1098 764 1135 vero
816 1083 1174 1137 Baltuvinus
1200 1082 1269 1118 ¹⁰⁷
1303 1088 1561 1141 sacerdos
1592 1090 1970 1159 Trajectensis

254 1171 375 1223 vita
415 1171 701 1224 decederet
740 1172 858 1239 (an.
897 1174 1057 1240 995),
1118 1173 1481 1246 nunciusque
1522 1176 1582 1230 in
1640 1184 1827 1232 castra
1874 1196 1971 1233 ve-

255 1258 463 1323 nisset,
496 1275 585 1312 rex
610 1260 949 1313 Anst‘ridum
1004 1276 1267 1314 seorsum
1300 1278 1471 1317 manu
1514 1265 1750 1333 ducens,
1784 1283 1967 1322 sacer-

258 1347 486 1400 dotium
544 1348 675 1401 illud
706 1348 759 1401 ei
815 1348 1031 1403 offerre
1078 1350 1269 1421 coepit.
1306 1352 1562 1424 Cumque
1623 1354 1722 1409 ille
1752 1356 1969 1410 renite-

261 1442 447 1497 retur,
474 1436 701 1507 jamque
731 1453 791 1490 se
832 1453 1056 1501 senem,
1100 1438 1157 1492 in
1203 1440 1551 1495 militaribus
1584 1443 1761 1496 armis
1814 1446 1972 1498 omni

257 1530 523 1593 tempore
558 1525 682 1577 vitze
722 1542 840 1579 sum
871 1531 1188 1590 versatum,
1239 1528 1539 1583 clericatus
1574 1529 1764 1583 ofﬁcia
1795 1532 1971 1584 susci-

256 1629 402 1682 pere
448 1613 675 1667 omnino
723 1614 1041 1668 ahsurdum
1105 1616 1285 1669 videri
1332 1618 1725 1683 contenderet,
1767 1623 1819 1671 et
1874 1636 1970 1674 rex

255 1701 627 1755 vehementer
660 1703 900 1769 instans,
932 1704 983 1756 vi
1019 1704 1088 1756 ad
1113 1705 1542 1775 suscipiendum
1576 1706 1968 1776 compelleret,
2004 1681 2043 1733 Β

255 1792 608 1861 perspiciens
632 1789 703 1825 ¹⁰⁸
735 1792 871 1862 quia
902 1793 1023 1862 regi
1058 1793 1320 1847 resistere
1352 1810 1470 1847 non
1502 1799 1717 1865 posset,
1746 1800 1809 1847 ut
1841 1812 1969 1850 cum

254 1879 380 1931 suis
421 1895 539 1932 rem
579 1879 941 1946 deliberaret,
981 1881 1253 1950 exposcit.
1296 1882 1417 1945 Qua
1464 1898 1525 1935 re
1577 1882 1887 1952 impetrata
1917 1890 1973 1940 et

254 1966 331 2019 ab
388 1968 506 2019 suis
561 1968 815 2021 oratione
873 1974 1123 2038 accepta,
1186 1986 1317 2039 quae
1367 1986 1463 2024 rex
1531 1970 1846 2040 imperaret
1912 1990 1970 2025 se

255 2055 546 2109 facturum
601 2058 923 2126 pollicetur.
990 2057 1055 2110 Et
1113 2064 1346 2128 accepto
1408 2058 1602 2127 gladio
1668 2074 1784 2128 quo
1849 2067 1973 2116 erat

253 2142 564 2209 accinctus,
597 2160 771 2214 super
800 2146 977 2199 altare
1016 2151 1227 2199 sancta:
1262 2147 1450 2201 Maria;
1490 2146 1689 2217 posuit
1728 2147 1920 2202 dicens
1955 2167 1967 2205 :

249 2233 526 2285 Hactenus
583 2232 677 2285 hoc
701 2230 773 2265 “’9
824 2234 1073 2286 honorem
1128 2239 1400 2287 terrenum
1444 2236 1680 2301 obtinui,
1716 2238 1764 2286 et
1797 2236 1971 2293 hostes

244 2335 553 2388 pauperum
594 2320 796 2375 Christi
838 2326 887 2374 et
925 2321 1219 2375 viduarum
1266 2324 1486 2391 cmpuli:
1532 2339 1679 2375 nunc
1720 2323 1971 2395 deinceps

247 2408 377 2460 huic
404 2408 637 2461 domina:
665 2424 791 2461 meae
824 2415 1022 2463 sancta:
1050 2412 1257 2477 Mariae,
1305 2427 1418 2480 qua
1452 2410 1526 2445 ¹¹⁰
1565 2414 1773 2465 virtute
1803 2414 1967 2468 hono-

246 2511 362 2548 rem
412 2502 461 2549 et
507 2498 735 2550 salutem
781 2501 974 2552 animae
1026 2500 1093 2532 ¹¹¹
1143 2502 1420 2568 optineam
1468 2500 1802 2553 commendo.
1854 2503 1969 2557 Hoc

246 2601 379 2637 cum
415 2584 652 2650 diceret,
686 2585 944 2640 omnium
974 2587 1186 2641 obortis
1238 2589 1519 2654 lacrimis,
1558 2589 1846 2659 applausu
1897 2594 1966 2627 “9

248 2675 512 2727 omnium
547 2676 647 2745 qui
706 2676 938 2729 aderant
984 2676 1173 2746 dignis
1232 2678 1360 2747 ejus
1412 2678 1644 2731 meritis
1690 2677 1968 2734 tribuitur

246 2765 432 2818 infula
478 2764 836 2835 pontiﬁcalis.
892 2767 1210 2820 Versiculos
1251 2767 1493 2837 quidam
1546 2784 1579 2821 e
1631 2768 1847 2822 nostris
1895 2771 1965 2825 de

249 2853 340 2907 his
389 2853 561 2908 rebus
618 2854 843 2923 cecinit,
901 2870 1041 2925 quos
1099 2855 1272 2909 etiam
1336 2854 1471 2908 huic
1525 2857 1813 2927 opusculo
1869 2859 1965 2912 in-

2144 391 2240 466 Qpi
2271 394 2414 464 prius
2442 395 2496 466 in
2525 396 2711 466 multis
2733 399 2899 466 valuit
2924 415 3014 462 per
3035 402 3169 451 bella
3206 406 3428 466 periclis.

2145 455 2318 503 Gloria
2342 459 2564 518 pastoris
2594 464 2747 508 sonat
2776 462 2827 509 in
2861 455 3102 512 sermone
3127 455 3332 515 salivis!

2088 552 2168 603 l-i.
2204 555 2283 607 De
2306 556 2539 608 caecitate
2558 562 2606 610 et
2623 561 2932 613 monachica
2953 564 3068 615 vita
3091 568 3140 615 et
3168 564 3453 619 elemosina
3484 569 3766 635 Avis/ridi.

2150 640 2386 711 Sumpto
2435 644 2784 715 episcopatu,
2834 648 3168 719 aliquandiu
3203 653 3491 706 canonicis
3522 658 3772 711 vestibus

2079 728 2367 793 utebatur,
2400 746 2516 784 non
2560 734 2791 803 quidem
2835 737 3098 789 elationis
3150 755 3339 804 causa,
3375 749 3461 796 set
3491 759 3561 796 ne
3612 746 3768 799 dedi-

2080 816 2369 883 gnationis
2400 820 2723 889 suspicione
2764 840 2795 874 ει
2827 830 3161 878 ceetcrorum
3206 829 3465 881 moribus
3503 833 3771 885 sacerdo—

2080 908 2201 956 tum
2232 903 2525 959 videretur
2560 908 2628 941 ¹²²
2672 909 2992 964 dissentire.
3041 912 3137 965 Set
3168 915 3301 982 quia
3331 916 3458 985 pius
3493 919 3772 974 Dominus

2072 990 2193 1060 jam
2224 992 2386 1046 illum
2418 994 2490 1048 ad
2538 1012 2696 1050 suam
2730 998 3062 1053 servitutem
3108 1002 3397 1057 advocavit
3417 1006 3655 1078 jamque
3687 1010 3773 1063 illi

2078 1096 2273 1134 curam
2306 1082 2568 1138 Ecclesia:
2603 1087 2907 1153 commisit,
2933 1088 3118 1142 adhuc
3151 1090 3222 1123 ¹²³
3250 1092 3477 1161 plenius
3501 1112 3603 1149 sua
3640 1113 3776 1151 con-

2078 1174 2240 1222 sueta
2271 1170 2479 1240 pietate
2512 1172 2619 1227 sibi
2658 1175 2971 1246 adjungere
3002 1177 3300 1247 disposuit.
3342 1181 3477 1236 Nam
3513 1186 3775 1254 quamvis

2080 1256 2431 1327 impossibile
2486 1260 2559 1314 sit
2598 1261 2774 1316 vitam
2821 1265 2996 1318 ullius
3032 1267 3101 1303 ¹²⁴
3128 1268 3309 1321 sancti
3356 1269 3477 1325 sine
3524 1274 3774 1342 peccatis

2080 1345 2345 1410 transire,
2395 1364 2524 1402 cum
2562 1348 2633 1383 ¹²⁵
2677 1360 2867 1405 tamen
2908 1353 3025 1423 illa,
3060 1371 3186 1425 quae
3234 1357 3539 1427 fragilitate
3583 1362 3775 1415 carnis

2081 1432 2310 1487 incaute
2339 1443 2631 1491 contracta
2670 1446 2821 1507 sunt,
2856 1442 3177 1512 largissime
3208 1446 3309 1499 Dei
3339 1448 3408 1481 ¹²⁶
3440 1448 3775 1503 misericor-

2082 1521 2179 1574 dia
2208 1522 2267 1575 in
2300 1524 2407 1577 hoc
2437 1527 2624 1579 seculo
2670 1528 2863 1598 aliqua
2901 1532 3160 1584 molestia
3210 1537 3494 1605 corporali
3546 1538 3775 1592 soleant

2082 1611 2341 1680 purgari,
2401 1618 2705 1668 attestante
2750 1617 3059 1687 Scriptura,
3108 1636 3235 1690 quae
3277 1622 3459 1676 dicit:
3508 1626 3776 1690 Flagellat

2084 1700 2447 1755 Deusomnem
2491 1704 2666 1771 ﬁlium
2717 1720 2870 1772 quem
2905 1710 3098 1776 recipit
3136 1708 3319 1778 (Hebr.
3362 1726 3451 1774 xu,
3496 1715 3567 1778 6).
3621 1717 3772 1769 Ans-

2080 1786 2264 1840 fridus
2293 1790 2485 1842 lumen
2524 1791 2725 1845 harum
2769 1794 3133 1849 tenebrarum
3176 1797 3384 1865 amisit,
3418 1800 3607 1853 taliter
3630 1819 3774 1872 quo-

2081 1868 2386 1925 dammodo
2446 1881 2710 1929 manente
2770 1877 3098 1947 integritate
3155 1882 3474 1944 oculorum,
3529 1889 3593 1937 ut
3630 1868 3772 1940 nihil

2083 1957 2274 2011 minus
2313 1976 2483 2030 quam
2523 1962 2823 2033 aspicienti
2861 1964 2928 2000 ¹²⁷
2960 1968 3158 2022 videns
3209 1968 3514 2025 videretur.
3570 1974 3773 2028 Defec-

2081 2050 2205 2099 tum
2259 2049 2492 2117 quidem
2523 2050 2773 2103 visusl’s
2831 2055 3122 2122 sustinuit,
3183 2062 3268 2111 set
3299 2058 3630 2115 deformitas
3691 2063 3773 2117 fa-

2079 2133 2226 2188 ciem
2274 2137 2379 2190 viri
2437 2139 2592 2192 nulla
2644 2139 3056 2197 dehonestavit.
3127 2146 3239 2198 Hoc
3296 2162 3363 2199 ex
3419 2146 3772 2217 benignitate

2080 2222 2385 2279 Salvatoris
2417 2228 2595 2280 nostri
2643 2229 2808 2283 credo
2848 2235 3037 2285 actum
3082 2248 3227 2298 esse,
3271 2239 3332 2287 ut
3369 2236 3617 2290 extincto
3646 2256 3775 2292 ocu-

2079 2311 2266 2367 lorum
2328 2314 2611 2370 desiderio
2662 2323 2716 2371 et
2747 2320 2971 2373 exclusa
3028 2322 3323 2375 occasione
3373 2327 3663 2393 peccandi.
3720 2335 3775 2382 et

2079 2400 2267 2455 vultus
2302 2402 2643 2473 dignitatem
2677 2406 2931 2477 episcopi
2961 2415 3229 2478 servaret,
3277 2415 3332 2465 et
3366 2412 3603 2467 ulterius
3655 2431 3773 2471 non

2078 2488 2313 2543 haberet
2343 2493 2493 2545 unde
2536 2495 2985 2565 concupisceret.
3036 2499 3228 2569 Neque
3269 2500 3377 2552 hoc
3409 2500 3774 2559 incommodo

2077 2584 2307 2648 accepto
2339 2596 2616 2651 umquam
2649 2588 2945 2651 superatus
2999 2591 3097 2639 aut
3140 2588 3333 2640 animo
3365 2588 3617 2657 dejectus
3650 2599 3774 2660 est;

2078 2672 2161 2719 set
2191 2668 2392 2721 eodem
2428 2670 2607 2736 vultu,
2655 2671 2857 2726 eadem
2897 2673 3205 2743 hilaritate,
3258 2678 3457 2730 eadem
3500 2679 3774 2747 jocundi-

2077 2760 2209 2821 tate,
2250 2772 2379 2810 cum
2426 2774 2649 2812 summa
2688 2760 2967 2829 patientia
3014 2770 3429 2832 permanserat.
3476 2768 3657 2837 Igitur
3700 2771 3775 2805 “9

2074 2851 2335 2914 respectu
2368 2847 2467 2901 Dei
2499 2846 2558 2900 in
2604 2864 2661 2901 se
2694 2851 3036 2919 propensius
3068 2853 3312 2919 rediens,
3349 2856 3641 2910 salutifera
3670 2874 3775 2912 co-

248 2948 444 2996 texere
481 2944 551 2976 na
580 2943 769 3010 libuit,
801 2947 866 2996 ut
895 2947 950 2997 ει
980 2942 1051 2977 ua
1083 2944 1259 2997 alium
1302 2942 1363 2996 in
1396 2949 1598 2998 nostra
1631 2947 1962 3002 narratione
1995 2965 2035 3019 Ο
2076 2933 2273 3003 gitatio
2301 2934 2407 2987 sibi
2438 2935 2655 3002 incidit,
2707 2938 2875 2991 tlores
2919 2939 3091 3009 hujus
3133 2943 3332 2996 mundi
3382 2944 3578 2998 sordes
3620 2950 3771 3016 apud

252 3036 457 3086 testem
490 3032 852 3086 haberemus.

742 3124 825 3174 l3.
863 3122 1059 3175 Versus
1091 3120 1156 3174 de
1176 3119 1363 3174 eadem
1391 3136 1471 3175 re.

314 3207 356 3271 Ο
382 3208 525 3256 bona
552 3208 865 3270 Trajectum,
898 3214 1068 3257 mater
1086 3207 1370 3271 przeelecta
1394 3207 1662 3271 locorum.

315 3269 687 3333 Nuncretines
717 3271 985 3319 dominum
1013 3269 1247 3333 generali
1283 3269 1439 3333 laude
1469 3273 1694 3333 potitum
1730 3275 1811 3319 ηδ.

316 3332 529 3380 Ansfrid
568 3346 661 3394 pro
696 3333 896 3380 meritis
913 3332 1074 3381 decus
1102 3334 1168 3367 ¹¹⁶
1190 3336 1269 3380 est
1298 3332 1390 3379 tibi
1419 3332 1751 3394 pontiﬁcalis,

315 3394 418 3465 Est.
438 3398 492 3442 et
516 3394 802 3465 prietectus
822 3396 1047 3465 Domino
1078 3394 1352 3465 confessor
1379 3398 1431 3442 et
1454 3394 1647 3465 almus;

317 3456 433 3519 Qui
456 3456 598 3517 prius
623 3458 675 3504 in
702 3456 841 3504 bello
872 3456 1113 3505 ﬁrmabat
1135 3468 1302 3519 regna
1330 3457 1557 3518 papello,

316 3518 566 3566 Ecclesiae
597 3523 773 3566 custos
802 3532 945 3567 nunc
975 3523 1056 3568 est
1076 3518 1397 3579 sanctusque
1428 3518 1687 3567 sacerdos.

315 3580 553 3627 Vertitur
581 3580 634 3627 in
664 3581 851 3628 melius
878 3583 951 3629 sic
982 3582 1058 3629 sic
1083 3579 1389 3628 certaminis
1414 3594 1573 3629 usus:

319 3642 601 3698 Quondam
626 3642 863 3704 bellator,
893 3656 1039 3691 nunc
1068 3646 1246 3690 autem
1277 3642 1419 3704 pacis
1450 3646 1679 3702 amator;

316 3704 467 3751 Tunc
490 3718 610 3766 pars
633 3703 910 3762 bellorum,
936 3703 1291 3766 nuncrautem
1318 3703 1748 3766 duxanimarum
1778 3721 1791 3763 ;

317 3765 603 3829 Quondam
629 3768 915 3828 pugnabat,
948 3765 1128 3829 populi
1154 3779 1299 3829 nunc
1318 3765 1487 3829 corda
1511 3768 1773 3827 gubernat
1795 3784 1807 3827 ;

315 3828 500 3891 ltiilitis
525 3826 753 3891 officium
786 3826 962 3891 precis
987 3826 1285 3891 obmutavit
1314 3826 1370 3874 in
1394 3826 1567 3891 usum.

318 3890 474 3953 Veste
494 3888 951 3953 sacerdotis'nunc
984 3903 1208 3953 prorsus
1232 3888 1365 3937 liber
1398 3889 1463 3937 ab
1489 3890 1667 3949 armis,

316 3951 531 4014 Accepit
563 3951 775 4000 calicem
805 3951 1051 4001 manibus
1081 3951 1341 4014 liquitque
1372 3964 1698 4001 mucronem.

318 4013 572 4085 Deposuit
600 4013 1151 4085 parmam,_ccep_itque
1174 4014 1238 4084 1.”
1270 4013 1441 4085 levare
1464 4015 1532 4047 1³⁸
1561 4019 1832 4085 patenam;

320 4074 527 4136 Sprevit
549 4074 793 4123 vexillam
824 4078 905 4134 ιη,
928 4074 1100 4125 voluit
1118 4074 1243 4137 quia
1273 4075 1492 4136 psallere
1517 4074 1730 4125 missam
1757 4094 1769 4136 ;

317 4137 470 4200 3am
504 4138 713 4200 missam
737 4142 915 4200 cantat
941 4136 1545 4200 precibusquetideliter
1571 4139 1749 4189 instat.

318 4198 427 4262 Ista
450 4199 549 4262 sub
582 4199 821 4262 exemplo
852 4198 989 4248 Petri
1019 4199 1145 4247 facit
1165 4198 1536 4262 indubitando,

317 4260 421 4315 Qui
452 4261 651 4322 primus
680 4260 870 4310 cecinit
888 4262 1104 4309 missam
1134 4261 1457 4322 barbamque
1486 4261 1734 4311 totondit.

319 4322 451 4385 Quae
482 4326 595 4385 vult
622 4328 678 4371 ut
698 4324 913 4372 veniant
944 4324 1100 4385 Deus,
1127 4323 1315 4385 omnia
1347 4323 1588 4385 protinus
1617 4324 1828 4373 adstant
1858 4325 1958 4383 ¹²⁰ς

318 4384 394 4431 De
416 4397 545 4433 cane
579 4384 699 4433 fecit
720 4399 871 4434 ovem
904 4387 1042 4434 Deus
1071 4384 1176 4442 hic,
1205 4388 1265 4432 ut
1295 4384 1485 4433 fecerat
1515 4386 1661 4446 olim,

316 4446 398 4510 4d
429 4460 484 4494 se
513 4460 632 4495 cum
663 4447 883 4510 Paulum
914 4447 1090 4510 rapuit
1113 4446 1176 4495 de
1207 4450 1349 4510 sorte
1382 4446 1643 4509 luporum,

321 4507 489 4563 Quem
516 4514 634 4570 post
661 4509 906 4558 Ecclesiae
935 4507 1203 4557 doctorem
1231 4507 1461 4570 jusserat
1487 4523 1618 4558 esse.

320 4571 472 4634 Nunc
506 4571 821 4634 estpalbatus
850 4574 933 4630 ιιι,
965 4585 1086 4634 cum
1116 4574 1335 4634 steuiate
1360 4571 1699 4634 gloriﬁcatus,

316 4632 487 4694 Atque
511 4632 698 4681 stolam
733 4637 924 4696 portat,
955 4633 1168 4681 virtutis
1201 4638 1253 4681 et
1277 4632 1422 4681 arma
1457 4633 1739 4691 ministrat,

2085 3023 2263 3076 Deum
2302 3023 2503 3089 videri,
2556 3030 2612 3078 et
2640 3041 2706 3077 ea
2736 3042 2865 3096 quae
2910 3030 3090 3083 multo
3139 3036 3372 3101 sumptu
3402 3034 3470 3087 ad
3505 3040 3771 3091 ornatum

2075 3113 2471 3182 putrescendse
2518 3115 2705 3168 carnis
2740 3120 3122 3185 captarentur,
3184 3136 3300 3173 non
3355 3123 3540 3176 solum
3601 3124 3665 3177 ad
3700 3123 3773 3158 ¹³⁰

2076 3200 2489 3255 detrimentum
2549 3202 2645 3256 sed
2698 3204 2870 3257 etiam
2910 3205 2976 3239 ¹³¹
3037 3208 3106 3260 ad
3159 3214 3493 3278 perpetuam
3542 3212 3770 3267 ruinam

2076 3289 2283 3343 anima:
2314 3291 2640 3361 pertinere;
2691 3298 2904 3347 vestem
2935 3294 3323 3350 delicatiorem
3364 3298 3642 3369 deposuit,
3676 3301 3772 3354 in—

2076 3380 2373 3444 dumenta,
2405 3396 2476 3434 ne
2510 3380 2693 3435 dicam
2725 3382 2797 3415 ¹³²
2834 3382 2987 3451 vilia,
3026 3385 3121 3439 sed
3153 3386 3347 3455 potius
3375 3388 3649 3458 angelica,
3702 3391 3769 3444 ad

2076 3468 2500 3521 institutionem
2551 3468 2729 3522 sancti
2764 3470 3052 3525 Benedicti
3076 3472 3337 3543 sumpsit.
3376 3475 3469 3528 Est
3505 3477 3665 3530 collis
3700 3479 3769 3511 ‘3“

2073 3556 2181 3623 (39)
2215 3571 2310 3608 sex
2342 3556 2572 3609 milibus
2603 3572 2636 3608 a
2676 3558 2933 3627 Trajecto
2971 3559 3205 3627 distans,
3239 3562 3495 3633 undique
3534 3564 3773 3621 circum-

2073 3644 2221 3697 cisus
2253 3642 2344 3709 '3‘,
2392 3659 2507 3697 una
2546 3660 2611 3697 ex
2645 3650 2805 3714 parte.
2861 3646 3077 3701 ﬂumen
3132 3650 3425 3719 limosum,
3481 3654 3768 3726 reliquum

2073 3731 2326 3802 spacium
2388 3738 2666 3803 perpetua
2728 3736 2890 3804 palus
2944 3737 3263 3809 eademque
3316 3740 3593 3796 latissima
3649 3761 3769 3799 am-

2070 3820 2279 3874 biendo
2314 3836 2544 3875 omnem
2576 3820 2833 3876 additum
2862 3824 2930 3858 ¹³⁵
2976 3826 3238 3880 excludit.
3274 3827 3396 3881 Huc
3430 3830 3628 3884 adacta
3659 3848 3766 3887 na-

2070 3909 2272 3975 vicula,
2304 3913 2460 3963 trans
2497 3910 2712 3965 ﬂumen
2741 3909 2877 3964 illud
2920 3927 2977 3964 se
3002 3912 3138 3967 ferri
3164 3913 3346 3983 jubet,
3382 3921 3437 3969 et
3480 3918 3617 3987 quia
3646 3936 3769 3973 ora-

2068 3998 2243 4052 tionis
2264 4013 2435 4052 eausa
2464 3998 2748 4052 tumultus
2778 3998 3079 4053 hominum
3111 4002 3289 4055 vitare
3319 4003 3607 4073 cupiebat,
3635 4023 3767 4062 ver-

2068 4089 2239 4141 ticem
2296 4087 2482 4152 collis,
2542 4088 2773 4141 succisis
2820 4088 3123 4143 arboribus
3192 4095 3248 4143 et
3297 4091 3647 4163 fructicibus,
3707 4098 3764 4151 in

2068 4175 2362 4246 planitiem
2414 4175 2671 4243 deduxit,
2722 4176 3009 4246 imprimis
3065 4179 3402 4245 oratorium,
3467 4182 3599 4237 dein
3656 4185 3766 4239 sibi

2072 4265 2293 4330 cellam,
2326 4270 2453 4334 post
2494 4264 2618 4318 aliis
2647 4266 2986 4319 constructis
3012 4271 3069 4320 et
3101 4268 3347 4322 claustro
3375 4270 3599 4337 effecto,
3632 4289 3765 4327 con-

2072 4352 2522 4407 venticulam136
2592 4354 3004 4409 monachorum
3063 4356 3279 4410 ibidem
3325 4360 3644 4423 collocavit,
3713 4368 3768 4414 et

2070 4442 2333 4497 abbatem
2360 4440 2429 4475 ¹³⁷
2479 4442 2735 4512 prtefecit
2775 4444 2914 4512 (40).
2954 4443 3077 4498 Huc
3108 4462 3165 4498 se
3195 4452 3325 4515 post
3351 4449 3634 4519 colloquia
3676 4466 3763 4504 re-

2070 4530 2177 4600 gis,
2208 4534 2333 4600 post
2360 4529 2661 4599 synodum,
2711 4536 2840 4601 post
2882 4531 3136 4586 diversos
3168 4541 3484 4589 conventus
3515 4538 3766 4609 recipere

2072 4620 2329 4685 solebat;
2376 4619 2468 4673 hic
2498 4620 2769 4673 miseram
2813 4636 3009 4675 curam
3043 4624 3313 4678 secularis
3361 4625 3585 4695 negocii
3635 4643 3667 4680 a
3710 4644 3767 4681 se

1672 4721 1907 4775 VARI/{8
1950 4716 2351 4774 LECTIONES.

336 4813 407 4849 ¹⁰⁶
465 4816 608 4870 deest
666 4820 712 4872 3.
776 4815 843 4852 ¹⁰⁷
900 4817 1212 4872 balduinus
1276 4821 1325 4871 3.
1374 4816 1445 4851 ¹⁰⁸
1496 4816 1855 4888 prospiciens
1909 4819 1960 4869 3.
2014 4812 2086 4849 '09
2139 4814 2292 4888 hunc
2349 4816 2399 4867 3.
2435 4812 2508 4848 ¹¹⁰
2562 4817 2641 4869 ita
2696 4830 2741 4868 c.
2796 4821 2846 4888 et
2907 4818 3034 4888 3W
3095 4834 3124 4888 a
3182 4832 3324 4871 mea:
3385 4835 3437 4872 ο.
3490 4822 3539 4888 3,

1204 4890 1274 4924 ¹¹⁸
1330 4905 1472 4960 quo_
1508 4890 1676 4942 etiam
1737 4894 1789 4943 3.
1828 4889 1900 4921 “5
1949 4890 2041 4960 tta
2079 4889 2112 4960 _3

256 4887 465 4956 plausu
511 4890 561 4940 3.
599 4889 671 4921 “3
731 4894 1033 4942 annectere
1101 4891 1152 4941 3.

3610 4820 3678 4853 111
3705 4836 3765 4873 ac

2171 4884 2514 4960 potivpmp
2583 4901 2653 4960 an
2708 4887 3019 4942 votivum?
3054 4887 3123 4920 ¹¹⁶
3171 4890 3338 4960 datus
3388 4887 3545 4960 2.7“7
3598 4891 3771 4960 cmpit

256 4954 287 5010 3
346 4954 419 4990 ¹¹⁸
475 4958 662 5011 lavare
716 4974 765 5014 c.
830 4958 903 4993 “9
958 4959 1228 5013 vexillum
1295 4954 1364 5013 3f
1405 4958 1479 4993 ¹²⁰
1535 4964 1733 5012 assunt
1795 4960 1843 5012 3.
1917 4959 1983 4991 ¹²¹
2042 4954 2282 5026 ablatus_
2330 4958 2379 5007 3.
2447 4956 2516 5026 Ψ
2578 4956 2655 5009 bis
2723 4960 2984 5026 scriptum
3042 4959 3098 5010 in
3165 4974 3210 5013 c.
3276 4958 3344 4991 ¹²³
3404 4959 3472 5015 ad
3530 4960 3651 5013 lucc
3687 4954 3763 5016 '3.

260 5029 331 5063 ’9‘
392 5029 475 5081 ita
531 5030 561 5082 3
614 5028 769 5083 illius
818 5047 866 5084 c.

261 5096 339 5132 ¹²⁹
369 5098 412 5151 Ι.
451 5114 515 5152 ex
548 5100 657 5152 hoc
686 5116 731 5152 r.
765 5102 811 5154 3.
892 5096 966 5133 ¹³⁰
1006 5100 1151 5154 deest
1182 5103 1211 5154 3
1290 5101 1357 5134 ¹³¹
1392 5101 1537 5155 deest
1568 5104 1618 5154 3.

259 5168 592 5223 cumclusus
624 5173 675 5223 3.
760 5170 832 5205 ³³⁸
860 5170 1119 5225 additum
1150 5186 1196 5225 ο.
1278 5170 1351 5205 ¹³⁶
1378 5171 1771 5226 conventicula
1802 5172 1852 5225 3.

948 5028 1019 5063 ¹²⁵
1069 5029 1216 5084 deest
1262 5033 1321 5083 in
1356 5046 1445 5093 c.;
1499 5030 1652 5084 adest
1711 5031 1740 5081 3
1819 5026 1890 5061 ¹²⁶
1938 5028 2154 5109 ᾰεεξεεῖὂ.
2214 5024 2284 5059 ¹²⁷
2343 5025 2625 5128 aspiciens
2682 5032 2737 5107 et
2791 5024 2847 5082 vI
2878 5033 3178 5109 putaretur
3217 5032 3265 5083 3.

948 5096 966 5133 [³
1006 5100 1151 5152 deest
1182 5103 1211 5152 3
1290 5101 1357 5134 ¹³¹
1392 5101 1537 5152 deest
1568 5104 1618 5152 3.
1701 5100 1771 5133 ¹³²
1831 5116 1945 5152 non
1978 5100 2217 5152 dixerim
2254 5099 2305 5150 3.
2386 5096 2455 5129 ¹³
2509 5113 2555 5150 c.
2627 5098 3007 5152 Ileilaenbem
3057 5098 3236 5152 tribus

2020 5116 2217 5152 ixerim
2254 5116 2305 5150 ό.

1831 5116 1945 5153 non
1978 5116 2217 5152 dixerim
2254 5116 2305 5150 .5.

1831 5205 1852 5225 χ,
1935 5168 2005 5204 1³⁷
2033 5186 2083 5223 a.
2126 5170 2207 5222 eis
2236 5184 2290 5238 p.
2317 5170 2367 5222 3.

3348 5027 3417 5062 ¹²⁸
3478 5029 3535 5082 in
3598 5048 3655 5084 se
3712 5036 3762 5085 2.

2386 5096 2455 5129 ¹δ³
2509 5113 2555 5150 c.
2627 5096 3007 5169 Ileilgenberg
3057 5098 3236 5153 tribus
3284 5115 3361 5153 m.
3398 5104 3446 5153 3.
3530 5100 3601 5134 ³³⁸
3659 5102 3766 5155 cir-

1912 5268 2136 5323 NOTAE.

334 5366 440 5435 (38)
483 5364 566 5419 Cf.
630 5365 943 5420 Thietmari
1007 5367 1040 5420 l.
1112 5382 1188 5433 iv,
1246 5382 1293 5420 c.
1350 5368 1419 5420 22
1471 5382 1594 5437 sqq.
1660 5365 1953 5436 (Patrolog.

261 5442 406 5491 tom.
443 5437 722 5503 CXXXIX,)

338 5507 443 5577 (39)
488 5506 751 5574 Hohorst,
792 5509 984 5579 postea
1044 5505 1471 5579 lleiligenberg,
1530 5521 1711 5578 prope
1756 5508 1957 5561 Amer-

2292 5429 2658 5487 Fundationis
2721 5430 2976 5485 chartam
3034 5447 3062 5484 v
3124 5430 3183 5487 in
3233 5432 3382 5486 Actis
3434 5435 3526 5487 SS.
3585 5434 3687 5489 Mai
3745 5437 3760 5488 l

2074 5525 2114 5558 to
2179 5547 2189 5558 .

2074 5525 2189 5558 ΜΗ.
