4016 6202
373 324 480 380 463

1395 318 1692 374 ALPERTI
1730 318 1785 372 S.
1830 315 2300 373 SYMPHORIANI
2339 314 2639 372 METENS.
2686 315 2986 371 MONACH.
3757 321 3846 374 464

375 444 643 514 removit,
678 443 897 499 viribus
925 442 1067 497 totis‘
1108 441 1371 497 laudibus
1403 441 1505 495 Dei
1555 445 1613 496 et
1649 439 1940 510 obsequiis
1991 440 2076 493 in-
2105 443 2164 495 Α-
2190 438 2435 494 ωδιίοὶω
2467 439 2821 494 exercenda.
2856 439 2964 504 Qui
3006 443 3199 494 tamen
3244 439 3422 495 miser
3461 441 3654 510 paucis
3678 442 3856 498 diebus

379 535 546 602 stitit,
592 534 971 598 orationibus,
1014 532 1245 602 vigiliis,
1297 530 1624 586 elemosinis
1679 529 1761 584 ita
1803 529 2077 595 intentus,

379 628 446 678 ut
492 640 662 678 nemo
694 628 890 677 nostra
941 627 1108 675 astate
1139 620 1245 674 sibi
1275 619 1454 690 possit
1509 617 1845 672 adsimilari.
1898 618 2079 671 Unam

383 729 450 768 ex
482 713 604 783 ejus
624 711 947 766 innumeris
992 710 1392 764 liberalitatem
1440 707 1499 761 in
1538 723 1821 777 pauperes
1870 705 2081 762 Christi

383 801 696 856 exhibitam
753 799 1086 854 referemus.
1147 799 1211 852 In
1268 797 1391 866 ipsa
1444 796 1584 850 cella
1613 812 1786 866 quam
1833 796 2083 850 diximus

384 889 622 961 positus,
663 893 935 942 consueto
964 885 1036 921 ¹³⁸
1086 902 1258 957 opere
1288 886 1386 940 Dei
1411 887 1654 955 expleto,
1689 889 1819 955 post
1845 885 2080 939 terciam

383 977 661 1048 vigiliam,
695 992 877 1030 unum
927 991 995 1029 ex
1035 976 1153 1028 suis
1182 973 1459 1027 ministris
1497 973 1566 1027 ad
1607 989 1666 1027 se
1711 977 1890 1038 vocat,
1942 973 2082 1043 quid

385 1065 510 1120 ﬁeri
536 1065 671 1119 velit
708 1064 981 1127 ostendit,
1023 1069 1079 1117 et
1109 1068 1171 1117 ut
1202 1079 1372 1116 nemo
1405 1062 1461 1116 id
1495 1065 1801 1132 cognoscat
1830 1075 2083 1114 summo-

385 1169 522 1226 pere
581 1153 895 1207 interdicit.
965 1152 1151 1207 Sumit
1216 1151 1468 1215 situlam,
1531 1149 1794 1203 immittit
1840 1153 2081 1218 vectem,

384 1257 562 1312 seque
591 1241 760 1295 simul
795 1241 1078 1310 portando
1121 1238 1446 1293 ministrum
1500 1239 1567 1292 ad
1613 1237 1894 1308 regendos
1925 1253 2084 1308 gres-

386 1347 481 1385 sus
517 1346 652 1383 suos
699 1345 884 1399 usque
933 1329 1002 1382 ad
1058 1327 1274 1380 flumen
1320 1325 1642 1397 prmcedere
1685 1325 1870 1395 jubet.
1921 1329 2084 1396 Aqua

385 1417 591 1472 hausta
615 1417 764 1472 redit
800 1415 892 1482 13",
926 1417 1059 1486 igne
1089 1414 1367 1481 calefacit,
1414 1413 1635 1468 dolium
1681 1413 1803 1482 ipse
1855 1413 2082 1480 infudit,

385 1508 701 1578 leprosum,
760 1506 922 1574 cujus
976 1521 1183 1575 corpus
1241 1503 1585 1557 miserabilis
1651 1502 1840 1556 sanies
1895 1507 2082 1556 totum

389 1595 731 1661 obduxerat,
788 1593 996 1663 pannis
1063 1599 1296 1646 exutum
1363 1591 1422 1644 in
1472 1591 1742 1644 balneum
1822 1591 2086 1661 deposuit

386 1682 776 1755 putrescentia
822 1682 1081 1736 membra
1127 1681 1391 1734 manibus
1434 1681 1788 1749 perlustrans
1837 1679 2080 1751 diligen-

388 1770 609 1825 tissime
641 1768 712 1806 ¹⁴⁰
762 1769 920 1837 lavit,
971 1771 1152 1823 lotum
1203 1769 1261 1822 in
1312 1770 1577 1822 lectulum
1608 1766 1673 1803 ¹⁸¹
1733 1767 1912 1836 ipsius
1967 1767 2083 1821 col-

387 1859 612 1924 locavit,
644 1863 701 1913 et
730 1858 984 1912 vestibus
1015 1858 1174 1912 novis
1215 1857 1482 1910 vestitum
1534 1857 1942 1910 antelucanum
1985 1856 2089 1909 sub

387 1948 690 2002 testatione
728 1963 802 2000 ne
833 1947 961 2017 quis
1010 1947 1065 2001 id
1112 1946 1282 2000 sciret
1323 1945 1555 2000 abeunti
1589 1944 1732 1980 ιυ-ιδ
1791 1943 2086 2014 praecepit.

391 2036 490 2090 Hic
550 2035 592 2089 si
652 2051 878 2106 quaeras
929 2051 1031 2088 cur
1083 2035 1188 2088 iste
1246 2040 1438 2087 tantus
1485 2033 1590 2099 vir,
1641 2037 1727 2087 tot
1780 2033 2089 2087 virtutibus

388 2123 690 2194 praeditus,
748 2123 992 2194 Spiritus
1040 2122 1218 2176 sancti
1275 2121 1459 2191 gratia
1506 2121 1812 2188 inruratus,
1865 2122 2088 2192 leproso

389 2211 475 2265 illi
514 2211 792 2265 solacium
841 2211 1156 2265 curationis
1213 2226 1330 2264 non
1399 2210 1748 2279 inpenderit,
1793 2210 1944 2264 facili
1986 2211 2088 2264 has

387 2299 765 2370 cogitationes
791 2299 989 2353 obvius
1018 2300 1124 2353 hac
1153 2298 1520 2368 responsione
1547 2299 1845 2368 excipiam.

629 2391 714 2443 15.
757 2389 865 2444 Cur
893 2387 1200 2454 Ansfridus
1222 2387 1466 2456 inﬁrmos
1488 2403 1593 2440 non
1620 2391 1854 2441 curaret.

462 2475 730 2546 Legimus
763 2491 1013 2546 namque
1045 2476 1094 2543 (Ι
1121 2477 1252 2530 Cor.
1285 2492 1398 2541 xiv,
1429 2475 1524 2543 2'2)
1557 2475 1722 2546 jquod
1762 2475 1920 2546 signa
1952 2475 2089 2530 inii-

392 2565 637 2631 delibns,
668 2580 784 2619 non
819 2565 1107 2629 ﬁdelibus,
1142 2564 1273 2618 data
1298 2564 1414 2618 sint
1446 2565 1535 2632 ιιι,
1583 2569 1646 2617 ut
1691 2563 1751 2617 in
1790 2564 1952 2618 initio
1990 2581 2089 2619 na-

390 2653 598 2709 scentis
680 2653 942 2708 Ecclesiee
1009 2653 1183 2706 corda
1240 2653 1562 2723 gentilium,
1623 2652 1956 2722 longissima
2016 2653 2089 2688 “5

389 2742 805 2798 consuetudine
851 2742 1137 2796 idolorum
1192 2741 1479 2807 indurata,
1511 2741 1644 2794 visis
1675 2747 1762 2796 tot
1811 2742 2088 2813 prodigiis

391 2831 460 2887 ad
493 2831 840 2886 credendum
874 2829 944 2864 ¹⁸⁶
985 2831 1404 2885 emollirentur.
1437 2830 1575 2894 Quis
1601 2830 1755 2884 enim
1783 2836 1918 2885 tunc
1948 2837 2088 2886 tem-

388 2919 571 2991 poris,
601 2918 822 2972 mundo
852 2918 912 2971 in
943 2917 1362 2972 ﬂorentissimis
1401 2918 1572 2972 rebus
1615 2919 1818 2988 posita,
1876 2919 2086 2990 prtedi-

2188 533 2336 600 post,
2392 530 2610 582 caeteris
2650 527 3092 592 dormientibus,
3135 530 3448 602 suspendio
3503 536 3740 586 mortem
3766 534 3859 588 sibi

2189 617 2484 671 conscivit.
2521 620 2652 674 Hac
2690 618 2935 672 breviter
2962 618 3292 688 perstrinxi,
3345 635 3417 672 ne
3460 620 3589 689 quis
3629 619 3684 673 in
3711 622 3857 676 corde

2190 723 2294 760 suo
2348 706 2652 774 existimet,
2711 712 2946 777 propter
2998 706 3377 761 defectionem
3445 707 3696 777 probatas
3747 709 3858 764 vita:

2191 811 2354 849 servo
2401 811 2504 850 suo
2553 797 2860 849 Dominum
2893 800 3150 849 nostrum
3194 797 3390 850 Jesum
3435 797 3719 850 Christum
3763 798 3862 851 viro

2191 889 2373 938 tutem
2404 885 2701 954 signorum
2745 884 3056 938 concedere
3107 885 3384 953 noluisse,
3419 884 3521 955 qui
3551 887 3724 940 multo
3770 902 3864 941 ma-

2184 973 2314 1043 jora
2362 978 2417 1026 et
2450 973 2621 1044 longe
2652 973 2742 1026 his
2773 972 3050 1042 feliciora,
3087 971 3146 1027 id
3184 979 3268 1028 est
3299 973 3479 1027 vitam
3509 980 3768 1029 aeternam
3810 976 3859 1029 in

2191 1061 2403 1116 caelesti
2435 1077 2638 1132 regno,
2671 1060 2966 1115 concessit.

2549 1152 2633 1204 16.
2678 1153 2750 1204 De
2786 1149 2935 1203 obitu
2965 1148 3227 1215 Ansfridi
3258 1150 3528 1218 episcopi.

2261 1237 2444 1309 Igitur
2480 1253 2610 1292 cum
2663 1237 2746 1291 illi
2786 1237 2991 1292 virium
3045 1237 3412 1291 imbecillitas
3437 1239 3778 1292 adcresceret
3817 1243 3861 1291 et

2193 1326 2470 1397 languore
2518 1341 2723 1396 corpus
2771 1325 2844 1380 ad
2902 1341 3165 1379 occasum
3218 1339 3458 1394 vergere
3507 1325 3855 1394 intellegeret,

2193 1414 2264 1468 ad
2295 1414 2684 1485 supradictum
2715 1414 2919 1467 collem
2951 1413 3245 1467 transferri
3269 1413 3461 1482 jubet.
3495 1412 3747 1483 Cumque
3771 1414 3861 1467 illic

2193 1503 2488 1566 aliquanto
2539 1509 2798 1574 tempore
2850 1503 2900 1555 vi
2943 1502 3303 1574 aegritudinis
3352 1509 3732 1572 premeretur,
3781 1503 3862 1557 Be-

2192 1591 2437 1645 demtori
2469 1597 2694 1659 'nostro,
2738 1592 2830 1645 cui
2869 1592 3122 1658 servivit,
3164 1590 3436 1661 spiritum
3493 1591 3732 1645 reddidit
3773 1595 3858 1659 (an.

2201 1681 2375 1748 1010).
2405 1681 2616 1735 Aderat
2642 1681 2701 1734 in
2733 1680 2988 1752 exequiis
3020 1681 3144 1750 ejus
3174 1681 3293 1734 tilia
3324 1680 3512 1750 ipsius
3540 1679 3862 1742 venerabilis,

2198 1768 2483 1822 abbatissa
2520 1769 2830 1823 Tornensis
2867 1771 2977 1835 (41)
3020 1768 3371 1836 monasterii,
3413 1769 3864 1837 consanguineus-

2199 1873 2311 1927 que
2349 1858 2492 1927 ejus,
2527 1857 2596 1912 de
2644 1874 2760 1928 quo
2810 1873 2980 1928 supra
3019 1857 3269 1911 diximus
3308 1865 3453 1926 (cap.
3508 1858 3588 1925 8),
3637 1857 3864 1910 Unruocli

2197 1960 2410 2011 comes,
2456 1947 2976 2017 corpusculumque
3009 1945 3067 1999 in
3098 1945 3352 1999 oratorio
3397 1945 3675 2015 positum,
3709 1962 3738 1997 a
3770 1945 3861 1998 fra-

2198 2034 2379 2088 tribus
2412 2035 2596 2088 solitis
2631 2035 3102 2105 frequentabatur
3133 2035 3354 2099 otiiciis,
3401 2036 3659 2088 futurum
3701 2038 3755 2086 ut
3788 2049 3866 2103 po-

2198 2126 2349 2175 stero
2380 2121 2471 2175 die
2502 2121 2561 2175 in
2592 2121 2714 2192 ipsa
2749 2123 3009 2190 ecclesia,
3047 2128 3109 2175 ut
3135 2122 3242 2192 ipsi
3269 2123 3470 2176 animo
3512 2122 3863 2186 ﬁrmaverant,

2197 2211 2602 2264 tumularetur.
2637 2211 2872 2264 Interim
2914 2211 3300 2280 Trajectenses
3331 2226 3512 2282 quam
3553 2209 3862 2281 frequentis-

2198 2298 2329 2352 simi
2385 2307 2794 2366 convenerant,
2861 2315 3069 2370 corpus
3129 2299 3394 2354 exanime
3442 2297 3515 2336 ³⁵⁸
3576 2299 3864 2369 Trajectum

2198 2386 2574 2442 deferendum
2601 2388 2828 2442 auferre
2860 2389 3267 2442 moliebantur.
3292 2389 3377 2442 Ad
3398 2389 3524 2443 haec
3549 2386 3860 2458 peragenda,

2202 2475 2382 2530 Deum
2434 2477 2774 2546 adjutorem,
2818 2477 2877 2530 in
2927 2477 3164 2530 ecclesia
3206 2478 3362 2546 justa
3426 2477 3696 2530 feretrum
3753 2491 3861 2544 pro-

2199 2566 2381 2631 strati,
2423 2566 2556 2620 totis
2594 2565 2906 2636 gemitibus
2946 2567 3344 2636 precabantur.
3396 2567 3543 2620 Tum
3593 2564 3769 2618 subito
3809 2579 3861 2615 ex

2198 2669 2314 2707 uno
2346 2654 2520 2708 latere
2553 2655 2713 2708 collis
2745 2653 2974 2707 officina
3005 2655 3261 2724 quasdam
3287 2653 3406 2708 sive
3439 2670 3576 2708 casu
3603 2670 3696 2708 seu
3723 2653 3862 2722 jussu

2199 2743 2303 2797 Dei
2328 2742 2462 2814 igne
2492 2749 2754 2813 correpta
2779 2747 2882 2808 est,
2911 2743 3292 2813 omnibusque
3315 2743 3387 2797 ad
3419 2741 3862 2813 restinguendum

2196 2831 2390 2902 ignem
2421 2831 2894 2886 concurrentibus
2926 2838 2985 2886 et
3027 2832 3264 2886 omnino
3301 2831 3360 2885 in
3395 2849 3465 2886 ea
3497 2848 3560 2886 re
3589 2831 3862 2902 occupatis,

2197 2920 2469 2976 feretrum
2502 2921 2891 2991 Trajectenses
2939 2921 2999 2974 in
3039 2937 3153 2991 quo
3200 2937 3408 2991 corpus
3451 2921 3558 2974 viri
3602 2921 3698 2975 Dei
3735 2918 3865 2989 posi-

389 3007 541 3062 canti
573 3007 745 3061 aliam
784 3006 960 3060 vitam
999 3006 1276 3071 crederet,
1319 3006 1429 3060 nisi
1459 3023 1524 3060 ea
1571 3007 1937 3061 exiberentur
1963 3024 2088 3078 quae
2119 3008 2160 3065 C
2198 3014 2320 3063 tum
2373 3013 2457 3062 est
2495 3009 2696 3063 leviter
2734 3010 3010 3076 levantes,
3055 3009 3122 3062 ad
3167 3008 3383 3063 ﬂumen
3422 3025 3611 3081 usque
3657 3022 3862 3080 progre-

392 3101 558 3151 antea
591 3111 695 3149 nec
726 3092 798 3131 “7
841 3095 960 3148 visa
999 3111 1104 3148 nec
1133 3095 1329 3149 audita
1359 3095 1630 3150 fuerant?
1676 3096 1742 3151 Et
1797 3112 1926 3167 qum
1983 3112 2090 3150 ne-

389 3183 621 3238 cessitas
677 3183 808 3248 fuit,
862 3181 986 3236 istis
1031 3182 1356 3236 novissimis
1391 3180 1464 3217 “‘3
1506 3184 1864 3253 temporibus
1904 3185 2088 3238 Eccle-

391 3272 538 3326 siam
588 3270 689 3325 Dei
731 3271 908 3341 signis
950 3269 1238 3338 illustrari,
1269 3287 1398 3325 cum
1429 3272 1624 3326 nullus
1652 3272 1726 3326 sit
1756 3273 1913 3326 locus
1943 3289 2088 3343 quo-

388 3362 474 3416 vis
512 3360 796 3433 gentium,
845 3376 963 3414 non
1009 3376 1194 3426 mons,
1229 3377 1345 3415 non
1388 3361 1571 3429 vallis,
1625 3377 1742 3416 non
1781 3363 1920 3417 silva
1959 3364 2086 3418 infi-

391 3451 534 3516 nita,
569 3465 686 3503 non
717 3450 881 3519 palus
912 3448 1217 3512 immensa,
1252 3465 1370 3504 non
1411 3450 1600 3506 insula
1637 3451 1708 3506 ab
1755 3452 1893 3506 orbe
1924 3457 2090 3506 terrae

390 3544 615 3593 remota
654 3534 752 3601 “9,
806 3552 936 3608 quae
987 3552 1104 3590 non
1150 3537 1261 3591 sint
1311 3535 1382 3572 ¹⁵⁰
1436 3539 1662 3593 Domini
1717 3539 1902 3594 nostri
1959 3542 2089 3595 Jesu

392 3627 602 3682 Christi
651 3625 1005 3680 confessione
1053 3627 1272 3696 repleta
1299 3624 1401 3683 ¹⁸¹Ξ
1440 3627 1534 3681 Vir
1561 3627 1660 3682 Dei
1689 3644 1937 3700 namque
1967 3630 2089 3684 ina-

390 3715 561 3770 nibus
589 3715 879 3770 favoribus
909 3715 1210 3769 hominum
1241 3716 1437 3770 extolli
1466 3716 1672 3782 noluit,
1721 3717 1821 3788 qui
1863 3733 2090 3789 semper

391 3805 542 3859 intra
573 3803 980 3858 conscientiam
1011 3804 1166 3875 quod
1216 3803 1355 3858 boni
1400 3804 1518 3875 egit
1563 3805 1668 3858 soli
1719 3807 1834 3859 Deo
1872 3822 2086 3875 cogno-

391 3895 666 3949 scendum
716 3897 1020 3963 contegere
1068 3893 1288 3947 studuit
1343 3891 1434 3947 ‘5’.
1473 3894 1555 3961 :Et
1588 3893 1826 3948 fortasse
1862 3895 2086 3965 leproso

389 3981 474 4037 illi
505 3981 810 4036 inﬁrmitas
840 3980 996 4034 utilis
1030 3980 1159 4047 fuit,
1207 3985 1272 4035 ut
1300 3997 1430 4052 quas
1480 3981 1734 4035 humana
1763 3982 2086 4052 fragilitate

386 4071 584 4126 illicite
621 4070 928 4134 commisit,
973 4070 1042 4123 ad
1076 4071 1195 4123 haec
1227 4070 1485 4123 iteranda
1513 4069 1677 4123 illum
1717 4069 1981 4125 debilitas
2014 4070 2085 4106 ¹⁵³

387 4158 644 4226 corporis
684 4158 1008 4227 impediret.
1055 4159 1248 4228 Neque
1276 4157 1380 4211 ulli
1427 4158 1498 4211 de
1544 4157 1708 4212 istius
1739 4157 1847 4212 viri
1877 4161 2083 4214 sancti-

2200 3097 2525 3164 diebantur,
2575 3101 2632 3151 et
2662 3099 2912 3168 positum
2961 3097 3020 3152 in
3051 3097 3370 3150 naviculam
3403 3097 3624 3151 flumen
3653 3094 3863 3150 transire

2199 3191 2512 3256 coeperunt.
2561 3187 2627 3240 Et
2665 3187 2800 3258 quia
2841 3187 3107 3242 navicula
3145 3205 3358 3259 paucos
3397 3204 3606 3259 capere
3651 3188 3857 3258 poterat,

2197 3274 2390 3328 caeteri
2420 3274 2693 3344 quamdiu
2727 3275 2933 3330 vadum
2968 3273 3038 3310 ¹⁸⁵
3064 3277 3425 3346 permiserat,
3456 3275 3660 3330 deinde
3690 3278 3857 3328 natatu

2199 3362 2603 3433 sequebantur.
2634 3365 2704 3418 At
2731 3363 2790 3416 hi
2821 3363 2918 3433 qui
2954 3363 3021 3418 ad
3064 3363 3525 3419 submovendum
3551 3364 3733 3434 ignem
3753 3376 3860 3414 con-

2198 3455 2517 3518 currerent,
2543 3465 2672 3504 cum
2712 3467 2829 3505 non
2862 3452 3020 3522 prius
3050 3453 3352 3507 consilium
3383 3469 3589 3507 eorum
3631 3448 3858 3505 animad-

2198 3543 2505 3605 verterent,
2553 3539 2814 3608 quamvis
2851 3540 3252 3596 brevissimum
3294 3543 3555 3612 spacium
3596 3542 3860 3594 interesset

2198 3643 2373 3698 quam
2396 3627 2478 3681 illi
2509 3627 2831 3682 naviculam
2864 3630 2932 3682 ad
2964 3629 3120 3684 aliud
3150 3631 3285 3684 litus
3306 3631 3710 3688 subducerent.
3737 3641 3859 3681 sum-

2197 3715 2310 3786 ptis
2359 3715 2534 3770 armis
2575 3731 2779 3770 eorum
2841 3723 3046 3772 conata
3101 3719 3392 3774 advertere
3450 3719 3746 3789 parabant.
3792 3713 3857 3767 lbi

2198 3803 2500 3871 abbatissa,
2537 3805 2606 3859 de
2639 3821 2753 3876 qua
2783 3807 3006 3877 praefati
3035 3824 3253 3874 sumus,
3299 3807 3481 3879 passis
3513 3807 3765 3862 manibus
3796 3817 3844 3854 so

2197 3893 2369 3964 loque
2426 3898 2733 3964 prostratu,
2786 3910 2857 3948 ne
2905 3895 3236 3950 recedentes
3279 3897 3737 3966 insequerentur,
3786 3890 3854 3942 vix

2195 3982 2460 4053 precibus
2508 3982 2774 4036 obtinuit.
2817 3982 2954 4046 Quis
2997 3983 3170 4038 etiam
3199 3983 3307 4038 hoc
3347 3985 3574 4038 meritis
3603 3982 3744 4038 beati
3774 3978 3854 4032 viri

2198 4087 2312 4124 non
2341 4070 2646 4136 adscribat,
2681 4077 2929 4125 armatos
2963 4071 3178 4126 furenti
3207 4072 3400 4126 animo
3427 4072 3696 4126 facillime
3722 4067 3856 4122 seda-

2197 4165 2304 4226 tos,
2341 4164 2396 4213 et
2417 4161 2685 4213 rusticam
2719 4160 3147 4214 multitudinem
3180 4164 3235 4214 in
3270 4160 3511 4214 ﬂumine
3541 4155 3856 4214 transeundo

385 4252 502 4301 tate
532 4245 915 4300 dubitandum
960 4248 1065 4308 est,
1097 4261 1271 4314 quem
1310 4244 1585 4299 demones
1632 4245 1803 4300 etiam
1848 4247 2082 4302 confite-
2125 4289 2167 4344 Β
2196 4247 2529 4319 impeditam
2562 4255 2619 4302 et
2663 4249 2983 4319 periculum
3033 4255 3092 4303 et
3121 4266 3314 4304 necem
3347 4248 3637 4304 evasisse?
3683 4247 3855 4316 Sicque

386 4335 617 4390 bantur.
651 4333 858 4385 Audivi
899 4333 1186 4400 quendam
1235 4332 1678 4402 energuminum
1709 4333 1858 4388 inter
1888 4335 2083 4390 diver-

387 4436 587 4476 sorum
615 4419 927 4474 criminum
964 4419 1379 4474 confessionem
1410 4420 1533 4474 haec
1578 4421 1751 4476 etiam
1790 4423 2083 4494 adjecisse,

387 4524 448 4562 se
506 4508 837 4578 frequenter
894 4511 1091 4562 sancto
1141 4508 1226 4564 illi
1281 4508 1547 4579 episcopo
1593 4509 1715 4563 sine
1761 4527 1931 4566 causa
1987 4513 2082 4567 de-

386 4596 648 4662 traxisse,
681 4598 863 4651 multa
889 4595 1196 4650 inhonesta
1237 4597 1306 4652 de
1351 4613 1418 4650 eo
1459 4597 1686 4663 dixisse,
1739 4615 1870 4654 cum
1918 4600 2082 4655 illum

386 4689 583 4740 sancta
612 4685 818 4755 religio
849 4685 1209 4755 implicatum
1243 4689 1496 4751 teneret;
1527 4703 1585 4740 se
1613 4691 1802 4741 autem
1824 4688 1966 4742 nihil
1999 4689 2082 4744 rei

386 4772 656 4828 adversus
694 4789 829 4828 eum
882 4773 1115 4842 habere,
1162 4774 1273 4828 nisi
1333 4774 1518 4830 solam
1568 4774 1843 4830 invidiam
1900 4776 2080 4847 ipsius

2196 4337 2288 4390 isti
2330 4342 2386 4390 et
2433 4338 2515 4392 illi
2556 4354 2683 4391 cum
2725 4354 2949 4392 summa
2998 4339 3412 4410 tranquillitate
3461 4339 3704 4392 invicem
3746 4347 3856 4387 con-

2189 4425 2394 4495 juncti,
2443 4443 2574 4480 cum
2606 4427 2840 4497 psalmis
2870 4432 2926 4481 et
2951 4428 3145 4498 ymnis
3176 4426 3530 4481 levissimum
3573 4441 3713 4480 onus
3738 4423 3852 4476 Hre-

2193 4530 2336 4569 num
2367 4531 2550 4585 usque
2573 4515 2953 4584 deportantes,
2990 4515 3048 4568 in
3075 4517 3263 4570 navim
3295 4514 3368 4569 ad
3389 4516 3497 4570 hoc
3526 4515 3604 4569 ibi
3630 4515 3854 4586 paratam

2191 4604 2630 4670 constituerunt,
2689 4609 2746 4658 et
2797 4604 3117 4674 Trajectum
3165 4609 3575 4675 pervenerunt.
3626 4604 3852 4670 Cumque

2190 4690 2249 4744 in
2280 4691 2416 4746 litus
2445 4698 2846 4760 exponeretur,
2897 4708 3176 4746 concursu
3229 4693 3427 4762 populi
3460 4692 3680 4759 magnis
3721 4688 3848 4742 obla-

2187 4779 2444 4834 tionibus
2507 4780 2916 4848 honorabatur,
2980 4786 3037 4836 et
3083 4781 3346 4852 sequenti
3401 4780 3494 4835 die
3539 4781 3604 4834 in
3647 4774 3852 4834 ecclesia

1802 4900 2036 4956 νΑΒΙιΕ
2076 4902 2476 4959 LECTIONES.

455 5007 526 5044 ¹³⁸
573 5025 621 5063 c.
676 5025 729 5063 o.
789 5010 850 5063 D.
909 5025 957 5063 e.
1010 5009 1205 5065 desunt
1252 5015 1303 5066 3.
1385 5009 1456 5045 ¹³⁹
1503 5012 1690 5067 rediit.

383 5080 451 5116 ³⁸⁸
482 5087 630 5146 sunt,
680 5097 794 5150 quo
838 5081 895 5133 in
951 5083 1001 5135 3.

1774 5055 1785 5067 .
1846 5015 2100 5070 calefecit
2142 5018 2192 5071 3.
2274 5018 2347 5053 ¹⁴⁰
2405 5016 2710 5085 diligenter
2764 5019 2814 5072 3.
2897 5015 2963 5051 1'“
3022 5018 3232 5071 lectum
3296 5019 3347 5072 3.
3427 5017 3568 5056 “3-”
3623 5014 3767 5070 abire
3805 5013 3848 5085 3.

1085 5079 1154 5118 ιιι
1189 5084 1354 5152 longa
1389 5086 1438 5137 3.
1521 5085 1588 5121 ¹⁴⁶
1643 5086 1725 5138 ita
1778 5087 1831 5139 3.
1882 5087 2253 5142 crescendum
2311 5103 2357 5141 c.
2438 5079 2658 5140 “"1non
2718 5091 2768 5142 3.
2850 5086 2920 5124 ¹⁴⁸
2974 5088 3182 5143 nostris
3240 5090 3291 5142 3.
3371 5086 3440 5123 “9
3481 5090 3565 5141 ita
3628 5084 3847 5145 correxi;

378 5153 581 5205 arbore
612 5156 776 5204 terrae
817 5157 967 5204 mota
997 5167 1040 5206 c.
1075 5153 1147 5206 ab
1177 5155 1314 5207 orbe
1347 5159 1566 5208 remota
1622 5160 1791 5209 terra:
1842 5157 1892 5210 3.
1947 5157 2087 5210 adeo
2131 5165 2348 5212 remota
2399 5158 2638 5212 Eckhart
2681 5159 2823 5212 coni.

2904 5156 2977 5193 ‘5“
3036 5163 3170 5213 sunt
3215 5161 3265 5213 3.
3348 5157 3413 5193 ¹⁸¹
3464 5174 3525 5212 re
3575 5155 3844 5228 repletat.

379 5220 456 5255 ¹⁸²
488 5222 670 5299 noluit
691 5237 831 5299 cori.
865 5223 1085 5299 studuit
1115 5239 1262 5299 c._—
1294 5225 1355 5278 In
1385 5225 1486 5299 hac
1511 5240 1636 5279 voce
1662 5226 1866 5282 desinit
1905 5228 1958 5282 3.
2037 5227 2110 5262 ¹⁸³
2156 5231 2238 5284 ita
2268 5230 2324 5284 E
2361 5228 2581 5283 debitas
2625 5244 2674 5284 c.
2756 5220 2824 5266 ³³⁸
2855 5231 2955 5284 ita.
3005 5245 3060 5285 c.
3110 5232 3151 5285 i.
3194 5244 3240 5284 e.
3291 5220 3657 5299 processioné
3701 5228 3844 5281 facta.

377 5321 446 5332 —
473 5293 736 5346 examine
766 5293 842 5347 Ε.
923 5291 994 5330 ¹⁵⁶
1019 5296 1100 5348 ita
1128 5296 1196 5349 E.
1229 5310 1426 5348 vasum
1456 5298 1505 5349 1.

2016 5411 2242 5469 NOTAE.

449 5523 562 5595 (41)
599 5521 792 5576 Thorn
824 5522 886 5577 in
915 5523 1145 5580 sinistra
1177 5525 1363 5593 Moses,
1405 5540 1576 5596 supra
1607 5525 1988 5583 Ruremonde.
