4016 6202
208 314 315 368 465

1069 314 1155 367 DE
1195 315 1658 375 DIVERSITATE
1695 318 2083 377 TEMPORUM
2128 320 2320 381 LIBRI
2360 328 2514 384 DUO.
2555 357 2624 370 —
2662 330 2792 386 LIB.
2835 332 2901 387 II.

3630 342 3735 396 466

203 432 380 522 sancti
409 430 803 522 Martini,‘ubi
834 430 960 501 ipse
1006 433 1205 522 sedem
1237 424 1615 511 episcopalem
1650 444 1916 507 habebat,
1953 445 1997 498 A
2038 457 2141 511 per
2170 461 2302 502 cum
2341 451 2490 519 gula
2520 450 2846 517 deserviret,
2870 454 2991 522 jam
3022 455 3125 509 sub
3163 456 3297 510 solis
3336 473 3595 516 occasum
3628 463 3729 516 do-

202 520 463 591 religiose
506 519 807 590 sepelitur.
845 522 978 575 Hac
1026 521 1097 575 de
1150 524 1319 579 beato
1352 528 1472 582 viro
1503 546 1631 599 qua
1668 532 1916 586 dicerem

202 608 398 674 habui,
431 623 547 661 non
581 612 647 662 ut
677 608 931 678 pleniter
959 608 1027 661 dc
1050 609 1153 663 illo
1186 614 1380 667 omnia
1410 632 1538 684 qua
1567 618 1738 687 digne
1770 636 1918 674 com-

201 696 526 751 mendanda
557 697 860 751 memoria
887 696 1116 751 fuerant
1150 700 1506 771 colligerem,
1552 711 1633 758 set
1665 712 1726 760 ut
1764 707 1917 761 istud

205 785 541 855 opusculum
596 785 842 839 materia
888 785 1010 855 ejus
1058 786 1223 856 vita,
1270 792 1529 861 quamvis
1576 794 1919 866 insipienter

203 874 371 941 edita,
406 873 571 945 quasi
602 874 690 928 sol
722 874 1049 927 illustraret.

441 998 524 1049 17.
559 997 635 1049 De
656 995 1107 1052 obtrectatoribus
1151 1000 1418 1068 Aris/ridi
1447 1006 1702 1074 episcopi.

269 1101 362 1155 Set
388 1100 525 1154 libet
551 1101 743 1154 adhuc
778 1103 1106 1171 percontari
1145 1106 1386 1162 ubinam
1438 1126 1590 1165 nunc
1636 1117 1771 1166 sunt
1819 1114 1916 1182 qui

204 1190 375 1243 vitam
423 1189 684 1242 Ansfridi
733 1192 1025 1245 venenatis
1078 1193 1296 1264 linguis
1345 1214 1578 1269 carpere
1634 1202 1913 1271 solebant,

208 1276 306 1348 qui
334 1276 482 1330 fame
514 1293 575 1330 se
604 1278 796 1348 ipsum
819 1279 1109 1347 afﬂixisse,
1147 1283 1325 1354 impie
1354 1288 1915 1357 calumpniabantur.

203 1372 260 1418 et
289 1381 392 1418 nec
429 1380 711 1435 umquam
747 1367 867 1436 ejus
896 1369 1125 1423 aridum
1150 1387 1361 1443 corpus
1391 1376 1450 1429 in
1485 1382 1638 1431 tanta
1668 1379 1757 1432 sui
1786 1379 1913 1450 epi-

199 1461 461 1524 scopatus
490 1455 790 1523 opulentia
822 1457 907 1510 vel
953 1459 1188 1514 modico
1241 1464 1380 1531 cybo
1432 1466 1707 1520 refectum
1770 1484 1912 1533 esse,

198 1543 480 1613 pestiferis
512 1542 933 1599 invectionibus
958 1544 1029 1579 ¹⁵⁶
1059 1548 1335 1605 dicebant
1361 1554 1391 1606 ?
1420 1554 1462 1607 Ο
1490 1555 1765 1624 profanos
1794 1558 1915 1611 sola

196 1630 416 1685 ventris
462 1632 823 1701 plenitudine
872 1634 1226 1703 gloriantes!
1264 1639 1305 1693 Ο
1346 1642 1641 1696 nominem
1680 1644 1910 1699 illorum

196 1722 254 1775 in
284 1719 387 1773 tali
415 1720 604 1774 studio
659 1720 787 1775 vita
839 1730 1186 1793 occupatum
1224 1727 1291 1765 ¹⁵⁷
1322 1729 1570 1785 inveniri
1626 1749 1791 1802 posse
1824 1739 1835 1787 l
1869 1734 1912 1789 Ο
1945 1726 1984 1779 Β

197 1810 416 1863 steriles
445 1809 630 1863 omnis
664 1809 911 1879 pietatis,
943 1813 1037 1883 qui
1074 1817 1296 1871 nullius
1325 1818 1384 1873 in
1416 1836 1475 1873 se
1508 1822 1738 1876 virtutis
1776 1838 1911 1878 con-

202 1898 322 1965 scii,
380 1898 589 1952 sanctis
641 1899 971 1955 hominibus
1012 1903 1289 1959 invident
1335 1910 1489 1978 quod
1532 1910 1645 1981 ipsi
1684 1913 1911 1982 assequi

201 1992 495 2058 nequeunt
522 1986 533 2041 l
571 1989 708 2041 Vere
738 1988 920 2044 fateor
949 1992 1119 2046 illum
1146 1994 1395 2065 jejunio,
1425 2014 1544 2053 non
1566 2000 1739 2066 fame,
1770 2000 1914 2055 sicut

196 2076 598 2131 obtrectatores
628 2078 715 2131 sui
746 2094 850 2148 per
897 2080 1159 2135 ofﬁcinas
1209 2084 1517 2152 oblatrant,
1573 2087 1788 2157 sapius
1828 2090 1911 2142 la-

201 2166 457 2231 borasse,
486 2165 792 2238 ipsumque
827 2169 959 2222 totis
985 2170 1199 2224 animis
1230 2172 1299 2226 ad
1354 2175 1529 2229 Deum
1569 2192 1913 2231 conversum

197 2255 498 2326 pestiferos
552 2272 892 2327 syrenarum
942 2257 1142 2311 sibilos
1200 2262 1373 2315 surda
1420 2280 1557 2317 aure
1619 2265 1909 2321 transisse.

198 2346 293 2400 Set
322 2362 457 2400 cum
498 2346 690 2415 plures
722 2363 790 2401 ex
842 2348 932 2401 his
984 2348 1465 2406 obtrectatoribus
1518 2353 1782 2408 videmus
1821 2355 1913 2409 di—

203 2436 335 2489 vino
365 2435 581 2506 judicio
610 2436 784 2490 domo
816 2437 1107 2505 expulsos,
1154 2440 1392 2508 pradia,
1449 2442 1621 2511 vicos,
1670 2442 1914 2499 adiﬁcia

209 2526 428 2579 cultore
478 2524 748 2579 destituto
797 2525 1085 2589 amisisse,
1145 2528 1381 2599 jamque.
1440 2530 1538 2585 diu
1577 2546 1682 2602 per
1726 2531 1915 2586 aliena

206 2614 411 2668 limina
441 2614 815 2681 mendicasse,
848 2615 968 2668 sive
1026 2615 1181 2669 furto
1232 2633 1332 2671 seu
1362 2618 1660 2674 latrocinio
1691 2619 1799 2674 sibi
1828 2620 1911 2674 vi-

205 2708 365 2758 ctum
394 2703 639 2774 turpiter
667 2704 995 2775 adquisisse
1026 2706 1415 2773 cognovimus.

553 2812 637 2863 l8.
670 2812 801 2863 Item
833 2809 901 2862 de
921 2810 1158 2877 quodam
1190 2810 1556 2867 obtrectatore.

270 2912 483 2968 Audivi
527 2914 757 2969 ﬁdelem
808 2920 1075 2968 nostrum
1109 2914 1471 2984 referentem,
1522 2918 1810 2989 quendam
1843 2935 1910 2974 ex

2034 546 2195 588 mum
2240 552 2500 591 reversus
2547 539 2709 610 quasi
2752 542 3058 596 redivivam
3111 545 3355 599 esuriem
3408 549 3729 615 sedaturus,

2034 636 2213 693 usque
2262 624 2322 678 in
2372 627 2611 681 multam
2664 635 2887 681 noctem
2946 633 3269 686 convivium
3324 638 3595 704 protraxit
3638 635 3727 703 ίδδ,

2030 711 2378 783 tandemque
2410 719 2601 785 optato
2628 716 2768 786 cybo
2816 726 3054 772 onustus
3101 722 3160 773 in
3195 723 3467 776 lectulum
3516 741 3573 778 se
3615 726 3732 779 col-

2031 798 2256 869 locavit,
2308 807 2365 855 et
2415 819 2682 857 somnum
2730 805 2933 860 subita
2984 808 3157 861 morti
3200 809 3450 864 sociavit.
3502 812 3609 876 Qui
3653 814 3727 867 ad

2029 889 2420 959 sepeliendum
2452 892 2696 961 ejicitur,
2744 899 2801 947 et
2848 895 2905 947 in
2955 912 3164 966 magno
3216 900 3517 968 sepulchro
3548 901 3729 955 intru-

2027 977 2198 1043 ditur,
2247 984 2331 1033 set
2376 985 2632 1035 ventrem
2672 982 2981 1037 admodum
3026 991 3349 1054 porrectum
3402 1005 3531 1043 cum
3580 990 3727 1059 lapis

2027 1068 2292 1136 superior
2320 1069 2715 1139 superpositus
2746 1087 3078 1141 compressu
3122 1090 3224 1126 suo
3256 1076 3581 1147 stringeret,
3619 1095 3727 1149 per

2027 1156 2183 1209 labra
2232 1157 2479 1226 sepulcri
2529 1158 2588 1212 in
2638 1158 2763 1229 giro
2798 1161 2971 1230 adeps
3018 1162 3451 1233 pinguissimus,
3500 1166 3727 1237 integra

2026 1250 2219 1299 tamen
2249 1252 2395 1312 cute,
2449 1248 2591 1316 proh
2642 1248 2862 1317 pudor!
2898 1250 3135 1303 dill'usus
3189 1257 3291 1304 est.
3343 1255 3624 1308 Nimirum
3676 1256 3724 1308 si

2025 1335 2272 1399 adesses,
2304 1334 2564 1387 fatorem
2598 1334 2744 1388 ferre
2794 1352 2905 1388 non
2947 1338 3157 1404 valens,
3208 1356 3373 1392 nares
3417 1348 3570 1396 veste
3619 1343 3723 1396 ob-

2023 1422 2307 1477 clusisses.
2338 1422 2427 1476 Set
2462 1439 2735 1492 quorsum
2778 1422 2885 1477 ista
2932 1429 3046 1479 tam
3079 1428 3258 1480 multa
3300 1429 3368 1481 de
3408 1431 3529 1498 illo,
3560 1432 3724 1500 cujus

2024 1511 2301 1563 memoria
2340 1511 2741 1580 pratereunda
2784 1511 2976 1581 potius
3028 1520 3112 1566 est
3154 1530 3327 1583 quam
3376 1533 3726 1571 commemo-

2023 1598 2250 1653 randa?
2299 1598 2443 1662 Quia
2489 1598 2741 1667 profecto
2792 1599 2968 1665 vides,
3018 1602 3286 1655 miserum
3338 1602 3498 1657 illum
3547 1605 3725 1659 fuisse

2025 1686 2343 1752 hominem,
2379 1687 2477 1757 qui
2515 1702 2618 1740 nec
2662 1686 2721 1739 in
2752 1687 2954 1741 ultima
3003 1705 3103 1742 sua
3150 1696 3315 1744 atate
3352 1692 3609 1761 linguam
3649 1693 3722 1747 ab

2023 1774 2432 1829 obtrectatione
2482 1773 2656 1829 sancti
2717 1774 2822 1828 viri
2872 1792 3232 1847 compescere
3284 1780 3485 1832 voluit.
3544 1781 3720 1849 Cujus

2023 1864 2197 1918 etiam
2244 1864 2485 1934 gloriam
2516 1862 2573 1915 in
2624 1862 2735 1916 ﬁne
2787 1866 2989 1918 mundi
3035 1873 3463 1937 conspecturus.
3516 1868 3717 1923 dicet:

2021 1953 2140 2006 Hic
2161 1957 2259 2018 est,
2301 1968 2457 2021 quem
2499 1951 2800 2019 aliquando
2835 1953 3002 2006 habui
3028 1957 3085 2007 in
3120 1954 3303 2009 derisu
3337 1960 3387 2008 et
3417 1958 3477 2008 in
3518 1957 3719 2010 simili-

2022 2040 2211 2095 tudine
2238 2042 2573 2109 improperii.
2606 2041 2719 2107 Ego
2752 2042 3057 2096 insensatus
3106 2046 3275 2097 vitam
3313 2044 3432 2111 ejus
3470 2048 3720 2098 estima-

2023 2131 2147 2183 bam
2196 2132 2468 2183 insaniam
2514 2134 2564 2182 et
2603 2132 2758 2197 finem
2802 2130 2919 2197 ejus
2968 2132 3083 2184 sine
3129 2131 3342 2185 honore.
3392 2132 3531 2185 Ecce
3580 2149 3720 2201 quo-

2022 2218 2176 2272 modo
2224 2223 2563 2287 computatus
2607 2222 2684 2271 est
2726 2219 2868 2271 inter
2912 2220 3052 2286 ﬁlios
3096 2222 3192 2273 Dei
3229 2225 3279 2273 et
3318 2222 3459 2273 inter
3506 2227 3721 2276 sanctos

2021 2321 2137 2361 sors
2158 2307 2304 2360 illius
2347 2312 2440 2360 est.
2479 2306 2727 2360 Audiant
2758 2305 2883 2371 ista,
2933 2307 3033 2376 qui
3083 2307 3188 2359 soli
3238 2307 3452 2360 carnali
3496 2308 3719 2378 cupidi-

2023 2391 2127 2446 tati
2150 2390 2472 2444 inserviunt
2518 2399 2573 2443 et
2602 2389 2883 2443 consimili
2927 2390 3141 2444 invidia
3190 2390 3377 2444 virum
3424 2391 3523 2445 Dei
3568 2392 3714 2446 inse-

2022 2480 2366 2552 quebantur,
2425 2484 2498 2547 et,
2562 2482 2942 2549 utrorumque
2991 2480 3105 2533 ﬁne
3162 2489 3491 2550 conspecto,
3543 2497 3717 2552 quem

2019 2568 2221 2639 pocius
2262 2568 2477 2621 imitari
2509 2566 2775 2632 debeant,
2808 2569 3137 2636 exemplum
3164 2566 3484 2637 accipiant;
3518 2573 3573 2621 et
3603 2584 3721 2623 me-

2021 2656 2300 2711 minerint
2334 2653 2425 2722 ‘59,
2473 2656 2721 2710 alterum
2773 2670 2887 2708 non
2934 2656 3013 2708 ita
3060 2656 3284 2726 magnis
3314 2656 3520 2727 Opibus
3550 2657 3721 2710 locu-

2020 2745 2255 2816 pletem,
2298 2749 2384 2797 set
2425 2742 2632 2798 cotidie
2681 2758 2785 2813 per
2824 2742 3029 2797 domos
3073 2744 3512 2806 discurrentem.
3565 2761 3722 2801 nunc

2022 2832 2214 2898 minis,
2268 2848 2421 2885 nunc
2472 2832 2680 2885 misera
2724 2832 3175 2886 subsannatione
3222 2834 3413 2886 alvum
3466 2833 3718 2902 implen-

2018 2926 2156 2987 tem,
2180 2924 2237 2974 et
2262 2920 2492 2974 tandem
2524 2918 2700 2972 veluti
2732 2934 2905 2988 pecus
2952 2919 3210 2989 saginato
3255 2920 3523 2974 cadavere
3557 2922 3718 2974 salu-

203 3004 290 3058 his
318 3004 568 3071 miseris,
599 3021 732 3058 cum
765 3005 823 3058 in
858 3004 1116 3057 tabernis
1154 3003 1287 3058 vino
1344 3012 1593 3061 astuans
1625 3007 1911 3062 derisisset
1944 3012 1983 3066 C
2023 3014 2140 3064 tem
2189 3023 2350 3062 suam
2395 3008 2586 3061 seculo
2628 3022 2903 3077 spemque
2947 3010 3206 3078 sepulcro
3256 3008 3518 3075 dedisse;
3573 3008 3717 3064 item

205 3098 468 3147 sanctum
496 3092 815 3160 hominem,
849 3093 919 3146 ad
969 3092 1118 3146 hanc
1165 3093 1335 3147 etiam
1381 3096 1766 3150 miserabilem
1810 3114 1909 3151 vo-

201 3199 320 3237 cem
348 3182 622 3249 erupisse,
679 3182 936 3235 animam
968 3181 1222 3235 hominis
1268 3183 1410 3237 nihil
1463 3200 1584 3238 esse
1632 3189 1689 3238 et
1732 3185 1791 3239 in
1826 3187 1911 3240 ul-

207 3270 355 3324 timo
404 3270 537 3324 ﬂatu
579 3270 640 3324 in
672 3286 843 3322 auras
890 3268 1124 3339 penitus
1176 3285 1530 3325 evanescere.
1585 3273 1648 3326 Et
1687 3272 1822 3343 quia
1852 3273 1913 3327 in

205 3358 423 3412 noticia
456 3361 633 3414 Deum
682 3355 897 3413 habere
947 3356 1153 3423 noluit,
1202 3357 1438 3430 insuper
1489 3360 1663 3414 etiam
1721 3377 1913 3415 servos

208 3443 306 3496 Dei
350 3444 610 3497 obscenis
658 3443 848 3496 verbis
902 3444 1185 3515 impetere
1232 3463 1350 3501 non
1400 3449 1614 3515 timuit,
1677 3450 1914 3504 tradidit

206 3548 339 3586 eum
379 3533 524 3586 Deus
557 3532 615 3585 in
651 3532 962 3601 reprobum
986 3549 1239 3602 sensum,
1288 3541 1351 3590 ut
1379 3536 1591 3590 faceret
1624 3542 1681 3590 et
1711 3538 1910 3609 loque-

214 3627 376 3675 retur
406 3637 471 3675 ea
520 3636 647 3692 qua
682 3636 798 3673 non
851 3622 1243 3677 convenirent.
1277 3625 1435 3679 Unde
1482 3632 1538 3679 et
1582 3626 1821 3697 contigit
1849 3631 1911 3681 ut

207 3710 366 3765 illius
398 3710 668 3781 potestati
723 3708 1046 3763 traderetur
1092 3711 1255 3781 cujus
1301 3713 1407 3765 ista
1456 3712 1727 3766 instinctu
1776 3729 1906 3784 age-

208 3801 326 3854 bat.
392 3801 534 3854 Nam
589 3800 786 3869 aliquo
843 3798 1026 3868 spatio
1074 3799 1180 3853 sibi
1235 3800 1306 3855 ad
1351 3801 1744 3871 paenitentiam
1776 3808 1909 3871 post

208 3888 365 3954 dato,
405 3905 512 3942 nec
542 3894 735 3942 tamen
766 3886 1145 3957 resipisceret,
1185 3888 1277 3942 die
1308 3890 1555 3960 quadam
1582 3889 1727 3943 sicut
1764 3906 1908 3944 sem-

1106 4172 1603 4246 EXPLICIT
1684 4173 2004 4248 LIBER
2092 4175 2156 4247 Ι.

1940 4352 1984 4404 D
2025 4365 2247 4404 servare
2276 4347 2588 4416 constituit,
2621 4364 2875 4419 sperans,
2905 4350 2952 4403 si
2982 4364 3113 4403 cum
3143 4346 3251 4402 sibi
3277 4346 3611 4418 adjunctum
3642 4344 3714 4382 ¹⁶⁸

428 4352 475 4403 1.
518 4350 593 4403 De
614 4348 891 4402 simultate
915 4347 1160 4403 Baldrici
1187 4352 1238 4401 et
1271 4349 1579 4403 Wicmanni
1609 4345 1697 4402 ¹⁶⁰.

283 4439 598 4508 Postquam
626 4436 877 4506 praefecti
901 4435 1191 4491 Godefridi
1217 4440 1274 4490 et
1319 4434 1457 4488 item
1480 4435 1806 4506 Wigmanni
1840 4438 1905 4473 ¹⁶ί

210 4526 389 4581 resin
423 4524 690 4579 amicitia
726 4522 798 4557 ¹⁶²
830 4524 1014 4579 foedus
1045 4528 1451 4589 convenerant,
1500 4539 1741 4594 eamque
1787 4540 1910 4578 rem

210 4615 472 4685 utrisque
531 4613 591 4667 in
646 4618 939 4685 posterum
990 4614 1124 4667 satis
1178 4611 1287 4666 sibi
1338 4610 1592 4682 prasidii
1658 4612 1911 4667 futuram

210 4702 626 4769 existimarent,
657 4701 978 4771 gprafectus
1029 4701 1290 4762 moritur.
1343 4700 1579 4770 ﬁlioque
1625 4714 1727 4755 suo
1779 4716 1910 4770 pro-

212 4797 342 4861 pter
370 4790 716 4861 probitatem
756 4789 952 4860 patris,
987 4800 1044 4844 et
1087 4806 1372 4844 summam
1405 4789 1631 4843 consilii
1668 4790 1911 4861 diligen-

212 4881 356 4934 tiam
413 4894 526 4949 qua
577 4894 807 4948 semper
853 4878 1050 4947 viguit,
1103 4878 1443 4950 praefectura
1498 4877 1760 4931 traditur.
1821 4879 1915 4932 Set

215 4968 353 5039 quia
381 4966 453 5001 ³6³
485 4967 640 5021 iners
673 4973 729 5021 et
754 4966 968 5020 nullius
995 4965 1222 5020 consilii
1267 4965 1597 5037 nulliusque
1627 4981 1790 5036 pane
1813 4983 1911 5021 va-

214 5056 477 5111 litudinis
525 5061 667 5123 erat,
698 5056 970 5110 amicitia
1002 5061 1196 5111 tamen
1228 5055 1690 5121 conventionem,
1739 5072 1913 5127 quam

218 5145 371 5216 patri
418 5146 785 5199 Wicmannus
836 5143 909 5179 ¹⁶⁸
956 5148 1282 5212 devoverat,
1324 5145 1584 5199 consulto
1645 5144 1756 5215 ipsi
1786 5160 1915 5198 con—

2020 3099 2287 3163 alterum,
2331 3112 2461 3149 cum
2524 3094 2607 3148 illi
2656 3095 2842 3149 omnis
2896 3096 3033 3151 boni
3076 3096 3237 3168 c0pia
3281 3101 3611 3168 suppeteret
3661 3101 3719 3152 et

2021 3186 2128 3242 sibi
2159 3201 2306 3257 pene
2357 3183 2553 3238 omnia
2596 3183 2666 3237 ad
2700 3200 2834 3237 usus
2864 3201 3185 3256 pauperum
3218 3186 3578 3240 subtraheret
3601 3186 3720 3239 fru-

2021 3280 2282 3329 ctuosum
2340 3273 2597 3325 laborem
2646 3271 2833 3341 gratia
2888 3273 2989 3327 Dei
3050 3274 3327 3343 largiente
3382 3273 3453 3326 ad
3503 3273 3717 3328 calcem

2021 3379 2200 3434 usque
2230 3360 2579 3433 perduxisse.
2616 3360 2738 3424 Cui,
2782 3362 3054 3432 quamdiu
3106 3361 3266 3427 vixit,
3313 3360 3501 3414 vivere
3544 3360 3717 3415 Chri-

2021 3457 2135 3505 stus
2185 3454 2329 3518 erat,
2377 3455 2433 3503 et
2476 3449 2626 3502 mori
2654 3449 2898 3502 lucrum.
2936 3451 3049 3503 Nos
3080 3465 3213 3502 vero
3244 3449 3303 3502 in
3345 3456 3554 3503 nostra
3582 3465 3712 3503 nar-

2020 3540 2259 3594 rationis
2292 3538 2490 3592 itinere
2531 3553 2757 3590 amoena
2805 3545 2969 3607 prata
2998 3538 3330 3607 conspicati,
3381 3554 3498 3591 non
3529 3538 3713 3591 inuti-

2019 3630 2148 3684 liter
2177 3647 2209 3683 a
2242 3628 2333 3681 via
2374 3626 2727 3693 divertimus,
2773 3632 2830 3681 et
2873 3644 2976 3698 per
3008 3630 3127 3681 loca
3162 3628 3547 3697 pulcherrima
3577 3645 3713 3683 ocu-

2018 3716 2104 3770 los
2150 3714 2638 3779 circumferentes,
2694 3714 3112 3784 aliquantulum
3164 3715 3447 3769 demorati
3491 3732 3715 3784 sumus,

2016 3809 2074 3858 et
2104 3804 2348 3857 necdum
2381 3801 2557 3855 odore
2586 3800 3051 3855 dulcissimorum
3091 3801 3295 3855 ﬂorum
3345 3802 3561 3870 saciati,
3617 3818 3715 3856 sa-

2018 3890 2148 3959 pius
2179 3892 2580 3958 respectantes,
2613 3893 2862 3957 captum
2894 3888 3004 3940 iter
3051 3886 3326 3956 perﬁcere
3355 3886 3709 3942 conabimur.

2236 4170 2642 4245 INCIPIT
2727 4172 2833 4245 II.

2018 4438 2272 4505 haberet,
2306 4436 2467 4491 facile
2518 4452 2575 4489 se
2624 4454 2861 4491 suorum
2910 4435 3173 4491 omnium
3216 4436 3499 4490 dominari
3528 4451 3710 4507 posse.

2021 4529 2098 4581 Ex
2146 4543 2214 4581 eo
2265 4530 2523 4597 tempore
2572 4525 2722 4580 inter
2755 4528 2943 4596 ipsum
2990 4530 3047 4580 et
3087 4525 3410 4581 Baldricum
3455 4525 3713 4580 simulta-

2019 4621 2103 4669 tes
2136 4614 2209 4649 1⁸⁸
2250 4614 2629 4670 nascebantur
2661 4616 2772 4687 (an.
2834 4618 3015 4685 1011).
3052 4615 3119 4667 Et
3165 4631 3295 4668 cum
3338 4620 3543 4668 neuter
3573 4612 3714 4668 alte-

2019 4720 2150 4758 rum
2179 4704 2285 4759 sibi
2312 4703 2667 4775 superiorem
2701 4721 2822 4759 esse
2855 4709 3165 4775 pateretur,
3201 4708 3484 4757 conventu
3520 4707 3715 4757 tamen

2020 4793 2228 4865 sapius
2259 4793 2410 4846 inter
2446 4808 2503 4845 se
2536 4792 2703 4860 facto,
2746 4798 3006 4863 suspecta
3055 4791 3306 4845 amicitia
3358 4789 3423 4827 ¹⁶⁷
3473 4791 3711 4845 uteban-

2021 4885 2133 4935 tur.
2167 4881 2263 4937 Set
2309 4896 2398 4934 rcs
2446 4880 2543 4933 illa
2588 4880 2820 4934 conatui
2871 4881 3189 4934 Wicmanni
3227 4879 3510 4944 obstabat,
3562 4878 3715 4949 quod

2023 4970 2264 5023 eandem
2306 4968 2526 5038 copiam
2574 4983 2845 5037 agrorum
2895 4968 2953 5023 in
2998 4968 3176 5023 Gallia
3207 4982 3379 5037 quam
3428 4966 3715 5021 Baldricus

2022 5073 2137 5111 non
2166 5057 2466 5121 habuerat,
2507 5057 2766 5125 quamvis
2795 5060 2851 5111 et
2875 5057 2997 5128 ipse
3040 5056 3182 5109 latos
3208 5056 3349 5109 ﬁnes
3389 5054 3448 5108 in
3480 5056 3713 5109 Germa-

2024 5144 2117 5197 nia
2141 5148 2378 5204 teneret,
2425 5147 2484 5197 et
2513 5142 2654 5198 nihil
2697 5160 2870 5215 quam
2904 5143 3059 5215 quod
3105 5158 3234 5197 cum
3267 5157 3440 5196 uxore
3486 5157 3716 5211 accepe-

1638 5266 1870 5322 νΑΒΙίΕ
1910 5266 2306 5321 LECTIONES.

2082 5379 2153 5415 ¹⁵⁹
2202 5378 2510 5434 meminert
2551 5395 2599 5433 c.

2089 5449 2158 5487 “5
2206 5450 2482 5521 adjunctu
2522 5465 2569 5504 c.

2682 5379 2755 5415 ¹⁶⁰
2796 5378 3101 5433 wincmani
3143 5396 3189 5434 c.

2650 5451 2717 5486 ¹⁶⁶
2767 5451 3128 5505 simultantes
3156 5466 3203 5505 c.

3270 5378 3337 5414 ¹⁶¹
3388 5379 3637 5450 wigman
3665 5396 3711 5434 c.

949 5380 1019 5418 ¹⁸⁷
1066 5384 1374 5451 ocupatum
1402 5398 1448 5435 c.
1530 5380 1600 5415 ¹⁵⁸
1649 5380 1927 5451 pertraxit
1957 5397 2002 5435 c.
2082 5380 2153 5415 ¹⁵⁹
2202 5380 2510 5434 meminert
2551 5395 2599 5433 c.
2682 5380 2755 5415 ίδο
2796 5380 3101 5433 wincmani
3143 5396 3189 5434 c.
3270 5380 3337 5414 ¹⁶¹
3388 5380 3595 5450 wigma

952 5468 996 5505 c.
1076 5452 1146 5489 ¹⁶⁶
1172 5453 1563 5505 wincmannus
1592 5454 1676 5505 ita
1720 5455 1917 5505 sanius
1960 5468 2008 5505 c.
2089 5449 2158 5487 “5
2206 5450 2482 5505 adiunctu
2522 5465 2569 5504 c.
2650 5451 2717 5486 ¹⁶⁶
2767 5451 3128 5505 simultantes
3156 5466 3203 5505 c.
3285 5450 3353 5486 “7
3385 5450 3595 5505 amitici

3385 5467 3637 5506 81111υοιὸ
3667 5468 3693 5506 ο
3702 5491 3714 5504 .

295 5378 365 5413 ³⁸⁸
405 5380 487 5434 bis
532 5383 805 5435 scriptum
826 5396 868 5435 c.

646 5397 805 5451 ptum
826 5397 868 5435 c.
952 5397 1015 5418 ιυ
1066 5397 1374 5451 ocupatum
1402 5398 1448 5435 c.
1530 5397 1600 5415 ~°
1649 5397 1927 5451 perirent
1957 5397 2002 5435 c.

696 5452 765 5487 ¹⁸³
818 5454 899 5506 ita
952 5468 996 5507 c.
1076 5452 1146 5489 ¹⁶⁶
1172 5453 1563 5506 wincmannus
1592 5454 1676 5505 ita
1720 5455 1917 5522 sapius
1960 5468 2008 5506 c.

224 5449 296 5484 ¹⁶²
324 5450 541 5504 amicia
569 5468 614 5506 c.
647 5449 664 5451 ”
696 5452 765 5487 ¹⁸³
818 5454 899 5506 ita
952 5468 996 5507 c.

219 5524 441 5591 sapius.
