4016 6202
293 359 392 411 467

1247 357 1541 414 ALl’EltTl
1582 361 1636 414 S.
1680 357 2152 415 SYMl‘lIORIANl
2197 356 2495 412 METENS.
2543 355 2845 435 thNACH.
2897 425 2908 431 _
3697 363 3796 418 Δ468

292 462 382 536 rat
431 481 513 536 eis
542 484 796 537 Hrenum
836 483 946 554 (42)
991 483 1262 549 haberet;
1319 484 1471 555 quod
1517 487 1713 537 tamen
1761 482 1997 538 alterius
2023 486 2066 538 A
2107 484 2220 546 tur,
2254 478 2337 534 illi
2366 478 2466 550 qui
2495 478 2647 533 infra
2677 478 2956 550 oppidum
2987 484 3167 546 erant,
3202 480 3570 553 desperantes
3602 498 3674 536 ne
3705 481 3798 538 olr

294 566 472 638 copiis
503 567 720 639 aequari
763 585 878 622 non
919 573 1163 639 poterat.
1214 568 1369 623 Unde
1417 569 1761 638 quibusdam
1809 568 1990 623 Cisre-

294 657 458 710 nanis
511 657 898 711 familiaritate
959 657 1030 712 ad
1082 674 1142 710 se
1200 657 1418 717 vinctis.
1480 657 1562 712 eis
1611 657 1752 727 quid
1784 657 1873 711 sui
1917 657 1990 711 sit

294 745 515 799 consilii
535 746 808 817 proponit
835 747 965 815 (43).

293 838 344 887 '2.
381 833 461 888 De
517 835 731 889 castello
788 835 1097 888 Wicmauni
1152 832 1222 867 “58
1268 850 1301 888 α
1349 835 1601 889 Βαῐάνίοο
1653 839 1984 904 expugnato,

770 931 818 977 et
847 924 912 976 de
931 925 1136 977 Munna
1168 923 1239 958 “9
1273 925 1500 977 munita.

365 1012 462 1066 Est
506 1017 776 1083 stagnum
820 1013 1093 1083 palustrae
1146 1029 1177 1065 a
1243 1013 1396 1066 Mosa
1444 1011 1681 1066 ﬂumine
1731 1011 1990 1066 ducentis

297 1099 559 1171 passibus
591 1102 828 1169 distans,
859 1101 1008 1155 infra
1048 1101 1203 1170 quod
1245 1107 1367 1155 erat
1400 1101 1560 1155 collis
1588 1101 1846 1172 exiguus,
1888 1101 1992 1155 dif-

295 1189 460 1246 ficilis
509 1191 661 1246 aditu
711 1221 780 1230 —
821 1206 954 1244 nam
1009 1189 1120 1243 nisi
1166 1190 1296 1243 navi
1345 1194 1582 1259 propter
1628 1188 1989 1243 altitudinem

295 1280 482 1352 stagni
537 1283 594 1332 et
648 1276 1086 1347 impeditionem
1140 1277 1366 1346 paludis
1423 1293 1790 1348 nequaquam
1846 1276 1992 1332 adiri

296 1372 520 1441 poterat
559 1397 647 1433 -—-,
682 1365 936 1419 studenti
977 1364 1138 1418 novis
1195 1365 1365 1419 rebus
1396 1366 1695 1419 castellum
1742 1363 1988 1419 efﬁcien’

295 1459 434 1513 dum
469 1455 852 1529 promittebat.
895 1456 1056 1509 llunc
1085 1455 1271 1508 locum
1293 1469 1396 1524 per
1431 1454 1646 1508 amicos
1677 1453 1990 1524 cognitum,

296 1545 542 1600 advectis
593 1543 833 1597 navibus
865 1541 1024 1597 adiit.
1061 1543 1182 1606 Quo
1227 1544 1540 1613 explorato,
1595 1542 1866 1613 extimplo
1896 1559 1990 1596 co-

298 1636 418 1706 egit
447 1649 718 1703 magnam
750 1630 818 1665 ¹⁷⁰
851 1631 1283 1685 multitudinem
1315 1637 1691 1698 armatorum,
1743 1637 1801 1686 et
1827 1631 1995 1685 rusti-

296 1725 376 1778 cis
405 1723 660 1792 undique
695 1717 962 1783 evocatis,
995 1725 1052 1774 et
1081 1720 1231 1774 fossa
1278 1720 1339 1774 in
1369 1722 1610 1775 circuitu
1664 1723 1831 1784 facta,
1872 1721 1992 1774 edi-

296 1814 504 1867 tiorem
530 1809 842 1864 admodum
880 1808 1027 1862 fecit.
1073 1808 1254 1872 Quem
1311 1809 1458 1862 vallo
1511 1808 1906 1876 circumdedit,
1939 1814 1997 1864 et

297 1901 554 1955 turribus
594 1896 862 1966 evocatis,
895 1896 1275 1952 munitionem
1313 1898 1447 1951 satis
1479 1899 1707 1951 ﬁrmam
1734 1899 1991 1968 perfecit.

303 1984 442 2038 Dein
474 1981 737 2036 ﬁnitimis
767 1996 881 2034 non
913 1979 1034 2034 sine
1067 1982 1392 2052 arrogantia
1410 1981 1716 2052 imperare,
1749 1988 1813 2037 ut
1841 1999 1994 2038 com-

301 2076 522 2126 meatus
551 2071 624 2125 ad
656 2071 931 2141 Oppidum
959 2076 1347 2140 apportarent.
1389 2072 1660 2126 Custodes
1689 2073 1863 2142 ipsos,
1897 2073 1997 2144 qui

303 2161 357 2216 ei
389 2159 696 2214 consilium
727 2159 1023 2225 dederant,
1060 2159 1368 2213 munitioni
1409 2160 1667 2231 adponit.
1704 2163 1883 2226 Quem
1908 2163 1996 2216 lo-

303 2265 435 2302 cum
474 2248 533 2302 in
575 2247 863 2318 reliquum
898 2252 1123 2318 tempus
1163 2248 1233 2302 ad
1283 2248 1652 2319 optinendam
1703 2251 1998 2319 praefectu-

306 2353 448 2402 ram,
481 2341 538 2390 et
566 2335 890 2390 Baldricnm
935 2336 982 2389 si
1029 2337 1167 2407 quid
1217 2344 1521 2390 conaretur
1551 2339 1768 2392 facilius
1813 2339 1997 2409 repri-

304 2426 599 2492 mendum,
635 2425 772 2480 satis
801 2424 1074 2480 idoneum
1103 2425 1485 2480 existimabat.
1535 2427 1659 2491 Qua
1689 2444 1748 2481 re
1781 2428 1997 2495 audita,

310 2514 595 2586 Baldricus
641 2515 1014 2569 vehementer
1038 2514 1429 2585 perturbatur,
1471 2515 1702 2587 suisque
1757 2516 2000 2571 fortunis

306 2603 704 2657 difﬁcillimam
783 2603 1044 2669 credidit,
1128 2608 1186 2657 et
1250 2603 1362 2656 nisi
1422 2604 1507 2658 his
1563 2605 2000 2661 adversitatibus

306 2709 532 2746 summa
573 2709 708 2746 cura
740 2708 855 2746 non
896 2692 1263 2763 prospiceret,
1299 2694 1614 2747 maximum
1659 2711 1776 2748 sua:
1809 2694 1998 2765 digni-

305 2781 436 2840 tatis
472 2781 752 2834 honorem
797 2797 855 2834 se
895 2780 1245 2833 amissurum
1293 2797 1407 2834 non
1437 2781 1752 2836 dubitabat.
1802 2785 2000 2854 Itaque

307 2869 623 2924 convocatis
669 2869 970 2923 clientibus
1015 2868 1151 2934 suis,
1201 2885 1446 2938 quorum
1480 2887 1753 2940 magnum
1801 2887 2001 2926 nume-

309 2974 436 3012 rum
479 2957 745 3020 habebat,
778 2961 834 3009 et
866 2956 1067 3026 legatis
1113 2956 1560 3028 circumquaque
1594 2959 1799 3025 missis,
1835 2961 1999 3013 Lant-

2099 568 2353 622 sessione
2401 585 2433 620 a
2490 584 2593 622 suo
2642 567 2876 622 domino
2912 567 3312 636 liberarentur,
3345 576 3402 624 et
3431 570 3700 624 timentes
3728 589 3797 625 ne

2099 655 2234 710 victi
2294 655 2696 710 inclementius
2753 661 3110 722 tenerentur,
3159 658 3400 728 jamque
3456 657 3570 711 illis
3627 658 3803 712 victus

2099 743 2340 796 deﬁcere
2369 743 2650 812 coepisset,
2683 743 2902 813 legatos
2941 743 3008 798 de
3041 743 3332 798 deditione
3363 744 3434 798 ad
3472 745 3801 814 .Baldricum

2103 831 2400 885 miserunt.
2439 830 2690 902 Cognitis
2717 846 2920 886 eorum
2954 832 3274 903 postulatis,
3323 838 3382 886 ut
3421 833 3801 887 munitionem

2047 959 2049 962 ι
2101 919 2286 989 ipsam
2318 935 2493 990 quam
2523 920 2773 974 fecerant
2827 919 2944 974 suis
2977 921 3244 974 manibus
3275 921 3386 991 ipsi
3433 922 3807 975 incenderent

2101 1013 2275 1078 atque
2307 1009 2668 1063 destruerent
2712 1008 2907 1080 jussit.
2956 1009 3117 1073 Quod
3163 1015 3226 1064 ut
3267 1009 3479 1064 factum
3519 1015 3628 1076 est,
3659 1010 3804 1064 illa:-

2103 1113 2194 1150 sos
2248 1112 2377 1151 cum
2432 1095 2550 1150 suis
2603 1096 2872 1151 omnibus
2933 1097 3088 1152 abire
3140 1098 3424 1168 permisit.
3483 1097 3578 1153 His
3639 1099 3804 1152 rebus

2102 1185 2393 1252 confectis,
2443 1200 2573 1238 cum
2631 1184 2778 1238 vires
2811 1185 3062 1239 hostium
3110 1186 3478 1240 Wicmanuus
3521 1187 3804 1240 sustinere

2102 1272 2408 1340 difﬁderet,
2471 1273 2724 1327 Hrenum
2767 1272 2913 1326 clam
2957 1273 3261 1338 transiens,
3297 1274 3572 1327 Munnam
3607 1275 3802 1328 castel-

2103 1361 2224 1414 lum
2255 1376 2458 1432 aggere
2490 1366 2547 1415 et
2575 1361 2834 1416 turribus
2857 1360 3071 1414 edicius
3101 1361 3323 1428 extulit,
3360 1366 3415 1416 et
3450 1362 3588 1433 quia
3638 1379 3808 1432 supra

2104 1454 2360 1503 montem
2408 1453 2530 1502 erat
2577 1449 2852 1518 positum,
2889 1454 3006 1504 tam
3035 1449 3200 1503 facile
3253 1449 3390 1504 illud
3423 1450 3696 1517 munivit,
3749 1456 3809 1504 ut

2105 1536 2217 1590 nisi
2243 1537 2536 1592 obsidione
2566 1537 2885 1608 expugnari
2930 1553 3044 1592 non
3089 1537 3358 1608 potuerit.
3419 1539 3626 1593 Hostes
3680 1555 3806 1592 vero

2106 1626 2257 1679 vicos
2283 1631 2340 1680 et
2368 1625 2556 1680 vicina
2596 1626 2722 1680 loca
2763 1627 2980 1681 crebris
3020 1626 3464 1693 incursionibus,
3500 1643 3574 1680 ne
3609 1629 3809 1680 castel-

2110 1719 2255 1774 lanis
2283 1719 2410 1775 usui
2465 1720 2674 1790 forent,
2721 1721 2940 1791 rapinis
2983 1726 3038 1776 et
3066 1723 3406 1792 plerumque
3437 1722 3589 1776 czede
3627 1727 3807 1774 vasta-

2108 1814 2264 1863 runt.
2322 1809 2644 1878 Adjuvabat
2697 1809 2869 1864 etiam
2931 1826 3022 1864 res
3085 1810 3347 1874 Baldrici,
3413 1811 3567 1882 quod
3626 1811 3808 1864 adhuc

2105 1896 2290 1967 gratia
2319 1895 2689 1965 imperatoris
2720 1898 2900 1951 multa
2935 1897 3196 1951 utebatur
3227 1895 3323 1960 ηδ,
3358 1903 3414 1951 et
3452 1898 3810 1952 Coloniensis

2105 1984 2414 2039 sacerdotis
2467 1991 2524 2039 et
2556 1985 2754 2039 domui
2801 1985 3099 2042 Adelboldi
3131 1985 3404 2056 episcopi,
3461 1986 3564 2056 qui
3598 1985 3810 2040 celebri

2105 2074 2257 2128 fama
2287 2071 2548 2127 omnium
2579 2078 2790 2127 nostra:
2819 2073 3004 2128 aetatis
3033 2073 3488 2145 sapientissimus
3519 2080 3575 2128 et
3606 2073 3810 2130 Laciali

2106 2161 2304 2232 lingua
2336 2163 2506 2232 longe
2535 2161 2981 2217 facundissimus
3013 2168 3070 2218 et
3098 2163 3335 2217 maximi
3365 2163 3452 2216 vir
3472 2163 3699 2234 ingenii
3731 2169 3813 2217 est

2104 2250 2334 2305 habitus
2372 2293 2387 2319 ,
2445 2251 2660 2304 auxilia
2714 2251 2820 2306 sibi
2875 2251 3127 2306 adscivit.
3188 2252 3514 2306 Gerhardus
3577 2269 3811 2324 quoque

2107 2337 2475 2403 Mosellensis,
2507 2344 2565 2393 et
2598 2339 2956 2407 Lantbertus,
2991 2340 3061 2394 de
3102 2340 3311 2412 quibus
3357 2356 3531 2412 supra
3561 2343 3811 2396 mentio-

2107 2442 2236 2481 nem
2291 2425 2549 2494 fecimus,
2601 2444 2996 2499 quascumque
3053 2429 3388 2483 acerbitates
3444 2435 3500 2483 et
3556 2431 3815 2500 pericula

2106 2529 2236 2568 cum
2269 2531 2336 2568 eo
2368 2529 2427 2567 se
2463 2515 2680 2568 laturos
2712 2515 2999 2571 dixerunt.
3049 2516 3116 2572 Hi
3146 2516 3304 2571 enim
3333 2517 3448 2572 duo
3481 2533 3718 2589 semper
3745 2519 3812 2572 ad

2107 2617 2307 2656 omnes
2351 2603 2541 2656 motus
2585 2609 2644 2656 et.
2673 2603 3371 2667 seditionesfconcitandas
3401 2610 3568 2659 erant
3599 2607 3810 2676 parati.

2180 2692 2229 2744 3.
2271 2693 2346 2745 De
2373 2691 2582 2759 Aspola
2609 2690 2727 2762 (44)
2757 2691 2826 2745 ab
2856 2692 3133 2746 Adelbodo
3153 2695 3398 2762 episcopo
3428 2694 3669 2748 obsessa.

2183 2780 2315 2832 Post
2345 2780 2468 2833 haec
2517 2796 2689 2833 causa
2738 2780 2944 2848 extitit,
2996 2797 3110 2852 qua
3161 2781 3404 2836 domnus
3458 2783 3815 2838 Adelboldus

2106 2867 2479 2937 Trajecteusis
2506 2868 2768 2922 sacerdos
2799 2874 2983 2922 castra
3026 2870 3386 2940 imperatoris
3418 2871 3581 2937 adiit,
3618 2877 3680 2926 et
3729 2872 3816 2926 bis

2107 2960 2346 3026 propter
2373 2972 2502 3027 quae
2542 2961 2776 3010 venerat
2804 2958 3071 3027 peractis,
3117 2958 3247 3011 navi
3279 2974 3380 3030 per
3414 2961 3672 3013 tirenum
3725 2977 3814 3013 re-

309 3045 539 3098 bertum
567 3046 656 3109 ντί,
691 3045 851 3112 cujus
881 3060 1056 3112 supra
1086 3044 1442 3098 mentionem
1477 3045 1734 3111 fecimus,
1769 3049 1826 3098 et
1863 3047 2001 3100 Ger-
2036 3048 2074 3100 (Σ
2112 3052 2373 3114 portatus
2402 3050 2503 3098 est.
2537 3045 2675 3116 Equi
2709 3063 2840 3099 vero
2879 3047 3003 3118 ejus
3058 3062 3159 3118 per
3189 3046 3376 3116 ripam
3408 3048 3671 3116 ejusdem
3701 3052 3815 3102 flu—

309 3135 575 3199 hardum,
609 3133 773 3201 cujus
799 3131 1074 3202 singulari
1101 3131 1352 3185 amicitia
1387 3149 1521 3186 usus
1550 3139 1655 3202 est,
1684 3139 1740 3187 et
1770 3140 2005 3188 caeteros

313 3222 523 3277 amicos
567 3219 628 3273 in
659 3235 840 3273 unum
876 3219 1077 3289 coegit,
1111 3219 1362 3290 ipsisque
1408 3222 1805 3290 praesentibus,
1838 3224 2002 3294 quid-

315 3325 446 3363 nam
497 3312 695 3361 contra
748 3323 805 3360 se
862 3311 1185 3378 pararetur,
1244 3307 1497 3376 exponit.
1559 3309 1626 3362 Et
1681 3327 1850 3363 causa
1904 3328 2002 3365 co-

314 3397 474 3468 gnita
503 3397 592 3461 ‘7',
625 3412 748 3449 sese
777 3395 836 3449 in
867 3411 994 3449 eam
1025 3400 1247 3465 partem
1295 3397 1514 3450 futuros
1543 3413 1717 3467 quam
1747 3398 1843 3452 ille
1872 3417 2005 3454 con-

316 3483 610 3550 stituisset,
654 3483 940 3537 dixerunt.
991 3483 1209 3548 Quibus
1263 3499 1393 3538 cum
1437 3486 1739 3556 magniﬁce
1795 3487 2007 3557 gratias

317 3571 544 3642 egisset,
577 3572 718 3642 ipsis
747 3571 1115 3626 hortantibus
1144 3578 1192 3626 at
1205 3589 1315 3643 que
1349 3573 1731 3643 cupientibus,
1777 3576 1850 3630 ad
1880 3592 2008 3631 mu-

288 3661 595 3715 nitionem
654 3661 888 3714 accessit
945 3661 1040 3729 "3,
1093 3677 1355 3734 eamque,
1412 3663 1472 3717 in
1525 3668 1804 3734 quantum
1863 3665 2007 3720 situs

313 3748 542 3819 paludis
570 3748 852 3818 permisit,
884 3747 1124 3803 obsedit.
1164 3751 1303 3804 Nam
1335 3756 1538 3805 natura
1570 3751 1679 3806 loci
1716 3757 1903 3806 totum
1939 3750 2003 3790 ¹⁷⁴

313 3838 762 3902 circumvallare,
814 3836 946 3890 sinu
985 3837 1167 3908 stagni
1199 3838 1426 3908 longius
1459 3846 1742 3909 porrecto,
1779 3856 1896 3894 non
1927 3841 2001 3894 si-

313 3926 502 3980 nebat.
539 3925 823 3995 Oppidani
845 3941 975 3979 vero
997 3926 1135 3979 certi
1154 3927 1307 3996 quod
1341 3928 1518 3982 telum
1544 3927 1603 3981 in
1631 3934 1788 3983 tanto
1819 3930 2003 3999 spatio

313 4011 380 4064 ad
411 4027 469 4063 se
523 4009 674 4078 adigi
719 4025 906 4079 neque
964 4009 1178 4063 remitti
1233 4016 1441 4078 posset,
1504 4011 1651 4066 vallo
1709 4018 1833 4066 tuto
1883 4029 2003 4066 sese

310 4098 678 4152 continebant
708 4103 764 4151 et
806 4103 1074 4150 eventum
1121 4097 1204 4150 rei
1254 4099 1646 4168 expectabant.
1691 4102 1762 4154 At
1812 4101 2002 4155 hostes

311 4186 545 4256 experti,
583 4185 736 4255 quod
776 4184 834 4237 in
880 4185 1051 4237 nullis
1101 4185 1337 4238 omnino
1379 4186 1520 4239 locis
1563 4188 1706 4242 vado
1757 4190 2002 4244 transire

311 4277 562 4344 possent,
605 4276 838 4342 pontem
872 4271 1056 4325 facere
1103 4271 1427 4326 instituunt.
1482 4274 1577 4328 Set
1629 4292 1760 4330 cum
1812 4277 1909 4331 diu
1940 4279 2000 4332 in

312 4361 417 4415 hoc
446 4376 615 4431 opere
645 4359 990 4420 insisterent,
1027 4364 1081 4412 et
1126 4360 1390 4413 effectum
1422 4363 1642 4417 nullum
1671 4364 1836 4418 labor
1865 4383 1999 4437 ope-

311 4448 561 4502 rantium
593 4447 1285 4517 propterinmensitatem
1345 4466 1507 4520 aquae
1566 4451 1700 4506 dare
1753 4458 1997 4522 poterat,

309 4537 535 4605 incepto
588 4535 931 4588 destiterunt
977 4532 1061 4589 ‘75.
1129 4536 1384 4606 Denique
1443 4537 1698 4592 adductis
1726 4543 2003 4597 onerariis

309 4621 569 4688 navibus,
607 4621 932 4691 adjungunt
970 4621 1242 4674 animalia
1286 4627 1341 4675 et
1377 4621 1438 4676 in
1477 4629 1744 4694 stagnum
1779 4628 2002 4682 trahere

307 4714 533 4782 parant,
567 4713 630 4764 ut
679 4726 852 4780 super
892 4724 1061 4763 naves
1092 4710 1373 4764 machinis
1419 4713 1714 4767 exstructis
1762 4715 1831 4769 ad
1873 4733 1999 4770 mu-

309 4798 588 4852 nitionem
622 4797 1154 4869 adpropinquarent
1180 4803 1234 4852 et
1264 4815 1522 4870 pugnam
1552 4801 1996 4857 committerent.

307 4891 564 4958 Cumque
594 4903 723 4941 cum
777 4887 974 4958 plures
1025 4885 1147 4942 dies
1177 4886 1237 4942 in
1288 4887 1379 4942 his
1406 4888 1674 4959 operibus
1705 4906 1996 4945 versaren-

2115 3131 2286 3186 minis
2307 3135 2474 3203 juxta
2503 3135 2774 3203 Aspolam
2797 3136 2962 3189 asuis
2981 3136 3350 3190 reducuntur.
3383 3135 3538 3199 Quos
3576 3138 3815 3192 clientes

2115 3221 2438 3287 Godizonis,
2497 3228 2804 3293 propterea
2833 3225 2987 3294 quod
3045 3223 3314 3278 favebant
3354 3223 3617 3294 partibus
3676 3226 3818 3279 Wie-

2115 3310 2334 3378 manni,
2385 3311 2812 3382 interceperant
2862 3319 3034 3383 atque
3083 3312 3235 3367 inter
3287 3329 3346 3366 se
3376 3313 3819 3368 distribuerant-

2115 3397 2235 3462 Qua
2282 3399 2351 3453 de
2402 3415 2464 3453 re
2507 3401 2804 3471 episcopus
2856 3401 3176 3455 necessario
3228 3407 3572 3467 commotus,
3641 3409 3701 3458 et
3730 3403 3818 3458 his

2111 3485 2340 3556 injuriis
2367 3502 2538 3556 quam
2571 3487 2739 3541 citius
2769 3489 3259 3560 medericupiens,
3294 3489 3563 3543 omnibus
3592 3491 3717 3544 suis
3750 3489 3816 3525 ¹¹¹⁷

2113 3574 2292 3644 copiis
2324 3591 2454 3628 cum
2490 3575 2742 3630 Baldrico
2773 3577 3022 3642 adscitis,
3073 3579 3143 3631 de
3197 3577 3510 3646 improviso
3555 3579 3816 3645 veniens,

2113 3664 2383 3734 Aspolam
2435 3679 2503 3716 ex
2560 3680 2676 3718 una
2732 3672 2890 3735 parte
2948 3666 3191 3720 obsedit.
3228 3667 3367 3720 Nam
3413 3682 3481 3720 ex
3513 3668 3700 3720 altera
3725 3684 3818 3738 pa-

2113 3751 2247 3806 lude
2305 3757 2360 3805 et
2404 3758 2602 3822 stagno
2635 3753 2934 3824 interjecto
2991 3753 3396 3808 inaccessibilis
3442 3760 3588 3808 erat.
3641 3757 3813 3810 Cum-

2113 3857 2224 3910 que
2255 3841 2475 3911 aliquot
2507 3841 2708 3895 diebus
2756 3842 2963 3896 acriter
3018 3843 3088 3896 ab
3123 3843 3380 3914 utrisque
3429 3850 3814 3913 pugnaretur.

2113 3935 2168 3983 et
2194 3929 2388 3983 omnia
2420 3929 2608 3983 studio
2666 3930 3038 4002 obpugnandi
3093 3933 3518 4002 experirentur,
3575 3939 3817 4004 propter

2114 4018 2440 4072 ﬁrmitatem
2473 4018 2584 4071 loci
2615 4023 2670 4072 et
2698 4019 3063 4073 altitudinem
3113 4019 3362 4074 turrium
3397 4021 3542 4074 nihil
3571 4021 3818 4090 proﬁce-

2109 4121 2172 4158 re
2228 4110 2512 4176 poterant.
2571 4107 2666 4160 Set
2721 4123 2849 4160 cum
2898 4107 3109 4161 frustra
3159 4107 3415 4161 laborem
3466 4124 3525 4162 se
3578 4125 3815 4162 sumere

2109 4193 2390 4260 viderent,
2425 4198 2482 4247 et
2529 4211 2657 4264 spes
2705 4195 3005 4266 prociundi
3060 4195 3217 4266 opidi
3271 4211 3303 4248 a
3361 4213 3420 4249 se
3471 4196 3815 4262 discederet,

2113 4280 2284 4335 simul
2315 4281 2487 4336 etiam
2535 4281 2670 4352 quia
2718 4282 3013 4336 dicebatur
3047 4281 3134 4349 ίτδ,
3169 4284 3359 4337 hostes
3392 4300 3520 4337 cum
3553 4287 3815 4339 exercitu

2113 4368 2466 4436 adventasse,
2527 4369 2954 4440 obpugnatione
3014 4370 3378 4438 destiterunt,
3447 4376 3502 4425 et
3559 4372 3619 4425 in
3684 4390 3817 4427 suas

2111 4457 2272 4511 sedes
2323 4474 2381 4510 se
2413 4465 2768 4528 receperunt.
2806 4459 3118 4530 Episcopus
3158 4475 3288 4514 vero
3337 4460 3428 4514 his
3476 4461 3546 4514 de
3596 4462 3812 4527 causis,

2112 4545 2267 4615 quod
2320 4549 2449 4599 ante
2505 4546 2861 4600 obsidionem
2913 4547 3131 4601 castelli
3180 4548 3392 4602 Godizo
3426 4549 3497 4602 ad
3527 4565 3584 4601 se
3627 4549 3689 4602 in
3722 4567 3814 4620 pe-

2108 4633 2280 4687 tenda
2308 4648 2447 4704 pace
2476 4633 2693 4704 legatos
2736 4635 2986 4702 miserat,
3024 4640 3078 4689 et
3108 4635 3178 4689 de
3216 4635 3446 4704 injuriis
3485 4653 3516 4690 a
3554 4637 3673 4690 suis
3706 4639 3816 4692 sibi

2110 4719 2302 4774 inlatis
2331 4721 2600 4775 omnibus
2633 4722 2951 4776 rationibus
2985 4723 3409 4777 satisfacturum
3439 4725 3810 4791 promiserat,

2109 4807 2371 4877 quamvis
2399 4810 2561 4862 illum
2596 4809 2726 4864 dolo
2764 4811 2919 4882 loqui
2973 4810 3377 4881 suspicaretur,
3429 4817 3486 4866 et
3525 4813 3660 4866 ideo
3693 4814 3814 4867 nul-

2109 4894 2220 4948 1am
2255 4896 2642 4951 conditionem
2694 4898 2850 4968 pacis
2902 4897 3036 4952 dare
3069 4898 3361 4966 voluisset,
3395 4903 3451 4953 et
3504 4916 3674 4954 suum
3705 4901 3812 4954 do-

1719 4999 1949 5055 VARIAS
1989 5000 2383 5057 LECTIONES.

381 5110 910 5191 ’δεῃὶᾘΝΟἏᾼΝΝΙ
969 5128 1036 5191 (ε.⁸
1083 5108 1165 5191 ,³⁸9
1211 5127 1316 5164 v0.1:
1363 5111 1507 5191 deest
1564 5115 1745 5191 spgtio
1794 5115 2003 5169 relicto.
2085 5115 2153 5151 ¹⁷⁰
2205 5133 2414 5186 magna
2469 5115 2675 5191 c.____"“_
2726 5117 3096 5191 lanttbertum
3156 5136 3203 5173 c.
3285 5120 3352 5154 1⁷³
3408 5119 3701 5191 incognita
3758 5127 3810 5176 l.

303 5185 530 5251 cognita
561 5185 617 5234 ‘2.
707 5185 774 5216 ¹⁷δ
831 5185 1044 5235 accedit
1077 5185 1124 5235 1.
1177 5185 1414 5260 accessit
1467 5187 1519 5235 ‘2.
1599 5185 1672 5219 ‘7‘
1726 5189 1780 5237 ta

304 5251 571 5304 utebatur
598 5268 642 5304 c.
681 5249 745 5285 ¹⁷⁷
779 5252 858 5306 bis
885 5254 1148 5320 scriptum
1180 5254 1227 5304 t.
1264 5250 1330 5287 "3
1360 5251 1701 5306 dicebantur
1732 5258 1780 5307 l.

707 5179 774 5216 ιτδ
831 5181 1044 5235 accedit
1077 5184 1124 5235 l.
1177 5181 1411 5234 accessit
1467 5187 1519 5235 ‘2.
1592 5179 1672 5219 "7‘
1726 5189 1950 5238 tantum
2009 5202 2147 5240 corr.
2183 5179 2368 5240 totum
2395 5204 2439 5242 c.
2524 5185 2590 5223 ¹⁷⁵
2645 5189 3028 5243 destituerunt
3070 5207 3115 5244 c.

3198 5191 3267 5225 ¹⁷⁶
3321 5191 3638 5246 utebantur
3666 5208 3809 5246 corr.

1944 5359 2164 5414 NO'l'AL‘.

372 5476 483 5544 (42)
514 5477 575 5529 In
610 5476 840 5530 sinistra
873 5477 1075 5531 Rheni.

373 5547 482 5618 (43)
513 5546 640 5602 Scil.
674 5547 1054 5600 Wicmannus.

2181 5484 2287 5552 (44)
2313 5488 2399 5538 An
2432 5485 2582 5556 Spel,
2614 5487 2684 5539 ad
2715 5489 3070 5541 confluentes
3103 5486 3288 5542 Rheni
3317 5491 3373 5541 et
3405 5486 3659 5559 Lippiae?
