3920 6190
95 341 187 391 itit!
918 340 1007 395 DE
1050 339 1511 398 DIVERSITATE
1555 343 1939 400 TEMPORUM
1990 345 2174 399 LIBRI
2222 346 2375 401 1)υο.
2423 375 2465 383 -
2522 346 2645 400 LIB.
2684 346 2759 401 II.

3484 351 3589 403 470

94 467 267 518 lorem
296 466 419 535 jam
447 465 581 520 satis
624 464 915 536 expiatum
956 483 1075 520 esse
1104 468 1474 538 populatione
1518 485 1791 539 agrorum
1822 473 1863 522 Α
1905 469 2247 539 digniorem.
2283 470 2609 524 Muneribus
2647 485 2878 540 quoque
2914 469 3137 535 dandis,
3167 470 3315 536 auri,
3348 473 3590 541 argenti,

92 560 143 607 et
170 554 453 617 vicorum,
490 560 544 607 et
574 554 766 608 hostes
789 555 909 624 jam
943 555 1016 609 ad
1060 556 1364 610 sanitatem
1396 557 1603 611 reverti
1629 557 1788 610 arbi-

96 649 360 707 traretur,
402 643 471 696 ab
506 643 613 697 hac
660 645 907 714 procella
951 644 1247 698 seditionis
1294 662 1351 698 se
1380 646 1684 713 subtraxit,
1734 652 1791 700 et

94 747 261 802 quem
314 731 528 785 exitum
598 748 686 785 res
751 738 899 786 esset
950 732 1215 786 habitura
1269 733 1502 787 interim
1562 736 1789 805 quietus

93 824 386 890 expectare
437 820 626 889 C(epit.
684 820 939 874 Baldrico
990 826 1180 875 tanien
1225 822 1482 875 studium
1516 839 1685 877 suum
1734 828 1790 877 et

96 909 371 963 auxilium
396 925 625 979 semper
656 909 935 974 priestitit.

164 999 216 1051 4.
261 1002 334 1053 De
363 1016 494 1068 pace
524 1002 666 1053 inter
690 1000 1003 1054 Baldricum
1032 1004 1083 1055 et
1123 1001 1502 1054 Wicmannum
1530 1004 1702 1068 facta.

153 1088 371 1140 Munna
401 1092 682 1140 eXstructa
730 1093 786 1141 ct
828 1088 1073 1153 ﬁrmata,
1110 1088 1475 1142 Wicmannus
1520 1089 1789 1143 audacius

92 1176 354 1229 resistere
404 1181 458 1229 et
500 1193 661 1246 spem
692 1177 808 1230 suis
860 1193 1091 1247 augere,
1135 1178 1477 1248 plerumque
1528 1178 1790 1231 hostibus

90 1263 438 1332 improvisus
465 1263 771 1317 adveniens
801 1280 900 1317 eos
927 1264 985 1317 in
1016 1265 1212 1335 fugam
1242 1266 1499 1335 conjecit.
1534 1265 1630 1319 Set
1658 1282 1788 1318 cuni

87 1352 180 1404 diu
214 1351 540 1405 inimicitiae
587 1352 736 1406 inter
779 1369 876 1406 eos
924 1359 1345 1419 exercerentur,
1395 1358 1450 1407 et
1480 1353 1785 1407 homicidia

85 1440 314 1501 ﬁerent,
361 1444 414 1492 et
444 1439 667 1492 insidia:
710 1440 779 1492 ab
835 1440 1091 1509 utrisque
1122 1448 1496 1509 ponerentur,
1538 1445 1593 1494 et
1642 1441 1787 1494 iuvi-

86 1544 207 1581 cem
271 1528 420 1581 alter
476 1529 547 1581 ab
607 1528 782 1580 altero
833 1528 1150 1599 fugaretur,
1202 1531 1431 1582 tandem
1483 1530 1709 1599 utrique
1758 1550 1791 1582 υ,

88 1632 220 1685 rege
260 1616 320 1669 in
353 1622 534 1669 castra
566 1622 699 1669 sunt
728 1617 931 1672 vocati.
967 1617 1033 1671 Et
1080 1634 1209 1670 cum
1242 1616 1341 1671 diu
1374 1634 1556 1671 causa:
1588 1634 1786 1671 eorum

84 1705 530 1773 discuterentur,
580 1710 636 1759 et
668 1722 763 1758 rex
797 1705 917 1759 sine
952 1706 1266 1759 offensione
1299 1708 1610 1760 multorum
1647 1723 1786 1759 neu-

81 1800 240 1847 trum
272 1794 702 1847 familiariorem
726 1794 786 1847 in
808 1795 1229 1849 reconciliando
1250 1793 1321 1828 ‘79
1346 1796 1554 1849 habere
1578 1800 1785 1865 posset,

82 1884 236 1935 inter
283 1899 343 1935 se
394 1882 550 1952 regia
596 1888 872 1952 potestate
920 1899 1120 1953 pacem
1174 1882 1384 1937 habere
1428 1884 1616 1953 jussit.
1667 1884 1788 1947 Qua

84 1976 446 2023 sacramento
493 1970 738 2037 ﬁrmata,
787 1970 1189 2025 discesserunt.
1244 1971 1609 2024 Wicmannus
1657 1988 1787 2025 cum

87 2075 208 2111 rem
242 2058 305 2111 in
336 2059 788 2112 commodiorem
820 2065 1026 2113 statum
1050 2060 1380 2113 collocatam
1414 2059 1785 2125 existimaret,

88 2154 139 2201 et
187 2148 341 2202 nihil
373 2148 509 2202 mali
560 2149 765 2202 dehinc
817 2149 1223 2218 suspicaretur,
1276 2154 1339 2203 ut
1376 2153 1545 2219 rupto
1578 2150 1789 2204 fmdere

86 2237 279 2307 aliqua
313 2237 519 2291 seditio
558 2254 755 2292 rursus
784 2238 1048 2301 oriretur,
1084 2238 1360 2291 orationis
1391 2255 1556 2292 causa
1590 2239 1790 2292 limina

88 2326 268 2378 sancti
310 2325 467 2379 Petri
524 2326 679 2380 adire
727 2328 984 2395 parabat,
1037 2331 1092 2380 et
1130 2327 1471 2397 comparatis
1523 2328 1609 2381 his
1660 2345 1788 2398 qua:

87 2414 190 2467 sibi
253 2414 316 2467 in
372 2413 576 2467 itinere
638 2414 953 2469 necessaria
1008 2419 1189 2482 erant,
1251 2416 1533 2486 profectus
1585 2421 1669 2469 est
1719 2416 1787 2470 ad

92 2502 329 2556 Urbem.
375 2503 437 2554 ln
467 2518 533 2555 eo
576 2502 779 2557 itinere
807 2503 942 2557 dum
977 2509 1140 2570 esset,
1182 2521 1323 2558 uxor
1357 2504 1597 2559 Baldrici
1626 2504 1785 2576 quie-

86 2591 151 2643 tis
182 2590 487 2659 inpaciens
532 2597 588 2645 et
629 2608 855 2662 semper
897 2609 1078 2663 prona
1108 2593 1175 2647 ad
1210 2610 1296 2647 res
1327 2610 1503 2647 novas
1534 2594 1788 2648 excitan-

87 2680 205 2745 das,
238 2680 347 2733 hac
379 2679 635 2733 oratione
668 2680 991 2750 interpellat
1020 2681 1292 2734 maritum
1327 2698 1340 2735 :

443 2769 493 2820 5.
529 2769 714 2823 Oratio
743 2768 930 2823 Adela:
958 2771 1146 2823 uxoris
1176 2770 1437 2823 Baldrici.

160 2879 186 2904 α
218 2856 501 2910 Saxonem
532 2856 705 2910 istum
747 2856 807 2909 in
849 2862 1007 2910 tanta
1041 2856 1471 2928 propinquitate
1511 2856 1785 2911 aedificio-

89 2960 215 2996 rum
266 2943 520 2996 vicinum
576 2950 836 2998 nostrum
887 2945 1002 3015 pati
1037 2962 1154 2999 non
1204 2962 1477 3015 possum;
1528 2950 1586 2999 et
1615 2962 1788 3017 quem

87 3048 287 3101 parem
320 3031 419 3085 tibi
453 3048 573 3085 esse
620 3032 768 3086 ferre
801 3049 914 3085 non
945 3034 1124 3097 valeo,
1174 3034 1220 3086 si
1252 3033 1609 3104 superiorem
1648 3050 1784 3087 con-
1820 3030 1859 3083 Ο

87 3136 347 3189 spexero,
396 3120 584 3174 vivere
619 3121 772 3176 nolo.
808 3120 1048 3176 Proinde
1097 3139 1307 3190 quasso,
1340 3128 1502 3176 utere
1535 3122 1786 3176 consiliis

86 3211 252 3276 meis,
286 3215 344 3263 et
374 3210 546 3263 verba
590 3226 734 3276 mea,
769 3210 987 3264 caeteris
1032 3212 1182 3263 curis
1223 3210 1568 3281 postpositis,
1604 3211 1787 3264 menti

85 3305 199 3353 tua:
232 3299 516 3365 reconde;
551 3315 615 3352 ex
658 3299 766 3353 hoc
813 3299 968 3353 enim
1026 3300 1547 3354 fortunatissimum
1578 3304 1631 3352 te
1662 3299 1784 3353 fore

83 3386 297 3441 licebit.
372 3388 507 3441 Ecce
575 3386 681 3440 iste
750 3387 929 3441 hostis
995 3392 1217 3455 noster,
1284 3388 1479 3441 videns
1518 3393 1784 3458 nepotem

86 3481 250 3528 tuum
280 3492 400 3529 esse
447 3476 570 3529 sine
602 3475 837 3530 scientia
884 3477 1055 3530 ullius
1101 3476 1344 3542 consilii,
1378 3477 1532 3530 falsis
1580 3477 1784 3530 adula—

83 3564 343 3618 tionibus
370 3564 432 3617 in
464 3563 584 3618 dies
614 3564 850 3623 deludit,
881 3570 938 3619 et
969 3565 1308 3635 dignitatem
1338 3581 1498 3617 suam
1522 3569 1576 3617 te
1607 3565 1785 3617 invito

78 3653 204 3721 jam
244 3652 469 3707 invasit.
527 3652 781 3723 Denique
828 3653 923 3707 ille
972 3653 1208 3707 stolidus
1264 3652 1570 3719 existimat,
1620 3653 1782 3706 illum

86 3757 219 3794 vera
248 3739 530 3794 affinitate
569 3741 899 3808 adductum,
948 3741 1167 3795 sincere
1215 3740 1331 3793 suis
1362 3741 1531 3793 rebus
1574 3741 1781 3803 favere,

84 3836 139 3883 et
167 3847 285 3883 non
320 3832 512 3899 potius
542 3830 613 3883 ob
641 3830 769 3897 hoc,
804 3834 866 3883 ut
892 3830 1054 3883 illum
1085 3830 1144 3883 in
1174 3829 1434 3899 proximo
1462 3828 1784 3899 principatu

83 3918 318 3989 dejiciat
348 3924 407 3971 et.
433 3917 553 3988 ipse
582 3919 771 3972 locum
805 3920 927 3989 ejus
958 3918 1135 3971 nimia
1165 3935 1266 3971 sua
1305 3918 1614 3972 calliditate
1641 3916 1783 3970 arri-

85 4008 222 4076 piat.
251 4008 321 4061 Et
349 4007 442 4061 cui
474 4006 715 4061 dubium
745 4012 844 4070 est,
880 4007 1046 4061 illum
1070 4008 1188 4078 jam
1223 4006 1449 4076 pridem
1480 4007 1784 4060 adversum

86 4100 138 4147 te
172 4112 348 4165 prava
405 4094 643 4148 moliri?
687 4096 897 4165 Egone,
943 4095 991 4148 si
1045 4097 1129 4147 vir
1175 4111 1378 4158 esseni,
1432 4110 1564 4147 eum
1607 4094 1668 4147 in
1698 4093 1785 4146 his

86 4184 429 4254 regionibus
485 4184 796 4239 consistere
845 4184 1142 4238 sinerem?
1198 4186 1263 4238 Et
1315 4184 1363 4237 si
1415 4200 1591 4251 nunc,
1649 4199 1785 4252 pace

89 4274 252 4339 facta,
278 4274 438 4343 justa
487 4272 708 4326 occasio
742 4274 900 4326 nulla
939 4272 1261 4339 intercedit,
1312 4288 1425 4343 qua
1459 4269 1528 4305 ¹⁸⁰
1556 4288 1685 4325 cum
1717 4288 1784 4325 eo

92 4362 279 4427 palam
315 4362 659 4415 contendere
709 4360 910 4431 possis,
958 4362 1066 4415 hoc
1112 4362 1301 4414 saltim
1342 4360 1510 4414 facito
1545 4377 1557 4414 :
1590 4377 1787 4430 regem

90 4451 267 4517 adito,
300 4455 358 4503 et
384 4450 804 4519 praefecturam,
855 4466 983 4520 qua:
1008 4449 1222 4519 justius
1267 4466 1336 4503 ex
1366 4449 1517 4502 linea
1546 4464 1788 4502 consan-

90 4539 392 4608 guinitatis
424 4544 482 4591 et
510 4538 777 4608 prosapia
807 4539 1091 4607 majorum
1124 4544 1353 4591 tuorum
1383 4536 1488 4591 tibi
1519 4536 1790 4606 obtingit,

90 4628 399 4695 postulato.
452 4626 510 4681 Si
541 4631 775 4697 propter
805 4627 913 4680 hoc
960 4625 1164 4696 aliquis
1209 4625 1489 4679 tumultus
1527 4627 1598 4680 ab
1628 4626 1789 4679 hoste

90 4716 393 4770 adversum
443 4720 500 4769 te
548 4714 947 4780 concitabitur,
999 4715 1120 4784 ipse
1160 4714 1262 4767 tibi
1313 4714 1471 4784 prius
1508 4714 1787 4783 peccabit,

90 4812 267 4875 tuque
297 4810 655 4858 sacramento
691 4804 995 4858 adstrictus
1026 4820 1143 4857 non
1171 4803 1477 4857 teneberis.
1510 4803 1657 4868 Quid
1688 4803 1792 4857 tibi

91 4893 367 4947 obsistit?
400 4893 546 4957 Quid
596 4892 886 4961 impedit?
915 4891 1285 4962 Amplissima
1323 4892 1551 4958 domus,
1582 4890 1785 4944 latissi-

94 4999 189 5035 ma
233 4981 472 5051 praedia.
532 4980 742 5034 milites
774 4979 1070 5035 numerosi
1115 4980 1263 5033 vires
1311 4979 1417 5033 tibi
1458 4984 1513 5032 et
1542 4979 1793 5033 favorem

96 5070 426 5124 adtribuerit
481 5068 571 5135 “'1,
623 5069 913 5121 neminem
961 5084 1134 5138 quam
1167 5073 1223 5122 te
1270 5068 1376 5121 hoc
1414 5068 1633 5121 honore
1676 5084 1794 5120 esse

1900 558 2171 629 preciosze
2205 559 2390 623 vestis,
2431 575 2546 612 non
2595 559 2774 613 deerit
2806 558 2903 612 tibi
2948 560 3148 629 copia;
3200 558 3595 615 incunctanter

1900 647 2092 700 omnia
2123 647 2392 701 tribuam.
2433 670 2451 694 ι
2503 649 2809 701 Persuadet
2858 647 3021 701 facile
3063 648 3289 718 cupido,
3326 655 3383 702 et
3434 665 3592 702 more

1899 736 2197 789 hominum
2249 736 2347 806 qui
2396 736 2713 789 honoribus
2761 736 2978 805 expleri
3027 736 3307 801 nesdunt,
3359 736 3595 808 suscipit

1900 823 2216 893 negotium,
2265 840 2381 877 non
2434 824 2617 877 solum
2661 824 2732 877 ad
2782 841 2899 878 sua:
2947 825 3245 879 familiaris
3295 825 3376 879 rei
3425 826 3592 879 dam-

1902 929 2062 979 num,
2104 914 2199 966 sed
2241 913 2410 966 etiam
2443 913 2511 965 ad
2563 918 2897 983 perpetuam
2947 914 3174 967 ruinam
3225 931 3343 967 sua:
3374 914 3589 967 salutis.

1899 1002 1965 1055 Et
1994 1001 2252 1071 quamvis
2300 1017 2500 1071 graves
2544 1018 2727 1054 causae.
2762 1001 2976 1055 irarum
3009 1002 3157 1055 inter
3196 1019 3293 1055 eos
3335 1008 3590 1055 anteces-

1900 1090 2124 1156 sissent,
2156 1096 2348 1144 tamen
2380 1091 2502 1144 haec
2532 1090 2711 1143 fomes
2743 1096 2799 1143 et
2844 1090 3071 1143 initium
3122 1091 3415 1159 utriusque
3447 1091 3590 1145 exti-

1900 1180 1968 1234 tit
1997 1178 2191 1243 exitii;
2235 1184 2291 1233 et
2319 1178 2465 1232 sicut
2521 1178 2784 1233 lliezabel
2833 1180 3048 1244 Achab,
3081 1180 3160 1232 ita
3198 1185 3255 1232 et
3305 1180 3412 1232 ista
3440 1179 3593 1233 hunc

1899 1268 1971 1321 ad
2002 1267 2218 1337 flagitia
2264 1282 2489 1337 semper
2531 1266 2852 1333 concitavit,
2913 1265 3052 1319 dans
3097 1266 3150 1319 ei
3180 1266 3415 1319 consilia
3464 1266 3593 1335 qui-

1901 1357 2006 1409 bus
2048 1356 2119 1409 ad
2149 1355 2460 1425 perniciem
2495 1371 2657 1408 suam
2711 1359 2985 1421 uteretur,
3030 1355 3209 1407 donec
3255 1354 3592 1408 abhomina-

1901 1444 2030 1498 bilis
2059 1450 2114 1498 et
2143 1444 2369 1497 odiosus
2403 1444 2671 1497 omnibus
2705 1444 2887 1496 ﬁeret.

2217 1536 2267 1586 6.
2302 1533 2380 1585 De
2406 1534 2733 1601 praefectura
2764 1531 3014 1585 Buldrico
3045 1529 3270 1583 tradita.

1970 1622 2171 1676 Parata
2202 1621 2572 1691 profectione,
2625 1621 2779 1673 venit
2819 1619 2886 1672 ad
2936 1634 3151 1688 regem,
3185 1635 3213 1669 a
3250 1633 3363 1687 quo
3410 1622 3466 1670 et
3496 1616 3589 1669 be-

1900 1710 2075 1781 nigne
2124 1710 2459 1780 suscipitur;
2511 1709 2715 1762 oblatis
2749 1708 2834 1760 his
2880 1723 3010 1777 qua:
3058 1706 3343 1767 attulerat,
3396 1721 3593 1758 causas

1900 1799 2177 1853 adventus
2208 1798 2296 1852 sui
2339 1797 2592 1868 exponit,
2625 1802 2681 1849 et
2726 1812 2918 1866 regem
2950 1795 3019 1848 ad
3056 1796 3406 1847 voluntatem
3457 1808 3594 1846 sen-

1898 1887 2091 1941 tentias
2120 1904 2236 1940 sum
2290 1887 2571 1957 perduxit.
2618 1885 2873 1955 Denique
2924 1883 3131 1937 tradita
3179 1888 3261 1935 est
3293 1882 3344 1935 ei
3392 1880 3593 1952 priete-

1899 1982 2078 2042 ctura,
2125 1981 2182 2029 et
2210 1992 2282 2029 ne
2313 1975 2383 2028 ob
2414 1974 2523 2027 hoc
2570 1972 2760 2027 civiles
2792 1971 3202 2038 dissensiones,
3252 1969 3404 2023 unde
3435 1984 3595 2022 arma

1899 2064 2130 2118 excitari
2176 2067 2426 2134 possent,
2462 2067 2789 2128 nascantur,
2835 2076 3197 2129 summopere
3226 2057 3593 2112 interdictum

1899 2156 2000 2205 est.
2036 2150 2143 2215 Qui
2190 2167 2319 2204 mox
2354 2156 2417 2204 ut
2460 2150 2629 2203 rediit
2675 2148 2908 2217 Ganipaa
2958 2147 3066 2217 (45)
3106 2146 3593 2200 municiunculam

1900 2238 2151 2309 praefecti
2197 2237 2508 2309 propinqui
2555 2236 2643 2290 sui
2671 2235 2986 2304 occupavit,
3031 2240 3087 2287 et
3118 2249 3220 2304 per
3248 2249 3473 2287 servum
3502 2234 3590 2287 fu-

1898 2326 2163 2396 gitivum,
2210 2325 2396 2396 quise
2435 2325 2555 2395 jam
2602 2324 2822 2395 pridem
2874 2322 2962 2377 his
3011 2323 3110 2393 qui
3157 2323 3217 2375 in
3258 2322 3401 2376 turri
3434 2325 3594 2374 erant

1900 2415 2200 2469 devoverat
2232 2419 2289 2468 et
2336 2412 2589 2467 studium
2635 2429 2803 2467 suum
2832 2411 3193 2482 promiserat,
3240 2410 3372 2463 dolo
3418 2408 3594 2463 intro-

1899 2504 2102 2558 ductus
2153 2507 2255 2571 est,
2304 2507 2359 2557 et
2391 2519 2487 2556 eos
2539 2518 2681 2573 quos
2736 2501 3096 2572 propinquus
3134 2515 3270 2552 suus
3312 2498 3381 2552 ad
3425 2502 3591 2551 tuen-

1899 2593 2031 2647 dam
2060 2591 2266 2646 tnrrim
2314 2590 2625 2661 reliquerat
2669 2590 2907 2660 expulit,
2953 2586 3333 2659 praesidiaque
3382 2602 3485 2639 sua
3513 2583 3591 2638 ibi

1897 2681 2076 2753 ponit.

1899 2776 1950 2824 7.
1990 2772 2073 2824 De
2098 2768 2530 2823 reconciliatione
2567 2766 2859 2821 Adelboldi
2886 2767 3125 2834 episcopi
3146 2769 3212 2818 et
3261 2764 3587 2819 Wicmunm'.

1972 2858 2076 2913 Ubi
2106 2857 2166 2911 in
2213 2857 2417 2927 vulgus
2460 2854 2660 2926 populi
2708 2854 2921 2907 elatum
2977 2858 3080 2918 est,
3133 2852 3454 2907 Baldricum
3501 2867 3592 2904 re-

1900 2964 2030 3018 gem
2088 2945 2291 3011 adisse,
2351 2945 2751 3015 praafecturam
2808 2943 2916 2995 sibi
2980 2958 3298 3012 usurpasse,
3361 2941 3592 3011 Gauipaa

1897 3035 2101 3090 turrim
2146 3034 2443 3100 invasisse,
2479 3039 2637 3087 tanta
2680 3032 2867 3085 subito
2914 3031 3174 3085 omnium
3216 3028 3590 3083 commutatio

1896 3126 2045 3180 facta
2104 3127 2207 3182 est.
2272 3127 2333 3176 ut
2390 3128 2609 3175 mentes
2672 3137 2784 3174 non
2833 3121 3018 3173 solum
3086 3118 3460 3172 finitimorum
3508 3120 3594 3169 set

1898 3212 2071 3267 etiam
2126 3210 2580 3266 domesticorum
2638 3210 2708 3263 ab
2742 3225 2808 3262 eo
2868 3209 2928 3263 iu
3000 3212 3225 3261 tantum
3266 3211 3590 3260 averteren-

1895 3307 1990 3356 tur
2047 3300 2136 3366 ‘3’,
2170 3307 2234 3354 ut
2263 3300 2430 3372 pauci
2480 3298 2690 3370 reliqui
2738 3303 2931 3351 essent
2978 3297 3076 3367 qui
3113 3297 3236 3367 ejus
3283 3295 3431 3349 facta
3477 3309 3592 3346 non

1896 3392 2317 3446 detestarentur
2375 3390 2465 3442 1⁸³.
2519 3390 2674 3442 Inter
2722 3389 2888 3458 Alpes
2943 3387 3275 3441 Wicmanno
3328 3383 3592 3437 redeunti

1897 3496 1985 3532 res
2042 3483 2200 3548 gesta
2256 3477 2577 3541 nuntiatur,
2639 3492 2965 3545 magnaque
3021 3490 3157 3527 cura
3211 3471 3590 3537 afﬁciebatur,

1895 3567 2051 3637 quod
2082 3566 2401 3619 remedium
2454 3565 2585 3618 huic
2626 3564 2992 3617 incommodo
3042 3560 3335 3631 repperire
3378 3562 3587 3629 posset.

1897 3657 2036 3710 Nam
2066 3654 2291 3724 publice
2335 3653 2508 3706 armis
2552 3669 2674 3706 rem
2704 3652 2977 3722 incipere,
3013 3658 3196 3704 metus
3225 3646 3587 3718 imperatoris

1894 3742 2276 3812 prohibebat;
2312 3740 2463 3793 unde
2508 3740 2578 3793 ab
2606 3739 2785 3792 animi
2832 3739 3042 3792 virtute
3085 3738 3389 3790 consilium
3420 3741 3478 3788 et
3503 3751 3585 3788 ra-

1894 3832 2109 3885 tionem
2165 3829 2531 3900 quaerendam
2598 3845 2719 3881 esse
2770 3828 2985 3882 statuit.
3047 3826 3204 3880 Talia
3262 3823 3588 3878 sollicitanli

1894 3936 1985 3976 res
2015 3917 2464 3989 oportunissima
2503 3918 2575 3971 ad
2622 3916 2963 3985 capiendum
3012 3915 3313 3968 consilium
3362 3913 3581 3967 accidit.

1894 4009 2169 4063 Audierat
2226 4023 2472 4077 namque
2522 4022 2753 4060 omnem
2798 4006 3072 4075 populoin
3125 4009 3319 4057 contra
3368 4002 3584 4057 Baldri-

1897 4113 2027 4150 cum
2085 4111 2475 4149 murmurasse
2528 4100 2583 4149 et
2639 4094 2907 4147 omnibus
2955 4092 3222 4163 precibus
3274 4092 3399 4162 ejus
3445 4091 3588 4145 facta

1898 4184 2202 4250 detestari;
2231 4182 2361 4237 ideo
2403 4183 2654 4253 primum
2680 4182 2739 4234 in
2771 4181 2857 4235 his
2887 4179 3298 4234 elaborandum
3337 4195 3458 4232 esse
3485 4178 3589 4231 de-

1900 4270 2094 4335 crevit,
2128 4275 2189 4324 ut
2219 4270 2392 4324 etiam
2437 4270 2648 4324 auxilia
2676 4270 2929 4340 episcopi
2960 4268 3157 4323 domni
3190 4266 3487 4323 Adelboldi
3520 4266 3588 4320 ab

1901 4376 1967 4413 eo
1999 4360 2342 4422 detraheret,
2395 4363 2452 4412 et
2480 4374 2640 4428 spem
2686 4358 2755 4411 ad
2801 4358 2965 4412 illum
2997 4375 3053 4411 se
3093 4356 3407 4427 recipiendi
3437 4355 3588 4409 ulte-

1901 4447 2019 4500 rius
2062 4463 2177 4501 non
2231 4446 2485 4511 haberet,
2539 4444 2847 4498 amicitiam
2901 4445 3025 4514 ejus
3070 4444 3179 4497 sibi
3230 4444 3588 4514 adjungeret,

1900 4537 2023 4607 ejus
2072 4536 2408 4589 auctoritate
2455 4538 2510 4587 et
2557 4533 2810 4586 subsidio
2856 4534 3075 4586 hostem
3126 4534 3194 4587 ab
3226 4534 3453 4603 incepto
3500 4534 3592 4587 de-

1900 4625 2101 4679 terreri
2153 4640 2314 4694 posse
2379 4621 2736 4676 existimavit.
2793 4620 2888 4675 Set
2940 4621 3074 4692 quia
3132 4622 3385 4675 nondum
3439 4623 3592 4675 bono

1900 4714 2093 4768 animo
2137 4713 2198 4767 in
2228 4712 2418 4782 ipsum
2449 4727 2516 4765 ex
2554 4710 2644 4764 his
2690 4709 2917 4779 injuriis
2961 4727 3103 4780 quas
3132 4710 3339 4766 Godizo
3384 4709 3467 4762 illi
3502 4710 3591 4762 in-

1902 4802 2120 4856 ferebat
2174 4801 2491 4865 videbatur,
2551 4799 2802 4869 primum
2858 4814 2960 4869 per
3020 4799 3237 4868 legatos
3298 4798 3593 4851 hominem

1904 4896 2184 4961 temptare
2233 4889 2534 4959 disposuit.
2589 4888 2845 4957 Cumque
2880 4886 3103 4940 aditum
3136 4886 3195 4939 in
3244 4887 3367 4955 ejus
3396 4886 3592 4939 amici-

1902 4979 2044 5033 tiam
2090 4982 2283 5048 patere
2334 4974 2710 5047 cognovisset,
2770 4991 2836 5028 eo
2889 4974 3043 5045 quod
3093 4973 3350 5027 Baldrico
3398 4989 3465 5025 ex
3509 4973 3594 5025 his

1904 5067 2076 5121 rebus
2124 5067 2193 5119 de
2250 5064 2461 5135 quibus
2520 5079 2693 5133 supra
2742 5063 3195 5117 demonstratum
3246 5065 3330 5114 est
3379 5060 3595 5114 amicus

1505 5190 1734 5243 VARle
1787 5189 2078 5244 LECTION
2091 5189 2185 5242 ES.

174 5297 238 5331 ‘79
266 5298 579 5352 reciliando
609 5314 655 5352 c.

100 5373 361 5421 tarentur
387 5386 430 5421 c.

733 5297 805 5332 ¹⁸⁰
829 5313 1002 5369 quam
1033 5314 1079 5352 c.

1161 5296 1227 5331 ιει
1280 5297 1616 5353 adtribuunt
1673 5312 1812 5353 corr.
1863 5295 2192 5350 adtribuent
2247 5309 2292 5347 c.

2376 5292 2445 5327 ¹⁸²
2486 5297 2880 5348 averterentur
2922 5309 2968 5347 ο.
3049 5291 3236 5346 183ita
3287 5291 3455 5345 Eckh.
3502 5291 3595 5345 de-

1745 5454 1967 5508 ΝΟΤᾸΞ.

179 5558 285 5626 (45)
311 5558 565 5628 Gennep,
596 5558 667 5611 ad
692 5559 1081 5612 confluentem
1120 5558 1328 5611 Niersae
1354 5562 1410 5610 et
1445 5557 1631 5623 Mosae,
1667 5557 1725 5610 in
1757 5573 1906 5627 pago
1938 5554 2384 5608 Hattnariorum.
