3920 6190
374 277 472 334 471

1335 273 1637 330 ALPERTI
1674 273 1729 328 S.
1761 268 2240 328 SYMPHORIANI
2269 267 2574 327 METENS.
2619 267 2920 325 MONACl-l.
3699 278 3778 331 472

379 413 500 456 non
528 400 652 453 erat
699 393 792 465 ‘3‘,
821 395 979 451 venit
1005 396 1077 451 ad
1124 411 1278 461 eum,
1311 399 1367 449 et
1395 399 1524 448 cu‘m
1579 391 1650 428 ¹⁸³
1683 394 1752 448 de
1800 393 1890 448 his
1923 393 2078 465 inju-
2107 395 2153 446 A
2191 393 2369 447 latere
2417 393 2540 464 ejus
2586 390 2876 447 discedere
2924 390 3178 446 auderet.
3224 390 3278 446 Si
3313 398 3566 466 praecepta
3603 413 3783 471 quoque

382 486 553 542 stitiis
595 483 668 520 ¹⁸⁶
716 502 846 556 quae
895 485 1196 558 episcopus
1244 488 1478 555 questus
1525 481 1594 517 ¹⁸⁷
1643 487 1730 536 est
1775 499 1808 536 a
1857 499 1914 536 se
1955 487 2013 537 et
2049 499 2082 536 a

383 575 502 631 suis
553 573 752 628 amicis
791 573 900 627 sibi
951 573 1164 637 inlatis,
1215 572 1680 626 satisfaciendum
1729 571 1787 625 in
1831 576 2081 642 potesta-

385 669 502 720 tem
532 663 656 733 ejus
686 663 1050 734 promitteret
1092 660 1184 729 ‘8',
1227 677 1332 732 pro
1377 660 1653 730 temporis
1697 662 2084 731 oportunitate

386 752 560 808 fidem
591 756 648 805 et
694 751 1004 804 amicitiam
1037 750 1186 804 inter
1232 765 1294 803 se
1323 753 1657 804 sanxerunt.
1699 749 1968 814 Quamvis
2015 749 2085 803 de

388 840 775 898 conventione
837 839 1070 895 illorum
1135 837 1426 892 Baldricus
1483 853 1689 908 parum
1739 842 2084 904 moveretur,

387 937 584 987 tamen
628 933 910 1000 potestate
959 926 1214 999 episcopi
1245 926 1306 980 in
1350 925 1490 980 locis
1533 926 1632 997 qui
1664 927 1736 980 ad
1779 927 2087 997 praefectu-

391 1036 514 1075 ram
567 1017 931 1091 pertinebant
973 1017 1068 1087 jus
1099 1016 1289 1070 dicere
1340 1015 1667 1086 prohibitus
1712 1020 1815 1070 est.
1870 1015 2090 1086 Episco-

391 1125 500 1182 pus
543 1107 740 1162 videns
787 1106 1115 1160 adcrescere
1164 1103 1546 1158 dissensiones
1595 1108 1652 1157 et
1690 1102 1751 1156 in
1793 1102 1914 1157 dies
1964 1103 2090 1156 lites

393 1195 612 1269 augeri,
659 1198 922 1248 metuens
954 1209 1026 1246 ne
1075 1191 1400 1246 temeritate
1446 1206 1644 1244 eorum
1677 1191 1837 1261 plebs
1868 1189 2093 1244 labere-

391 1290 505 1354 tur,
539 1289 598 1341 et
644 1299 881 1354 sperans
922 1279 1338 1335 controversias
1378 1295 1480 1332 sua
1527 1279 1859 1333 auctoritate
1904 1277 2091 1332 minui

391 1391 581 1446 posse,
646 1372 801 1427 diem
867 1369 1156 1441 colloquio
1223 1367 1522 1423 constituit
1574 1383 1785 1438 eosque
1837 1367 1905 1422 ad
1943 1367 2092 1422 hanc

391 1463 589 1519 venire
613 1461 763 1516 fecit.

736 1551 786 1603 8.
825 1548 906 1601 De
933 1547 1211 1602 sententiis
1243 1548 1383 1600 inter
1411 1560 1496 1600 eos
1523 1545 1755 1600 collatis.

2189 480 2556 553 imperatoris
2586 479 2796 534 servari
2827 479 3122 549 deberent,
3154 479 3277 546 hoc,
3321 483 3460 552 quod
3489 484 3582 538 sibi
3605 491 3790 558 propria

2191 585 2366 623 manu
2398 568 2648 634 dederat,
2684 567 2965 638 injustam
3010 583 3129 622 esse
3160 567 3228 622 ab
3257 567 3367 622 ullo
3397 569 3644 627 interdici.
3665 575 3790 638 Quod

2192 674 2325 712 vero
2373 657 2606 724 diceret,
2658 672 2727 711 ex
2765 656 3044 711 afﬁnitate
3089 656 3326 727 injurias
3355 658 3465 728 ejus
3503 676 3605 714 non
3642 665 3792 733 negle-

2193 752 2440 815 cturum,
2487 762 2546 800 se
2593 745 2780 816 ipsum
2834 746 2917 800 illi
2951 745 3280 816 propiorem
3325 761 3436 800 esse
3465 752 3794 820 consanguini-

2191 841 2325 900 tate,
2387 834 2488 906 qui
2543 836 2807 888 avunculi
2859 833 3036 904 ipsius
3097 834 3356 888 existeret
3407 835 3561 903 ﬁlius,
3611 843 3657 891 et
3696 839 3795 894 ideo

2194 925 2353 978 illam
2381 923 2721 992 dignitatem
2753 939 2821 976 ex
2849 927 3010 994 parte
3043 923 3321 993 majorum
3363 923 3461 994 ipsi
3483 925 3664 994 justius
3688 943 3796 997 prai-

2195 1019 2282 1068 ter
2331 1017 2600 1084 nepotem
2659 1027 2833 1083 quam
2887 1011 3053 1065 alteri
3095 1011 3372 1066 obvenire.
3420 1013 3568 1078 Quod
3613 1031 3720 1068 vero
3751 1034 3796 1071 se

2198 1102 2403 1157 dixerit
2455 1101 2522 1155 ad
2578 1101 2706 1155 lites
2757 1100 3033 1155 sedandas
3079 1100 3434 1172 interponere
3474 1102 3618 1168 velle,
3659 1106 3796 1158 nemi-

2198 1207 2331 1246 nem
2358 1207 2532 1262 quam
2564 1206 2622 1244 se
2669 1190 2858 1259 ipsum
2889 1191 2947 1244 in
2978 1189 3270 1245 communi
3298 1191 3465 1244 salute
3505 1191 3684 1244 civium
3704 1209 3796 1245 con-

2198 1281 2439 1334 sulenda
2492 1278 2929 1343 studiosiorem;
2991 1279 3373 1333 testimonium
3425 1295 3534 1332 esse
3576 1280 3680 1350 ejus
3722 1280 3794 1344 rei,

2199 1369 2347 1441 quod
2380 1383 2499 1421 non
2529 1383 2595 1421 ex
2623 1367 2801 1438 ipsius
2828 1366 3085 1432 arbitrio,
3129 1373 3215 1421 set
3238 1367 3555 1438 imperatore
3589 1366 3796 1437 largiente

2202 1457 2498 1526 negotium
2547 1454 2860 1525 susceperit
2917 1451 3008 1507 ‘93.
3066 1455 3222 1508 Talia
3271 1459 3322 1508 et
3371 1455 3539 1508 multa
3580 1454 3675 1508 alia
3708 1469 3800 1508 cum

2195 1546 2313 1617 jam
2348 1545 2407 1599 in
2439 1545 2680 1615 longum
2713 1543 2864 1598 diem
2914 1543 2986 1598 ab
3020 1543 3278 1614 utrisque
3314 1543 3686 1614 proferrentur,
3722 1543 3802 1612 epi-

468 1637 776 1709 Postquam
825 1652 892 1690 eo
948 1639 1290 1690 conventum
1341 1639 1444 1700 est,
1493 1633 1794 1703 episcopus
1831 1632 1939 1686 hoc
1981 1631 2090 1686 ini-
2127 1667 2165 1720 Β
2202 1648 2406 1704 scopus
2453 1631 2710 1698 tandem,
2760 1630 2955 1685 litibus
3001 1645 3200 1684 eorum
3249 1630 3468 1700 plenius
3511 1629 3732 1700 cognitis,
3763 1629 3804 1682 in

397 1726 542 1782 tium
591 1724 870 1780 orationis
920 1724 1165 1778 habuit:
1199 1739 1257 1776 se
1301 1738 1454 1792 aegre
1491 1722 1639 1776 ferre
1682 1726 1764 1776 tot
1795 1727 1986 1775 motus
2031 1721 2092 1775 in

399 1815 522 1871 dies
571 1813 1051 1869 inrationabiliter
1094 1811 1437 1874 adcrescere,
1491 1815 1756 1880 oportere
1789 1811 1856 1865 ad
1899 1809 2091 1879 cogni-

401 1905 615 1958 tionem
670 1919 832 1956 suam
867 1907 922 1955 et
951 1900 1211 1954 omnium
1250 1899 1348 1970 qui
1391 1899 1543 1969 justa
1572 1899 1877 1954 decernere
1920 1899 2098 1952 velint

401 1993 638 2058 referre,
691 1996 749 2044 et
799 1987 902 2044 bas
947 1988 1242 2059 improbas
1292 1987 1618 2054 seditiones,
1674 1987 1882 2058 quibus
1932 1986 2097 2057 plebs

401 2081 651 2148 laeditur,
709 2079 835 2149 agri
889 2077 1334 2148 depopulantur,
1394 2076 1600 2129 debere
1657 2075 1981 2145 comprimi.
2039 2074 2096 2129 Si

402 2187 537 2224 vero
569 2167 881 2240 pertinatia
921 2167 1196 2221 desistere
1233 2165 1473 2232 nollent,
1521 2164 1884 2235 imperatoris
1928 2170 2099 2234 pote-

403 2262 546 2313 state
592 2262 648 2312 et
685 2256 803 2310 suis
849 2254 1030 2326 copiis
1078 2253 1135 2307 vi
1185 2258 1505 2317 coacturos,
1539 2257 1606 2306 ut
1645 2253 1716 2307 ab
1746 2253 1973 2322 incepto
2004 2257 2096 2305 tu-

403 2345 590 2398 multu
642 2341 942 2407 absistant,
1002 2341 1376 2395 demonstrat.
1426 2339 1506 2393 Ad
1566 2340 1688 2393 haec
1734 2339 2101 2393 Wicmannus

402 2430 700 2502 respondit
730 2445 744 2483 :
777 2429 1112 2500 intellegere
1145 2444 1288 2493 sese,
1339 2443 1467 2498 quae
1509 2432 1989 2482 commemoraret
2032 2427 2102 2481 de

406 2522 567 2575 horto
598 2519 848 2573 tumultu
898 2533 1020 2572 esse
1049 2533 1184 2572 vera
1217 2514 1306 2583 13°,
1339 2531 1444 2569 nec
1489 2531 1839 2587 quemquam
1872 2515 1946 2550 ¹⁹⁰
1974 2517 2104 2587 plus

408 2606 619 2663 doloris
667 2622 840 2677 quam
889 2606 1076 2676 ipsum
1125 2605 1327 2660 exinde
1375 2620 1596 2675 capere,
1642 2609 1700 2659 et
1745 2621 1804 2660 se
1833 2605 1892 2660 in
1943 2609 2103 2675 pote-

409 2701 613 2751 statam
661 2709 827 2749 suam
874 2694 1222 2756 dediturum,
1268 2698 1326 2748 et
1375 2692 1643 2747 omnibus
1687 2693 2028 2763 rationibus,
2060 2693 2105 2746 si

411 2799 524 2856 qua
555 2783 722 2853 culpa
769 2782 1128 2848 criminatur,
1161 2781 1583 2835 satisfacturum
1632 2782 1944 2852 promittit;
1985 2799 2106 2837 sese

411 2878 606 2926 tamen
662 2871 986 2942 permoveri
1039 2871 1190 2942 quod
1253 2870 1562 2938 Baldricus,
1616 2875 1745 2940 post
1798 2871 2106 2926 amicitiam

2203 1721 2344 1776 alios
2391 1724 2704 1775 conventus
2741 1735 2863 1774 rem
2912 1719 3131 1774 deferre
3179 1719 3407 1791 placuit,
3437 1724 3488 1773 et
3526 1718 3718 1772 interim
3741 1734 3804 1788 pa-

2203 1826 2324 1865 cem
2359 1810 2509 1864 inter
2539 1825 2637 1863 eos
2681 1807 2900 1863 ﬁrmari
2933 1808 3235 1862 constituit
3278 1807 3387 1879 (an.
3441 1808 3601 1875 1012).
3647 1805 3805 1859 Baldri-

2205 1916 2303 1954 cus
2345 1914 2502 1961 vero,
2551 1898 2704 1970 quod
2751 1897 3032 1952 memoria
3082 1896 3331 1966 tenebat,
3375 1895 3568 1950 sororis
3608 1910 3704 1948 suae
3742 1893 3809 1946 do-

2205 2003 2367 2042 mum
2414 1986 2611 2057 paucis
2668 1985 2870 2040 diebus
2926 1990 3058 2040 ante
3106 1985 3380 2056 quosdam
3426 2000 3488 2039 ex
3532 1988 3672 2054 parte
3711 1981 3810 2034 Wic-

2207 2074 2407 2130 manni
2461 2073 2754 2142 invasisse,
2811 2078 2869 2128 et
2924 2073 3270 2146 quibusdam
3326 2072 3633 2135 interfectis,
3676 2069 3811 2124 ﬁlium

2205 2165 2362 2220 illius
2409 2165 2650 2217 alterum
2686 2162 2838 2217 intra
2887 2163 3183 2217 ecclesiam
3216 2163 3307 2217 vix
3358 2177 3542 2216 necem
3572 2157 3810 2229 aufugisse,

2207 2259 2266 2308 et
2315 2253 2453 2307 item
2494 2252 2738 2306 alterum
2793 2251 2862 2306 ab
2913 2251 3165 2322 indignis
3211 2256 3437 2323 captum
3479 2255 3531 2304 et
3576 2249 3812 2302 abductum

2211 2357 2349 2406 esse,
2400 2345 2457 2395 et
2501 2340 2628 2394 ideo
2678 2356 2809 2394 cum
2854 2340 2960 2405 his,
3013 2357 3045 2394 a
3087 2340 3297 2412 quibus
3350 2344 3501 2393 tanta
3543 2333 3816 2392 contumelia

2211 2430 2320 2485 sibi
2370 2434 2428 2485 et
2481 2429 2599 2483 suis
2643 2430 2800 2484 illata
2850 2429 3070 2496 fuisset,
3116 2431 3337 2484 nullam
3389 2428 3535 2501 pacis
3581 2425 3818 2480 amicitiam

2213 2519 2335 2572 sine
2396 2516 2776 2572 satisfactione
2841 2517 3048 2572 habere
3109 2535 3280 2588 posse
3334 2514 3720 2573 demonstravit.
3765 2510 3822 2565 Ad

2213 2607 2335 2662 haec
2372 2607 2738 2661 Wicmannus
2773 2623 2786 2662 :
2822 2608 2882 2664 Si
2911 2609 3168 2674 conferri,
3202 2607 3411 2678 inquit,
3448 2606 3644 2674 injuriae
3668 2602 3823 2662 debent,

2215 2711 2393 2750 unam
2423 2695 2628 2749 harum
2677 2695 2824 2750 hanc
2866 2711 2988 2750 esse
3029 2695 3470 2766 iniquissimam,
3511 2692 3827 2765 quodasoro—

2217 2784 2294 2838 ris
2323 2800 2439 2838 suae
2470 2783 2602 2838 ﬁliis
2635 2784 2892 2838 nondum
2942 2784 3150 2838 adultis
3185 2785 3375 2838 servili
3403 2783 3615 2853 agmine
3651 2792 3830 2846 congre-

2217 2878 2372 2944 gato,
2408 2872 2740 2942 prmfectum
2789 2888 2917 2926 cum
2950 2873 3147 2943 paucis
3193 2873 3303 2927 iter
3339 2888 3526 2927 secure
3557 2874 3772 2940 agentem
3793 2871 3830 2916 et

413 2959 566 3015 inter
597 2974 695 3012 eos
727 2959 1035 3026 ﬁrmatam,
1085 2959 1221 3012 belli
1266 2958 1429 3012 initia
1461 2957 1682 3030 primus
1723 2959 2106 3024 concitaverit,
2150 2946 2190 3002 Ο
2222 2961 2362 3015 nihil
2404 2962 2540 3014 mali
2570 2978 2602 3015 a
2634 2977 2926 3032 quoquam
2957 2961 3364 3032 suspicantem,
3414 2975 3609 3030 magna
3642 2957 3834 3011 insolen-

414 3048 744 3120 prazfectum
798 3047 1188 3118 propinquum
1239 3046 1415 3113 illius,
1467 3048 1566 3118 qui
1612 3046 1725 3101 ﬁde
1769 3052 1826 3101 et
1872 3047 2111 3102 consilio

415 3137 688 3208 prodesse
718 3136 936 3202 debuit,
980 3135 1139 3189 omni
1171 3135 1387 3189 honore
1421 3135 1492 3188 ab
1542 3151 1609 3189 eo
1645 3135 1953 3206 spoliatum
1993 3141 2050 3190 et
2083 3153 2113 3190 a

418 3224 742 3297 principatu
793 3225 1094 3293 dejectum,
1131 3222 1241 3294 ipsi
1272 3227 1327 3277 et
1355 3223 1624 3277 omnibus
1654 3224 2000 3294 nationibus,
2043 3226 2114 3280 ad

419 3329 564 3386 quas
595 3313 745 3367 fama
777 3316 952 3367 tantae
984 3311 1424 3366 inbumanitatis
1454 3312 1750 3382 pervenire
1776 3315 1983 3383 potuit,
2015 3315 2114 3369 de-

419 3401 680 3457 testabile
709 3401 909 3456 videri.
958 3400 1064 3466 Qui
1117 3400 1229 3455 nisi
1259 3401 1328 3455 ab
1377 3401 1466 3455 his
1496 3401 1725 3472 injuriis
1768 3403 2020 3458 discedat
2062 3408 2118 3458 et

419 3489 664 3546 liberam
695 3489 1023 3544 facultatem
1054 3488 1138 3542 illi
1169 3489 1230 3543 in
1277 3488 1394 3543 suis
1424 3489 1646 3558 legibus
1677 3490 1758 3544 uti
1798 3493 2113 3562 permittat,

422 3594 486 3634 ex
517 3579 619 3633 illa
647 3579 836 3632 saltim
885 3577 1183 3645 afﬁnitate,
1218 3577 1370 3649 quod
1423 3593 1677 3632 sororem
1716 3595 1878 3634 suam
1907 3579 2020 3652 (46)
2057 3581 2116 3635 in

423 3666 758 3738 conjugium
797 3667 1056 3732 duxerat,
1092 3666 1216 3737 ejus
1257 3664 1500 3736 injurias
1547 3682 1665 3720 non
1696 3668 2113 3738 neglecturum,

422 3771 612 3826 neque
664 3755 788 3810 haec
840 3753 1102 3809 faciendo
1162 3753 1472 3826 quicquam
1529 3755 1796 3810 maleﬁcii
1848 3758 2119 3812 adversus

422 3844 670 3918 gratiam
731 3843 1092 3913 imperatoris
1153 3859 1210 3896 se
1269 3847 1552 3908 acturum,
1615 3844 1932 3914 praesertim
1988 3863 2118 3902 cum

425 3932 716 3997 omnibus,
755 3932 909 3984 unde
957 3931 1083 3986 lites
1119 3936 1425 4002 augentur,
1459 3931 1647 3984 studio
1679 3931 1834 4002 pacis
1862 3949 2121 3988 summo-

425 4036 561 4092 pere
587 4035 645 4072 se
676 4019 1041 4089 interponere
1073 4022 1130 4072 et
1165 4035 1233 4072 ea
1263 4019 1601 4072 submovere
1626 4021 1767 4073 velle
1797 4021 2124 4078 conﬁrmat-

428 4109 720 4164 Baldricus
763 4107 896 4162 huic
939 4106 1235 4161 sententiae
1284 4106 1405 4159 haec
1452 4104 1650 4160 retulit
1685 4122 1696 4160 :
1731 4122 1847 4160 non
1893 4123 1923 4160 a
1962 4122 2021 4159 se
2062 4105 2124 4159 ﬁ-

2222 3049 2301 3104 tia
2332 3049 2401 3104 de
2433 3050 2724 3120 inproviso
2757 3050 3047 3118 adortum,
3082 3051 3215 3105 etin
3247 3051 3439 3122 fugam
3477 3049 3769 3118 conjectum,
3793 3045 3831 3093 et

2219 3137 2279 3190 in
2329 3153 2487 3190 sacra
2534 3136 2656 3192 aede
2707 3142 3084 3205 contutatum,
3137 3138 3229 3191 vix
3287 3144 3468 3192 morte
3516 3136 3828 3190 subtractum:

2220 3224 2510 3278 neminem
2575 3225 2695 3279 fore
2756 3231 2872 3278 tam
2937 3226 3283 3296 pacientem,
3342 3225 3440 3297 qui
3493 3225 3647 3278 talem
3700 3223 3830 3272 actam

2221 3313 2600 3384 periculosam
2639 3313 3046 3367 contumeliam
3089 3314 3332 3368 inultam
3377 3312 3604 3368 transire
3644 3308 3739 3379 pati
3763 3321 3834 3375 po-

2225 3401 2426 3456 tuisset
2459 3398 2550 3456 ωδ.
2605 3401 2892 3456 Baldricus
2941 3401 3039 3455 ubi
3071 3402 3432 3457 manifestius
3479 3396 3726 3455 intellexit
3763 3393 3834 3446 sibi

2223 3490 2431 3558 resisti,
2480 3490 2619 3545 dixit
2667 3506 3031 3561 nequaquam
3083 3507 3203 3544 rem
3254 3492 3469 3546 exitum
3516 3489 3679 3550 illum,
3713 3498 3835 3555 quem

2224 3578 2308 3632 illi
2359 3577 2772 3645 existimarent,
2833 3594 2954 3632 esse
3002 3578 3354 3634 habituram.
3407 3580 3471 3634 Et
3516 3592 3633 3630 cum
3675 3589 3728 3626 ex
3769 3572 3838 3623 hoc

2201 3667 2509 3724 tumultus
2555 3683 2704 3737 pene
2747 3666 3106 3735 excitaretur,
3138 3669 3374 3722 accessit
3401 3667 3469 3722 ad
3516 3681 3636 3720 eum
3666 3659 3839 3734 quidam

2227 3756 2440 3823 dicens,
2496 3760 2549 3810 et
2579 3757 2636 3810 id
2689 3756 2918 3810 clariori
2964 3773 3096 3810 voce
3148 3761 3210 3810 ut
3249 3773 3462 3828 magna
3507 3771 3628 3826 pars
3669 3763 3840 3805 suorum

2227 3845 2468 3910 audiret,
2515 3845 2679 3899 illum
2727 3861 2790 3898 ex
2825 3861 2892 3898 eo
2924 3862 3062 3916 agro
3093 3845 3284 3900 vivum
3320 3863 3435 3901 non
3475 3844 3744 3905 exiturum,
3771 3835 3842 3890 nisi

2229 3933 2337 3988 hoc
2399 3933 2610 3988 faceret
2673 3934 2825 4005 quod
2889 3933 3187 4006 episcopus
3252 3940 3310 3989 et
3373 3936 3713 3988 Wicmannus
3754 3940 3840 3979 con-

2230 4021 2571 4075 stituissent.
2635 4022 2757 4087 Qua
2819 4038 2957 4075 voce
3029 4024 3388 4094 perterritus,
3457 4020 3649 4076 annuit
3688 4021 3739 4070 ut
3774 4025 3842 4084 pax

2232 4110 2413 4175 ﬁeret,
2447 4125 2576 4180 quae
2608 4110 2677 4164 ab
2712 4109 2968 4181 utrisque
3019 4111 3090 4165 ad
3119 4117 3336 4166 certam
3375 4112 3524 4167 diem
3568 4104 3846 4162 sacramento

429 4199 563 4254 dem
595 4197 813 4263 laesam,
866 4210 1055 4266 neque
1087 4210 1119 4248 a
1148 4211 1206 4248 se
1235 4193 1626 4260 Commissum,
1677 4195 1830 4249 unde
1874 4193 2125 4248 amicitia
2152 4225 2195 4279 Β
2233 4198 2459 4254 ﬁrmata
2487 4203 2591 4252 est.

431 4284 665 4342 dissolvi
729 4283 1044 4350 debuisset;
1116 4282 1258 4336 scire
1319 4300 1378 4336 se
1436 4282 1671 4354 quidem
1730 4283 2126 4354 propinquum

431 4390 600 4429 suum
633 4390 747 4428 non
785 4373 883 4427 illa
915 4369 982 4407 ¹⁹¹
1031 4371 1270 4427 scientia
1299 4377 1398 4425 aut
1426 4372 1733 4442 prudentia
1770 4389 1892 4427 esse
1923 4378 1988 4427 ut
2019 4373 2129 4428 sibi

432 4463 752 4517 commissae
801 4461 1067 4532 dignitati
1115 4475 1312 4515 curam
1357 4459 1568 4514 habere
1620 4466 1838 4532 posset;
1890 4462 2020 4516 ideo
2069 4479 2128 4516 se

431 4550 588 4606 illius
651 4549 821 4604 rebus
887 4549 1286 4613 intermisisse,
1345 4555 1410 4603 ut
1465 4548 1518 4602 ei
1580 4549 1772 4619 potius
1832 4551 2131 4620 prodesset

435 4655 606 4712 quam
638 4639 882 4704 obesset,
912 4645 969 4694 et
998 4639 1054 4693 id
1088 4654 1196 4692 sua
1225 4638 1517 4692 voluntate
1546 4638 1663 4708 jam
1694 4638 1915 4708 pridem
1960 4656 2130 4711 agere

432 4729 697 4796 voluisse,
729 4727 776 4782 si
811 4727 880 4764 ¹⁹²
928 4727 1050 4799 ipse
1080 4727 1304 4798 copiam
1353 4742 1482 4781 cum
1513 4743 1581 4780 eo
1618 4727 1986 4798 colloquendi
2028 4729 2131 4782 ha-

433 4817 569 4874 bere
626 4817 930 4889 potuisset;
993 4816 1088 4871 sed
1136 4817 1216 4870 ita
1269 4815 1454 4880 illum,
1509 4814 1671 4886 quasi
1727 4816 1832 4869 sub
1883 4816 2132 4887 quadam

434 4906 711 4973 custodia,
771 4921 1001 4976 semper
1057 4921 1090 4959 a
1147 4903 1483 4958 Wicmanno
1540 4901 1865 4957 devinctum
1923 4908 1979 4957 et
2033 4903 2134 4958 tali

435 4995 736 5069 disciplina
771 4995 1164 5062 constrictum,
1209 4998 1275 5048 ut
1312 5008 1500 5066 neque
1542 4992 1615 5047 ad
1662 4998 2022 5047 momentum
2063 4993 2134 5048 ab

2731 4290 2781 4342 9.
2815 4290 2890 4342 De
2928 4287 3067 4342 dolis
3101 4289 3432 4343 Wicmanni.

2306 4375 2402 4431 Set
2455 4377 2663 4446 praeter
2726 4391 2793 4430 ea
2856 4376 2992 4430 dum
3055 4392 3278 4430 mecum
3346 4380 3564 4446 reputo,
3616 4373 3689 4424 tot
3718 4377 3849 4420 sacra-

2240 4468 2433 4519 menta
2463 4463 2680 4535 perfido
2717 4464 2911 4517 animo
2942 4470 3290 4536 perpetrata,
3324 4463 3706 4519 mirandumne
3729 4456 3784 4508 sit
3806 4465 3852 4502 an

2239 4553 2548 4609 dolendum
2583 4553 2805 4622 dubito,
2832 4569 2898 4607 eo
2937 4553 3093 4623 quod
3126 4553 3208 4607 illi
3242 4554 3342 4624 qui
3374 4567 3593 4606 summo
3621 4550 3796 4602 bonorc
3819 4542 3856 4589 et

2238 4641 2516 4714 dignitate
2547 4641 2771 4712 prmditi
2817 4642 2887 4696 ad
2915 4647 3136 4696 tantam
3166 4643 3474 4712 perﬁdiam
3503 4641 3609 4694 sint
3648 4626 3856 4690 devoluti.

2240 4735 2306 4785 ut
2345 4729 2483 4783 talia
2539 4735 2733 4784 contra
2773 4730 3063 4800 justiciam
3111 4730 3449 4786 Christiana:
3496 4726 3624 4784 ﬁdei
3667 4719 3859 4792 agerent.

2242 4817 2436 4888 qualia
2465 4832 2570 4870 nec
2600 4817 2712 4872 vile
2743 4819 2948 4888 vulgus
2989 4818 3336 4889 cogitatione
3376 4817 3601 4890 quidem
3629 4807 3861 4875 concipere

2242 4911 2648 4976 praesumeret;
2705 4906 2855 4961 unde
2910 4907 3082 4961 etiam
3120 4907 3440 4961 secundum
3487 4902 3748 4960 notarium
3777 4891 3861 4960 Spi-

2242 4993 2388 5048 ritus
2418 4994 2598 5048 sancti
2651 4994 2937 5050 dicentem
2972 5011 2986 5050 :
3018 4997 3139 5053 Non
3168 4997 3428 5066 loquatur
3465 5010 3520 5050 os
3560 5004 3714 5047 meum
3749 4991 3864 5052 ορίτα

1843 5107 2079 5163 νΑΒυΕ
2130 5106 2524 5163 LECTIONES.

509 5213 580 5253 ¹⁸⁸
639 5217 722 5270 ita
748 5215 825 5271 Ε.
857 5217 1193 5287 ιιονρωιηο.
1273 5211 1344 5287 ts}
1372 5230 1478 5269 vox
1527 5214 1750 5287 excidit.
1833 5212 1903 5287 {'5
1960 5213 2266 5287 injustit_c.
2348 5211 2427 5287 “’1
2473 5217 2665 5286 gestus
2724 5217 2770 5271 1.
2849 5213 2921 5250 ³⁸⁵
2977 5215 3342 5287 permitteret
3393 5231 3440 5271 c.
3520 5210 3590 5248 ¹⁸⁹
3638 5218 3798 5265 veram
3833 5214 3860 5249 t-

441 5281 514 5320 ¹⁹⁰
536 5300 787 5358 quemq;
825 5289 870 5342 t.
952 5285 1019 5322 ¹⁹¹
1051 5286 1207 5342 illic.
1289 5283 1359 5321 ¹⁹²
1389 5302 1448 5340 se
1475 5300 1522 5341 c.
1603 5283 1674 5320 ¹⁹³
1706 5281 2086 5358 susciperit't.

2169 5281 2239 5321 ¹⁹⁴
2269 5281 2524 5356 potuisse
2553 5301 2599 5341 c.

2074 5387 2298 5445 ΝΟΤᾸΞ.

507 5483 614 5554 (46)
646 5483 920 5540 Praefecti.
