3920 6190
161 271 264 325 473

986 265 1079 322 DE
1120 263 1584 321 DIVERSITATE
1624 259 2014 319 TEMPORUM
2058 260 2247 317 LIBRI
2287 260 2443 316 DUO.
2485 288 2553 299 --
2593 260 2718 314 LIB.
2761 259 2833 315 Il.

3550 260 3653 313 474

156 394 426 447 hominum
473 390 637 460 (Psal.
682 404 799 457 xvr,
849 387 921 457 4),
973 386 1151 441 timeo
1213 386 1426 440 referre
1489 383 1844 455 perversissi-
1874 384 1917 436 A
1956 382 2184 436 Talibus
2214 385 2271 436 et
2310 380 2437 435 aliis
2465 379 2862 450 hujuscemodi
2903 380 3074 434 rebus
3103 380 3274 434 corda
3300 395 3418 434 non
3447 396 3651 449 pauco-

157 497 276 535 mos
296 487 503 534 nostrae
547 494 734 532 mores
772 475 977 538 aetatis,
1011 480 1067 528 et
1092 490 1239 544 pene
1284 475 1443 528 nulla
1477 473 1589 528 ﬁde
1623 472 1846 527 stabili-

158 566 359 630 10519⁸,
394 575 480 622 set
535 584 677 621 caeca
718 564 1035 635 cupiditate
1077 562 1271 617 miseri
1328 562 1564 617 honoris
1607 567 1663 616 et
1692 562 1848 616 falsa:

159 658 425 731 potentiae
478 657 773 722 adductos,
827 653 1013 706 omnis
1060 651 1435 706 humanitatis
1485 657 1541 705 et
1579 651 1850 705 bonitatis

159 763 276 801 esse
310 747 518 800 oblitos
553 742 645 796 ³9⁸.
687 744 783 798 Set
821 748 954 796 sunt
997 741 1258 795 nonnulli
1314 741 1414 812 qui
1454 742 1850 794 Wicmannum

161 836 213 889 in
267 836 357 889 his
405 835 603 888 litibus
649 832 996 903 iniquiorem
1044 847 1165 885 esse
1213 831 1584 898 contendunt,
1637 830 1745 884 hoc
1790 828 1852 882 in

160 923 490 994 praesidium
526 938 643 975 suae
685 920 973 991 opinionis
1017 925 1392 984 assumentes,
1426 919 1578 989 quod
1611 934 1697 985 ea,
1728 934 1851 988 qua:

158 1013 234 1067 cis
264 1014 515 1066 Hrenum
564 1010 752 1063 minus
782 1009 840 1062 in
875 1008 1330 1078 possessionibus
1363 1008 1659 1070 habuerat,
1712 1023 1853 1077 qua-

158 1118 407 1171 cumque
436 1099 724 1153 celeritate
763 1096 1011 1163 consilii,
1045 1097 1251 1166 opibus
1282 1096 1525 1151 Baldrici
1553 1097 1855 1167 adaequare

158 1191 459 1244 niteretur.
484 1188 645 1252 Quod
678 1203 742 1240 ex
777 1188 979 1239 eventu
1026 1186 1117 1239 hic
1163 1187 1527 1256 sequentium
1562 1186 1723 1238 facile
1761 1201 1856 1239 co-

160 1278 359 1348 gnosci
402 1281 603 1347 potest.
656 1275 797 1329 Nam
846 1279 1073 1345 postero
1123 1274 1211 1327 die
1270 1274 1337 1328 ad
1397 1290 1651 1328 sororem
1695 1290 1858 1328 suam

162 1365 605 1436 colloquendam
655 1364 939 1417 Baldricus
983 1378 1113 1416 cum
1161 1363 1356 1431 paucis
1396 1363 1646 1415 Hrenum
1682 1367 1861 1415 trans-

163 1455 283 1509 ivit.
343 1455 761 1523 Compertoque
817 1451 939 1520 ejus
997 1468 1101 1520 per
1158 1451 1542 1521 exploratores
1593 1452 1857 1517 adventu,

162 1544 246 1598 illi
300 1545 369 1598 de
412 1542 619 1614 quibus
659 1541 1051 1611 praediximus,
1099 1540 1196 1609 qui
1226 1541 1460 1593 domum
1504 1540 1714 1593 sororis
1744 1557 1860 1594 suae

161 1632 589 1704 impetiverant,
630 1646 694 1684 ex
737 1630 947 1682 Munna
996 1628 1230 1699 egressi,
1262 1645 1390 1681 cum
1442 1645 1649 1698 magno
1699 1630 1861 1700 equi-
1892 1670 1932 1723 Β

160 1728 280 1776 tatu
318 1736 421 1790 per
458 1719 644 1788 ripam
694 1719 867 1772 Hreni
916 1718 1163 1771 latenter
1212 1717 1635 1782 descendentes,
1672 1717 1725 1771 ei
1761 1719 1859 1772 ad—

165 1810 654 1880 propinquarunt.
686 1809 819 1861 iNec
866 1812 1031 1859 antea
1078 1805 1182 1859 visi
1227 1810 1376 1870 sunt,
1424 1823 1593 1877 quam
1630 1808 1865 1877 propius

163 1899 354 1951 vicum
389 1896 773 1950 accessissent.
818 1898 889 1948 At
938 1894 1052 1961 isti,
1101 1895 1263 1965 equis
1292 1892 1360 1930 ⁸9⁷
1399 1895 1458 1948 in
1492 1900 1719 1965 pastum
1762 1912 1867 1965 per

165 1991 386 2056 segetes
430 1985 695 2047 dimissis,
733 1988 789 2037 et
834 1982 979 2036 nihil
1023 1984 1311 2052 timentes,
1359 1989 1667 2054 propterea
1713 1985 1865 2055 quod

166 2075 354 2145 pridie
396 2075 519 2143 ejus
549 2073 662 2127 diei
694 2089 798 2142 pax
831 2075 979 2125 esset
1016 2072 1166 2125 inter
1195 2089 1293 2126 eos
1335 2074 1644 2127 constituta
1686 2078 1742 2127 et
1771 2073 1865 2126 fir-

167 2168 343 2227 mata,
403 2160 695 2214 remissius
743 2158 813 2195 ‘93
859 2176 981 2213 sese
1040 2161 1302 2230 agebant.
1355 2160 1449 2214 Set
1494 2176 1622 2213 cum
1677 2160 1868 2214 hostes

170 2250 526 2305 obstinacius
557 2246 629 2286 ‘99
668 2265 836 2302 cursu
873 2248 1157 2319 impetum
1206 2250 1265 2303 in
1312 2266 1408 2303 eos
1454 2249 1638 2303 facere
1670 2264 1867 2302 cerne-

167 2344 319 2407 rent,
346 2338 607 2391 celeriter
647 2338 919 2392 revocatis
976 2338 1161 2407 equis,
1198 2342 1256 2392 et
1301 2337 1576 2407 bipertito
1609 2336 1864 2408 equitatu

171 2428 381 2494 diviso,
415 2431 472 2480 et
514 2442 618 2497 pro
668 2425 934 2496 angustia
982 2425 1257 2495 temporis
1290 2427 1411 2479 acie
1448 2425 1743 2489 instructa,
1773 2442 1870 2479 eos

168 2518 539 2585 exceperunt.
584 2516 839 2584 Cumque
870 2514 1078 2567 acriter
1106 2513 1176 2566 ab
1208 2514 1466 2585 utrisque
1497 2519 1866 2584 pugnaretur,

171 2604 371 2675 etjam
402 2618 494 2656 res
524 2602 584 2656 in
612 2618 679 2655 eo
716 2609 883 2670 esset,
919 2607 979 2655 ut
1008 2602 1362 2672 superiorem
1394 2618 1626 2655 manum
1661 2602 1871 2655 Baldri-

168 2710 266 2748 cus
318 2692 528 2746 habere
578 2691 886 2755 debuisset,
936 2696 1171 2762 propter
1219 2691 1553 2761 opinionem
1604 2691 1868 2744 omnium

169 2782 365 2835 subito
412 2796 684 2834 converso
711 2796 858 2851 equo
887 2780 1037 2850 fugae
1069 2796 1127 2834 se
1161 2780 1336 2846 dedit,
1370 2785 1425 2832 et
1445 2780 1516 2833 ad
1549 2779 1732 2850 ripam
1765 2796 1873 2832 na-

172 2870 421 2923 viculam
450 2872 670 2933 nactus,
707 2884 772 2921 ea
805 2868 1077 2938 profugit.
1120 2868 1280 2932 Quod
1310 2868 1485 2922 ceteri
1511 2868 1870 2939 conspicien-

172 2963 275 3024 tes,
327 2958 521 3012 itidem
577 2958 771 3027 fugam
827 2958 931 3010 hac
985 2964 1041 3011 et
1093 2948 1222 3011 illac
1268 2957 1540 3024 inierunt,
1593 2956 1871 3027 pluresin
1912 2947 1952 3003 C

174 3048 417 3102 ecclesia
454 3062 511 3099 se
540 3048 961 3100 concluserunt.
1012 3048 1399 3113 Wicmannus,
1435 3047 1533 3117 qui
1564 3052 1699 3100 tunc
1730 3046 1873 3099 forte

176 3137 242 3191 ab
286 3136 388 3189 illo
438 3136 561 3189 loco
595 3151 707 3188 non
758 3136 927 3205 longe
967 3135 1179 3199 aberat,
1226 3135 1427 3205 praelio
1475 3151 1578 3205 per
1622 3136 1875 3205 legatum

175 3230 429 3294 accepto,
462 3224 725 3277 celeriter
761 3224 1024 3289 accurrit,
1086 3223 1379 3277 ecclesiam
1416 3223 1715 3294 inrumpit,
1751 3240 1874 3277 eos—

177 3330 291 3385 que
325 3313 425 3383 qui
474 3312 534 3365 in
569 3309 659 3365 ea'
682 3328 739 3364 se
787 3311 1121 3365 abdiderant
1170 3312 1341 3380 cepit,
1373 3312 1717 3382 graviusque
1748 3310 1880 3364 reti-

179 3402 306 3456 neri
333 3402 525 3472 jussit,
574 3406 629 3454 et
678 3401 944 3454 Munnam
993 3400 1287 3466 adductos,
1318 3400 1392 3461 in
1423 3400 1650 3454 vincula
1688 3402 1878 3469 conje-

179 3492 275 3545 cit.
313 3491 388 3542 Ex
433 3504 499 3542 eo
525 3488 680 3541 enim
729 3488 939 3543 iterum
980 3488 1243 3542 redivivas
1288 3488 1440 3541 inter
1482 3505 1575 3542 eos
1608 3504 1736 3558 quae
1777 3504 1879 3540 an-

178 3584 272 3632 tea
325 3574 404 3610 ⁸⁰⁰
439 3576 751 3629 seditiones
804 3582 943 3629 ortae
987 3581 1158 3639 sunt;
1218 3580 1274 3629 et
1319 3576 1578 3646 quamvis
1625 3575 1879 3629 Baldrico

180 3682 368 3720 causa:
414 3664 686 3734 justiores
717 3665 774 3717 in
823 3665 949 3731 hac,
1001 3668 1060 3717 ut
1104 3665 1495 3734 prmdiximus,
1538 3665 1633 3718 lite
1683 3664 1884 3717 existe-

180 3762 331 3823 rent,
362 3761 559 3807 tamen
604 3754 663 3807 in
696 3754 802 3808 hoc
836 3753 1181 3820 inferiorari,
1217 3754 1368 3824 quod
1400 3754 1608 3807 milites
1643 3752 1731 3806 sui
1770 3768 1883 3805 cre-

180 3844 301 3899 bris
335 3842 798 3913 expeditionibus
831 3842 1145 3913 defatigati,
1174 3859 1279 3913 pro
1300 3848 1459 3896 tanto
1488 3842 1680 3895 labore
1710 3856 1883 3911 parva

180 3932 426 4003 praemia
456 3932 745 3985 consecuti
777 3936 928 3998 sunt,
982 3937 1037 3986 et
1066 3948 1208 3985 uxor
1247 3949 1349 3985 sua
1380 3932 1759 4001 dedignanter
1788 3945 1885 3983 eos

184 4021 532 4093 appellando
562 4025 619 4074 et
646 4021 939 4090 ignaviam
973 4026 1027 4074 et
1064 4020 1384 4074 socordiam
1415 4018 1881 4091 improperando,

184 4127 217 4164 a
271 4127 375 4163 suo
408 4110 681 4180 obsequio
734 4125 827 4162 eos
887 4109 1159 4163 dissuevit
1209 4115 1264 4163 et
1311 4110 1490 4163 multo
1538 4108 1885 4162 inﬁdeliores

186 4215 363 4270 quam
406 4203 573 4251 antea
602 4205 792 4251 essent
839 4198 1043 4252 effecit.
1081 4198 1414 4251 Domesticis
1445 4197 1616 4251 etiam
1648 4197 1724 4249 ita
1750 4212 1885 4266 gra-

185 4287 270 4339 vis
317 4285 523 4350 extitit,
583 4290 646 4339 ut
684 4302 787 4355 pro
844 4285 954 4338 levi
1008 4287 1175 4356 culpa
1205 4286 1486 4356 quosdam
1544 4284 1606 4338 in
1651 4284 1884 4338 exilium

189 4376 468 4439 mitteret,
504 4374 783 4445 quosdam
832 4379 1043 4441 autem,
1084 4391 1218 4427 naso
1250 4378 1347 4428 aut
1386 4373 1621 4427 auribus
1651 4372 1887 4427 desectis

188 4464 479 4518 deformes
533 4463 939 4532 aspicientibus
988 4464 1270 4529 redderet,
1320 4468 1376 4518 et
1406 4463 1665 4517 odiosam
1714 4461 1891 4515 vitam

189 4552 307 4605 illis
354 4556 697 4621 praesentem
748 4550 1015 4605 efliceret.
1063 4552 1335 4605 Nobilitas
1376 4550 1602 4622 generis
1660 4555 1716 4604 et
1761 4565 1891 4602 om-

191 4642 360 4694 nium
413 4638 708 4710 opulentia
755 4656 949 4693 rerum
999 4640 1345 4709 pernimium
1396 4656 1523 4695 eam
1571 4637 1790 4702 extulit,
1832 4637 1891 4690 in

189 4733 420 4783 tantum
448 4733 514 4781 ut
556 4727 728 4781 etiam
776 4728 931 4781 illius
975 4729 1201 4797 satyrici
1241 4746 1400 4784 versu
1446 4745 1561 4783 non
1603 4725 1891 4781 immerito

189 4816 382 4870 notari
420 4815 601 4886 possit
629 4818 771 4886 (Juv.
800 4834 873 4877 γι.
906 4816 1071 4889 460);

314 5000 707 5051 Intolerabilius
733 5000 867 5050 nihil
891 5006 969 5051 est
991 5014 1147 5065 quam
1184 5000 1378 5050 femina
1408 5001 1571 5051 dives.

1953 488 2083 526 rum
2116 489 2146 525 a
2174 470 2363 526 mariti
2391 470 2641 523 amicitia
2665 475 2721 523 et
2752 468 3138 523 familiaritate
3177 469 3382 522 avertit
3411 468 3504 521 ’01.

1962 565 2043 617 10.
2081 564 2160 616 De
2205 560 2443 615 exercitu
2480 562 2538 614 in
2577 563 2966 629 Bratuspantes
3012 561 3174 614 misso
3228 564 3278 613 et
3322 564 3478 629 capto
3524 559 3650 613 Bal-

2736 650 2904 704 drico.

2028 743 2093 797 In
2125 739 2475 795 dissensione
2512 755 2646 792 vero
2678 756 2805 810 quae,
2836 755 2986 792 nunc
3016 742 3139 792 orta
3170 742 3258 791 est
3288 736 3423 808 quia
3453 738 3655 789 neuter

1959 846 2156 886 eorum
2204 830 2263 883 in
2312 834 2466 883 tanta
2505 829 2936 899 propinquitate
2966 843 3234 897 agrorum
3266 830 3385 879 tuto
3432 840 3554 879 sese
3584 824 3654 879 ab

1961 922 2139 975 altero
2178 934 2372 973 cavere
2405 923 2613 988 posset,
2659 916 2966 971 concordia
3011 916 3219 971 iterum
3262 915 3415 968 inter
3446 930 3539 968 eos
3587 913 3653 967 ad

1962 1015 2174 1065 certam
2216 1008 2367 1062 diem
2407 1007 2665 1061 condicta
2718 1011 2819 1061 est.
2877 1007 2939 1060 In
2982 1022 3095 1077 quo
3146 1006 3329 1075 spatio
3380 1002 3657 1074 temporis

1964 1099 2148 1154 extitit
2184 1114 2368 1157 causa,
2399 1114 2511 1167 qua
2560 1097 2631 1149 ab
2675 1095 3019 1165 imperatore
3060 1094 3337 1149 exercitus
3368 1092 3424 1145 in
3458 1094 3655 1146 Bratu-

1965 1186 2262 1257 spancinm
2324 1186 2468 1239 fines
2522 1187 2843 1238 mitteretur
2893 1183 3063 1224 ²⁰²-
3112 1178 3371 1236 audierat
3419 1181 3595 1245 enim,
3628 1196 3661 1232 a

1967 1274 2310 1345 quibusdam
2362 1272 2706 1342 importunis
2749 1278 2807 1326 et
2866 1271 3150 1326 seditiosis
3198 1269 3532 1324 hominibus
3576 1285 3661 1322 re-

1968 1364 2195 1435 gionem
2241 1360 2634 1432 frequentibus
2666 1360 3085 1414 incursionibus
3118 1358 3400 1413 devastari
3432 1388 3492 1397 —
3521 1373 3536 1422 ;
3570 1355 3661 1408 cui

1968 1450 2239 1505 exercitui
2282 1450 2627 1504 Adelboldus
2660 1449 2957 1519 episcopus
2996 1452 3051 1502 et
3094 1448 3205 1502 dux
3236 1445 3576 1501 Godefridus
3606 1447 3663 1496 et

1968 1542 2331 1594 Wicmannus
2374 1542 2674 1602 praeerant.
2726 1537 3064 1601 Baldricum,
3111 1537 3245 1606 quia
3277 1535 3366 1588 his
3396 1534 3662 1587 adversus

1970 1646 2114 1700 quos
2158 1629 2436 1683 exercitus
2484 1629 2798 1683 ducebatur
2855 1627 3069 1681 amicus
3123 1631 3263 1688 erat,
3325 1638 3516 1677 secum
3568 1622 3663 1674 ha-

1972 1720 2107 1773 bere
2137 1718 2426 1772 nolebant.
2471 1717 2566 1771 llis
2591 1716 2878 1787 profectis,
2916 1714 3206 1770 Baldricus
3239 1713 3410 1768 dabat
3430 1724 3665 1780 operam

1973 1808 2288 1873 Gerhardo,
2344 1807 2413 1860 de
2460 1823 2574 1876 quo
2626 1822 2799 1876 supra
2848 1805 3119 1869 diximus,
3174 1802 3271 1873 qui
3314 1802 3434 1872 jam
3468 1797 3665 1852 multis

1973 1896 2175 1951 diebus
2206 1896 2694 1949 municiunculam
2732 1895 3060 1961 Hengibach
3089 1894 3201 1959 (47)
3230 1890 3470 1945 obsedit.
3505 1890 3568 1941 In
3592 1887 3669 1939 al-

1971 1983 2206 2038 tissimis
2257 1999 2507 2052 namque
2563 1982 2804 2052 rupibus
2851 1983 2975 2047 sita,
3024 1977 3486 2049 inexpugnabilis
3522 1978 3663 2029 erat.

1972 2073 2065 2128 Set
2092 2079 2286 2126 tamen
2319 2072 2639 2125 diutissima
2681 2071 2977 2124 obsidione
3021 2068 3298 2140 oppidani
3338 2064 3581 2136 fatigati,
3615 2066 3670 2117 et

1975 2162 2240 2217 omnibus
2272 2177 2400 2231 quas
2449 2176 2638 2214 secum
2673 2159 2959 2213 habebant
3005 2156 3382 2226 consumptis,
3412 2172 3471 2207 se
3502 2152 3669 2207 dedi-

1975 2252 2201 2306 derunt.
2248 2250 2555 2304 Itineribus
2619 2249 2856 2303 Baldrici
2901 2247 3232 2317 exploratis,
3284 2241 3665 2304 Gevehardus,

1976 2340 2075 2410 qui
2110 2340 2344 2393 domum
2402 2339 2611 2392 sororis
2642 2354 2759 2392 suae
2799 2337 2986 2391 viduae
3042 2335 3324 2406 praedictae
3364 2332 3669 2393 invaserat,

1977 2447 2176 2485 omnes
2207 2430 2323 2484 vias
2352 2429 2576 2484 obsedit
2623 2435 2676 2482 et
2724 2443 2948 2481 summa
2989 2423 3305 2495 diligentia,
3339 2422 3384 2475 si
3417 2436 3547 2474 eum
3580 2418 3667 2471 in-

1976 2525 2239 2591 paratum
2272 2519 2631 2589 aliquatenus
2661 2517 2818 2571 adire
2848 2520 3061 2586 posset,
3095 2530 3222 2568 cum
3256 2512 3374 2566 suis
3402 2508 3670 2564 omnibus

1978 2608 2329 2678 invigilabat.
2382 2608 2493 2661 Nec
2531 2606 2731 2659 fefellit
2777 2605 3009 2659 fortuna
3053 2602 3357 2656 consilium
3398 2597 3667 2654 hominis.

1984 2698 2123 2751 Nam
2175 2696 2481 2760 Baldricus,
2542 2694 2845 2749 clientibus
2876 2693 2993 2747 suis
3050 2693 3107 2746 in
3131 2708 3232 2745 sua
3288 2692 3410 2745 loca
3464 2690 3571 2743 hac
3620 2691 3676 2739 et

1979 2787 2108 2840 illac
2148 2786 2416 2852 dimissis,
2450 2801 2579 2838 cum
2629 2783 2823 2855 paucis
2862 2783 3158 2838 Coloniam
3209 2798 3403 2835 versus
3447 2780 3556 2833 iter
3584 2777 3670 2830 in-

1980 2874 2200 2928 cautius
2230 2875 2529 2944 adgressus
2558 2878 2660 2927 est.
2693 2874 2872 2937 Quem
2906 2888 3039 2925 mox
3087 2870 3266 2925 hostis
3311 2868 3589 2937 conspicit
3620 2870 3676 2920 et

1983 2963 2153 3016 celeri
2192 2980 2361 3017 cursu
2395 2962 2739 3033 insequitur,
2772 2977 2901 3014 cum
2942 2961 3038 3013 ille
3087 2960 3157 3013 de
3202 2956 3513 3027 improviso
3539 2970 3675 3025 per—

1984 3052 2217 3107 territus
2261 3055 2316 3105 et
2355 3051 2569 3104 viribus
2607 3050 2937 3109 dissolutus.
2983 3054 3047 3102 ut
3076 3065 3181 3101 nec
3216 3047 3448 3117 quidem
3489 3060 3678 3098 ascen-

1985 3158 2109 3195 sum
2138 3141 2270 3211 equi
2319 3139 2683 3194 accurtatoris
2726 3137 2800 3173 ²⁰³
2832 3138 2930 3208 qui
2974 3139 3140 3205 juxta
3183 3152 3314 3189 eum
3368 3134 3683 3189 ducebatur

1984 3234 2310 3300 temptaret,
2344 3234 2540 3297 captus
2571 3232 2672 3289 est,
2708 3232 2762 3281 et
2799 3229 2869 3281 ab
2903 3226 3180 3296 indignis,
3212 3224 3389 3278 barba
3418 3240 3483 3277 ex
3519 3226 3682 3292 parte

1987 3321 2211 3373 exvulsa
2244 3324 2296 3372 et
2327 3318 2543 3385 colatis,
2576 3318 2846 3383 infractis,
2893 3317 3047 3370 omni
3080 3315 3419 3377 indignitate
3451 3317 3536 3366 est
3572 3312 3681 3366 ha-

1986 3409 2157 3463 bitus.
2192 3408 2274 3461 Ad
2304 3409 2592 3470 Munnam,
2624 3407 2919 3461 castellum
2970 3404 3308 3470 Wicmanni,
3357 3418 3486 3457 cum
3527 3416 3682 3455 sum-

1988 3513 2082 3550 mo
2113 3496 2325 3566 probro
2366 3496 2641 3548 deductus
2674 3501 2777 3561 est,
2803 3494 2998 3563 ibique
3040 3494 3210 3547 minis
3239 3499 3295 3546 et
3328 3492 3505 3545 nimia
3537 3489 3684 3544 furia

1988 3584 2292 3645 victorum,
2333 3588 2394 3635 ut
2430 3583 2699 3649 Aspolam
2732 3582 2983 3635 traderet
3023 3582 3130 3635 nisi
3163 3582 3347 3650 capite
3392 3580 3686 3632 maluisset

1990 3672 2180 3744 plecti,
2215 3672 2686 3739 compellebatur.
2722 3671 2823 3725 Ille
2854 3687 2986 3724 vero
3032 3671 3303 3735 legatum,
3336 3684 3510 3737 quem
3552 3668 3685 3721 illuc

1990 3761 2264 3827 mitteret,
2305 3758 2642 3829 expostulat.
2692 3760 2815 3822 Quo
2844 3759 3151 3827 impetrato
3184 3756 3277 3825 20‘,
3308 3757 3486 3823 aliqui
3528 3772 3590 3809 ex
3616 3755 3686 3790 εοδ

1993 3850 2110 3903 suis
2140 3850 2209 3902 ad
2244 3864 2374 3902 eum
2407 3852 2708 3914 Venerunt,
2752 3851 2806 3900 et
2835 3863 2903 3900 ex
2941 3862 3074 3899 casu
3114 3846 3237 3913 ejus
3276 3845 3459 3898 multo
3492 3844 3686 3898 dolore

1994 3943 2051 3993 et
2070 3937 2379 4009 gemitibus
2410 3935 2643 3999 affectis,
2675 3934 3057 3989 munitionem
3090 3933 3237 3987 tradi
3262 3932 3453 4001 jussit.

2175 4030 2258 4081 ll.
2290 4026 2367 4079 De
2412 4025 2742 4088 Gevehardo,
2775 4029 2823 4078 et
2854 4024 3096 4079 Baldrici
3126 4023 3506 4089 redemptione.

2066 4115 2273 4171 Godizo
2314 4114 2382 4181 is,
2423 4115 2492 4168 de
2524 4131 2637 4183 quo
2686 4130 2860 4182 supra
2899 4111 3148 4167 diximus
3205 4111 3321 4179 (lib.
3356 4127 3394 4175 ι,
3441 4123 3562 4176 cap.
3610 4106 3686 4175 2),

1999 4203 2356 4274 propinquus
2398 4202 2738 4256 venerabilis
2770 4202 3089 4271 Liutgardte
3121 4203 3176 4253 et
3204 4198 3397 4253 uxoris
3431 4195 3687 4263 Baldrici,

1997 4292 2250 4347 moriens
2266 4291 2593 4360 Hengibach
2622 4294 2677 4344 et
2709 4291 2974 4359 Aspolam
3008 4289 3065 4342 in
3092 4286 3368 4343 Gerhardi
3400 4284 3471 4321 ²⁰⁶
3496 4284 3689 4352 tidem,

1999 4381 2137 4452 quia
2182 4379 2539 4449 propinquus
2573 4383 2713 4441 erat,
2758 4382 2821 4432 ut
2861 4394 3096 4431 uxorem
3144 4380 3199 4430 et
3232 4376 3377 4429 ﬁlias
3422 4375 3544 4443 ejus
3570 4389 3695 4443 par-

1999 4450 2158 4522 vulas
2220 4467 2485 4524 nutriret.
2539 4466 2790 4520 tradidit.
2843 4466 3167 4521 Gerhardus
3209 4480 3340 4518 vero
3401 4450 3690 4533 Aspolam,

2000 4557 2135 4628 quia
2166 4556 2420 4627 proxima
2469 4559 2610 4619 erat,
2659 4555 2913 4608 Baldrico
2945 4553 3250 4617 commisit,
3283 4556 3339 4606 et
3368 4551 3694 4621 Hengibach

2001 4645 2208 4710 viduaa,
2253 4644 2370 4697 suis
2418 4643 2687 4696 custodiis
2731 4642 2999 4695 adhibitis
3044 4641 3137 4708 ’0',
3174 4640 3321 4695 tueri
3344 4640 3531 4708 jussit.
3558 4640 3695 4702 Quae

2003 4732 2377 4787 muliebribus
2408 4730 2483 4766 ²⁰⁸
2534 4730 2701 4784 rebus
2746 4730 2980 4799 agitata,
3014 4728 3255 4782 accitum
3297 4726 3694 4782 Gevehardum

2004 4822 2069 4875 ad
2100 4839 2157 4874 se
2198 4819 2451 4886 admisit,
2506 4823 2560 4873 et
2593 4818 2699 4871 sibi
2745 4817 2803 4870 in
2853 4817 3185 4887 conjugium
3236 4814 3543 4885 copulavit:
3596 4813 3696 4866 Hic

2002 4910 2169 4963 miles
2200 4910 2451 4978 primum
2508 4905 2751 4961 Baldrici
2797 4906 3002 4968 fuerat,
3054 4910 3139 4959 set
3169 4904 3303 4973 quia
3337 4904 3456 4956 haec
3501 4901 3698 4955 omnia

2003 5014 2072 5051 eo
2105 4998 2379 5052 insciente
2410 5001 2466 5051 et
2494 4996 2616 5050 sine
2655 4996 2778 5066 ejus
2807 4995 3043 5049 consilio
3080 4995 3397 5064 peregerat,
3433 4996 3489 5043 et
3518 4991 3696 5061 Aspo-

1597 5072 1831 5127 VARUE
1888 5072 2281 5131 LECTIONES.

264 5142 337 5180 '9‘
368 5143 649 5198 stabilitas
690 5160 829 5199 corr.
877 5143 1160 5198 stabilitos
1190 5159 1234 5197 ο.
1343 5141 1413 5180 ¹9⁶
1443 5143 1671 5198 oblutos
1708 5160 1751 5197 ο.

184 5216 442 5283 corrigo;
479 5232 590 5284 que
620 5216 852 5286 quiinea
885 5217 1031 5269 linea
1083 5215 1430 5286 subductqm_
1454 5230 1499 5268 c.

1859 5140 1926 5179 ‘97
1958 5162 2125 5202 manu
2153 5151 2205 5200 2.

1606 5212 1674 5251 ²⁰¹
1706 5213 1952 5267 advertit
2004 5233 2048 5271 c.

3496 5138 3571 5174 ²⁰⁰
3616 5142 3699 5193 ita

3408 5210 3483 5245 ²⁰³
3520 5213 3601 5265 ita
3642 5214 3690 5264 l.

2878 5140 2948 5181 19³
2996 5140 3316 5195 obtinacius
3346 5156 3389 5194 c.

2894 5214 3218 5268 mitteretur
3249 5227 3295 5267 ο.

2314 5143 2384 5183 ¹⁹⁸
2422 5145 2688 5199 remisius
2723 5148 2772 5198 1.

2155 5216 2229 5252 ’0³
2276 5217 2642 5271 mitterentur
2694 5231 2831 5271 corr.

280 5279 1119 5368 qz'spad'onis'?)accuratioris
1174 5289 1226 5340 2.
1303 5283 1376 5320 ²⁰⁰
1416 5284 1697 5356 imperato
1747 5300 1792 5339 ο.
1870 5284 1941 5322 ²⁰⁵
1966 5303 2033 5342 ex
2064 5292 2111 5342 l.
2143 5304 2193 5343 θ.
2232 5291 2267 5342 2
2342 5285 2415 5322 ²⁰⁶
2463 5287 2702 5358 gehardi
2745 5303 2791 5341 ο.
2868 5284 2940 5321 ²⁰⁷
2989 5284 3277 5340 adhibitus
3324 5298 3368 5337 c.
3448 5279 3522 5315 ²⁰⁸
3572 5297 3693 5335 mu-

1829 5426 2050 5481 ΝΟΤίΕ.

182 5356 426 5412 lieribns
460 5372 505 5411 c.

257 5499 377 5569 (t7)
407 5496 725 5554 Heimbach
754 5498 815 5553 in
844 5497 1025 5554 Eiﬂia.
