4016 6202
336 338 439 390 475

1291 330 1588 384 ALPEHTI
1629 330 1683 382 S.
1730 327 2207 382 SYill’HOltlANl
2248 326 2544 382 METENS.
2592 326 2891 382 MONACII.
3723 333 3806 384 i76

337 458 474 524 lam,
519 471 648 527 qua:
695 444 801 509 sub
850 469 952 507 sua
996 456 1277 524 potestate
1327 456 1466 518 erat,
1516 467 1587 504 ex
1633 455 1795 520 parte
1839 448 2032 504 uxoris
2063 451 2108 504 A
2147 450 2206 502 in
2226 464 2284 502 eo
2339 449 2477 517 quid
2530 449 2670 501 mihi
2708 449 2782 502 sit
2827 452 3138 503 eventurum
3184 449 3463 516 ignorans,
3508 457 3584 505 set
3641 455 3730 508 Deo
3768 460 3809 508 et

338 545 731 616 appetiturum
795 547 1158 613 cognoverat,
1211 557 1326 611 qua
1359 555 1548 594 carere
1598 539 1850 604 nolebat,
1905 538 2050 592 ami-

337 633 534 688 citiam
576 633 700 702 ejus
746 630 955 701 repulit
993 634 1048 682 et
1098 629 1340 682 militem
1401 626 1699 682 abdicavit.
1754 626 1863 691 Qui
1915 643 2047 680 cum

339 723 464 792 ejus
515 720 787 790 potentia:
834 719 1098 773 resistere
1159 733 1275 770 non
1321 720 1531 786 posset,
1586 715 1918 769 Wicmanno
1987 733 2046 770 se

339 809 563 864 devovit
593 810 832 880 ejusque
855 805 1114 877 imperiis
1139 822 1198 859 se
1235 805 1505 859 subdidit.
1544 804 1674 859 Haec
1713 809 1834 858 erat
1873 820 2046 858 causa

337 915 468 969 quae
525 896 918 954 Gevehardum
967 901 1164 949 contra
1227 893 1548 947 Baldricum
1600 893 1940 947 accenderat
1989 899 2043 946 et

337 988 488 1041 inter
532 1003 628 1039 eos
661 984 962 1039 discidium
993 984 1220 1037 fecerat.
1251 982 1486 1053 Aliquot
1513 981 1714 1036 diebus
1755 981 2042 1035 Baldricus

337 1091 470 1129 cum
507 1074 567 1128 in
589 1073 827 1126 vinculis
858 1077 1169 1137 teneretur,
1217 1069 1530 1140 postulavit
1561 1075 1622 1124 ut
1670 1074 1900 1140 accepta
1944 1085 2041 1141 pe-

338 1162 526 1227 cunia,
560 1167 838 1232 quantam
869 1160 1141 1214 voluisset
1189 1158 1593 1213 dimitteretur.
1647 1159 1927 1228 Cumque,
1981 1164 2041 1211 ut

338 1250 434 1304 ille
464 1250 570 1303 hoc
619 1248 856 1302 laudare
905 1248 1093 1317 vellet,
1145 1247 1237 1300 vix
1283 1251 1601 1318 cogeretur,
1638 1247 1947 1312 constituit,
1978 1252 2041 1301 ut

340 1336 490 1390 intra
514 1337 916 1390 brevissimum
949 1336 1205 1406 spacium
1240 1333 1516 1404 temporis
1547 1334 1660 1387 duo
1692 1334 1850 1388 milia
1871 1333 2040 1387 libra-

337 1441 469 1478 rum
499 1425 722 1495 argenti
747 1425 1135 1494 proﬁteretur.
1182 1424 1260 1476 Ea
1291 1423 1526 1493 quidem
1575 1423 1796 1477 ratione
1842 1422 2037 1477 dimis-

339 1529 434 1566 sus
455 1518 560 1578 est,
594 1518 649 1566 et
672 1513 770 1566 ille
803 1511 1092 1566 obsidibus
1123 1511 1193 1564 de
1227 1509 1469 1580 pecunia
1495 1510 1747 1566 cavebat.
1781 1511 2039 1582 Cumque

341 1601 458 1654 haec
508 1600 947 1670 conquireretur
1007 1605 1064 1653 et
1105 1599 1461 1653 conferretur
1517 1597 1609 1664 '09,
1663 1605 1716 1652 et
1741 1601 1859 1668 jam
1909 1617 2038 1670 pars

341 1688 605 1759 quaedam
657 1687 789 1741 data
837 1691 982 1740 esset
1043 1687 1342 1756 episcopus
1389 1691 1444 1741 et
1490 1688 1854 1740 Wicmannus
1901 1704 2032 1742 cum
2067 1727 2107 1780 Β

342 1775 590 1830 exercitu
648 1775 962 1839 redierunt,
1012 1791 1131 1829 rem
1180 1780 1399 1845 gestam
1444 1792 1477 1829 a
1514 1775 1891 1830 referentibus
1939 1793 2032 1831 co-

341 1869 687 1933 gnoverunt,
718 1867 776 1916 et
812 1867 1100 1927 eventum,
1151 1864 1327 1916 tantis
1375 1863 1705 1917 infortuniis
1751 1863 1868 1918 suis
1916 1865 2038 1919 exi-

342 1951 630 2021 gentibus,
696 1955 753 2005 et
807 1950 990 2005 nimia
1052 1949 1127 1987 ²¹⁰
1186 1952 1640 2021 obtemperantia
1687 1953 1880 2006 uxoris
1924 1953 2036 2022 (48)

340 2038 726 2093 commiserati
785 2044 932 2092 sunt.

341 2127 712 2192 conveniunt,
755 2127 1150 2182 Gevehardum
1209 2127 1616 2195 adhibuerunt,
1657 2132 1713 2182 et
1767 2133 1834 2182 ut
1877 2128 2037 2183 illam

342 2215 646 2286 pecuniam
687 2221 895 2286 praeter
937 2216 1390 2286 quadringentas
1431 2216 1607 2270 libras
1653 2216 1875 2287 argenti
1909 2217 2039 2271 Bal-

343 2303 500 2358 drico
551 2304 897 2375 indulgeret,
943 2304 1346 2374 perfecerunt;
1375 2309 1430 2358 et
1473 2304 1591 2373 ille,
1628 2305 1696 2359 de
1727 2305 1816 2359 his
1847 2305 2039 2359 omni-

340 2393 446 2446 bus
475 2408 602 2463 quaa
633 2392 692 2445 in
727 2408 861 2445 eum
892 2391 1198 2446 commissa
1223 2399 1358 2446 sunt
1396 2393 1614 2447 nullam
1649 2409 1922 2465 umquam
1951 2395 2038 2448 ul-

343 2479 558 2534 tionem
593 2483 902 2550 expeteret,
935 2484 1288 2532 sacramento
1320 2479 1584 2534 ﬁrmavit.

826 2571 914 2622 l2.
949 2571 1025 2623 De
1052 2583 1176 2622 nece
1217 2569 1527 2622 Wicmanni
1558 2570 1701 2639 (49).

416 2655 536 2709 Non
571 2656 750 2709 multo
782 2664 1042 2726 tempore
1083 2661 1210 2726 post
1247 2655 1363 2725 (un.
1398 2659 1556 2727 lOlG)
1591 2658 1711 2712 haec
1743 2657 2037 2712 familiari-

341 2743 448 2798 bus
489 2745 804 2814 amicisque
857 2744 1097 2798 Baldrici
1129 2750 1186 2799 et
1224 2745 1542 2799 Wicmauui
1580 2746 1942 2816 complacuit,
1978 2751 2042 2800 ut

340 2833 629 2903 deinceps,
677 2831 835 2886 omni
883 2832 1170 2886 simultate
1211 2834 1548 2904 postposita,
1585 2851 1692 2904 pax
1738 2835 1955 2888 stabilis
1987 2838 2040 2890 et

342 2920 480 2974 lides
511 2921 679 2974 firma
722 2921 873 2974 inter
903 2936 1001 2974 eos
1052 2921 1389 2975 sanciretur.
1440 2922 1602 2986 Quod
1647 2938 1776 2975 cum
1841 2939 2038 2976 omnes

1007 2039 1074 2092 Et
1115 2038 1330 2092 indicto
1374 2044 1681 2105 conventu,
1744 2040 1914 2094 simul
1969 2043 2038 2077 ²¹¹
2089 2088 2096 2095 .

2157 541 2348 590 vestra:
2388 536 2518 604 ﬁdei
2559 551 2639 589 me
2685 536 2919 590 medium
2960 540 3255 606 interpono.
3289 538 3548 609 Cumque
3596 540 3690 606 illi,
3733 558 3812 596 ve-

2156 625 2458 678 hementer
2500 622 2786 676 admirans
2836 640 3010 694 super
3054 624 3222 678 verbo
3253 627 3382 691 hoc,
3433 626 3662 682 dixisset
3695 629 3815 684 nihil

2155 713 2509 767 incommodi
2551 713 2663 766 Deo
2714 712 3049 782 disponente
3099 719 3200 768 aut
3241 715 3578 782 aversitatis,
3611 722 3688 770 set
3713 733 3816 770 om-

2155 801 2252 854 nia
2284 817 2412 872 quaa
2445 817 2560 856 sua:
2581 801 2751 856 saluti
2783 806 2838 856 et
2865 801 3069 855 honori
3111 807 3514 873 congruerent,
3545 803 3646 858 sibi
3678 819 3819 858 even-

2153 894 2303 957 tura,
2348 890 2640 961 ingressus
2688 896 2790 944 est.
2847 892 3102 961 Uxorque
3145 891 3388 946 Baldrici
3427 892 3546 946 solo
3588 908 3815 963 corpore,

2154 994 2271 1032 non
2309 979 2523 1048 animo,
2579 980 2912 1050 procedens,
2955 979 3219 1050 plurimis
3260 979 3468 1045 verbis,
3518 985 3581 1033 ut
3609 995 3723 1034 mos
3748 987 3820 1034 est

2152 1066 2532 1133 adulantium,
2576 1067 2739 1121 illum
2792 1069 3055 1138 suscepit.
3104 1068 3251 1122 Sane
3295 1068 3534 1138 quidem
3591 1084 3727 1137 pene
3768 1069 3818 1122 in

2150 1154 2393 1225 singulis
2444 1155 2741 1210 sententiis
2793 1159 2992 1209 contra
3021 1173 3144 1210 eam
3194 1157 3410 1210 bellum
3441 1157 3716 1225 suscipere
3755 1161 3818 1212 vi-

2149 1243 2306 1309 deor,
2337 1244 2475 1298 dum
2520 1243 2750 1310 invitus,
2783 1261 2909 1315 quae
2942 1244 3010 1298 de
3043 1245 3140 1298 illa
3186 1245 3539 1310 referuntur,
3590 1261 3814 1298 necessa-

2148 1332 2235 1386 rio
2263 1333 2464 1387 ordine
2504 1349 2784 1403 exponere
2828 1349 3020 1403 cogor.
3055 1334 3176 1399 llla,
3229 1333 3421 1387 statim
3463 1338 3526 1386 ut
3557 1333 3814 1402 ingressus

2148 1426 2255 1488 est,
2300 1421 2370 1476 de
2413 1426 2595 1475 morte
2642 1421 2892 1474 hominis
2946 1425 3188 1475 tractare
3237 1421 3433 1490 coepit,
3489 1425 3545 1474 et
3591 1421 3810 1491 primum

2149 1510 2379 1564 venenis
2427 1509 2758 1580 extinguere
2806 1510 3124 1579 temptavit.
3163 1509 3259 1564 Set
3301 1525 3434 1563 cum
3467 1509 3575 1562 hoc
3604 1509 3735 1562 nihil
3763 1525 3811 1562 se

2147 1599 2423 1668 proiicere
2498 1598 2898 1652 animadvertit
2968 1597 3242 1651 insciente
3305 1597 3538 1664 marito,
3607 1598 3812 1650 consilio

2146 1703 2278 1741 cum
2321 1687 2545 1741 duobus
2596 1687 2761 1752 inito,
2820 1703 2934 1740 uno
2983 1703 3046 1739 ex
3103 1686 3384 1740 militibus
3441 1691 3499 1739 et
3544 1687 3712 1740 altero
3754 1684 3812 1722 ²¹²

2147 1792 2306 1830 Servo
2327 1775 2526 1846 ipsius,
2550 1774 2786 1845 perditis
2807 1774 3159 1838 hominibus,
3180 1773 3563 1844 promissione
3594 1774 3810 1837 ﬁrmata,

2147 1863 2293 1917 datis
2317 1863 2549 1932 dextris,
2581 1867 2642 1917 ut
2670 1879 2802 1916 eum
2852 1862 3390 1933 quomodocumque
3434 1862 3808 1926 interﬁcerent,

2148 1953 2416 2007 obtinuit.
2460 1951 2657 2006 Tercio
2691 1951 2802 2016 die,
2859 1951 3023 2005 ﬁnito
3075 1951 3357 2015 convivio,
3413 1967 3622 2020 magno
3654 1949 3811 2002 comi-

2149 2043 2267 2093 tatu
2311 2056 2438 2093 cum
2486 2039 2693 2093 laeticia
2759 2044 2814 2092 et
2855 2039 3212 2109 jocunditate
3269 2038 3565 2095 Baldricus
3614 2037 3814 2092 deducit

2148 2129 2471 2183 abeuntem.
2505 2128 2723 2192 Quibus
2770 2127 3262 2198 proﬁciscentibus
3293 2129 3368 2160 "3
3415 2128 3558 2194 (Oct.
3600 2128 3670 2194 6),
3707 2126 3812 2196 qui-

2146 2217 2276 2271 dam
2333 2233 2398 2271 ex
2459 2222 2616 2287 parte
2672 2216 2868 2270 uxoris
2927 2215 3192 2284 Baldrici,
3242 2215 3474 2269 intuens
3527 2213 3813 2268 Wicmanni

2147 2304 2492 2375 elegantiam
2520 2309 2576 2357 et
2604 2304 2960 2358 honestatem
2999 2303 3272 2368 hominis,
3308 2303 3452 2356 dixit
3484 2303 3553 2356 ad
3589 2301 3809 2355 socium:

2152 2395 2282 2446 Tam
2311 2392 2632 2461 prudentem
2679 2394 2860 2445 cirum
2886 2396 2936 2444 et
2989 2397 3101 2446 tam
3128 2392 3312 2461 probis
3341 2391 3582 2445 moribus
3621 2389 3813 2443 decora-

2149 2485 2331 2534 tumet
2364 2485 2439 2534 tot
2481 2480 2775 2535 virtutibus
2822 2482 3148 2550 praeclarum
3193 2497 3298 2534 non
3351 2482 3520 2546 facile
3557 2481 3814 2548 quisquam

2148 2571 2435 2638 repperiet.
2464 2567 2566 2622 Cui
2612 2568 2758 2621 alter
2787 2569 3116 2638 respondit:
3155 2570 3403 2636 Expecta
3447 2569 3734 2637 paulisper,
3773 2568 3815 2618 et

2147 2658 2352 2712 videbis
2380 2659 2541 2711 istius
2573 2657 2909 2711 invictissimi
2937 2657 3168 2711 hominis
3194 2657 3428 2724 gloriam
3461 2659 3517 2710 in
3539 2657 3680 2709 brevi
3700 2671 3813 2724 pcr-

2148 2750 2372 2800 ituram.
2407 2747 2476 2799 Ex
2509 2761 2622 2816 qua
2651 2762 2710 2799 re
2732 2746 3041 2816 colligitur,
3079 2761 3206 2799 vere
3235 2750 3436 2800 contra
3467 2761 3596 2799 eum
3635 2743 3812 2797 factam

2149 2833 2628 2904 conspirationem
2665 2833 2856 2887 fuisse.
2891 2833 2987 2887 Set
3010 2849 3137 2886 cum
3173 2849 3288 2885 non
3320 2831 3546 2902 longius
3593 2829 3812 2883 miliario

2149 2923 2221 2976 ab
2253 2921 2464 2993 Oppido
2498 2922 3006 2991 progrederentur,
3055 2926 3111 2974 et
3141 2920 3517 2975 Wicmannus
3564 2933 3686 2972 cum
3718 2933 3813 2969 uno

339 3026 458 3064 uno
502 3009 696 3062 animo
739 3009 1152 3077 collaudarent,
1205 3010 1275 3063 ad
1316 3011 1688 3064 constitutam
1727 3010 1877 3065 diem
1923 3011 2031 3065 ite-
2068 3013 2108 3068 C
2152 3011 2216 3064 de
2258 3027 2359 3063 sua
2410 3026 2470 3063 re
2519 3009 2790 3063 familiari
2823 3025 3017 3063 secum
3062 3007 3253 3078 agenti
3298 3008 3602 3078 paululum
3638 3020 3814 3076 praece-

341 3110 472 3148 rum
513 3109 712 3147 omnes
741 3094 1104 3148 conveniunt.
1139 3095 1268 3148 Post
1316 3093 1496 3148 multa
1525 3093 1810 3165 colloquia
1859 3101 2038 3149 trans-

343 3183 819 3237 ieruntundecim
850 3198 979 3237 cum
1031 3182 1286 3236 Baldrico
1335 3188 1394 3238 et
1438 3183 1677 3238 totidem
1725 3201 1853 3238 cum
1886 3185 2038 3239 Wic-

343 3287 576 3334 manno.
636 3271 988 3341 juramento,
1051 3271 1202 3326 inter
1251 3272 1407 3342 ipsos
1458 3272 1789 3328 habituram
1837 3291 2038 3343 pacem

343 3366 398 3413 et
439 3359 612 3414 ﬁdem
658 3366 714 3413 et
761 3360 1149 3425 dilectionem,
1187 3376 1410 3413 summa
1450 3361 1738 3417 alacritate
1779 3363 2038 3416 omnium

345 3459 404 3498 se
435 3444 855 3514 obligaverunt.
897 3443 1058 3507 Quod
1103 3449 1161 3497 ut
1190 3443 1402 3498 factum
1434 3450 1538 3511 est,
1589 3448 1722 3499 satis
1763 3446 1874 3500 tida
1903 3447 2042 3501 ami-

343 3532 476 3586 citia
515 3533 638 3586 sine
677 3533 795 3586 ulla
839 3531 1186 3601 suspicione,
1230 3537 1295 3585 ut
1337 3532 1678 3604 quibusdam
1721 3535 2038 3602 videbatur,

344 3626 543 3690 postea
574 3621 663 3675 usi
693 3625 844 3677 sunt.
885 3621 982 3674 Set
1024 3637 1154 3674 cum
1205 3621 1539 3692 procederet
1569 3623 1692 3693 jam
1741 3640 1857 3677 non
1895 3625 2042 3678 mul-

344 3715 463 3764 tum
493 3709 751 3782 spacium
784 3710 1081 3780 temporis,
1104 3710 1318 3764 scilicet
1347 3711 1606 3765 nondum
1635 3718 1860 3783 peracto
1887 3729 2039 3766 anno

342 3800 527 3869 (Oct.),
570 3799 941 3855 Wicmannus
984 3799 1054 3853 ad
1095 3799 1419 3854 convivium
1461 3801 1780 3856 Baldricum
1833 3801 2040 3856 invita-

342 3889 441 3941 vit.
491 3889 614 3953 Quo
650 3893 880 3958 peracto
913 3891 968 3941 et
1013 3888 1387 3960 amplissimis
1415 3889 1582 3942 donis
1608 3889 1810 3944 oblatis
1844 3895 1899 3945 et
1935 3891 2038 3945 be-

344 3976 519 4047 nigne
550 3975 638 4030 his
661 3974 959 4045 susceptis,
979 3976 1200 4030 dimisit
1220 3992 1352 4030 eum
1371 3981 1574 4030 etcum
1596 3978 1843 4032 abeunte
1863 3979 2040 4033 comi-

341 4069 494 4118 tatus
561 4069 664 4119 est.
728 4064 945 4129 Quibus
1021 4065 1312 4135 euntibus,
1372 4064 1660 4119 Baldricus
1737 4067 2044 4136 postulavit

342 4154 762 4218 Wicmannum,
811 4157 873 4206 ut
905 4151 1084 4205 vicem
1133 4152 1217 4206 illi
1269 4153 1633 4222 rependeret,
1682 4154 1752 4207 ad
1803 4154 2040 4209 domum

342 4257 504 4295 suam
535 4240 777 4307 veniret,
826 4241 1139 4310 epulasque
1181 4239 1289 4294 sibi
1339 4241 1565 4296 decenti
1609 4249 1889 4313 apparatu
1918 4245 2040 4299 exi-

341 4329 477 4382 bere
522 4327 734 4381 liceret.
784 4331 969 4397 Atque
1016 4327 1269 4398 primum
1333 4328 1713 4397 renitebatur;
1772 4336 1855 4386 set
1909 4349 2039 4387 cum

343 4419 560 4468 tantam
609 4411 920 4466 amicitiam
962 4420 1020 4468 et
1066 4414 1428 4470 dilectionem
1481 4417 1632 4472 inter
1674 4435 1771 4473 eos
1807 4421 2036 4489 {confla-

345 4507 460 4556 tam
515 4501 812 4568 recoleret,
875 4506 936 4556 ut
992 4503 1151 4557 nefas
1207 4509 1436 4574 putaret
1493 4507 1538 4560 si
1587 4524 1707 4562 non
1761 4510 2041 4565 voluntati

342 4592 464 4661 ejus
508 4590 916 4660 adquiesceret,
973 4592 1088 4646 suis
1156 4593 1435 4648 militibus
1482 4595 1946 4652 dissuadentibus
1986 4604 2041 4652 et

342 4678 503 4751 quasi
547 4678 668 4749 jam
715 4695 909 4734 casum
953 4681 1073 4751 ejus
1122 4681 1529 4751 divinantibus,
1574 4690 1768 4740 tamen
1815 4687 2035 4754 annuit,

345 4772 402 4822 et
427 4767 801 4822 deducentem
842 4769 1178 4825 subsecutus
1209 4776 1311 4825 est.
1348 4772 1417 4825 Et
1461 4788 1591 4827 cum
1634 4757 1754 4845 jam
1784 4782 1916 4828 ante
1948 4774 2035 4827 in-

342 4857 579 4911 troitum
610 4857 826 4912 castelli
855 4857 1089 4913 nomine
1138 4860 1358 4930 Upladii
1390 4860 1499 4932 (50)
1541 4863 1847 4930 venissent,
1890 4865 2036 4917 Wic-

342 4961 587 4999 mannus
629 4961 932 5000 conversus
991 4945 1134 5000 dixit
1190 4949 1261 5002 ad
1320 4949 1611 5003 alterum:
1664 4949 1803 5004 Ecce
1852 4955 2038 5005 contra

337 5035 667 5088 voluntatem
710 5050 956 5090 meorum
1004 5034 1247 5091 militum
1274 5036 1373 5092 hoc
1419 5039 1698 5092 castellum
1736 5039 2034 5106 ingredior,

2149 3099 2330 3165 deret,
2366 3103 2422 3151 et
2465 3097 2553 3150 sui
2603 3107 2732 3151 ante
2789 3113 2923 3152 eum
2983 3113 3086 3167 per
3116 3113 3318 3167 agrum
3365 3096 3567 3166 sparsi,
3622 3095 3812 3149 nullam

2149 3187 2483 3257 opinionem
2515 3185 2737 3240 timoris
2764 3186 3060 3252 habentes,
3095 3185 3540 3256 prmeessissent,
3571 3183 3650 3237 illi
3680 3181 3812 3235 nefa-

2146 3275 2218 3328 rii
2266 3274 2530 3328 homines
2581 3275 2648 3328 de
2699 3273 3008 3344 improviso
3065 3289 3197 3327 eum
3252 3272 3506 3343 adgressi
3535 3270 3709 3324 subito
3738 3268 3812 3322 in-

2146 3363 2456 3430 terliciunt,
2477 3367 2533 3416 et
2566 3362 2764 3432 rapido
2793 3378 2962 3416 cursu
2984 3379 3042 3416 se
3066 3362 3196 3416 inde
3219 3360 3566 3433 proripiunt.
3583 3359 3810 3427 Cumque

2146 3467 2457 3506 concursus
2501 3451 2685 3514 ﬁeret.
2717 3454 2776 3505 'et
2827 3451 2971 3505 alius
3011 3451 3206 3516 alium,
3239 3450 3520 3521 quidnam
3569 3446 3814 3502 tumultus

2147 3540 2517 3611 significaret,
2536 3539 2804 3593 clamosis
2834 3539 3066 3593 vocibus
3097 3543 3548 3610 percontaretur,
3590 3541 3642 3591 et
3671 3549 3815 3590 nemo

2147 3630 2456 3700 quicquam
2496 3629 2654 3694 certi,
2699 3630 2957 3706 nondum
2991 3644 3052 3682 re
3096 3629 3343 3698 cognita,
3377 3625 3711 3697 respondere
3737 3637 3814 3692 po-

2149 3718 2374 3782 tuisset,
2409 3717 2642 3770 tandem
2673 3716 2828 3770 crede
2874 3721 3167 3785 conperta,
3202 3721 3260 3769 et
3295 3715 3540 3769 cadaver
3568 3710 3814 3782 sanguine

2150 3822 2522 3877 conspersum
2552 3806 2719 3875 juxta
2764 3806 2914 3860 viam
2935 3806 3133 3875 jacens
3163 3809 3488 3870 cernerent,
3527 3803 3753 3857 clamore
3771 3801 3814 3850 et

2149 3895 2380 3964 planctu
2448 3910 2662 3965 magno
2710 3894 2932 3948 sublato
2999 3894 3107 3948 hoc
3156 3894 3338 3947 scelus
3407 3889 3743 3946 unanimiter
3766 3886 3813 3939 in

2153 3983 2474 4036 Baldricum
2505 3982 2910 4049 conferebant;
2945 3983 3055 4036 tale
3087 3983 3209 4052 ejus
3253 3987 3310 4060 e_t
3336 3981 3635 4035 consilium
3665 3983 3716 4031 et
3757 3974 3812 4028 ﬁ-

2153 4073 2280 4125 dem
2315 4088 2462 4125 esse.
2503 4072 2567 4125 Et
2596 4071 2859 4142 quamvis
2897 4071 3172 4125 innocens
3200 4070 3375 4140 hujus
3421 4066 3641 4123 consilii
3669 4067 3812 4121 esset.

2153 4159 2341 4213 nullus
2385 4165 2578 4213 tamen
2626 4175 2692 4212 ex
2737 4158 3005 4213 omnibus
3037 4159 3106 4212 ad
3150 4159 3257 4213 hoc
3309 4156 3514 4212 adduci
3545 4153 3738 4228 potuit,
3767 4155 3814 4203 ut

2150 4249 2315 4303 illum
2369 4249 2537 4318 culpa
2595 4263 2708 4301 non
2756 4247 2939 4301 teneri
2991 4247 3416 4315 arbitraretur;
3475 4247 3555 4300 ita
3609 4245 3814 4314 propter

2151 4336 2438 4392 maliciam
2481 4336 2676 4390 uxoris
2725 4335 2786 4389 in
2840 4335 3034 4390 odium
3069 4336 3193 4407 ejus
3240 4334 3504 4389 omnium
3535 4335 3678 4389 fama
3700 4344 3808 4384 con-

2150 4424 2400 4478 sentiens
2445 4429 2585 4478 erat.
2649 4423 2936 4478 Baldricus
3000 4440 3136 4478 vero
3190 4427 3254 4478 ut
3303 4422 3521 4478 audivit
3576 4419 3810 4476 comitem

2149 4529 2271 4567 esse
2336 4511 2606 4578 occisum,
2678 4512 2870 4567 animo
2934 4512 3426 4577 consternebatur,
3487 4509 3723 4566 lacrimis
3765 4509 3811 4558 et

2149 4601 2341 4654 multis
2391 4601 2698 4671 gemitibus
2730 4601 2947 4656 deﬂens
2997 4602 3294 4656 interitum
3321 4600 3464 4666 viri;
3501 4607 3557 4655 et
3584 4601 3811 4653 metuens

2150 4704 2220 4742 ne
2250 4693 2448 4742 contra
2477 4705 2536 4742 se
2569 4705 2635 4742 ex
2665 4689 2881 4743 recenti
2910 4689 3105 4744 dolore
3148 4689 3428 4744 tumultus
3482 4687 3808 4746 excitaretur,

2147 4777 2409 4831 celeriter
2436 4793 2495 4831 se
2526 4776 2726 4847 recipit
2745 4777 2806 4830 in
2837 4777 3133 4847 Oppidum.

2611 4868 2694 4919 l3.
2719 4868 2792 4920 De
2817 4866 3045 4920 Ubladio
3075 4867 3370 4920 destructa.

2219 4955 2329 5008 Hac
2355 4970 2416 5007 re
2467 4953 2682 5024 ubique
2741 4953 3050 5024 divulgata,
3105 4954 3292 5008 statim
3326 4954 3396 5007 ab
3419 4954 3629 5007 domno
3658 4946 3803 5003 Adel-

2149 5041 2323 5096 boldo
2362 5040 2632 5112 episcOpo
2663 5047 2721 5095 et
2763 5041 2903 5094 duce
2933 5047 2990 5095 et
3037 5041 3256 5094 caeteris
3300 5039 3498 5094 amicis
3530 5052 3711 5093 eorum
3742 5034 3806 5086 le-

1743 5163 1978 5217 VARI/ﬂ
2019 5163 2311 5220 LECTION
2323 5165 2417 5220 ES.

412 5240 484 5278 ’09
514 5244 934 5301 conferreretur
964 5263 1010 5301 c.
1120 5246 1196 5279 ²¹υ
1225 5245 1413 5299 exnim
1450 5263 1481 5300 a
1503 5248 1623 5316 jam
1658 5250 1876 5304 exnimi
1908 5267 1939 5305 a
1975 5268 2020 5305 ο.

2136 5254 2207 5286 ²¹ί
2242 5253 2391 5307 simu
2427 5257 2472 5307 l.
2578 5254 2648 5289 ²¹²
2680 5254 2822 5308 alter
2851 5257 2869 5306 l
2979 5252 3054 5286 ²¹³
3079 5251 3566 5324 protiscicentibus
3601 5255 3641 5304 ι.

1976 5373 2200 5428 NOTAE.

411 5451 749 5519 (/18)Adela:.

415 5523 531 5590 (49)
563 5523 650 5576 Cf.
707 5521 1019 5576 Thietmari
1076 5525 1284 5580 Chron.
1322 5542 1419 5594 vn,
1468 5529 1555 5592 33,
1607 5529 1692 5582 34.
1733 5531 1856 5582 Ann
1892 5528 2037 5583 Hild.

2146 5458 2336 5513 Lamb.
2371 5459 2571 5523 Quedl.
2609 5475 2703 5513 an.
2743 5462 2904 5514 1016.

2221 5530 2332 5599 (50)
2367 5531 2524 5584 Haud
2554 5532 2751 5600 procul
2783 5529 3130 5600 Noviomago
3153 5533 3210 5583 et
3241 5529 3454 5582 Eltena.
