3960 6192
94 254 171 304 ὶτῖ
908 247 999 302 DE
1042 247 1501 304 DIVERSITATE
1540 247 1930 305 TEMPORUM
1979 251 2167 306 LIBRI
2210 251 2366 306 DUO.
2410 282 2474 289 ——
2520 250 2642 305 LlB.
2688 252 2753 304 ll.
3478 258 3572 309 E78

83 373 328 445 gationes
377 372 449 428 nd
496 372 901 442 imperatorem
964 370 1295 441 mittuntur,
1354 371 1453 443 qui
1484 376 1620 427 tunc
1641 389 1769 427 cum
1799 376 1845 429 A
1885 374 2140 445 utrisque
2192 375 2462 428 certatur.
2518 374 2615 428 Set
2669 372 2987 444 oppidanos
3034 372 3096 427 in
3134 374 3243 429 hoc
3292 377 3572 445 superari,

83 463 320 518 exercitu
372 461 431 514 in
481 460 811 531 Burgundia
870 461 1223 527 morabatur,
1282 460 1354 515 ab
1397 460 1487 515 his
1519 461 1587 516 de
1619 462 1768 517 Wic-

83 551 264 605 manui
297 550 450 603 crede
503 553 824 619 cognoscat.
886 548 995 612 Qui
1024 549 1095 602 de
1136 553 1318 601 morte
1351 548 1682 604 amicissimi
1714 555 1772 605 et

83 637 499 693 familiarissimi
540 636 642 690 viri
682 636 1051 690 vehementer
1098 642 1439 700 commotus,
1476 642 1769 691 auctorem

85 730 233 783 caedis
293 732 353 780 ut
410 731 825 798 persequantur
854 730 908 778 et
935 724 1085 778 bona
1118 726 1240 795 ejus
1279 724 1553 795 diripiant
1574 726 1766 796 jussit,

88 832 239 888 seque
272 815 428 869 illico
484 820 786 868 venturum
819 812 1148 869 denuntiat.
1201 813 1488 867 Baldricus
1521 830 1651 867 vero
1680 813 1767 868 in-

89 907 346 974 tellegens
401 902 692 957 neminem
724 902 889 955 aliter
939 901 1399 955 existimaturum
1448 919 1621 973 quam
1668 919 1769 957 suo

88 995 306 1049 consilio
363 992 659 1046 hominem
714 990 1150 1061 interemptum,
1186 997 1487 1061 propterea
1518 990 1668 1062 quod
1698 990 1767 1045 ab

89 1084 188 1153 ipso
245 1081 407 1135 domi
438 1080 707 1133 invitatus
771 1079 976 1143 fuerat,
1028 1084 1083 1132 et
1136 1080 1346 1150 oppido
1376 1084 1685 1149 receperat,
1716 1084 1771 1132 et

88 1172 381 1224 abeuntem
443 1169 779 1235 deduxerat,
841 1173 896 1221 et
937 1168 996 1222 in
1027 1168 1334 1239 praesentia
1390 1185 1490 1222 sua
1539 1173 1770 1222 necatus

86 1261 273 1322 fuerat,
309 1257 471 1328 gravi
502 1257 694 1311 dolore
721 1256 1078 1310 afficiebatur
1108 1262 1162 1311 et
1194 1256 1332 1328 quid
1384 1256 1515 1310 huic
1550 1257 1634 1311 rei
1665 1274 1765 1327 op-

82 1352 313 1417 poneret
373 1345 745 1415 excogitabat.
780 1346 960 1410 Quem
1017 1345 1212 1399 dolore
1255 1351 1592 1400 maerentem
1628 1362 1771 1400 uxor

82 1436 365 1503 accedens,
438 1434 632 1488 multis
709 1434 1196 1505 increpationibus
1248 1434 1541 1504 arguebat,
1602 1439 1658 1489 et
1708 1439 1770 1488 ut

79 1524 449 1576 constantiam
493 1530 549 1577 et
587 1523 733 1576 vires
766 1528 1018 1577 sumeret
1066 1529 1121 1576 et
1153 1523 1431 1577 desidiam
1462 1523 1772 1593 deponeret

82 1612 427 1665 hortabatur.
486 1610 644 1664 Hanc
674 1611 978 1665 molliciem
1009 1610 1189 1665 animi
1220 1610 1318 1664 vili
1350 1611 1633 1681 mancipio
1665 1628 1766 1682 po-

84 1701 178 1753 tius
238 1715 418 1771 quam
476 1700 557 1753 illi
612 1715 929 1769 congruere
976 1700 1214 1763 dicebat,
1269 1699 1487 1771 hocque
1519 1700 1771 1770 aequiore

86 1790 263 1842 animo
306 1788 610 1843 ferendum
652 1788 832 1854 docet,
885 1788 1041 1860 quod
1072 1789 1229 1842 nullo
1264 1789 1513 1842 remedio
1546 1805 1775 1860 recupe-

85 1880 183 1931 rari
222 1878 431 1947 possit.
500 1878 694 1947 Neque
751 1876 922 1931 etiam
960 1877 1342 1931 dubitandum
1382 1877 1523 1947 quin
1550 1895 1649 1931 sua
1679 1894 1774 1930 ra-

86 1968 223 2020 tione
276 1972 337 2020 et
383 1966 673 2019 voluntate
731 1966 1001 2020 comitem
1059 1966 1307 2019 occisum
1338 1966 1462 2019 illos
1493 1966 1772 2020 arbitran-

83 2055 188 2119 dos,
222 2060 280 2108 et
349 2054 561 2107 idcirco
615 2055 811 2124 procul
867 2054 1041 2108 dubio
1106 2054 1459 2109 credendum
1495 2055 1774 2109 ultionem

85 2143 143 2196 ab
194 2144 273 2196 eis
316 2158 439 2195 esse
501 2144 896 2211 expetendam.
955 2143 1204 2197 Proinde
1241 2159 1383 2214 opus
1414 2159 1533 2197 esse
1567 2149 1629 2197 ut
1658 2160 1773 2197 suae

85 2248 433 2302 suorumque
491 2231 663 2285 saluti
720 2230 1073 2301 prospiceret
1123 2236 1178 2285 et
1216 2232 1384 2285 rebus
1410 2231 1525 2285 suis
1552 2232 1777 2286 tuendis

83 2336 297 2373 summa
356 2336 491 2373 cura
548 2320 889 2389 invigilaret.
962 2319 1058 2374 His
1111 2325 1167 2375 et
1220 2320 1347 2374 aliis
1385 2320 1777 2395 hujuscemodi

88 2409 253 2461 verbis
316 2408 581 2478 conjugis
631 2414 924 2478 permotus
973 2415 1030 2462 et
1067 2407 1126 2462 in
1190 2408 1435 2478 majores
1488 2410 1777 2480 angustias

85 2497 379 2559 adductus,
434 2503 819 2550 commeatum
844 2498 901 2551 in
934 2497 1212 2568 oppidum
1244 2499 1569 2569 conportari
1593 2499 1774 2569 jubet,

86 2591 139 2636 ut
182 2584 228 2637 si
268 2584 415 2654 quid
467 2584 611 2637 facto
641 2602 783 2653 opus
835 2591 1003 2651 esset,
1063 2585 1171 2639 sibi
1218 2585 1456 2640 facultas
1481 2586 1777 2641 resistendi

86 2689 190 2727 non
220 2674 515 2727 defuisset
544 2674 711 2728 Mittit
752 2676 982 2727 nuntios
1022 2675 1313 2728 Coloniam
1358 2675 1429 2729 ad
1465 2675 1776 2745 archipres-

86 2764 279 2827 sulem,
314 2763 379 2815 in
418 2764 579 2831 cujus
633 2762 894 2816 clientela
943 2768 1064 2816 erat
1113 2769 1169 2816 et
1198 2763 1321 2833 ejus
1373 2764 1638 2832 largitate
1688 2763 1779 2816 be-

86 2852 278 2903 neficia
351 2853 532 2903 multa
580 2852 829 2917 tenebat,
872 2851 952 2904 illi
985 2868 1102 2904 rem
1136 2857 1353 2920 gestam
1386 2851 1671 2921 proponit.
1709 2855 1780 2905 At

86 2939 167 2991 ille
218 2940 436 2993 auxilia
488 2957 590 2993 sua
661 2940 767 2994 sibi
824 2957 943 2993 non
998 2940 1263 2993 defutura
1331 2940 1621 3009 pollicitus
1674 2944 1774 2993 est.
1814 2943 1852 2994 C

86 3026 399 3094 Trajei-tum
455 3042 681 3096 quoque
744 3025 996 3093 mittens,
1066 3027 1463 3095 supplementa
1513 3024 1778 3095 {episcopi

86 3114 361 3183 exposcit;
420 3114 520 3185 qui
574 3114 696 3183 ejus
743 3115 1064 3184 adjutorem
1116 3119 1172 3168 et
1211 3114 1459 3168 amicum
1509 3114 1630 3167 fore
1661 3130 1778 3167 non

82 3218 237 3269 posse
268 3203 650 3268 demonstrat,
710 3203 820 3255 nisi
879 3202 1115 3256 domino
1148 3219 1250 3256 suo
1317 3202 1652 3272 imperatori
1685 3219 1779 3255 au-

83 3295 237 3359 gusto
300 3292 375 3344 de
434 3292 680 3345 admisso
734 3292 943 3346 scelere
1006 3291 1413 3362 incnlpabilem
1472 3308 1591 3346 esse
1664 3291 1779 3346 ﬁda

82 3379 459 3434 satisfactione
505 3397 564 3434 se
623 3385 992 3451 expurgaret.
1041 3383 1153 3435 llac
1195 3396 1293 3450 spe
1351 3380 1621 3451 dejectus,
1649 3397 1778 3434 om-

81 3483 188 3537 nes,
221 3486 251 3521 a
318 3469 529 3538 quibus
578 3470 748 3522 fidem
804 3474 859 3523 et
910 3468 1356 3522 familiaritatem
1388 3470 1674 3540 sperabat,
1710 3469 1779 3523 ad

81 3574 240 3610 suum
299 3557 581 3612 auxilium
621 3563 919 3623 convocat;
972 3562 1028 3611 et
1053 3556 1389 3627 priusquam
1416 3558 1471 3611 id
1506 3559 1776 3623 efficeret,

81 3646 388 3715 propinqui
450 3651 507 3698 et
564 3662 764 3699 omnes
822 3645 992 3699 amici
1059 3646 1399 3709 Wicmanui,
1447 3651 1505 3699 et
1533 3645 1778 3698 maxime

80 3733 428 3787 Adelboldus
457 3733 828 3803 Trajectensis
874 3732 1193 3803 episcopus,
1228 3732 1327 3803 qui
1360 3732 1442 3786 illi
1467 3736 1544 3802 ζεῖ(
1585 3734 1689 3786 hac
1720 3749 1780 3786 re

84 3822 342 3876 omnium
390 3821 794 3875 infestissimus
850 3822 1029 3875 factus
1078 3827 1179 3888 est,
1226 3822 1450 3875 hostem
1487 3821 1779 3891 judicave-

83 3917 211 3964 runt
238 3916 297 3964 et
350 3910 502 3964 bona
532 3927 631 3963 sua
667 3909 1120 3980 publicaverunt.
1150 3909 1385 3963 Summa
1429 3926 1657 3980 quoque
1690 3909 1778 3963 di-

86 3999 322 4067 ligentia
352 3999 520 4065 clam,
565 4015 635 4052 ne
690 3998 743 4052 id
777 4000 844 4052 ad
878 3998 1262 4068 cognitionem
1309 3999 1432 4068 ejus
1465 3997 1777 4068 perveniat,

86 4088 402 4157 legationes
449 4087 601 4141 inter
655 4103 715 4141 se
770 4086 994 4140 mittere
1047 4092 1361 4157 cceperunt.
1419 4092 1474 4139 et
1537 4087 1781 4157 quisque

85 4182 247 4244 prout
279 4175 463 4246 possit
512 4175 703 4245 copias
733 4181 918 4245 cogat,
963 4180 1019 4229 et
1055 4176 1125 4229 ad
1156 4174 1523 4229 constitutam
1558 4180 1779 4228 noctem

87 4270 137 4317 et
184 4270 413 4319 certum
473 4264 663 4318 locum
720 4263 1084 4327 conveniant,
1130 4270 1186 4317 et
1216 4264 1365 4317 intra
1397 4263 1780 4316 munitionem

90 4353 431 4419 Baldricum,
492 4352 537 4405 si
592 4351 716 4406 fieri
768 4356 976 4422 posset,
1029 4352 1309 4406 obsident.
1374 4352 1537 4416 Quod
1591 4368 1720 4404 cum
1751 4367 1784 4404 a

85 4441 448 4506 cupientibus
514 4441 775 4494 celeriter
850 4440 1349 4494 administraretur
1428 4436 1520 4501 9",
1606 4438 1784 4493 hostis

85 4529 501 4584 consuetudine
528 4546 627 4581 sua
675 4533 807 4582 ante
863 4528 1110 4598 primam
1142 4530 1453 4582 confectam
1504 4527 1778 4598 vigiliam,

86 4616 291 4669 timens
356 4615 675 4685 periculum
732 4614 1095 4677 obsessionis,
1165 4614 1377 4686 oppido
1428 4630 1555 4668 cum
1588 4615 1783 4685 paucis

84 4718 346 4772 egressus
368 4707 472 4756 est.
506 4702 613 4766 Qui
653 4702 712 4755 in
751 4703 1024 4767 tenebris,
1059 4709 1367 4773 conspectu
1397 4703 1664 4772 adempto
1688 4702 1780 4767 ³⁸⁵,

83 4788 268 4844 hostes
322 4789 515 4844 videre
556 4807 669 4843 non
696 4791 907 4860 potuit;
963 4797 1045 4844 set
1104 4791 1368 4844 exaudito
1401 4792 1649 4844 tumultu
1682 4790 1781 4844 ad-

84 4878 442 4933 ventantium
486 4880 845 4947 perterritus,
878 4878 1049 4933 celeri
1084 4879 1217 4949 fuga
1246 4878 1441 4933 evasit.
1477 4881 1783 4933 Castellum

86 4964 381 5019 obsidetur
426 4962 519 5032 "5,
572 4981 770 5019 omnes
825 4965 931 5019 vici
976 4971 1033 5019 et
1090 4966 1309 5036 privata
1345 4965 1585 5021 aedificia
1621 4966 1693 5019 ad
1723 4983 1782 5020 se

89 5054 437 5121 pertinentia
465 5054 680 5126 ubique
710 5059 1023 5120 vastantur,
1056 5060 1112 5108 et
1159 5071 1366 5125 magno
1423 5070 1664 5108 numero
1689 5071 1783 5124 pe-

89 5142 228 5195 coris
286 5147 345 5196 et
397 5146 713 5196 ceterarum
775 5158 968 5197 rerum
1001 5143 1324 5213 pociuntur.
1390 5142 1525 5196 Dein
1559 5158 1683 5212 quae
1710 5142 1781 5195 ad

91 5245 338 5300 pugnam
398 5236 874 5301 preparaverant,
934 5230 1263 5302 expediunt.
1334 5231 1565 5285 Summa
1618 5230 1672 5283 vi
1711 5230 1781 5285 ab

1879 463 2032 533 quia,
2068 480 2196 517 cum
2254 462 2422 516 multi
2478 462 2845 516 accessissent
2886 468 2943 517 et
2972 463 3298 533 defatigatis
3318 464 3413 517 alii
3445 481 3569 518 suc-

1878 551 2197 619 cessissent,
2243 556 2477 622 pr0pter
2533 551 2880 621 paucitatem
2913 551 3341 606 defendentium
3390 569 3453 605 ex
3484 552 3572 606 bis

1881 640 2022 693 nihil
2053 640 2121 693 ab
2171 640 2252 694 eis
2291 639 2415 694 fieri
2447 640 2656 710 potuit.
2704 640 2963 695 Mulieres
3013 656 3241 711 quoque
3282 639 3458 709 galeis
3484 657 3569 694 ca-

1877 727 2091 797 pitibus
2141 728 2516 798 superpositis
2578 745 2681 798 per
2736 744 2967 783 murum
3036 728 3457 797 disposuerunt,
3518 732 3572 781 et

1875 831 1979 885 per
2023 832 2118 869 eas
2170 815 2420 885 speciem
2477 815 2861 885 pugnantium
2910 816 3300 885 przebuerunt,
3363 819 3423 868 ut
3457 815 3573 868 visa

1877 904 2220 974 quasicopia
2240 909 2589 957 armatorum
2615 903 3068 973 desperationem
3090 902 3287 974 oppidi
3310 903 3576 973 potiundi

1875 991 2132 1045 hostibus
2188 992 2404 1045 darent.
2467 991 2694 1044 Talibus
2746 982 3122 1045 incommodis
3170 992 3414 1062 fatigati,
3472 994 3571 1047 ali-

1877 1084 2018 1151 quot
2048 1080 2246 1133 diebus
2285 1095 2435 1149 aegre
2469 1078 2955 1148 obpugnationem
2987 1080 3291 1134 sustinent.
3344 1080 3436 1134 Set
3457 1081 3576 1135 haec

1877 1168 1997 1221 sola
2058 1183 2144 1220 res
2202 1166 2454 1220 remedio
2502 1166 2615 1220 illis
2675 1172 2816 1234 erat,
2848 1168 3001 1236 quod
3036 1169 3191 1221 locus
3222 1184 3289 1221 ex
3330 1170 3574 1239 planicie

1877 1272 2081 1309 natura
2106 1254 2405 1325 paululum
2424 1254 2677 1318 adclivis,
2710 1260 2765 1308 et
2789 1272 2996 1326 aggere
3024 1256 3271 1327 aegregie
3303 1258 3573 1323 elevatus,

1878 1349 1933 1397 et
1966 1360 2153 1409 muro,
2188 1343 2339 1413 quod
2393 1343 2454 1396 in
2504 1343 2614 1396 illis
2640 1344 2780 1397 locis
2828 1344 3186 1398 rarissimum
3219 1350 3321 1410 est,
3356 1347 3577 1400 circun-

1879 1433 2043 1486 dalus
2103 1436 2241 1485 erat.
2306 1432 2445 1485 iluic
2501 1432 2759 1486 firmitati
2808 1432 3003 1502 pocius
3061 1450 3235 1503 quam
3281 1434 3389 1487 sibi
3440 1435 3576 1505 ipsis

1879 1522 2265 1576 confidebant.
2305 1521 2397 1575 Set
2430 1536 2559 1573 cum
2615 1521 3026 1590 imperatorem
3087 1522 3575 1591 adpropinquasse

1882 1615 2292 1681 cognoscerent
2320 1614 2376 1663 et
2432 1610 2553 1679 ejus
2609 1613 2791 1664 castra
2848 1610 3046 1680 procul
3086 1610 3269 1663 extrui
3316 1610 3577 1664 animad-

1882 1705 2189 1765 verterent,
2243 1699 2539 1770 desperata
2586 1698 2787 1763 salute,
2847 1699 2916 1752 de
2969 1698 3257 1753 deditione
3288 1698 3356 1752 ad
3388 1699 3579 1752 hostes

1882 1791 2101 1860 legatos
2162 1788 2458 1841 miserunt.
2509 1787 2722 1850 Quibus
2770 1787 3124 1841 Adelboldus
3170 1787 3473 1858 episcopus
3521 1793 3578 1841 et

1886 1878 2247 1933 Bernhardus
2303 1878 2413 1930 dux
2468 1875 2694 1930 veniam
2752 1876 3054 1944 dederunt,
3103 1882 3157 1931 et
3188 1893 3418 1931 uxorem
3454 1878 3575 1931 Bal-

1883 1967 2025 2021 drici
2071 1983 2202 2019 cum
2259 1964 2376 2018 suis
2428 1965 2600 2019 rebus
2653 1965 2920 2019 omnibus
2979 1965 3135 2018 abire
3171 1965 3576 2035 permiserunt.

1886 2054 2192 2108 Castellum
2252 2069 2404 2117 vero,
2438 2069 2604 2106 muro
2673 2052 2862 2107 diruto
2904 2058 2961 2107 ct
2989 2054 3281 2120 subverso,
3314 2054 3580 2107 incendio

1885 2146 2380 2212 consumpserunt.

2178 2231 2257 2285 l-i.
2288 2232 2359 2285 De
2377 2229 2645 2285 Ituodoldo
2666 2245 2787 2297 rege
2817 2229 3289 2296 Burgundionum.

1957 2320 2275 2390 Imperator
2302 2318 2411 2372 illis
2469 2318 2668 2371 diebus
2726 2318 2783 2371 in
2834 2318 3180 2386 Burgundia,
3218 2324 3277 2371 ut
3318 2316 3579 2387 pra-dixi,

1887 2425 2015 2462 cum
2045 2408 2294 2462 exercitu
2360 2406 2465 2461 hac
2504 2407 2573 2461 de
2619 2424 2787 2461 causa
2845 2407 3187 2460 morabatur.
3237 2407 3377 2460 Nam
3436 2406 3584 2460 Ruo-

1889 2497 2089 2551 doldus
2148 2513 2243 2551 rex
2299 2496 2647 2565 Burgundias
2704 2500 2941 2566 propter
2999 2496 3500 2549 mansuetudinem
3527 2498 3585 2548 et

1888 2586 2277 2641 innocentiam
2350 2584 2477 2638 vitae
2545 2601 2578 2637 a
2650 2584 2992 2654 quibusdam
3061 2583 3413 2654 principibus
3467 2583 3583 2637 suis

1890 2681 2249 2744 contemptus
2306 2680 2411 2741 est,
2491 2674 2639 2728 unde
2699 2678 2755 2727 et
2830 2673 2898 2726 de
2960 2689 3138 2742 regno
3208 2688 3340 2725 eum
3392 2673 3582 2742 expel-

1889 2765 2005 2818 lere
2091 2767 2534 2832 temptaverunt.
2637 2762 2759 2826 Qua
2840 2761 3175 2816 necessitate
3258 2761 3583 2831 compulsus

1891 2851 1956 2903 ad
1990 2850 2393 2921 imperatorem
2451 2851 2624 2915 venit,
2682 2850 2880 2921 illique
2938 2866 3165 2903 causam
3214 2864 3442 2902 omnem
3493 2864 3585 2901 or-

1890 2940 2021 2993 dine
2089 2940 2337 3010 exponit,
2394 2944 2450 2994 et
2520 2939 2653 3009 quia
2709 2940 2964 2993 laborem
3030 2943 3086 2992 et
3137 2937 3368 3006 negotia
3425 2936 3585 3006 regni

1889 3027 2101 3081 diutius
2156 3028 2303 3081 ferre
2365 3044 2481 3081 non
2526 3032 2772 3098 poterat,
2815 3027 2949 3097 quia
3002 3027 3121 3096 jam
3176 3031 3337 3080 (etate
3383 3041 3585 3096 prove-

1887 3121 2010 3169 ctus
2043 3116 2244 3181 fuerat,
2279 3132 2523 3187 regnum
2576 3116 2910 3184 imperatori
2942 3115 3197 3179 tradidit,
3244 3120 3317 3182 et,
3352 3113 3584 3183 amplis-

1889 3204 2051 3257 simis
2094 3204 2259 3258 donis
2300 3205 2564 3275 acceptis,
2629 3205 2683 3258 in
2717 3205 2962 3275 patriam
2997 3220 3284 3275 regressus
3316 3209 3417 3257 est.
3455 3206 3584 3258 Post

1888 3294 2009 3347 haec
2048 3293 2359 3364 imperator
2398 3294 2457 3348 in
2512 3294 2901 3364 Burgundiam
2934 3294 3237 3363 profectus,
3271 3298 3583 3347 conventus

1888 3399 2033 3453 quos
2113 3382 2412 3436 constituit
2466 3384 2705 3452 peregit,
2776 3382 3000 3436 obsides
3050 3381 3287 3450 accepit,
3365 3386 3420 3435 et
3494 3397 3582 3435 re-

1887 3471 1993 3525 bus
2034 3470 2365 3524 necessariis
2413 3470 2729 3539 imperatis,
2790 3470 2979 3523 rediit.
3038 3469 3128 3524 Hii
3180 3466 3253 3501 ²¹⁷
3322 3485 3454 3523 vero
3486 3468 3585 3540 qui

1890 3564 2057 3612 antea
2113 3558 2487 3611 rebellionem
2540 3559 2814 3623 fecerant,
2865 3573 2995 3610 cum
3042 3557 3300 3610 viderent
3329 3574 3521 3625 regem
3553 3574 3586 3610 a

1888 3646 2132 3716 negotiis
2177 3646 2338 3715 regni
2369 3646 2702 3711 alienatum,
2755 3652 2811 3699 et
2861 3661 2921 3699 se
2979 3662 3011 3698 a
3068 3645 3246 3715 priori
3302 3650 3583 3716 potestate

1889 3734 2208 3799 submotos,
2241 3738 2297 3786 et
2328 3733 2725 3787 auctoritatem
2780 3736 2837 3785 et
2866 3732 3107 3802 gratiam
3152 3732 3301 3785 inter
3331 3731 3586 3785 civitates

1886 3822 1946 3875 in
1978 3822 2184 3891 quibus
2242 3821 2528 3876 dominari
2577 3821 2835 3875 solebant
2864 3837 2984 3874 esse
3018 3820 3383 3886 diminutam,
3415 3834 3585 3871 vene-

1889 3916 2024 3963 runt
2052 3910 2122 3964 ad
2162 3926 2375 3980 regem,
2409 3914 2465 3963 et
2512 3910 2634 3979 ejus
2665 3908 2908 3979 pedibus
2941 3906 3232 3978 provoluti
3263 3924 3320 3961 se
3353 3906 3583 3960 dedide-

1888 4004 2044 4064 runt,
2095 4002 2151 4052 et
2207 3999 2474 4052 omnibus
2521 3998 2839 4052 rationibus
2885 3998 2953 4051 de
3001 4000 3333 4065 contemptu
3363 3994 3582 4048 satisfa-

1889 4093 2080 4141 cturos
2110 4087 2516 4157 promiserunt,
2551 4103 2738 4158 neque
2763 4102 2821 4139 se
2846 4102 3123 4156 umquam
3159 4085 3227 4138 ab
3260 4085 3367 4138 hoc
3392 4082 3585 4136 animo

1893 4176 2165 4243 revocari,
2201 4175 2342 4247 quin
2388 4193 2614 4246 semper
2642 4176 2757 4229 suis
2799 4174 3056 4245 imperiis
3085 4174 3201 4227 sint
3227 4173 3587 4237 obedientes;

1896 4282 2075 4319 unum
2130 4265 2271 4319 illud
2305 4264 2625 4334 specialiter
2654 4262 2966 4334 deprecari,
3017 4278 3088 4315 ne
3140 4262 3372 4316 alterius
3401 4260 3589 4331 gentis

1894 4369 2088 4423 regem
2145 4368 2317 4423 super
2380 4353 2656 4421 populum
2715 4368 2884 4405 suum
2934 4350 3219 4405 dominari
3262 4353 3584 4420 pateretur;

1892 4440 2077 4510 legem
2128 4440 2272 4493 hanc
2302 4444 2638 4509 perpetuam
2673 4438 3147 4509 Burgundionum
3175 4453 3312 4499 esse,
3341 4443 3405 4490 ut
3435 4438 3589 4491 hunc

1892 4544 2089 4597 regem
2120 4528 2416 4593 haberent,
2477 4543 2649 4597 quem
2694 4527 2805 4595 ipsi
2853 4527 3133 4594 eligerent
3178 4531 3349 4597 atque
3376 4526 3585 4580 consti-

1893 4622 2141 4671 tuerent.
2211 4618 2425 4671 Horum
2483 4614 2737 4670 oratione
2788 4616 3043 4684 placatus
3094 4619 3151 4667 et
3207 4614 3589 4667 satisfactione

1893 4708 2142 4773 accepta,
2200 4719 2299 4756 rex
2355 4702 2571 4773 legatos
2610 4700 2677 4755 ad
2711 4700 3114 4769 imperatorem
3149 4700 3343 4765 mittit,
3375 4700 3588 4765 dicens,

1894 4790 2245 4844 adversarios
2295 4806 2426 4842 suos
2480 4788 2552 4843 ad
2581 4804 2639 4842 se
2684 4787 2923 4853 venisse,
2959 4786 3183 4840 veniam
3239 4787 3309 4839 de
3340 4786 3428 4839 bis
3459 4801 3588 4855 quas

1893 4877 1950 4931 in
1981 4894 2112 4932 eum
2162 4877 2571 4930 commiserant
2611 4875 2949 4947 postulasse,
2983 4873 3207 4943 sibique
3236 4871 3441 4926 dehinc
3466 4871 3588 4924 sine

1893 4968 2008 5021 ulla
2066 4966 2386 5037 suspicione
2438 4966 2559 5019 fore
2624 4964 2952 5018 obedientes
3000 4962 3384 5016 confirmasse.
3442 4958 3593 5015 Petit

1892 5061 1956 5108 ut
1984 5056 2129 5109 hanc
2179 5053 2423 5124 gratiam
2480 5053 2587 5107 sibi
2643 5053 2935 5116 concedat,
2994 5051 3159 5121 regni
3223 5048 3310 5102 sui
3350 5048 3590 5119 pristina

1890 5147 2175 5213 potestate
2221 5158 2326 5213 pro
2383 5158 2485 5196 sua
2531 5142 2835 5196 clementia
2890 5139 2962 5177 ³⁸⁸
3008 5157 3066 5193 se
3144 5138 3225 5191 uti
3276 5138 3583 5208 permittat.

1891 5232 2210 5301 Imperator
2260 5246 2413 5295 vero,
2476 5230 2736 5301 quamvis
2767 5228 2874 5282 sibi
2909 5228 3016 5281 hoc
3044 5226 3334 5280 videretur
3363 5224 3590 5278 incom-

1502 5355 1734 5408 VARI/fl
1765 5355 2159 5409 LECTIONES.

155 5480 225 5513 ²¹⁸
302 5482 381 5532 ita
414 5481 478 5532 E.
514 5478 948 5534 administretur
999 5496 1043 5534 c.
1122 5479 1192 5516 ἰδ
1267 5480 1533 5549 adeptoc.

1613 5481 1687 5515 ²¹⁶
1760 5479 2043 5535 obsiditur
2071 5495 2121 5535 ο.
2207 5478 2275 5515 ²¹⁷

2354 5480 2451 5533 Hic
2472 5496 2517 5531 c.
2598 5476 2672 5511 ²¹⁸
2746 5476 3002 5547 potentia
3032 5492 3169 5531 corr.
3206 5474 3509 5530 clementia
3538 5490 3583 5527 c.
