3960 6192
379 193 484 247 479

1340 189 1636 246 ALPERTI
1677 190 1732 244 S.
1775 187 2246 246 SYMPHORIANI
2288 186 2583 244 METENS.
2629 185 2930 242 MONACH.
3729 195 3807 248 480

379 313 638 380 modum,
689 314 885 366 tamen
931 311 1208 377 recolens,
1237 310 1634 382 propinquum
1665 326 1834 365 suum
1857 326 2082 363 summa
2111 312 2156 364 A
2194 309 2388 382 ignem
2414 309 2800 376 immiseruut,
2835 311 2890 362 et
2917 321 3080 378 spem
3097 306 3356 361 omnibus
3375 306 3450 362 ibi
3477 309 3685 365 ulterius
3707 329 3810 368 cou-

379 401 715 456 necessitate
766 403 1026 454 coactum
1083 399 1156 452 ad
1214 415 1274 453 se
1307 398 1526 452 venisse
1579 403 1635 453 et
1687 415 1928 468 regnum
1963 414 2080 451 non

382 496 501 546 tum
553 490 846 544 voluntate
899 505 1072 559 quam
1133 487 1466 542 necessitate
1517 487 1820 542 adductum
1845 487 1954 541 sibi
1974 494 2083 540 tra-

383 579 612 643 didisse,
665 593 735 631 ne
771 577 946 630 nimis
993 576 1305 630 inhumane
1340 579 1539 628 contra
1572 591 1704 629 eum
1755 576 1936 647 egisse
1968 576 2082 629 exi-

381 670 731 733 stimaretur,
771 665 1040 736 pcticioni
1072 665 1225 735 regis
1275 664 1495 727 annuit,
1555 663 1780 736 sibique
1839 681 2084 736 regnum

386 755 651 822 reddidit,
699 758 756 808 et
795 753 1149 824 principibus
1176 751 1293 806 suis
1325 757 1389 806 ut
1416 752 1501 806 illi
1531 752 1589 806 in
1621 753 1890 808 omnibus
1920 753 2083 807 obse-

385 843 698 898 cundantes
753 847 940 895 essent
991 841 1314 912 imperavit.
1366 841 1460 895 Set
1490 839 1686 911 siquis
1716 842 1776 895 in
1815 841 1925 910 his,
1957 858 2086 913 quae

388 947 541 986 nunc
559 931 824 995 diximus,
848 935 1085 1000 propter
1114 931 1393 982 honorem
1420 929 1784 1000 imperatoris
1811 930 1870 983 in
1893 929 2087 1000 paucis

387 1019 572 1074 verbis
601 1020 672 1073 ab
702 1018 952 1072 historia:
983 1017 1219 1072 veritate
1246 1033 1338 1072 me
1371 1018 1683 1072 declinasse
1706 1018 2086 1088 contenderit,

389 1107 648 1180 quamvis
699 1124 804 1178 ego
860 1107 1004 1161 nihil
1062 1107 1189 1161 falsi
1235 1122 1361 1160 mea
1411 1107 1776 1175 conscientia,
1834 1113 1920 1162 set
1963 1123 2089 1176 quae

385 1195 771 1266 plurimorum
831 1195 1012 1248 relatu
1079 1193 1272 1260 didici,
1328 1193 1698 1264 scripsissem,
1740 1194 1788 1248 is
1834 1195 2090 1265 profecto

390 1284 529 1337 'sciat
576 1285 684 1336 hoc
739 1286 935 1336 tamen
988 1283 1249 1336 omnium
1308 1283 1638 1337 testimonio
1694 1299 1894 1338 verum
1944 1300 2086 1350 esse,

389 1372 844 1441 Burgundiones,
881 1371 1244 1440 imperatoris
1307 1371 1516 1424 timore
1565 1371 1919 1440 perterritos,
1971 1372 2092 1442 regi

389 1460 693 1531 pristinam
716 1459 1049 1512 servitutem
1089 1459 1358 1530 deinceps
1388 1459 1732 1515 exhibuisse.
1771 1459 2086 1526 Heinricus,

392 1548 721 1617 Bui‘guudia
764 1547 1005 1608 rediens,
1080 1548 1348 1602 Munnam
1400 1553 1456 1601 et
1528 1547 1722 1600 omnia
1789 1564 1919 1618 qua:
1979 1550 2089 1601 Wi-

391 1635 624 1690 cmanni
654 1639 816 1689 erant
874 1635 1200 1690 Bernhardo
1252 1635 1325 1672 "9
1385 1635 1533 1697 duci,
1596 1641 1656 1689 ut
1703 1637 1887 1690 ﬁlium
1922 1653 2088 1690 suum

391 1725 695 1794 parvulum
719 1723 963 1777 nutriret
993 1723 1175 1778 donec
1204 1723 1574 1789 adolesceret,
1598 1725 1905 1778 commisit.

790 1815 870 1866 15.
907 1813 988 1866 De
1040 1814 1246 1866 Munna
1282 1814 1422 1868 clam
1470 1813 1698 1867 tradita.

465 1902 531 1955 In
561 1901 770 1954 Munna
799 1905 920 1954 erat
969 1917 1162 1954 servus
1191 1902 1489 1968 cujusdam
1530 1903 1780 1973 partium
1824 1901 2088 1968 Baldrici,

394 1989 466 2044 ad
494 1989 806 2043 fallendum
839 1988 1003 2042 valde
1051 1989 1318 2057 callidus;
1370 1989 1461 2044 hic
1508 1991 1698 2044 nescio
1741 2007 1856 2061 quo
1886 1991 1956 2044 de
1983 1991 2092 2044 cri-

396 2079 550 2132 mine
593 2093 744 2144 reus,
805 2076 1035 2131 domino
1065 2095 1167 2131 suo
1201 2078 1395 2132 multis
1417 2079 1617 2133 diebus
1645 2079 1920 2150 fugitivus
1951 2085 2090 2134 erat.

396 2166 524 2231 Qui,
570 2165 886 2236 excogitato
937 2166 1198 2233 consilio,
1257 2183 1422 2237 posse
1474 2168 1710 2222 domino
1765 2184 1868 2222 suo
1898 2169 1957 2222 in
1989 2169 2096 2222 hoc

397 2255 757 2309 reconciliari
806 2254 852 2308 si
901 2256 1196 2309 castellum
1227 2255 1312 2310 illi
1359 2256 1629 2322 traderet,
1653 2257 1800 2310 clam
1830 2257 1983 2310 venit
2025 2257 2094 2311 ad

397 2359 552 2408 eum,
585 2343 902 2397 certissime
933 2344 1298 2414 promittens,
1350 2344 1396 2398 si
1430 2361 1562 2398 eum
1621 2345 1785 2416 sequi
1815 2347 2005 2412 vellet,
2036 2346 2097 2399 in

399 2433 653 2487 medium
703 2432 928 2486 Munna:
983 2433 1197 2503 absque
1254 2433 1372 2487 ullo
1413 2433 1666 2504 periculo
1693 2434 2094 2488 deducturum.

400 2521 500 2576 llle
533 2528 744 2588 autem,
775 2525 838 2574 ut
863 2526 948 2575 est
973 2523 1323 2576 consuetudo
1353 2523 1828 2592 adolescentium,
1851 2523 2096 2578 nimium

399 2608 460 2663 in
511 2608 924 2680 pollicitatione
967 2609 1091 2680 ejus
1138 2611 1416 2676 exultans,
1469 2626 1680 2680 magna
1729 2611 1780 2664 ei
1815 2611 2103 2681 promittit

401 2713 664 2765 munera,
716 2703 771 2752 et
827 2703 892 2752 ut
921 2714 1096 2768 quam
1144 2698 1404 2752 celeriter
1445 2698 1502 2753 id
1555 2698 1762 2754 efﬁciat
1815 2699 2095 2753 hortatur.

403 2785 504 2838 Ille
534 2802 666 2839 vero
694 2785 866 2840 ﬁdem
901 2786 998 2840 dat
1043 2801 1103 2840 se
1160 2786 1238 2840 ita
1291 2787 1596 2855 facturum,
1647 2793 1704 2840 et
1732 2787 1803 2840 ad
1834 2787 2105 2840 constitu-

2191 398 2496 454 stituendae
2519 396 2856 452 munitionis
2886 396 3243 450 ademerunt.

2197 491 2280 542 17.
2309 491 2382 544 De
2425 489 2714 556 quastione
2739 486 2926 540 habita
2974 501 3094 539 cum
3139 485 3386 540 Baldrico
3416 485 3478 540 de
3513 492 3659 542 morte
3693 491 3810 545 Wic-

2935 577 3144 630 malmi.

2265 666 2365 724 His
2405 665 2544 720 actis
2583 666 2776 732 rebus,
2829 665 2899 719 de
2955 680 3093 718 nece
3127 663 3437 717 Wicmanni
3465 680 3584 717 cum
3613 666 3813 722 Baldrico

2195 755 2574 828 quastionem
2601 754 2813 807 habere
2846 752 3114 807 instituit.
3150 754 3402 822 Cumque
3449 752 3511 805 ad
3543 752 3674 807 hunc
3702 771 3810 809 con-

2195 848 2430 898 ventum
2451 842 2618 897 multi
2649 841 2934 908 adessent,
2958 840 3269 911 imperator
3301 839 3620 905 Baldricum,
3639 842 3813 910 publica

2195 933 2326 987 data
2358 931 2489 998 ﬁde,
2539 931 2807 985 advenire
2850 929 3037 999 jussit.
3105 931 3165 983 ln
3197 945 3368 999 quem
3412 944 3533 982 cum
3581 929 3813 984 acerrima:

2198 1019 2499 1075 sententiae
2543 1019 2956 1090 proferrentur,
3007 1022 3064 1072 et
3122 1017 3217 1071 ille
3275 1032 3494 1071 summo
3553 1022 3724 1070 conatu
3771 1034 3812 1071 se

2197 1107 2607 1178 inculpabilem
2663 1123 2768 1177 per
2815 1121 3012 1160 omnes
3063 1105 3343 1177 justicias,
3391 1121 3528 1176 quas
3568 1103 3815 1174 imperator

2199 1197 2588 1259 constitueret.
2648 1195 3043 1250 demonstrare
3092 1199 3346 1263 cuperet,
3399 1193 3506 1248 dux
3547 1192 3811 1248 Godefridus

2200 1291 2258 1340 et
2289 1285 2651 1340 Bernhardus
2677 1282 2752 1318 ²²³
2811 1300 3043 1337 omnem
3087 1283 3487 1354 purgationem
3533 1281 3612 1334 sui
3656 1281 3808 1334 facien-

2200 1375 2333 1428 dam
2381 1373 2602 1444 legibus
2636 1372 3077 1438 interdixerunt,
3135 1375 3436 1442 propterea
3490 1369 3629 1440 quod
3662 1370 3814 1439 saepius

2201 1463 2350 1517 inter
2371 1463 2532 1516 illum
2565 1466 2621 1516 et
2674 1463 3071 1515 Wicmannum
3121 1459 3264 1513 ﬁdes
3295 1465 3350 1512 et
3401 1475 3504 1528 pax
3535 1464 3815 1511 sacramento

2200 1552 2452 1621 ﬁrmata,
2492 1566 2720 1622 semper
2769 1550 2866 1604 ille
2901 1549 3058 1620 prior
3079 1548 3385 1603 discidium
3432 1546 3632 1614 fecerit,
3661 1552 3705 1599 et
3726 1545 3814 1600 ideo

2201 1640 2325 1711 ejus
2364 1639 2809 1694 satisfactionem
2866 1636 3110 1691 ulterius
3168 1652 3286 1690 non
3318 1633 3678 1705 recipiendam
3713 1650 3813 1698 esse,

2199 1729 2299 1800 qui
2343 1727 2632 1782 convictus
2690 1731 2808 1780 tam
2867 1723 3181 1779 manifestis
3235 1723 3462 1777 indiciis
3515 1719 3814 1794 perjurus’"

2199 1817 2481 1870 existeret.
2564 1816 2823 1885 Cumque
2879 1812 3040 1884 loqui
3095 1817 3422 1879 conantem,
3477 1825 3667 1875 vocem
3713 1809 3814 1876 ejus,

2198 1921 2272 1959 ne
2316 1919 2545 1958 causam
2585 1919 2746 1957 suam
2794 1902 3024 1969 diceret,
3080 1900 3490 1971 interciperent
3535 1902 3586 1952 et
3640 1897 3688 1950 in
3724 1913 3817 1949 eum

2198 1993 2551 2058 frenderent,
2600 1991 2896 2047 saevientes
2945 1991 3017 2044 ob
3074 1988 3400 2044 innocentis
3428 1993 3671 2053 mortem,
3695 1991 3738 2039 et
3760 1984 3818 2037 vix

2201 2087 2570 2152 conspectum
2620 2082 2743 2152 ejus
2776 2081 3011 2146 ferrent,
3044 2095 3134 2132 res
3159 2078 3279 2148 jam
3310 2092 3457 2146 pene
3484 2075 3544 2130 in
3570 2091 3628 2128 eo
3648 2077 3760 2135 erat,
3780 2079 3821 2126 ut

2201 2171 2455 2226 militum
2486 2170 2751 2224 manibus
2804 2169 3245 2238 discerperetur.
3284 2166 3537 2235 Cumque
3587 2161 3764 2215 videret
3783 2176 3820 2211 se

2202 2263 2263 2314 in
2301 2265 2426 2314 arto
2479 2259 2729 2330 positum
2767 2263 2826 2313 et
2890 2257 3133 2311 evadere
3184 2270 3352 2326 posse
3407 2252 3684 2315 difﬁderet,
3732 2263 3823 2300 voce

2208 2364 2416 2419 magna
2461 2347 2726 2402 clamavit
2802 2352 3006 2417 petens
3061 2344 3342 2398 auxilium
3419 2341 3581 2412 regis.
3629 2339 3827 2393 Clamore

2207 2438 2330 2507 ejus
2359 2435 2575 2501 audito,
2623 2434 2868 2488 surrexit
2918 2449 3036 2499 rex,
3086 2438 3145 2485 et
3190 2437 3426 2485 extensa
3471 2443 3650 2491 manu,
3679 2441 3736 2478 ne
3756 2439 3828 2493 pu-

2208 2525 2414 2580 blicam
2447 2523 2641 2578 datam
2681 2523 2849 2577 ﬁdem
2873 2521 3128 2584 laederet,
3163 2537 3226 2574 ex
3261 2518 3522 2574 manibus
3547 2512 3829 2570 sevieutium

2210 2613 2442 2684 eripuit,
2501 2617 2559 2666 et
2604 2613 2725 2683 jam
2755 2611 3111 2680 disperatum
3141 2608 3304 2662 abire
3335 2623 3370 2660 a
3401 2605 3536 2660 facie
3562 2605 3671 2674 ejus
3690 2600 3828 2671 jussit.

2210 2701 2391 2766 Quem
2444 2700 2902 2770 archiepiscopus
2953 2695 3290 2766 suscipiens,
3317 2709 3522 2764 magna
3544 2705 3665 2744 cura
3685 2685 3831 2739 tueba-

2209 2795 2322 2853 tur,
2356 2793 2413 2842 et
2458 2788 2529 2842 ab
2581 2787 2842 2841 hostibus
2895 2785 2981 2838 vix
3014 2790 3299 2854 ereptum,
3347 2779 3629 2836 Coloniam
3652 2772 3830 2829 remisit.

401 2877 524 2927 tum
557 2879 786 2942 tempus
832 2873 1094 2927 reseratis
1126 2873 1306 2944 portis
1343 2890 1570 2929 summo
1603 2891 1770 2928 mane
1801 2874 2101 2928 dominum
2133 2873 2172 2929 C
2213 2877 2320 2942 Qui
2349 2881 2480 2947 post
2504 2877 2635 2930 hinc
2660 2873 2973 2928 triennium
3017 2888 3171 2942 aeger
3217 2871 3405 2925 factus
3462 2868 3519 2922 in
3577 2860 3834 2934 Hengibach

405 2978 573 3015 suum
630 2961 962 3016 intromisit.
1015 2962 1301 3033 Oppidani
1333 2963 1392 3016 in
1438 2963 1658 3017 lectulis
1689 2963 1877 3016 adhuc
1906 2979 2106 3016 somno

405 3050 644 3121 gravati,
694 3049 991 3120 inopinato
1030 3052 1278 3118 clamore
1337 3051 1586 3106 hostium
1635 3050 1821 3104 subito
1861 3051 2109 3104 excitan-

405 3144 519 3193 tur.
573 3139 830 3209 Cumque
878 3154 981 3208 per
1036 3138 1291 3209 hospicia
1339 3139 1444 3192 hac
1472 3144 1529 3193 et
1556 3139 1685 3192 illac
1723 3139 2110 3194 discurrerent

409 3231 465 3280 et
483 3243 597 3297 quo
632 3242 691 3280 se
722 3226 1042 3296 reciperent
1093 3227 1448 3297 ignorarent,
1480 3227 1731 3281 inermes
1779 3227 2107 3298 capiuntur,

407 3331 524 3368 uno
581 3319 800 3368 tantum
832 3314 890 3367 in
916 3314 1100 3385 prima
1145 3315 1516 3369 concursione
1556 3315 1876 3383 interfecto,
1921 3318 2110 3370 caeteri

412 3418 613 3456 omnes
634 3403 704 3455 de
743 3402 972 3456 castello
995 3402 1378 3472 expelluntur.

526 3493 602 3545 l6.
641 3491 718 3546 De
741 3491 1054 3561 empulsione
1083 3491 1346 3557 Baldricz',
1386 3495 1436 3544 et
1464 3492 1670 3545 Munna
1706 3492 1998 3548 destructa.

485 3580 772 3634 Baldricus
849 3581 1022 3634 domo
1089 3581 1354 3650 expulsus
1404 3585 1462 3633 et
1535 3580 1800 3634 omnibus
1867 3579 2113 3634 fortunis

415 3668 638 3722 amissis
663 3667 775 3739 (an.
812 3670 985 3736 lOl8),
1017 3668 1089 3722 ad
1139 3669 1489 3722 sacerdotem
1526 3668 1918 3722 Coloniensem
1951 3669 2109 3722 abiit.

415 3757 524 3821 Qui
556 3756 676 3827 ejus
741 3763 998 3811 recentes
1052 3757 1404 3812 calamitates
1457 3756 1887 3824 commiserans,
1921 3758 2114 3811 sedem

415 3845 476 3900 in
505 3845 728 3900 civitate
781 3845 1062 3914 delegavit
1107 3845 1573 3916 stipendiumque
1618 3846 1929 3900 constituit.
1978 3847 2114 3901 Ger-

417 3934 652 4004 hardus,
675 3950 906 4006 quoque
933 3934 1278 3988 Mosellensis
1331 3933 1663 4004 Hengibach
1693 3935 1774 3987 illi
1803 3950 2118 3988 accommo-

419 4022 591 4088 davit,
622 4027 703 4088 ut,
758 4039 871 4093 quo
901 4038 960 4076 se
992 4021 1231 4091 recipiat
1269 4021 1496 4086 habeat,
1545 4026 1602 4074 et
1646 4026 1804 4075 tutus
1833 4021 1904 4076 ab
1943 4021 2119 4076 hosti-

2215 2966 2462 3020 moritur
2553 2968 2666 3032 (an.
2705 2964 2889 3033 l02l),
2963 2975 3286 3032 corpusque
3374 2959 3496 3029 ejus
3565 2955 3620 3009 in
3676 2965 3834 3024 posses-

2217 3055 2437 3109 sionem
2485 3051 2556 3090 ²²⁶
2596 3068 2758 3107 suam
2813 3051 3073 3106 Seﬂuche
3133 3048 3247 3120 (51)
3282 3047 3536 3102 defertur
3561 3049 3612 3098 et
3637 3041 3704 3096 ibi
3728 3053 3834 3108 sepe-

2216 3143 2373 3198 litur.

2291 3234 2375 3286 18.
2428 3229 2697 3298 Quomodo
2745 3227 3094 3284 Gevehardus
3122 3229 3183 3281 in
3229 3229 3453 3281 mortem
3489 3219 3557 3257 ²²⁶
3584 3220 3744 3276 ductus
3769 3216 3835 3267 est.

2288 3321 2423 3374 Post
2478 3319 2641 3390 cujus
2696 3323 2942 3372 mortem
3001 3331 3195 3370 servus
3249 3315 3436 3369 isdem
3483 3310 3576 3384 qui
3635 3307 3836 3394 Munuaul

2216 3407 2472 3474 tradidit,
2525 3407 2678 3460 venit
2731 3406 2799 3460 ad
2839 3405 3254 3470 Gevehardum,
3313 3403 3384 3457 de
3422 3416 3534 3472 quo
3579 3411 3725 3468 supra
3745 3390 3836 3446 dixi-

2220 3513 2348 3550 mus
2380 3497 2528 3568 (cap.
2590 3500 2698 3563 11),
2753 3495 3095 3565 promittens
3133 3492 3240 3554 illi,
3291 3491 3339 3545 si
3399 3489 3517 3560 ejus
3553 3483 3752 3541 consilio
3771 3477 3834 3568 ad:

2221 3561 2514 3656 quiescere
2571 3592 2625 3636 et
2654 3561 2712 3636 se
2756 3561 2941 3652 vsequi
2987 3581 3175 3645 vellet,
3218 3579 3453 3633 beatum
3504 3575 3762 3632 iacturum,
3790 3561 3835 3659 ad

2222 3689 2388 3726 suum
2420 3673 2714 3726 castellum
2767 3669 3115 3740 Heugibach,
3147 3668 3304 3739 quod
3339 3666 3394 3721 ei
3426 3681 3488 3720 ex
3516 3669 3661 3735 parte
3706 3667 3837 3710 uxoris

2216 3761 2348 3832 jure
2377 3761 2664 3827 successit,
2695 3759 3097 3824 deducturum,
3155 3763 3212 3810 et
3255 3755 3384 3810 sine
3415 3753 3635 3806 vulnere
3660 3746 3835 3802 liberam

2223 3849 2552 3904 facultatem
2597 3849 2708 3902 sibi
2763 3846 3039 3919 pociundi
3092 3845 3388 3900 daturum.
3464 3842 3566 3907 Qui
3626 3837 3685 3891 ad
3725 3843 3834 3919 suam

2225 3937 2640 4004 infelicitatem,
2698 3917 2946 3990 nimium
3009 3933 3274 3988 credulus
3325 3931 3510 3986 verbis
3566 3923 3710 3988 servi,
3754 3917 3834 3972 510°

2224 4042 2388 4080 mora
2419 4024 2787 4096 subsequitur
2844 4027 3098 4078 euntem.
3134 4023 3200 4077 Et
3243 4025 3376 4075 Cum
3407 4035 3510 4090 per
3533 4013 3838 4086 exploratores

419 4110 526 4163 bus
555 4110 780 4164 existat.
832 4112 1044 4164 Munna
1085 4126 1242 4176 vero,
1304 4114 1366 4164 ut
1418 4125 1592 4179 supra
1636 4109 1906 4178 diximus,
1938 4127 1972 4165 a
2000 4110 2116 4165 suis
2150 4149 2190 4202 D
2228 4129 2359 4168 eum
2411 4095 2904 4183 adpropinquasse
2959 4109 3253 4182 cognitum
3313 4112 3419 4174 est,
3488 4095 3838 4160 Gerhardusa‘“

421 4202 608 4268 capta,
656 4198 976 4268 augebatur
1025 4197 1109 4251 illi
1139 4214 1286 4268 spes,
1309 4213 1547 4267 sperans
1567 4213 1626 4252 se
1652 4196 1723 4234 ²²⁰
1751 4215 1855 4269 per
1884 4199 2032 4253 hanc
2049 4202 2116 4237 ²²¹

420 4302 613 4340 casum
657 4302 828 4340 suum
884 4291 940 4341 et
981 4286 1239 4340 dolorem
1305 4285 1669 4357 expiaturum
1715 4291 1772 4340 et
1816 4287 2117 4358 pristinam

425 4375 665 4428 salutem
713 4379 1204 4445 recuperaturum.
1239 4373 1335 4428 Set
1363 4374 1532 4444 longe
1567 4374 1734 4428 aliter
1761 4391 1850 4430 res
1879 4376 2108 4432 accidit.

425 4464 566 4517 Nam
621 4464 971 4534 Noviomago
1026 4463 1268 4518 concilio
1320 4463 1534 4518 indicto
1593 4462 1779 4534 (Mart.
1838 4465 1947 4536 16),
1988 4481 2118 4520 cum

425 4550 593 4606 multi
631 4551 1013 4619 advenissent,
1066 4552 1380 4623 imperator
1433 4552 1722 4619 Munnam,
1766 4569 1838 4606 ne
1889 4553 2121 4625 aliquod

425 4640 852 4695 incommodum
885 4646 985 4695 aut
1007 4645 1202 4712 prteda
1250 4656 1316 4694 ex
1347 4656 1412 4694 ea
1440 4640 1663 4713 regioni
1691 4641 1872 4709 ﬁeret,
1906 4641 2123 4698 destrui

417 4729 609 4799 jussit.
682 4730 767 4784 Ad
843 4731 967 4802 ejus
1032 4730 1475 4785 destructionem
1533 4729 1892 4785 Heribertum
1943 4730 2103 4786 archi

427 4821 759 4892 episcopum
777 4825 834 4875 et
863 4821 1216 4876 Gerhardum
1239 4819 1632 4874 Mosellensem
1663 4825 1720 4874 et
1740 4819 1884 4874 alios
1913 4822 2124 4875 multos

429 4909 586 4963 misit
614 4905 712 4980 ²²²,
767 4909 869 4980 qui
910 4908 1170 4963 funditus
1223 4907 1464 4962 aediﬁcia
1510 4908 1705 4963 omnia
1759 4909 2121 4976 subruentes,

2229 4201 2557 4256 condictum
2587 4204 2728 4266 erat,
2761 4214 3030 4270 magnam
3088 4195 3523 4252 multitudinem
3569 4190 3839 4273 armatoruu

2230 4306 2333 4361 per
2379 4288 2636 4344 ofﬁcinas
2691 4263 2746 4342 et
2793 4263 3081 4342 conclavia
3117 4284 3315 4356 oppidi
3361 4279 3657 4341 abscondit,
3677 4279 3724 4328 et
3749 4263 3841 4340 quid

2231 4377 2320 4432 sui
2350 4379 2423 4432 sit
2457 4376 2682 4433 consilii
2725 4375 2839 4430 illis
2869 4374 3144 4440 ostendit,
3191 4379 3249 4428 et
3303 4373 3426 4444 ipse
3466 4370 3526 4425 in
3565 4362 3768 4422 circuitu
3789 4371 3844 4408 ca-

2229 4467 2380 4522 stelli
2431 4467 2493 4522 in
2525 4467 2664 4520 silva
2707 4481 2838 4519 cum
2865 4463 2992 4518 aliis
3034 4462 3214 4532 copiis
3247 4459 3495 4516 delituit.
3531 4458 3591 4510 Et
3630 4465 3738 4507 cum

2230 4556 2514 4612 vehardus
2560 4555 2621 4609 in
2675 4553 2930 4609 medium
2965 4550 3301 4606 munitionis
3338 4548 3502 4620 quasi
3529 4547 3623 4601 bos
3649 4540 3709 4596 ad
3732 4535 3846 4588 victi-

2231 4661 2386 4700 mam
2434 4643 2712 4708 deductus
2767 4645 2932 4707 esset,
2991 4639 3178 4694 subito
3226 4654 3428 4692 omnes
3476 4635 3543 4690 de
3593 4620 3846 4714 turribus?t

2232 4732 2570 4788 habitaculis
2644 4729 2990 4794 exsilientes,
3064 4732 3258 4798 portas
3342 4725 3633 4780 obsistunt.
3703 4716 3848 4798 Pali?“

2233 4821 2423 4893 primo
2476 4835 2755 4874 concursu
2800 4818 2918 4872 viso
2971 4815 3174 4883 evasis,
3223 4813 3416 4868 caeteri
3452 4815 3580 4865 sunt
3613 4797 3847 4893 occisas":t

2232 4886 2347 4977 ille,
2403 4924 2520 4963 non
2571 4905 2826 4979 segniter
2879 4921 3047 4961 muro
3099 4919 3356 4972 ascenso,
3406 4898 3633 4955 insidias
3676 4886 3849 4946 deforis

1851 5016 2086 5070 VARI/E
2117 5015 2512 5072 LECTIONES.

503 5119 578 5154 ²¹⁹
651 5120 934 5174 berhardo
997 5120 1375 5176 l.bernardo
1404 5122 1458 5174 2.
1536 5118 1612 5156 ²²⁰
1685 5137 1849 5176 manu
1876 5125 1929 5176 2.
2008 5123 2079 5158 ¹²¹
2155 5123 2308 5176 hunc
2363 5125 2410 5177 1.

2487 5120 2559 5158 ’³³
2634 5119 2846 5175 multos
2893 5134 3031 5174 corr.
3073 5115 3232 5172 misit
3265 5132 3311 5170 c.
3391 5111 3465 5148 ³³⁸
3534 5101 3847 5164 berbardusc.

439 5188 514 5224 ³³⁸
587 5191 822 5262 pejurus
851 5195 906 5248 2.
985 5190 1056 5228 ²²⁸
1129 5192 1454 5263 possionem
1487 5206 1534 5246 c.
1612 5192 1685 5228 ³³⁸
1756 5198 2018 5247 montem
2046 5208 2185 5248 corr.
2216 5198 2460 5248 mortem
2489 5208 2542 5247 c.

2063 5305 2286 5362 NOTAE.

510 5411 621 5482 (51)
661 5413 920 5468 Fortasse
976 5411 1252 5479 Seﬁ'eren,
1306 5411 1542 5468 ditionis
1576 5411 1714 5468 olim
1756 5411 2128 5468 Prumiensis.
