4016 6202
106 309 195 362 1181
970 292 1061 348 DE
1106 292 1565 348 DIVERSITATE
1605 290 1984 348 TEMPORUM
2028 287 2214 344 LIBRI
2248 285 2410 343 DUO.
2452 315 2520 324 ——
2560 286 2688 340 LIB.
2731 286 2802 341 Il.
3533 285 3635 338 482

102 430 387 493 1105010115,
427 439 486 477 50
536 417 934 492 praecipitavit
987 421 1045 470 et
1092 432 1247 486 aegre
1296 416 1565 470 membris
1607 416 1830 469 collisus
1860 420 1905 471 A
1943 412 2091 467 cludi
2122 410 2322 483 possit,
2353 425 2482 463 cum
2514 409 2694 463 altera
2710 409 3035 479 juramento
3067 407 3391 478 denegabit.
3425 406 3483 461 Si
3509 408 3636 477 quis

104 527 197 576 est.
266 511 605 571 Gerhardus
664 523 911 579 quoque
966 521 1293 572 accurrens,
1358 510 1610 576 porrecta
1661 519 1836 557 manu

104 610 320 663 collum
381 602 510 672 ejus
566 597 832 669 graviter
895 595 1052 657 ferit,
1111 593 1203 647 his
1255 594 1439 647 verbis
1496 610 1509 648 :
1567 594 1835 648 Seniorcm

107 705 249 753 tuum
307 694 495 747 eodem
544 686 703 741 modo
758 684 1056 749 cecidisti;
1105 697 1191 747 en,
1249 682 1408 735 habes
1456 683 1600 751 quod
1639 682 1836 749 egisti!

107 789 236 843 Dein
278 783 356 836 ab
392 782 492 834 illo
541 793 572 830 a
616 792 736 845 quo
777 773 1162 826 Wicmannus
1211 786 1387 824 cmsus
1416 776 1518 836 est,
1571 771 1837 839 adjuncto

105 875 358 950 quodam
398 884 558 925 servo
596 862 875 927 Baldrici,
909 859 1245 915 confoditur
1272 864 1441 929 atque
1474 858 1836 913 interﬁcitur.

106 945 312 1036 Sicque
339 962 480 1016 dum
513 958 639 1028 plus
670 952 932 1025 appetit,
963 948 1109 1003 illud
1144 948 1300 1018 quod
1331 947 1532 1002 habuit
1562 963 1693 1001 cum
1725 945 1840 999 vita

109 1054 321 1111 amisit.

314 1143 401 1196 19.
436 1141 506 1193 De
532 1134 727 1203 eclipsi
763 1132 909 1185 lunae
940 1132 989 1182 et
1022 1123 1172 1189 solis,
1202 1129 1253 1179 et
1279 1127 1394 1180 viso
1423 1130 1637 1180 cometa.

168 1237 349 1289 Anno
381 1243 497 1282 uno
540 1229 872 1291 antequam
926 1215 1235 1271 concilium
1284 1214 1639 1283 Noviomago
1690 1210 1841 1265 indi-

108 1330 262 1377 ctum
314 1322 461 1372 esset
514 1318 618 1382 (an.
678 1310 880 1376 1017),
930 1307 1072 1361 111113
1114 1307 1247 1374 post
1304 1303 1554 1357 mediam
1612 1304 1841 1354 noctem

110 1412 362 1465 hiberno
396 1412 643 1472 tempore
679 1396 922 1458 defecit,
950 1399 1004 1448 et
1027 1408 1160 1462 rege
1182 1390 1445 1460 sequenti
1471 1404 1631 1443 anno
1659 1384 1841 1457 (1018)

112 1502 165 1553 111
227 1498 444 1551 eodem
491 1494 605 1545 loco
657 1487 1047 1543 consistente,
1098 1481 1153 1534 in
1210 1477 1463 1550 paschali
1516 1476 1845 1531 ebdomada

114 1588 249 1641 solis
306 1581 530 1652 eclipsis
575 1579 727 1631 facta
780 1579 888 1628 est.
936 1570 1127 1626 Tercio
1181 1584 1408 1638 quoque
1448 1582 1612 1619 anno
1663 1562 1845 1652 (1019)

116 1679 378 1730 cometes
408 1651 464 1723 in
490 1665 813 1738 aquilonari
848 1667 1013 1732 parte
1044 1658 1168 1712 caeli
1203 1654 1559 1723 longissimis
1594 1651 1848 1705 crinibus
1881 1695 1921 1748 Β

117 1772 169 1817 01
210 1760 436 1833 pallida
490 1755 674 1825 specie
728 1753 885 1805 visus
926 1752 1027 1802 est.
1080 1747 1407 1816 Sequuntur
1456 1742 1576 1795 hoc
1618 1740 1849 1809 signum

121 1830 312 1906 multa
354 1846 500 1900 bella
531 1849 585 1897 et
628 1843 688 1895 in
720 1838 991 1911 plurimis
1028 1834 1353 1889 nationibus
1385 1830 1682 1885 maximus
1712 1844 1850 1881 san-

122 1938 249 2009 guis
286 1933 584 1987 hominum
616 1944 724 1999 per
754 1927 956 1996 praelia
989 1923 1146 1976 fusus
1175 1925 1279 1975 est.

122 2001 209 2079 ΞΟ.
248 2027 327 2077 De
358 2018 638 2074 Meriwido
687 2032 722 2069 α.
764 2015 968 2068 Frisiis
1016 2011 1251 2069 obtenta,
1283 2010 1332 2060 et
1380 2006 1446 2059 de
1487 2001 1846 2058 Tielensibus.

190 2115 526 2178 Antequam
562 2107 671 2159 hoc
704 2101 1039 2172 prodigium
1080 2098 1138 2150 in
1170 2096 1310 2148 coelo
1343 2090 1852 2178 appareret,_circa

125 2200 269 2252 litus
311 2175 511 2249 oceani
562 2192 781 2244 bellum
832 2192 1087 2240 coortum
1140 2189 1225 2235 est
1266 2184 1379 2247 (an.
1430 2180 1610 2243 1018).
1667 2175 1852 2245 Hujus

125 2288 270 2342 belli
329 2286 452 2338 113ιο
484 2298 655 2335 031153
696 2278 823 2332 fuit.
880 2277 1016 2330 Pars
1070 2271 1404 2335 Frisiorum,
1454 2266 1684 2320 sedibus
1731 2265 1852 2317 suis

130 2375 368 2439 relictis,
418 2373 477 2425 in
532 2371 676 2423 silva
724 2365 1038 2431 Meriwido,
1089 2362 1158 2415 de
1212 2375 1327 2429 qua
1373 2372 1547 2426 supra
1598 2351 1853 2407 diximus

130 2466 254 2531 (lib.
292 2480 329 2529 i,
364 2478 485 2532 cap.
536 2458 614 2527 8).
651 2453 971 2509 habitacula
1010 2451 1409 2504 construentes
1439 2443 1850 2508 consederunt,

131 2529 186 2609 et
237 2529 531 2623 adjunctis
578 2546 686 2600 sibi
735 2540 1104 2614 praedonibus
1161 2551 1371 2605 magna
1427 2529 1854 2587 mercatoribus

129 2618 388 2711 dampna
431 2636 774 2691 intulerunt.
813 2629 1118 2684 Prmdones
1160 2640 1319 2689 vero,
1351 2622 1432 2675 eis
1472 2625 1679 2691 postea
1718 2618 1854 2671 sub-

122 2707 372 2803 jugatis,
413 2724 661 2794 singulis
698 2722 767 2775 ad
815 2719 1052 2772 modum
1107 2712 1566 2781 uniuscujusque
1610 2707 1855 2762 culturae

130 2800 219 2876 adi
258 2817 599 2887 extirpanda
653 2808 877 2864 novalia
935 2812 1149 2861 terram
1206 2800 1547 2866 diviserunt,
1607 2812 1855 2867 eamque

132 2909 320 2962 colere
372 2885 689 2975 jusserunt,
742 2902 800 2950 et
845 2895 955 2949 sibi
1001 2890 1312 2960 vectigales
1363 2888 1646 2940 fecerunt.
1695 2885 1856 2940 Unde

1946 500 2046 553 Dei
2078 498 2336 553 ﬁdelium
2384 496 2533 568 apud
2586 496 2994 566 imperatorem
3040 496 3377 572 intercedat,
3413 500 3474 547 ut
3519 496 3638 547 haec

1948 592 2161 643 scelera
2216 587 2517 641 interdicat
2572 601 2643 638 ne
2710 589 2795 638 tot
2848 584 3057 637 animae
3115 583 3324 637 cotidie
3381 588 3636 652 pereant,

1947 691 2217 747 magnam
2257 673 2509 744 profecto
2539 690 2568 725 a
2600 674 2714 727 Deo
2746 671 3269 725 remunerationem
3296 671 3403 724 sibi
3431 672 3642 723 donan-

1951 765 2081 817 dam
2117 778 2346 833 sperare
2378 761 2611 830 poterit.
2646 760 3003 814 Adulterium
3036 760 3094 813 in
3127 760 3350 829 culpam
3388 775 3497 811 non
3529 758 3642 811 du-

1952 858 2106 905 cunt.
2149 849 2427 915 Quamdiu
2456 866 2597 903 uxor
2626 849 2887 914 tacuerit,
2921 848 3103 901 virum
3134 864 3237 918 per
3267 847 3482 901 nefaria
3517 863 3640 899 sce-

1950 942 2069 995 lera
2097 939 2423 993 sordescere
2465 937 2685 992 licitum
2716 938 2945 1003 habent,
2995 942 3050 990 et
3080 937 3215 991 talia
3252 942 3518 1006 agentem
3550 951 3647 989 ne-

1952 1030 2169 1083 minem
2191 1033 2401 1098 praeter
2436 1043 2672 1080 uxorem
2694 1026 2752 1079 in
2777 1026 2990 1096 synodo
3015 1025 3379 1095 interpellare
3413 1026 3641 1079 debere.

1953 1118 2189 1173 Summo
2237 1131 2403 1169 mane
2448 1114 2842 1185 potationibus
2894 1114 3144 1182 student,
3178 1119 3234 1167 et
3274 1112 3534 1183 quisquis
3566 1111 3647 1165 ibi

1952 1205 2143 1259 altiori
2173 1219 2305 1257 voce
2334 1209 2529 1274 turpes
2560 1218 2852 1256 sermones
2883 1202 2952 1255 ad
2989 1202 3349 1255 excitandum
3382 1200 3561 1253 risum
3594 1204 3651 1252 et

1954 1294 2023 1348 ad
2062 1293 2261 1346 vinum
2305 1292 2552 1346 indocile
2605 1291 2808 1360 vulgus
2846 1292 3271 1360 provocandum
3319 1288 3647 1359 protulerit,

1954 1397 2226 1452 magnam
2257 1381 2407 1451 apud
2439 1396 2533 1434 eos
2566 1379 2675 1433 fert
2711 1378 2959 1432 laudem.
2987 1377 3279 1447 Siquidem
3311 1378 3384 1430 ob
3417 1378 3524 1430 hoc
3555 1392 3653 1445 pe-

1955 1471 2183 1524 cuniam
2215 1469 2387 1522 simul
2435 1469 2758 1532 conferunt,
2805 1472 2862 1520 et
2910 1466 3054 1518 lianc
3095 1465 3362 1535 partitam
3407 1465 3654 1535 singulis

1958 1561 2027 1613 ad
2059 1560 2213 1612 lucra
2252 1558 2622 1623 distribuunt,
2652 1561 2708 1609 et
2737 1572 2802 1609 ex
2834 1555 2922 1608 his
2953 1570 3343 1624 quoscumque
3382 1560 3550 1624 potus
3580 1552 3656 1588 ²³²

1958 1647 2127 1701 certis
2170 1647 2525 1716 temporibus
2563 1646 2623 1699 in
2671 1660 2821 1698 anno
2876 1648 3116 1696 cernunt
3164 1643 3254 1707 ’3',
3302 1647 3359 1694 et
3401 1643 3458 1694 in
3503 1642 3653 1695 cele-

1958 1733 2245 1789 brioribus
2274 1736 2430 1790 festis
2463 1734 2627 1805 quasi
2656 1733 3055 1802 sollempniter
3084 1730 3347 1785 ebrietati
3374 1733 3443 1766 ²³⁸
3468 1732 3653 1785 inser-

1957 1824 2138 1877 viunt.

2252 1914 2340 1967 2i.
2380 1915 2449 1966 De
2480 1912 2612 1965 bello
2640 1915 2830 1964 contra
2861 1912 3063 1964 Frisios
3093 1909 3360 1962 adhibito.

2032 2000 2353 2070 Imperator
2395 2000 2513 2053 vias
2561 2005 2943 2052 mercatorum
2990 1998 3252 2068 pateﬁeri
3302 1995 3492 2049 volens
3535 1996 3653 2062 (an.

1966 2090 2143 2157 1018),
2192 2088 2570 2143 Adelbaldum
2601 2086 2675 2121 ’35
2704 2089 3033 2157 episcopum
3067 2093 3122 2139 et
3157 2089 3359 2139 ducem
3393 2084 3659 2138 Godefri-

1963 2178 2102 2231 dum
2134 2177 2207 2231 ad
2255 2194 2313 2231 se
2361 2194 2566 2231 vocans
2607 2175 2737 2246 (54),
2788 2177 3021 2228 mandat
3072 2181 3136 2228 ut
3167 2174 3372 2227 Frisios
3428 2173 3658 2237 adeant,

1963 2282 2176 2337 eosque
2221 2266 2291 2319 ab
2320 2265 2407 2318 his
2452 2265 2681 2319 sedibus
2729 2280 2869 2334 quas
2917 2263 3125 2330 injuste
3158 2265 3502 2330 occuparant
3534 2277 3663 2330 pro-

1963 2356 2183 2427 pellant
2228 2359 2283 2407 et
2312 2353 2612 2423 prmdones
2653 2353 3046 2406 submoveant.
3102 2352 3197 2404 His
3247 2349 3527 2404 mandatis
3563 2366 3662 2403 ac-

1963 2444 2163 2515 ceptis,
2209 2442 2550 2497 immensam
2584 2440 3009 2495 multitudinem
3057 2445 3286 2510 cogunt.
3321 2439 3665 2492 clarissimos

1963 2545 2195 2602 quoque
2243 2530 2396 2582 viros
2443 2533 2499 2581 et
2545 2528 2803 2597 adprime
2855 2527 2913 2579 in
2944 2542 3004 2580 re
3059 2526 3291 2579 militari
3331 2525 3663 2592 instructos,

1964 2619 2066 2689 qui
2095 2623 2285 2671 tamen
2312 2616 2594 2686 equitatui
2638 2614 2797 2669 omni
2841 2615 2955 2668 vita
2984 2615 3306 2679 studebant,
3344 2615 3470 2667 navi
3515 2614 3667 2668 nihil

1962 2709 2250 2777 poterant,
2300 2721 2495 2758 secum
2549 2704 2869 2758 adsciscunt
2916 2702 3005 2757 ³³⁸.
3060 2703 3314 2773 Cumque
3363 2702 3423 2754 in
3479 2718 3667 2757 unum

1964 2794 2381 2859 convenissent,
2435 2808 2662 2846 omnem
2720 2791 3031 2845 exercitum
3082 2792 3140 2845 in
3197 2790 3434 2844 navibus
3486 2791 3668 2844 collo-

1964 2889 2114 2950 cant,
2146 2898 2329 2953 eoque
2363 2881 2460 2934 ubi
2504 2881 2708 2935 Frisios
2739 2897 2868 2934 cum
2907 2880 3116 2934 coactis
3145 2880 3322 2949 copiis
3365 2878 3671 2933 audierant

133 2966 489 3051 mercatores
554 2990 862 3044 Tielenses.
934 2981 1034 3053 qui
1103 2983 1276 3033 etiam
1342 2975 1672 3046 specialiter
1734 2989 1855 3043 prae
1896 2975 1936 3031 C
1967 2988 2086 3027 esse
2140 2971 2512 3025 contendunt.
2546 2973 2614 3024 At
2664 2969 2747 3022 illi
2793 2969 2892 3040 qui
2941 2970 3140 3022 silvam
3187 2966 3563 3037 occupabant,
3606 2971 3673 3019 ut

136 3084 365 3139 03110115
408 3079 573 3135 facile
606 3077 675 3130 ad
709 3085 1101 3145 quascumque
1148 3064 1539 3137 querimonias
1590 3061 1856 3131 excitan-

140 3175 243 3228 das
294 3169 694 3224 accenduntur
741 3163 833 3227 2'7,
882 3161 1083 3215 crebro
1138 3171 1333 3226 regem
1382 3150 1853 3223 interpellabant,

141 3268 205 3316 ut
234 3277 342 3332 pro
374 3275 477 3312 sua
504 3254 688 3328 gratia
736 3268 833 3305 eos
861 3250 931 3303 ab
960 3248 1050 3302 his
1107 3243 1333 3314 injuriis
1366 3241 1656 3296 defendat.
1701 3239 1760 3293 Si
1800 3240 1855 3292 id

139 3328 258 3406 non
291 3348 485 3413 faciat,
518 3360 707 3415 neque
735 3358 793 3395 se
818 3356 988 3394 causa
1017 3333 1354 3405 negotiandi
1382 3332 1441 3385 in
1465 3330 1713 3385 insulam
1747 3328 1853 3395 (52)

139 3441 367 3501 venire,
401 3450 591 3507 neque
634 3431 706 3485 ad
759 3447 817 3484 se
864 3428 1168 3483 Britannos
1216 3419 1524 3476 commeari
1565 3433 1753 3489 posse,
1800 3423 1860 3471 et

141 3531 278 3585 ideo
304 3505 609 3595 vectigalia
654 3519 786 3586 sibi,
832 3523 897 3571 ut
928 3514 1248 3586 oportebat,
1297 3509 1520 3581 plenius
1552 3505 1857 3577 provenire

141 3634 268 3673 non
319 3594 506 3687 posse,
560 3610 847 3665 dicebant.
903 3606 998 3660 Set
1050 3603 1187 3656 libet
1241 3615 1441 3669 pauca,
1498 3612 1613 3687 non
1662 3594 1859 3687 detra-

142 3682 372 3771 hendo,
426 3707 512 3755 set
542 3717 611 3754 ex
661 3696 864 3750 intimo
913 3692 1082 3747 corde
1126 3686 1479 3743 condolendo
1518 3683 1610 3749 ²²⁸,
1653 3683 1745 3735 1110
1774 3682 1858 3736 in-

146 3810 369 3862 serere,
410 3790 621 3862 quibus
666 3784 918 3839 moribus
950 3787 1004 3835 et
1037 3778 1316 3833 institutis
1355 3774 1445 3829 isti
1471 3774 1756 3828 'I‘ielenses
1788 3772 1858 3824 ab

149 3884 283 3939 aliis
318 3880 457 3933 viris
502 3873 576 3911 "9
625 3873 911 3929 differant.
965 3868 1233 3922 Homines
1272 3870 1404 3917 sunt
1434 3862 1586 3929 duri,
1632 3865 1687 3914 et
1712 3875 1859 3930 pene

148 3971 319 4026 nulla
359 3964 665 4036 disciplina
712 3958 1041 4023 adsuefacti,
1092 3954 1308 4024 judicia
1341 3952 1447 4023 (53)
1493 3967 1608 4004 non
1655 3965 1857 4002 secun-

149 4060 298 4115 dum
338 4057 527 4126 legem
572 4056 659 4106 set
705 4048 1017 4104 secundum
1066 4045 1420 4097 voluntatem
1467 4040 1857 4102 decernentes,

152 4152 215 4201 et
243 4125 461 4200 hocab
504 4143 851 4211 imperatore
899 4135 1064 4188 karta
1116 4130 1193 4166 ²³⁰
1242 4130 1512 4183 traditum
1572 4132 1629 4179 et
1657 4125 1861 4179 conﬁr-

1966 3064 2374 3130 compererunt
2405 3075 2508 3128 per
2554 3059 2946 3129 exploratores
2977 3056 3046 3110 de
3078 3056 3325 3110 adventu
3360 3054 3667 3120 exercitus,

1966 3150 2324 3218 reliquerunt
2369 3147 2592 3211 domos,
2644 3152 2700 3199 et
2728 3147 2796 3198 ad
2848 3163 2964 3208 eos,
2998 3146 3148 3198 inter
3194 3160 3336 3214 quos
3366 3142 3672 3213 praedones

1966 3235 2453 3291 municiuuculam
2509 3239 2963 3300 construxerant,
3010 3233 3147 3303 fuga
3192 3248 3249 3285 se
3299 3237 3666 3300 receperunt.

1964 3327 2035 3378 At
2064 3324 2245 3377 nostri
2274 3339 2403 3376 cum
2452 3327 2573 3376 tota
2604 3324 2781 3375 classe
2829 3323 3000 3393 pleno
3033 3326 3172 3375 aestu
3209 3325 3570 3374 accesserunt
3600 3320 3671 3374 ad

1967 3411 2341 3481 Flaridingun
2367 3428 2379 3477 ;
2410 3411 2488 3463 sic
2520 3411 2674 3464 enim
2728 3411 2849 3464 haec
2896 3409 3053 3480 regio
3087 3409 3197 3479 (55)
3234 3407 3544 3462 Frisiorum
3578 3425 3676 3463 vo-

1966 3507 2145 3554 catur.
2182 3500 2245 3551 In
2284 3499 2446 3568 cujus
2478 3499 2612 3553 litus
2659 3514 2790 3552 cum
2823 3502 3250 3569 exponerentur
3296 3496 3528 3565 milites,
3559 3497 3672 3551 dux

1965 3595 2213 3643 ceteram
2255 3603 2487 3640 omnem
2538 3588 2969 3640 multitudinem
3001 3584 3197 3656 egredi
3237 3585 3429 3654 jussit,
3474 3587 3673 3654 paucis

1966 3678 2178 3732 relictis
2226 3676 2324 3744 qui
2376 3692 2548 3729 naves
2598 3675 2657 3728 in
2703 3676 2885 3729 altum
2929 3675 3291 3740 reducerent,
3342 3689 3412 3725 ne
3462 3673 3672 3727 iterum

1968 3768 2319 3820 commutato
2370 3770 2509 3818 testu
2558 3763 2616 3816 in
2668 3764 2828 3817 arido
2880 3762 3280 3827 consisterent,
3325 3766 3387 3814 ut
3438 3761 3486 3814 si
3533 3763 3674 3832 quid

1969 3870 2113 3924 opus
2158 3856 2303 3905 esset
2350 3852 2430 3905 eis
2477 3852 2655 3904 libere
2689 3854 2772 3905 uti
2826 3851 3167 3922 potuissent.
3223 3848 3387 3902 Frisii
3430 3848 3529 3903 11111
3576 3867 3673 3904 005

1969 3958 2235 4014 campum
2286 3942 2579 3995 audaciter
2606 3938 2674 3975 ³³⁷
2707 3942 2824 3995 suis
2856 3940 3179 4011 agminibus
3223 3938 3511 4009 complere
3551 3956 3675 3993 cer—

1970 4035 2192 4097 nerent,
2242 4034 2298 4083 et
2326 4045 2513 4101 neque
2563 4029 2631 4081 ab
2676 4029 2765 4082 his
2796 4029 2896 4099 qui
2926 4028 2985 4082 in
3017 4026 3341 4082 munitione
3390 4033 3552 4080 erant
3586 4028 3672 4081 ul-

1970 4124 2087 4177 lum
2113 4118 2447 4191 praesidium
2479 4124 2795 4189 sperarent,
2827 4135 2893 4172 eo
2925 4118 3078 4189 quod
3110 4120 3167 4171 et
3196 4115 3280 4169 illi
3311 4115 3674 4185 circumjecta

152 4242 386 4291 malum
442 4204 655 4286 dicunt.
707 4228 763 4281 Si
797 4225 923 4296 quis
976 4222 1285 4293 quicquam
1317 4219 1387 4272 ab
1441 4215 1551 4269 alio
1590 4219 1859 4269 mutuum
1893 4260 1935 4314 D
1975 4216 2134 4265 tanta
2164 4207 2534 4263 multitudine
2565 4207 2791 4261 nullum
2836 4206 3110 4277 eﬂ‘ugium
3143 4204 3442 4271 haberent,
3476 4205 3676 4259 editio-

156 4325 278 4378 sive
311 4318 806 4376 accommodatum
856 4311 1150 4382 acceperit,
1196 4315 1252 4362 et
1279 4308 1373 4361 ille
1405 4305 1474 4359 ad
1519 4303 1860 4357 constitutas

154 4411 430 4467 inducias
477 4424 597 4462 rem
629 4420 791 4459 suam
822 4401 1049 4472 repetit,
1096 4395 1380 4452 constanti
1410 4393 1603 4447 animo
1642 4391 1863 4444 inﬁcias

156 4504 223 4567 it,
259 4505 319 4555 et
350 4499 475 4553 sine
524 4512 685 4550 mora
716 4510 773 4547 se
821 4491 967 4545 nihil
1013 4489 1082 4543 ab
1120 4488 1218 4541 illo
1269 4483 1549 4553 accepisse
1592 4480 1765 4551 jurat.
1800 4481 1866 4534 Et

158 4592 211 4645 si
295 4589 428 4660 quis
509 4585 898 4656 deprehensus
981 4578 1156 4633 fuerit
1248 4570 1862 4660 publicenpejurasse,

160 4696 197 4734 a
229 4658 391 4733 nullo
437 4692 604 4746 posse
657 4674 725 4710 ²³¹
760 4668 1026 4739 redargui
1071 4665 1435 4720 confirmant.
1483 4658 1540 4713 Si
1571 4674 1691 4711 rem
1728 4673 1867 4728 quo-

160 4784 279 4840 que
323 4782 439 4820 una
480 4779 654 4817 manu
682 4758 951 4826 tenuerit,
982 4756 1029 4810 si
1072 4753 1295 4809 tantilla
1332 4754 1417 4804 est
1447 4752 1507 4801 ut
1536 4762 1731 4840 pugno
1777 4746 1867 4798 in-

1976 4300 2133 4355 ribus
2180 4296 2251 4334 ’⁸⁸
2280 4298 2420 4351 10015
2468 4296 2530 4350 111
2578 4296 2917 4351 stationibus
2954 4295 3113 4351 Frisii
3162 4294 3490 4361 coadunati,
3536 4295 3673 4366 quid

1972 4386 2196 4443 consilii
2224 4386 2418 4440 hostes
2449 4391 2721 4456 caperent
2764 4385 3156 4455 expectabant.
3203 4385 3333 4437 Haec
3362 4390 3552 4439 tamen
3584 4401 3676 4439 res

1974 4478 2033 4531 in
2062 4478 2189 4530 loco
2212 4491 2309 4528 eos
2338 4474 2724 4543 continuerat,
2752 4490 2819 4527 eo
2851 4475 3007 4544 quod
3032 4474 3160 4526 illos
3182 4472 3305 4526 sine
3329 4474 3493 4543 equis
3514 4475 3677 4529 adve-

1976 4565 2126 4618 nisse
2184 4567 2594 4634 cognoverant,
2661 4578 2718 4617 se
2776 4568 2968 4615 autem
3029 4561 3222 4615 labore
3279 4561 3567 4616 cotidiano
3620 4570 3678 4619 et

1976 4654 2185 4707 rustica
2217 4652 2620 4706 exercitatione
2658 4650 2899 4720 pedibus
2938 4649 3255 4719 plurimum
3306 4664 3468 4717 posse
3499 4645 3676 4700 conﬁ-

1978 4742 2187 4796 debant
2212 4757 2225 4807 ;
2255 4746 2312 4795 et
2340 4742 2388 4795 si
2426 4741 2498 4795 ab
2529 4739 2787 4794 hostibus
2817 4745 3175 4809 premantur,
3228 4736 3455 4789 stabant
3495 4736 3565 4790 ad
3594 4734 3676 4790 fu-

1596 4834 1832 4888 VARle
1891 4830 2284 4886 LECTlONES.

241 4924 318 4962 ²²⁶
394 4923 739 4977 acceduntur
797 4922 845 4972 l.
919 4914 994 4952 ²²⁸
1040 4910 1395 4968 detrahendo
1438 4923 1576 4962 corr.
1635 4903 1993 4959 condolendo
2049 4918 2094 4956 c.
2174 4898 2245 4937 ²²⁹
2302 4902 2384 4953 ita
2435 4900 2677 4964 corrigo;
2736 4896 2810 4950 ist
2834 4913 2972 4952 corr.
3034 4895 3171 4949 vicis
3204 4911 3248 4949 c.
3328 4893 3403 4928 ²³⁰
3453 4909 3519 4947 ne
3556 4897 3679 4962 quis

170 5013 380 5071 Karool
419 5012 526 5078 legi
555 5010 875 5076 suspicetur,
914 5002 1140 5057 codicem
1173 4998 1337 5078 karta
1387 4996 1581 5078 Itaoere
1626 5006 1876 5078 nionem“
1904 4988 2168 5078 ’“jpose
2432 4984 2573 5078 pet;
2603 4999 2768 5078 c.4111
2797 4990 2960 5078 p‘otos
2979 4984 3007 5039 ⁸1
3082 4983 3157 5017 ³³³
3188 4976 3346 5037 0οτιῖ
3375 4997 3420 5036 c.
3498 4981 3569 5017 ³³⁸
3597 4985 3679 5036 ita

167 5054 1103 5140 .Wifi’ladeb’baldu’m
1131 5087 1175 5125 c.
1254 5068 1325 5105 ²²⁶
1358 5067 1650 5121 adciscunt
1678 5079 1726 5117 0.
1804 5062 1876 5095 ³³⁷
1908 5054 2175 5113 audacter
2208 5062 2254 5112 l.
2334 5054 2407 5091 ³³⁸
2433 5054 2788 5111 editionibus
2824 5058 2871 5109 1.

1803 5140 2009 5195 NOTAE
2022 5181 2035 5193 .

247 5228 795 5307 (52181113ηηὶ3111..
981 5293 997 5307 ‘
1136 5291 1178 5307 ῃ
1244 5289 1278 5307 Α
1349 5287 1403 5307 Ν

505 5283 632 5372 quae
663 5315 736 5373 ea
765 5296 837 5373 de
864 5310 932 5373 re_
966 5293 1107 5373 duce
1136 5291 1215 5373 νλ
1232 5289 1301 5342 01.
1334 5283 1868 5373 .Birnbaumilzlgio‘.

175 5355 479 5435 Bei'n'r’ic'us
516 5355 768 5426 1301101101*
813 5365 1051 5420 Andreae
1096 5364 1153 5415 in
1185 5358 1506 5431 Specimine
1549 5357 1621 5435 de
1648 5355 1871 5435 origine

166 5425 731 5573 ⁷1⁵111ἓέ11111111011131111
760 5435 955 5493 Frisici
988 5451 1042 5507 p.
1079 5434 1182 5489 369
1219 5425 1342 5502 sqq.
1391 5426 1721 5499 nuperrime
1749 5425 1869 5479 dis-

173 5535 258 5573 1111
321 5532 373 5571 vx
407 5559 420 5573 .

173 5532 420 5590 putem.

2054 5210 2163 5280 (54)
2194 5208 2273 5263 Cf.
2302 5206 2594 5280 Thietmar
2624 5221 2737 5271 VIII,
2776 5207 2857 5259 13.

2054 5271 2165 5350 (55⁷)
2199 5279 2373 5333 Hodie
2402 5280 2623 5350 tantum
2656 5279 2778 5345 ejus
2809 5272 3058 5350 nominis
3080 5271 3242 5350 vicus
3271 5276 3453 5326 exstat
3478 5272 3677 5350 _Vl_aer-

1981 5343 2215 5422 dinge'n,
2247 5364 2419 5422 quem
2463 5347 2532 5401 ab
2563 5343 2786 5422 Oceano
2818 5346 3028 5422 Mosam
3075 5344 3349 5414 invectus,
3383 5360 3417 5398 a
3446 5343 3679 5398 sinistra

1982 5416 2132 5478 infra
2161 5416 2552 5479 Roterdanum
2583 5416 2883 5489 conspicis.
