3920 6190
424 161 527 214 483

1372 155 1669 212 ALPERTI
1710 157 1763 208 S.
1808 153 2281 210 SYMPHORIANI
2321 153 2617 209 METENS.
2662 152 2966 208 MONACII.
3741 167 3814 219 iiii

425 298 555 354 gam
607 280 916 352 praeparati
969 284 1136 351 atque
1187 278 1450 350 expediti.
1514 279 1632 332 Una
1691 262 1779 330 res
1832 283 1954 331 erat
2001 277 2112 330 illis
2141 280 2186 332 Α
2225 280 2555 346 erumpunt,
2589 275 2782 329 omnia
2826 275 3098 329 cadavera
3129 281 3470 333 mortuorum
3510 286 3816 355 perequitant.

424 387 636 442 magno
685 370 836 435 usui,
890 369 1042 441 quod
1096 385 1362 440 campum
1423 383 1654 420 omnem
1707 365 1872 420 fossis
1920 365 2121 437 praefo-

424 459 655 527 derant,
731 458 846 511 sive
921 458 988 512 ad
1067 457 1487 512 defendendum
1563 456 1841 526 majorem
1917 460 2117 508 aestum

426 547 625 614 maris,
715 546 813 616 qui
889 546 945 600 in
1037 547 1355 618 plenilunio
1428 542 1674 598 validior
1747 542 1887 598 solet
1959 544 2116 598 fieri.

425 637 542 690 sive
609 635 679 689 ad
747 635 1179 705 impediendum
1245 635 1355 688 iter
1428 635 1702 688 hostium.
1779 633 1928 698 Quas
1991 650 2116 686 cum

425 724 554 778 duci
579 723 868 778 videretur
895 724 1126 778 diflicile
1157 739 1284 776 cum
1321 721 1694 776 multitudine
1723 721 2118 788 transeundas,

418 812 610 883 jussit,
659 816 724 865 ut
773 811 870 882 qui
931 811 1093 881 signa
1138 811 1398 864 ferebant
1451 811 1726 877 redirent,
1779 815 1835 864 et
1883 809 2120 863 circuta-

425 902 498 956 tis
531 899 604 936 ²³⁰
646 901 810 955 fossis
844 900 902 954 in
949 901 1086 954 locis
1139 900 1325 970 planis
1375 899 1778 966 consisterent,
1833 897 1966 952 utsi
2002 898 2125 952 Fri—

426 991 492 1043 sii
523 987 596 1027 ²¹¹⁰
626 989 900 1043 dimicare
945 990 1178 1055 vellent,
1213 1006 1307 1042 eos
1341 987 1657 1059 excipiendi
1707 988 2022 1058 expeditior
2048 987 2124 1041 fa-

426 1079 603 1132 cultas
634 1083 798 1131 esset.
833 1078 898 1131 Et
942 1094 1070 1132 cum
1106 1078 1384 1131 exercitus
1414 1077 1572 1131 ducis
1604 1075 1670 1112 ²⁸¹
1720 1077 1882 1147 signa
1913 1076 2122 1130 referre

427 1165 747 1236 cmpissent,
799 1171 954 1219 ortus
986 1171 1066 1220 est
1116 1166 1266 1220 inter
1293 1165 1632 1219 novissimos
1681 1181 1879 1219 eorum
1911 1165 2126 1218 clamor

427 1271 453 1306 a
502 1255 750 1324 quodam
803 1254 1223 1320 scelestissimo,
1265 1255 1587 1325 propinquo
1630 1253 1990 1325 praedonum,
2043 1253 2125 1308 di-

425 1358 578 1407 cens,
632 1347 698 1396 ut
753 1343 996 1414 quisque
1054 1343 1183 1396 vitae
1242 1360 1358 1396 sum
1409 1344 1749 1406 consuleret,
1806 1343 2008 1397 ducem
2063 1343 2120 1396 in

425 1432 609 1500 prima
644 1431 762 1484 acie
807 1432 1026 1501 impetu
1083 1432 1391 1485 Frisiorum
1442 1448 1699 1502 pressum
1740 1432 1874 1502 fuga
1927 1431 2124 1502 proelio

429 1518 678 1571 cessisse.
715 1518 825 1570 [lac
863 1518 1002 1572 falsa
1041 1518 1192 1574 fama
1222 1535 1326 1589 per
1371 1518 1681 1572 exercitum
1713 1520 1952 1588 perlata,
2002 1534 2124 1572 om-

427 1622 527 1660 nes
558 1607 615 1660 iu
647 1606 838 1677 fugam
876 1608 1019 1660 versi
1063 1612 1216 1674 sunt,
1246 1607 1296 1660 ei
1330 1612 1484 1660 tanto
1517 1607 1719 1660 timore
1749 1611 1882 1660 sunt
1912 1610 2124 1677 perter-

426 1694 544 1754 riti,
581 1701 646 1747 ut
677 1695 907 1747 nomine
943 1701 1224 1764 urguente
1274 1695 1330 1748 in
1367 1694 1579 1749 ﬂumen
1614 1711 1671 1748 se
1701 1695 2127 1765 praecipitarent

430 1783 562 1846 (Jul.
629 1785 744 1851 29).
814 1783 969 1837 Multi
1045 1783 1242 1837 conﬁsi
1304 1784 1517 1836 viribus
1585 1783 1654 1837 ad
1714 1799 1884 1837 naves
1940 1787 2124 1837 trans-

427 1875 623 1924 natare
655 1870 979 1941 cupiebant.
1013 1871 1162 1934 Quas
1206 1887 1331 1924 cum
1370 1871 1828 1942 prehendissem,
1857 1877 1913 1924 et
1941 1871 1999 1924 in
2033 1887 2127 1924 eas

427 1974 653 2013 summo
709 1960 898 2012 studio
957 1959 1260 2013 ascendere
1327 1968 1689 2027 conarentur,
1761 1959 2127 2013 multitudine

427 2046 894 2116 circumstipante
948 2063 1119 2100 naves
1176 2047 1439 2101 dimersze
1498 2051 1646 2101 sunt.
1715 2049 1779 2102 Et
1835 2064 1900 2101 eo
1955 2047 2125 2102 modo

425 2135 620 2206 plures
665 2135 977 2206 perierunt,
1012 2136 1161 2206 quod
1197 2137 1439 2207 quisque
1473 2153 1666 2190 carum
1709 2153 1873 2190 suum
1907 2143 1961 2191 et
1993 2153 2125 2208 pro-

426 2223 711 2294 pinquum
746 2225 802 2276 in
852 2226 1052 2277 mortis
1100 2230 1297 2278 natatu
1351 2225 1701 2295 periclitasse
1746 2225 2124 2295 conspiciens,

426 2313 562 2365 dum
596 2313 897 2366 subvenire
940 2313 1024 2366 illi
1053 2314 1242 2381 vellet,
1274 2313 1754 2367 circumfunditur
1793 2314 2125 2368 innumera-

426 2400 539 2453 bile
584 2401 809 2472 vulgus,
843 2417 1132 2473 navesque
1162 2401 1226 2455 in
1271 2402 1618 2472 profundum
1660 2401 1914 2469 trahunt,
1947 2406 2004 2456 et
2049 2403 2127 2456 sic

426 2489 644 2559 pariter
672 2507 873 2544 omnes
917 2490 1174 2544 suffocati
1209 2496 1360 2544 sunt.
1395 2491 1563 2544 Pauci
1617 2491 1877 2546 videntes
1919 2491 2039 2546 haec
2072 2498 2129 2545 et

426 2577 690 2632 timentes
744 2579 1066 2649 periculum
1114 2579 1550 2647 submersiouis,
1607 2585 1663 2633 et
1707 2585 1772 2634 ut
1805 2582 1948 2634 solet
1979 2579 2124 2654 fieri,

428 2667 580 2737 quod
627 2667 889 2738 plerique
935 2669 994 2722 in
1043 2669 1144 2722 tali
1197 2669 1627 2739 perturbatione
1676 2686 1790 2723 non
1842 2669 2129 2739 recipiunt

428 2755 870 2823 miserationem,
905 2772 977 2810 ne
999 2756 1172 2810 simili
1207 2757 1376 2811 modo
1407 2757 1661 2828 perirent
1682 2757 1929 2812 incitatis
1954 2760 2126 2812 remis

2230 365 2364 418 illuc
2393 363 2492 417 ubi
2539 366 2739 418 ducem
2773 379 2802 417 a
2853 363 3215 417 multitudine
3264 364 3638 425 circumdatum
3674 389 3816 429 cerne.

2231 452 2369 506 bant
2401 453 2771 507 contendunt.
2813 451 2991 516 Quem
3035 452 3343 521 cognitum,
3393 460 3443 507 et
3464 456 3570 525 jam
3605 461 3652 513 in
3677 463 3817 517 adver.

2232 556 2356 592 sum
2398 556 2458 593 os
2507 542 2871 594 vulneratum
2917 545 2972 593 et
3004 555 3150 611 pene
3193 542 3553 611 desperatum,
3590 550 3740 603 statim
3777 569 3819 604 ex

2231 631 2485 702 periculo
2516 631 2790 701 eripiunt,
2845 635 2900 685 et
2930 647 3056 685 cum
3091 633 3281 702 paucis
3328 636 3493 703 captis
3520 636 3573 690 in
3599 642 3822 696 castellum

2231 720 2573 791 perducunt,
2626 720 2983 791 pedibusque
3032 722 3154 790 ejus
3200 721 3604 791 provolvuntur,
3631 727 3821 798 eiquese

2232 808 2468 875 dedunt,
2519 808 2821 862 obsecrant
2872 815 2937 861 ut
2983 809 3152 862 rebus
3209 809 3323 861 suis
3368 813 3601 864 consulat
3638 821 3682 866 et
3719 820 3820 886 apud

2233 895 2638 966 imperatorem
2681 901 2736 950 et
2793 895 3123 966 episcopum
3172 896 3525 952 Adelbaldum
3571 916 3658 970 pro
3685 904 3748 954 eis
3780 905 3822 956 de

2230 983 2461 1054 negotio
2514 985 2770 1038 confecto
2821 984 3179 1038 interveniat.
3235 985 3443 1049 Quibus
3499 1003 3612 1041 cum
3657 989 3821 1045 dixisset

2233 1073 2429 1126 omnia
2453 1089 2580 1144 quae
2612 1073 2681 1127 ab
2714 1089 2780 1127 eo
2806 1073 3166 1144 postularent
3195 1089 3313 1126 sese
3361 1074 3638 1141 facturum,
3664 1082 3821 1132 tantum

2231 1165 2296 1215 ut
2324 1161 2510 1233 ipsum
2546 1166 2601 1215 et
2645 1167 2862 1215 ceteros
2912 1162 3010 1232 qui
3064 1167 3420 1232 superessent
3458 1168 3512 1216 et
3550 1166 3675 1235 capti
3711 1175 3822 1221 erant

2231 1251 2439 1304 illaesos
2469 1251 2623 1304 abire
2646 1251 3066 1322 permitterent,
3098 1252 3506 1321 responderunt
3535 1269 3724 1322 magnas
3747 1257 3820 1308 ini-

2234 1339 2478 1393 micitias
2509 1346 2808 1410 parentum
2839 1345 2895 1393 et
2943 1339 3396 1410 propinquorum
3430 1340 3634 1395 illorum
3665 1343 3737 1413 qui
3759 1360 3821 1396 oc-

2234 1431 2553 1482 cubuerant
2599 1429 2754 1498 ipsos
2803 1428 3113 1482 incurrisse
3152 1445 3165 1495 ;
3227 1429 3271 1482 si
3323 1429 3683 1500 impunitatem
3721 1432 3822 1484 illius

2235 1515 2367 1570 facti
2393 1516 2721 1586 juramento
2771 1516 2881 1570 sibi
2920 1517 3278 1584 confirment,
3321 1523 3380 1570 ut
3408 1517 3603 1571 nullam
3627 1534 3820 1590 umquam

2237 1604 2540 1659 vindictam
2573 1607 2643 1659 ab
2691 1605 2830 1676 ipsis
2883 1607 3136 1676 exigant,
3187 1622 3305 1659 sese
3336 1606 3582 1672 facturos,
3623 1623 3720 1677 qua:
3754 1626 3822 1677 po-

2237 1694 2491 1761 stularet,
2546 1695 2941 1748 ostenderunt.
2995 1695 3253 1765 Cumque
3311 1693 3420 1748 dux
3470 1695 3579 1748 haec
3625 1696 3820 1756 laudaret,

2237 1782 2591 1835 constituunt
2620 1781 2768 1836 diem
2819 1787 2875 1834 et
2903 1783 3114 1848 locum,
3147 1782 3376 1852 quando
3415 1781 3528 1835 haec
3569 1783 3719 1836 omnia
3740 1785 3844 1835 fieri.

2237 1868 2500 1923 debeant.
2536 1870 2668 1923 Illos
2712 1875 2902 1923 autem
2947 1870 3048 1940 qui
3077 1870 3228 1940 capti
3277 1870 3494 1923 fuerant
3522 1886 3671 1941 usque
3692 1871 3741 1924 ad
3762 1871 3822 1922 in-

2238 1958 2432 2012 ducias
2481 1958 2770 2012 condictas
2817 1957 2874 2011 in
2922 1957 3166 2012 vinculis
3211 1958 3485 2024 retinent;
3531 1958 3694 2012 ducem
3718 1959 3824 2011 abire

2235 2045 2600 2117 permittunt.
2658 2047 2780 2111 Quo
2823 2047 3091 2111 abeunte,
3146 2047 3437 2102 irruerunt
3477 2063 3626 2118 super
3663 2037 3821 2110 occisos,

2236 2140 2291 2188 et
2339 2135 2497 2188 obliti
2551 2136 2738 2189 omnis
2781 2135 3179 2202 humanitatis,
3228 2137 3419 2190 omnia
3468 2153 3671 2206 corpora
3709 2137 3822 2188 vesti-

2237 2225 2446 2278 mentis
2467 2230 2766 2290 exuerunt,
2789 2230 2850 2278 ut
2873 2241 2976 2279 nec
2998 2242 3033 2296 p
3054 2242 3254 2279 mnum
3284 2226 3505 2296 quidem
3535 2226 3824 2294 relinquerent

2238 2329 2353 2385 quo
2395 2314 2642 2368 verenda
2673 2320 3024 2384 tegerentur.
3065 2315 3143 2368 Dc
3195 2315 3284 2369 liis
3314 2330 3528 2386 quoque
3555 2314 3656 2367 haec
3689 2315 3824 2366 ferun-

2237 2407 2351 2469 tur,
2383 2403 2533 2473 quod
2580 2403 2847 2472 quaedam
2894 2418 3135 2472 corpora
3185 2403 3393 2456 horum
3438 2405 3586 2471 longe
3622 2402 3669 2454 in
3706 2402 3823 2452 altum

2238 2491 2309 2545 ab
2355 2490 2559 2544 incolis
2607 2496 2844 2562 propter
2891 2491 3155 2544 fcetorem
3211 2491 3462 2562 expulsa,
3509 2491 3571 2543 ab
3614 2489 3763 2542 avibus
3793 2493 3824 2539 et

2236 2579 2433 2634 bestiis
2462 2583 2518 2632 et
2566 2579 2805 2633 marinis
2847 2580 3000 2646 feris,
3039 2596 3170 2651 quae
3214 2580 3579 2650 cupidissimae
3620 2578 3826 2632 humano-

2237 2685 2364 2722 rum
2396 2668 2736 2723 cadaverum
2776 2677 2926 2736 sunt,
2961 2668 3141 2723 illiesa
3178 2674 3236 2722 et
3261 2669 3462 2722 intacta
3487 2663 3823 2738 permanserint.

2240 2759 2304 2812 Et
2334 2758 2467 2812 dum
2499 2759 2709 2812 iterum
2739 2757 2807 2813 ad
2836 2757 2973 2811 litus
2998 2773 3101 2828 per
3131 2763 3332 2811 aestum
3365 2759 3740 2828 projicerentur,
3764 2765 3826 2819 per

427 2841 620 2913 fugam
667 2845 1003 2898 accelerant.
1059 2844 1200 2898 Cum
1249 2847 1442 2915 plures
1473 2843 1548 2882 ²⁴²
1577 2862 1710 2900 vero
1743 2851 1898 2900 metu
1927 2850 1983 2900 et
2011 2846 2121 2900 las-
2162 2849 2202 2904 C
2239 2846 2352 2900 duo
2385 2846 2632 2900 miliaria
2685 2851 2784 2900 aut
2832 2843 3080 2916 amplius
3132 2846 3347 2900 candor
3389 2861 3572 2899 eorum
3606 2845 3726 2896 visus
3760 2847 3823 2900 est,

427 2928 677 2984 situdine
707 2936 764 2984 et
797 2931 1052 3002 pondere
1082 2948 1375 2986 armorum
1408 2934 1588 3004 pressi
1618 2934 1785 2988 sicuti
1835 2951 2000 2988 cursu
2034 2934 2124 2987 in-

427 3019 673 3085 trabant,
721 3019 801 3073 ita
829 3020 932 3073 sub
964 3037 1111 3090 aqua
1158 3022 1299 3075 recti
1343 3028 1400 3074 et
1429 3022 1739 3076 exanimati
1769 3021 2012 3076 stabant.
2055 3025 2126 3076 At

428 3107 485 3160 lii
519 3108 618 3177 qui
645 3107 703 3161 in
738 3109 1061 3162 munitione
1102 3114 1284 3173 erant,
1321 3125 1451 3164 cum
1495 3110 1755 3164 viderent
1785 3127 2120 3164 concursum

429 3192 574 3258 ﬁeri,
606 3197 663 3245 et
705 3191 968 3245 certatim
1001 3208 1058 3245 se
1104 3193 1172 3246 de
1203 3193 1395 3247 littore
1426 3194 1486 3247 in
1517 3211 1724 3264 aquam
1757 3194 2119 3266 prmcipitari,

431 3280 950 3334 animadverterent
1003 3297 1098 3334 eos
1155 3283 1516 3352 perturbatos
1572 3283 1766 3354 fugam
1819 3284 2008 3351 inisse,
2071 3289 2126 3338 et

428 3385 558 3422 mox
593 3374 734 3423 nutu
783 3375 838 3423 et
868 3370 1099 3424 vocibus
1141 3371 1210 3425 de
1254 3371 1388 3442 fuga
1419 3388 1614 3426 eorum
1669 3372 1861 3426 Frisiis
1910 3373 2124 3442 signiﬁ-

429 3473 556 3510 rare
585 3463 898 3528 cmperunt.
936 3459 1057 3512 Dux
1102 3475 1236 3513 vero
1269 3459 1464 3513 videns
1509 3460 1703 3530 fugam
1738 3460 2123 3515 multitudinis

426 3563 553 3600 cum
587 3547 703 3600 suis
733 3547 919 3601 stabat
954 3548 1335 3618 stupefactus;
1369 3548 1663 3603 fortissimi
1694 3566 1945 3621 quoque,
1979 3567 2121 3622 quo-

427 3651 552 3690 rum
600 3652 696 3690 cor
724 3642 787 3690 ut
817 3636 1047 3691 leonum
1081 3642 1219 3704 erat,
1269 3638 1349 3692 ita
1387 3655 1594 3709 pavore
1628 3639 1874 3694 solutum
1921 3645 2026 3696 est.
2062 3645 2124 3693 ut

426 3725 549 3778 loco
577 3725 632 3779 in
667 3741 781 3796 quo
810 3725 1183 3780 constiterant
1212 3743 1270 3780 se
1316 3743 1543 3782 movere
1576 3744 1692 3782 non
1727 3733 1978 3798 possent.
2012 3732 2121 3782 Ac-

425 3813 677 3884 ciditque
708 3844 778 3853 —
803 3814 995 3868 nescio
1027 3815 1182 3886 quod
1216 3815 1649 3886 divinojudicio
1681 3848 1749 3857 —
1773 3817 1934 3888 quasi
1966 3817 2125 3871 inau-

426 3903 609 3956 ditum
656 3902 1020 3971 miraculum,
1050 3904 1194 3957 adeo
1229 3902 1298 3940 ²⁴³
1327 3910 1388 3956 ut
1419 3901 1578 3958 Frisii
1607 3922 1672 3959 ex
1707 3905 2124 3976 significatione

425 3991 848 4062 oppidanorum
911 3992 1127 4046 evocati
1172 3997 1532 4046 accurrerent
1582 3999 1638 4046 et
1669 4009 1763 4046 eos
1811 3994 1972 4064 quasi
2006 3995 2124 4048 saxi

425 4078 749 4133 immobiles
784 4084 998 4134 stantes
1027 4079 1445 4149 interficerent;
1478 4086 1535 4135 et
1564 4081 1641 4134 ita
1676 4081 1773 4135 Dei
1797 4081 1962 4152 jussu
1992 4088 2126 4136 sunt

429 4168 484 4220 in
528 4167 644 4220 suis
695 4166 969 4221 membris
1008 4168 1262 4238 obligati,
1313 4174 1379 4223 ut
1425 4185 1594 4223 nemo
1652 4186 1718 4223 ex
1765 4164 1919 4225 tanta
1961 4171 2127 4241 copia

427 4255 875 4309 clarissimorum
923 4256 1178 4310 virorum
1219 4273 1452 4311 manum
1488 4257 1681 4312 stricto
1713 4258 1902 4328 gladio
1935 4259 2002 4313 ad
2035 4275 2127 4313 re-

427 4343 742 4397 sistendum
776 4345 1038 4409 erigeret,
1086 4344 1171 4398 vel
1222 4350 1445 4400 scutum
1505 4347 1572 4401 ad
1605 4364 1662 4400 se
1701 4348 2124 4417 protegendum

427 4437 762 4504 opponeret.
796 4433 1012 4497 Quibus
1053 4435 1384 4504 peremptis,
1435 4436 1606 4489 celeri
1633 4452 1796 4490 cursu
1849 4453 2123 4508 pervene-

427 4527 564 4574 runt
593 4521 660 4575 ad
701 4521 852 4588 litus,
887 4527 943 4575 et
975 4539 1104 4576 cum
1137 4524 1351 4594 plures,
1383 4525 1483 4595 qui
1515 4541 1617 4596 per
1648 4525 2001 4596 crepidinem
2033 4527 2125 4581 lit-

426 4609 564 4663 toris
592 4609 650 4662 in
683 4627 833 4680 aqua
862 4611 1130 4665 manibus
1160 4613 1481 4683 reptabant,
1506 4613 1713 4684 jaculis
1763 4615 2122 4671 confodiunt.

425 4697 536 4752 Alii
566 4714 837 4770 namque,
872 4699 1009 4753 dum
1043 4699 1246 4754 ducem
1295 4701 1476 4756 solum
1511 4708 1661 4755 stare
1710 4703 2124 4774 conspicerent,

425 4787 888 4856 circumsistunt;
941 4793 1024 4844 set
1070 4790 1189 4860 ille,
1239 4796 1581 4862 consumpto
1630 4790 1856 4862 spiritu,
1905 4792 2127 4848 fortiter

425 4878 654 4943 restitit,
704 4883 760 4932 et
809 4878 978 4932 missa
1023 4879 1142 4949 pila
1191 4879 1420 4950 excipit,
1479 4896 1659 4935 unum
1707 4885 1933 4935 tantum
1978 4881 2049 4919 ’“
2094 4899 2124 4936 a

424 4974 588 5038 tergo
621 4984 678 5022 se
718 4968 1072 5038 inpetentem
1106 4983 1300 5022 aversa
1329 4968 1490 5023 basta
1532 4969 1759 5039 trajicit.
1792 4969 1915 5034 Quo
1943 4971 2128 5025 exani-

427 5062 603 5122 mato,
651 5057 1006 5128 reliquorum
1049 5055 1332 5126 impetum
1377 5057 1674 5127 paululum
1709 5059 2002 5128 repressit.
2039 5060 2126 5113 ln-

426 5135 592 5188 terim
622 5138 924 5206 praedones
960 5152 1026 5191 cx
1054 5135 1269 5207 oppido
1286 5137 1407 5207 jam
1439 5139 1555 5192 laeti
1585 5138 1653 5192 de
1675 5138 1908 5192 victoria
1938 5140 2122 5194 subito

2235 2935 2397 3006 quasi
2426 2935 2561 2989 litus
2590 2935 3008 2989 candidissimis
3039 2933 3236 2988 linteis
3269 2940 3414 2988 esset
3447 2946 3727 3003 eXpansum.
3754 2930 3824 2982 Hoc

2235 3040 2462 3095 quoque
2495 3024 2554 3077 in
2583 3024 2706 3094 ejus
2736 3024 2819 3077 rei
2851 3024 3248 3078 testimonium
3277 3024 3509 3089 dicatur,
3537 3020 3821 3094 quodnovem

2233 3128 2474 3184 corpora
2519 3113 2750 3167 illorum
2799 3112 3066 3167 Kalendis
3120 3112 3466 3180 Decembris,
3513 3111 3657 3164 simul
3699 3107 3819 3160 adhuc

2235 3202 2537 3271 conligata,
2598 3201 2658 3255 in
2716 3202 2962 3272 quadam
3013 3201 3137 3273 ripa
3183 3207 3318 3256 sunt
3371 3205 3599 3272 reperta,
3642 3197 3701 3250 ita
3734 3194 3824 3246 inte-

2234 3305 2336 3360 gra
2369 3296 2430 3343 ut
2477 3305 2624 3361 pene
2666 3290 2822 3344 nulla
2853 3289 3096 3360 putredo
3147 3289 3209 3343 in
3241 3289 3322 3344 eis
3364 3284 3660 3356 investigari
3683 3285 3822 3353 posset.

2235 3378 2495 3451 quamvis
2526 3377 2710 3432 caedes
2741 3394 2793 3432 ιν
2823 3377 2945 3432 Kal.
2978 3378 3227 3449 Augusti
3258 3378 3402 3432 facta
3431 3376 3621 3431 fuisset.

2668 3469 2756 3521 2'2.
2795 3467 2876 3521 De
2905 3467 3095 3522 clerico
3123 3468 3307 3522 Judeo
3334 3469 3493 3534 facto.

2305 3545 2577 3617 Superius
2604 3545 2731 3615 (lib.
2783 3563 2821 3615 ι,
2853 3562 2976 3616 cap.
3011 3549 3062 3615 '7)
3101 3563 3190 3600 me
3223 3547 3456 3617 promisi
3501 3543 3755 3598 relaturum
3782 3535 3821 3587 de

2237 3635 2331 3688 illo
2361 3639 2638 3705 apostata,
2672 3634 2791 3706 qui,
2833 3635 3030 3689 relicta
3062 3635 3362 3707 religione,
3393 3635 3656 3689 clericatus
3679 3630 3720 3682 in
3743 3639 3821 3696 per-

2235 3723 2483 3777 fidorum
2535 3723 2868 3794 voraginem
2923 3723 3126 3777 incidit
3170 3725 3498 3779 .ludeorum.
3551 3721 3633 3776 Set
3669 3719 3711 3770 in
3747 3715 3822 3783 ipsa

2233 3811 2613 3883 promissione
2663 3813 3000 3867 exsolvenda
3033 3817 3189 3867 totus
3246 3820 3630 3872 contremesco,
3669 3813 3713 3858 et
3746 3804 3822 3856 lior-

2236 3900 2492 3955 rentibus
2546 3901 2676 3972 pilis
2734 3901 2935 3972 capitis
2991 3907 3214 3956 terrore
3271 3902 3569 3964 concutior,
3619 3892 3819 3949 diabolum

2234 3991 2489 4060 potuisse
2538 3989 2759 4044 homini
2807 3991 3151 4061 persuadere
3204 3996 3268 4044 ut
3300 3995 3478 4046 tantas
3521 3986 3684 4040 sordes
3716 3992 3821 4034 ausus

2238 4082 2384 4132 esset
2409 4081 2607 4132 contra
2651 4078 2940 4132 Christum
2974 4084 3032 4132 et
3067 4085 3297 4134 sanctos
3327 4081 3446 4150 ejus
3483 4078 3706 4147 jactasse.
3732 4065 3819 4120 Scri-

2237 4169 2429 4237 pserat
2461 4167 2616 4221 enim
2646 4167 2888 4221 funestis
2920 4167 3124 4222 litteris
3154 4168 3560 4222 infelicissimus
3583 4164 3662 4217 ille
3688 4175 3698 4212 :

2660 4258 2748 4310 23.
2784 4257 3001 4326 Scripta
3031 4260 3204 4326 ipsius
3227 4261 3499 4327 apostataz.

2311 4367 2338 4394 «
2377 4344 2520 4409 Quid
2566 4344 2907 4398 contradicis
2947 4345 3106 4415 justo
3148 4343 3468 4414 insipiens?
3513 4340 3637 4409 Lege
3675 4332 3824 4388 Abacuc

2236 4435 2598 4506 prOphetam,
2629 4433 2688 4486 in
2738 4449 2852 4504 quo
2884 4434 3031 4487 Deus
3061 4433 3202 4486 dixit
3234 4449 3246 4486 :
3283 4434 3402 4501 Ego
3429 4445 3537 4484 sum
3567 4430 3677 4482 Deus
3703 4426 3738 4472 et
3762 4430 3824 4468 non

2235 4527 2415 4575 mutor
2465 4521 2720 4591 (Malach.
2780 4537 2862 4586 III,
2921 4519 2992 4590 ϐ).
3051 4519 3109 4574 Si
3163 4520 3260 4573 ille
3322 4517 3610 4573 secundum
3656 4512 3825 4563 vestram

2237 4609 2594 4664 maledictam
2629 4608 2802 4662 ﬁdem
2836 4613 3156 4662 mutaretur
3199 4613 3255 4663 et
3284 4607 3502 4662 mulieri
3532 4599 3828 4657 commiscere-

2236 4702 2347 4764 tur,
2383 4697 2731 4769 principium
2762 4698 3067 4751 verborum
3112 4712 3344 4750 suorum
3379 4711 3482 4749 non
3521 4695 3645 4745 esset
3669 4681 3826 4737 veritas.

2238 4786 2390 4841 Dixit
2420 4787 2694 4841 Dominus
2722 4787 2787 4841 ad
2820 4787 3046 4858 Moysen
3079 4803 3092 4840 :
3128 4788 3247 4842 Non
3277 4788 3411 4840 enim
3437 4781 3618 4838 videbit
3642 4790 3706 4829 mc
3728 4771 3826 4858 hami

2235 4881 2285 4930 et
2314 4878 2492 4930 vivere
2517 4880 2694 4945 potest
2745 4875 2950 4937 (Exod.
2995 4891 3188 4944 xxxur,
3240 4876 3351 4941 20).
3385 4872 3550 4937 Οηθῐη
3593 4864 3737 4920 mium
3764 4857 3822 4952 Ψ

2237 4962 2409 5017 minis
2447 4963 2861 5035 praetermisit?
2896 4963 3041 5017 Dicit
3070 4965 3227 5018 enim
3265 4962 3434 5018 David
3465 4955 3705 5030 propheta
3731 4968 3740 4998 ³
3764 4946 3826 5036 NT.”

2235 5055 2328 5107 lite
2383 5053 2643 5121 conﬁdere
2696 5055 2754 5106 in
2807 5053 3177 5122 principibus,
3239 5055 3292 5105 in
3331 5051 3468 5119 ﬁliis
3513 5044 3758 5130 hominum,
3787 5042 3823 5130 It”

2235 5141 2429 5211 quibus
2475 5118 2582 5195 non
2629 5146 2709 5196 est
2752 5118 2900 5196 salus
2957 5118 3123 5208 (ἔδεαι.
3161 5118 3338 5209 cxnv,
3374 5141 3454 5208 3);
3487 5139 3554 5189 ἐι
3604 5118 3821 5185 Ezechiel:

1846 5218 2086 5273 VARUE
2124 5219 2526 5291 Lacrionas.
2851 5290 2862 5291 ί
2949 5229 2952 5232 ’
3273 5290 3282 5291 ί
3566 5283 3593 5291 ,

501 5284 573 5321 ³³⁸
604 5285 886 5341 circutriis
917 5303 963 5342 c.
1017 5286 1269 5342 circuitis
1323 5285 1488 5343 Eckh.
1519 5315 1592 5329 —
1633 5287 1908 5344 circutare
1939 5291 1980 5344 ἰ.
2024 5306 2049 5358 q

2274 5307 2369 5345 Ire.
2449 5289 2524 5326 ²⁴⁰
2555 5291 2676 5346 frisi
2724 5308 2766 5348 c.
2846 5290 2914 5326 ’°'
2961 5292 3103 5348 duos
3138 5295 3184 5347 l.
3265 5290 3334 5327 ’⁸³
3370 5292 3406 5345 t'.
3459 5304 3506 5357 q.
3560 5274 3822 5348 amplum

429 5371 499 5410 ’“
524 5377 604 5428 ita
638 5377 701 5429 E.
729 5391 763 5429 a
792 5370 904 5430 duo
933 5392 978 5431 c.
1057 5375 1127 5414 ’⁵⁸
1152 5369 1239 5431 ﬁn
1259 5393 1300 5431 c.
