4016 6202
389 284 494 337 487

1343 280 1641 336 ALPERTI
1680 281 1736 336 S.
1779 278 2254 336 SYMPHORIANI
2296 278 2595 334 METENS.
2637 277 2944 334 MONACII.
3757 289 3844 344 488

388 422 483 471 vn,
531 405 605 475 9).
659 406 806 474 Ergo
861 403 1120 458 credenti
1171 403 1464 473 colligitur
1520 402 1815 468 meritum,
1876 399 2170 455 videntiA
2208 404 2347 454 tates
2394 405 2610 454 nostras
2668 402 2806 466 (Isa.
2855 416 2972 466 Lm,
3022 400 3098 468 5).
3151 401 3218 454 Et
3277 403 3459 455 multa
3504 403 3609 457 alia
3653 405 3714 460 de
3763 409 3846 463 illo

387 495 660 549 reddetur
689 493 1020 564 praemium;
1056 493 1330 562 quoniam
1362 492 1410 545 si
1439 492 1610 556 vides,
1661 507 1774 544 non
1799 493 1886 544 est
1914 489 2087 556 ﬁdes;

388 583 665 654 quamdiu
695 584 851 636 enim
882 582 1321 652 peregrinamur
1349 581 1407 634 in
1463 580 1634 650 hujus
1675 580 1876 634 mundi
1922 585 2088 633 tene-

387 671 522 738 bris,
563 671 673 725 ﬁde
704 671 1061 724 mundantur
1090 670 1259 723 corda
1314 685 1514 722 eorum
1546 669 1644 739 qui
1675 669 1854 722 Deum
1910 667 2088 720 visuri

388 765 543 814 sunt.
582 760 696 814 Hac
733 760 927 829 itaque
982 758 1114 823 ﬁde,
1158 774 1272 828 qua
1302 757 1402 810 Dei
1435 756 1588 810 ﬁlius
1626 757 1800 810 etiam
1833 755 2085 809 hominis

387 848 540 903 ﬁlius
568 848 931 919 praedicatur,
1009 847 1287 917 quosdam
1343 851 1662 900 vestrorum
1719 845 2085 900 mandandos

384 937 556 1007 longe
581 943 710 990 ante
747 938 893 990 Deus
919 934 1262 1004 praedixerat
1290 950 1392 1005 per
1424 934 1769 1004 prophetam
1801 932 2080 996 Ezechiel,

385 1025 616 1080 dicens:
674 1027 745 1078 Et
797 1028 900 1077 erit
950 1026 1008 1076 in
1056 1025 1367 1076 novissimis
1409 1021 1616 1084 diebus,
1675 1021 1960 1090 effundam
2017 1020 2083 1074 de

384 1115 587 1183 spiritu
643 1127 756 1166 meo
809 1127 971 1180 super
1027 1127 1232 1165 omnem
1279 1126 1494 1164 carnem
1546 1111 1692 1182 (Act.
1737 1127 1796 1178 ιι,
1868 1114 1976 1178 17),
2031 1113 2083 1164 et

385 1200 662 1268 elfundam
687 1216 852 1269 super
896 1215 989 1254 vos
1038 1216 1238 1268 aquam
1289 1199 1570 1264 mundam,
1593 1205 1643 1252 et
1680 1199 2082 1253 mundabimini

381 1289 449 1344 ab
501 1289 745 1343 omnibus
808 1291 1234 1357 inquinamentis
1310 1288 1532 1354 vestris,
1573 1293 1624 1341 et
1676 1289 1744 1352 ab
1810 1290 2079 1342 uniuersis

377 1377 541 1432 idolis
587 1380 781 1430 vestris
830 1376 1101 1430 mandabo
1147 1391 1259 1440 vos,
1308 1381 1357 1429 et
1391 1377 1531 1430 dabo
1555 1378 1704 1431 vobis
1736 1392 1825 1430 cor
1859 1392 2074 1443 novum,

377 1472 428 1520 et
456 1468 715 1534 spiritum
735 1481 930 1520 novum
965 1481 1164 1534 ponam
1191 1468 1248 1518 in
1289 1465 1464 1518 medio
1493 1469 1687 1532 vestri,
1732 1471 1783 1520 et
1828 1468 2078 1531 auferam

382 1571 472 1608 cor
491 1555 766 1622 lapideum
824 1554 890 1606 de
932 1570 1093 1606 carne
1137 1559 1338 1620 vestra,
1388 1559 1438 1607 et
1476 1554 1616 1607 dabo
1650 1555 1800 1607 vobis
1840 1569 1930 1607 ccr
1963 1569 2079 1608 car-

381 1659 541 1697 neum
571 1644 784 1713 (Ezech.
818 1658 998 1708 xxxvi,
1032 1644 1122 1708 25,
1154 1642 1263 1710 26),
1322 1648 1377 1696 et
1415 1649 1651 1709 caetera;
1699 1642 1907 1712 quibus
1965 1642 2078 1696 evi-

383 1731 588 1786 denter
617 1731 958 1797 ostenditur,
1013 1731 1071 1783 in
1119 1731 1461 1800 quibusdam
1494 1738 1743 1785 vestrum
1777 1731 2076 1784 abstulisse

384 1821 535 1874 Deus
575 1820 644 1873 de
702 1819 968 1872 cordibus
1000 1820 1282 1885 velamen,
1332 1824 1416 1884 ut,
1460 1819 1666 1889 spiritu
1721 1818 1819 1872 Dei
1853 1826 2076 1890 agente,

381 1907 491 1960 ﬁde
522 1911 988 1976 praepararentur
1054 1905 1223 1960 corda
1256 1907 1571 1959 multorum
1629 1907 1697 1959 ad
1756 1907 2077 1976 suscipien-

383 1995 516 2049 dam
555 2011 762 2064 aquam
795 1996 1121 2062 salutarem,
1178 1995 1236 2048 in
1291 1996 1762 2049 emundationem
1815 1997 2074 2050 omnium

381 2088 776 2152 peccatorum;
811 2083 1087 2152 quosdam
1119 2099 1251 2137 vero
1285 2084 1581 2148 obcaecari,
1609 2089 1665 2137 et
1722 2083 2078 2138 inﬁdelitatis

381 2185 573 2225 errore
636 2187 1036 2237 remansuros;
1095 2172 1242 2225 sicut
1301 2189 1407 2240 per
1478 2172 1654 2224 alium
1730 2173 2074 2242 prophetam

374 2260 653 2330 scriptum
684 2266 804 2313 est:
867 2260 1168 2314 Emczcans
1211 2261 1484 2314 emczcabo
1550 2260 1716 2315 corda
1768 2276 1969 2324 eorum,
2002 2277 2066 2314 ne

376 2348 600 2402 videant
627 2349 802 2402 lumen
833 2351 957 2417 (Isa.
1008 2365 1081 2414 v1,
1110 2349 1242 2418 {10).
1281 2349 1458 2415 Unde,
1489 2365 1522 2403 o
1577 2349 1774 2416 Judee,
1825 2365 1954 2402 cum
2013 2354 2072 2402 tu

379 2437 763 2508 palpabilibus
815 2437 1068 2490 tenebris
1116 2437 1439 2490 obcmcatus
1523 2438 1620 2502 sis,
1665 2437 1958 2508 quomodo
2015 2442 2072 2491 te

374 2529 543 2593 putas
581 2540 746 2594 posse
798 2523 1116 2588 advertere,
1163 2524 1408 2592 qualiter
1466 2524 1615 2577 Deus
1659 2524 1782 2576 sine
1815 2524 1930 2576 ulla
1983 2525 2073 2578 sui

373 2613 825 2666 commutatione
871 2612 1123 2676 mulieri,
1171 2627 1289 2666 non
1337 2616 1402 2666 ut
1457 2617 1542 2676 tu,
1585 2611 1826 2682 perﬁde,
1865 2613 2069 2682 garris,

372 2701 863 2766 commisceretur,
913 2707 1002 2754 set
1050 2700 1120 2754 de
1167 2716 1338 2754 carne
1398 2701 1656 2754 mulieris
1711 2716 1918 2770 corpus
1963 2699 2072 2754 sibi

373 2789 696 2855 fabricaret,
735 2789 1010 2860 quoniam
1045 2788 1312 2842 divinitas
1333 2789 1492 2842 verbi
1543 2788 1646 2842 Dei
1676 2789 1738 2841 in
1791 2788 2070 2842 unitatem

372 2877 480 2931 sibi
521 2892 777 2948 personae
805 2881 1138 2941 assumeret,
1185 2875 1266 2930 ita
1294 2880 1358 2930 ut
1387 2891 1491 2929 nec
1537 2875 1804 2930 divinitas
1830 2874 1890 2928 in
1946 2891 2068 2928 car-

2201 488 2591 558 protulerunt,
2623 490 2832 559 quibus
2862 494 3056 558 aperte
3087 490 3379 555 educetur,
3430 507 3648 546 omnem
3681 483 3844 550 Domi-

2200 577 2390 630 nicam
2417 578 2904 632 conversationem
2939 578 3090 630 inter
3124 594 3226 631 nos
3255 594 3288 630 a
3326 584 3576 650 tempore
3617 582 3846 639 incarna-

2198 666 2376 719 tionis
2409 682 2588 737 usque
2631 666 2700 721 ad
2739 666 3090 721 ascensionis
3148 669 3490 721 concordare
3542 671 3846 727 testimoniis

2197 756 2448 809 illorum.
2501 755 2666 819 Quod
2709 761 2905 809 contra
2945 756 3066 809 haec
3097 755 3256 823 dicis,
3286 758 3555 811 sceleste?
3600 760 3700 812 nisi
3725 761 3846 816 forte

2195 860 2454 914 opponas
2482 845 2870 908 mendacium,
2903 845 3058 916 quod
3089 861 3156 898 ex
3189 852 3352 915 patre
3382 852 3478 900 tuo
3508 847 3716 901 diabolo
3751 857 3843 917 est;

2195 934 2342 988 sicut
2386 934 2537 988 idem
2586 935 2855 988 dominus
2905 942 3098 989 noster
3167 936 3330 989 Jesus
3392 935 3638 990 Christus
3689 939 3844 994 dixit:

2201 1024 2304 1077 Vos
2333 1038 2401 1076 ea:
2426 1028 2586 1092 patre
2613 1023 2826 1076 diabolo
2876 1025 3023 1086 estis,
3058 1027 3108 1077 et
3138 1039 3300 1092 opera
3329 1026 3507 1094 patris
3533 1028 3689 1078 vestri
3725 1029 3844 1091 faci-

2193 1113 2264 1165 tis
2307 1111 2481 1182 (Joan.
2508 1128 2626 1177 VIII,
2674 1111 2784 1182 44).
2812 1113 2948 1165 Ecce
2999 1112 3274 1183 quoniam
3312 1113 3534 1166 ratione
3583 1120 3637 1167 et
3687 1130 3840 1169 exem.

2192 1201 2304 1270 plis
2353 1216 2691 1270 responsum
2753 1208 2838 1254 est
2883 1201 2988 1254 tibi
3052 1201 3323 1266 breviter,
3397 1202 3548 1272 quod
3603 1202 3838 1257 immuta-

2189 1289 2321 1344 bilis
2345 1294 2668 1360 permanet,
2700 1295 2756 1343 et
2776 1293 2975 1344 tamen
3003 1306 3236 1344 carnem
3265 1292 3594 1360 sumpsitex
3624 1292 3834 1362 Virgine.

2191 1378 2353 1432 Nunc
2391 1378 2459 1432 ad
2485 1378 2786 1448 sequentia
2812 1378 3138 1433 redeamus.
3165 1379 3324 1432 Dixit
3357 1379 3501 1433 Deus
3523 1379 3594 1432 ad
3621 1381 3833 1450 Moysen:

2187 1469 2308 1522 Non
2345 1469 2484 1520 enim
2517 1468 2722 1520 videbit
2742 1483 2824 1520 me
2854 1469 3004 1520 homo
3033 1472 3084 1521 et
3127 1471 3305 1522 vivere
3340 1473 3535 1536 potest.
3588 1469 3677 1522 Hic
3703 1470 3838 1522 inter-

2187 1572 2353 1625 rogo,
2382 1556 2579 1624 Judee,
2613 1557 2711 1625 qui
2751 1571 2980 1625 semper
3037 1557 3295 1627 sequeris
3334 1558 3676 1611 occidentem
3718 1559 3836 1610 litte-

2188 1661 2310 1697 ram
2343 1650 2397 1697 et
2443 1661 2559 1697 non
2590 1642 2971 1698 viviﬁcantem
3025 1644 3314 1714 spiritum,
3381 1646 3660 1716 quomodo
3706 1651 3836 1717 putas

2191 1749 2353 1802 posse
2388 1733 2686 1787 hominem
2725 1731 2920 1786 videre
2954 1734 3151 1799 Deum,
3199 1750 3272 1787 an
3305 1751 3421 1788 non
3465 1751 3626 1805 posse
3671 1734 3836 1803 putas?

2190 1822 2247 1876 Si
2276 1837 2460 1891 posse,
2491 1826 2681 1874 utrum
2736 1822 3129 1891 corporalibus
3159 1823 3361 1890 oculis,
3415 1840 3488 1876 an
3541 1822 3752 1878 mente?
3792 1823 3835 1877 Si

2188 1911 2579 1980 corporalibus
2613 1908 2686 1945 ³⁸⁸
2715 1911 2920 1977 oculis,
2961 1913 3276 1965 absurdum
3321 1912 3460 1965 satis
3501 1913 3740 1975 videtur;
3778 1913 3834 1964 si-

2187 1999 2420 2068 quidem
2449 2015 2582 2052 cum
2640 1999 2735 2052 ille
2767 1998 3297 2070 incircumscriptus
3323 2001 3558 2069 spiritus
3596 2017 3689 2054 nec
3707 2000 3835 2070 [mole

2185 2087 2548 2151 distenditur,
2593 2103 2696 2140 nec
2749 2087 2873 2141 loco
2913 2089 3262 2156 continetur,
3308 2105 3418 2143 nec
3465 2096 3707 2157 tempore
3733 2105 3835 2142 mo-

2184 2180 2369 2241 vetur,
2424 2180 2594 2245 atque
2633 2176 2831 2229 omnia
2879 2176 2987 2229 late
3055 2182 3210 2246 patet
3268 2193 3447 2248 quam
3494 2177 3734 2230 inﬁrmus
3784 2179 3836 2229 sit

2184 2261 2471 2316 humanus
2497 2263 2760 2316 intuitus.
2794 2262 2854 2316 Si
2907 2268 3120 2329 mente,
3179 2279 3292 2317 non
3340 2264 3568 2318 videtur
3617 2264 3837 2334 impossi-

2183 2349 2318 2416 bile,
2361 2350 2408 2403 si
2441 2355 2635 2404 tamen
2676 2352 2912 2405 munda.
2967 2352 3317 2406 Promissum
3373 2354 3536 2407 nobis
3569 2353 3708 2407 enim
3733 2356 3836 2405 est:

2183 2437 2347 2491 Beati
2402 2439 2603 2492 mundo
2681 2439 2857 2507 corde,
2919 2445 3178 2508 quoniam
3230 2444 3348 2510 ipsi
3399 2445 3560 2496 Deum
3620 2441 3837 2494 videbunt

2184 2527 2402 2594 (Matth.
2447 2543 2499 2593 v,
2532 2530 2603 2595 8).
2637 2528 2693 2583 Si
2739 2545 2856 2582 non
2893 2545 3084 2598 posse,
3147 2531 3441 2600 quomodo
3501 2530 3606 2583 erit
3653 2545 3835 2590 verum,

2183 2617 2338 2685 quia,
2373 2615 2621 2670 dictante
2679 2617 2938 2684 veritate,
2972 2617 3149 2672 David
3195 2619 3372 2673 dixit:
3434 2622 3656 2686 Quaerite
3687 2619 3840 2672 Domi-

2187 2719 2318 2757 num
2361 2709 2410 2758 et
2460 2705 2880 2773 con/irmamini,
2965 2709 3190 2775 quaerite
3242 2710 3444 2774 faciem
3505 2708 3617 2776 ejus
3665 2721 3838 2774 semper

2185 2791 2351 2861 (Psal.
2388 2808 2498 2862 Civ,
2529 2793 2605 2864 4).
2651 2795 2799 2847 Num
2831 2810 2948 2848 non
3004 2795 3342 2848 hominibus
3391 2795 3716 2866 loquebatur
3758 2794 3840 2846 Da-

2179 2881 2296 2948 vid,
2321 2897 2567 2951 quorum
2601 2887 2824 2936 mentes
2849 2883 2919 2937 ad
2959 2883 3377 2954 exquirendam
3412 2883 3629 2937 Domini
3674 2881 3838 2935 faciem

374 2965 464 3018 nis
523 2965 986 3034 passibilitatem,
1061 2980 1166 3018 nec
1216 2963 1549 3018 humanitas
1587 2965 1646 3016 in
1703 2963 2061 3018 divinitatem
2097 2979 2137 3034 C
2177 2969 2495 3024 excitabat?
2535 2972 2681 3025 Num
2735 2971 3012 3042 quidnam
3044 2972 3252 3026 veritas
3279 2977 3352 3039 tet
3408 2988 3594 3042 praeco
3623 2969 3835 3024 veritatis

372 3054 661 3119 transiret,
690 3058 951 3122 essetque
975 3057 1168 3105 tamen
1199 3056 1256 3104 et
1285 3051 1437 3105 ﬁlius
1487 3052 1588 3106 Dei
1617 3053 1790 3106 homo
1836 3055 2068 3121 propter

374 3147 730 3212 assumptum
758 3141 1075 3198 hominem.
1098 3147 1155 3194 et
1175 3142 1327 3194 ﬁlius
1353 3142 1606 3195 hominis
1655 3143 1804 3195 Deus
1830 3147 2068 3212 propter

369 3235 758 3284 assumentem
821 3231 1020 3282 Deum.
1051 3229 1379 3283 Prmdixerit
1401 3229 1506 3284 tibi
1537 3230 1814 3300 propheta
1865 3246 1877 3283 :
1946 3232 2069 3287 Nisi

368 3319 733 3383 credideritis,
759 3333 866 3371 non
895 3319 1234 3388 intellegetis.
1289 3318 1488 3385 Crede,
1551 3323 1606 3372 et
1653 3318 1970 3389 intellegis;
2011 3324 2068 3374 et

367 3423 506 3476 roga
539 3409 738 3471 Deum,
763 3413 824 3459 ut
871 3407 1032 3459 tollat
1061 3408 1343 3480 velamen,
1403 3413 1466 3462 ut
1495 3407 1717 3462 auferat
1772 3423 1871 3460 cor
1918 3407 2064 3478 lapi-

371 3495 564 3549 deum.
599 3495 888 3564 Rogamus
917 3494 1090 3548 etiam
1124 3499 1181 3548 et
1227 3512 1331 3549 nos
1378 3513 1483 3566 pro
1511 3496 1686 3562 vobis,
1735 3497 1927 3551 invitis
1967 3514 2064 3551 vo-

367 3584 474 3639 bis.
504 3584 603 3640 Set
647 3585 918 3654 quoniam
952 3584 1162 3638 Judeus
1211 3600 1314 3638 nec
1364 3585 1644 3639 rationem
1704 3587 1906 3657 recipit
1962 3603 2066 3641 nec

366 3672 858 3742 praedicationem,
887 3672 999 3725 nisi
1027 3673 1172 3726 Deus
1204 3671 1274 3708 ³³⁸
1305 3674 1468 3727 tollat
1506 3676 1790 3736 velamen,
1822 3705 1890 3716 —
1945 3676 2062 3728 scio

369 3761 523 3816 enim
573 3763 697 3832 ejus
738 3761 1013 3815 cervicem
1067 3761 1456 3830 durissimam,
1496 3792 1565 3804 —
1593 3780 1958 3817 occurramus
2013 3764 2064 3818 ei

364 3851 606 3904 oraculis
636 3851 1073 3920 prophetarum,
1105 3856 1167 3904 ut
1206 3849 1292 3905 vel
1326 3851 1407 3905 sic
1437 3852 1647 3918 credat,
1674 3853 1760 3904 vel
1813 3852 1894 3905 sic
1923 3868 2061 3906 con-

365 3939 524 3993 fusus
553 3939 796 3994 recedat.
831 3938 994 4002 Quod
1026 3941 1094 3975 ²⁶⁸
1123 3955 1352 3992 carnem
1397 3938 1652 3994 Christus
1708 3938 1779 3975 ³⁵⁸
1831 3941 1900 3994 de
1957 3939 2062 3993 vir-

366 4028 498 4097 gine
547 4033 696 4082 esset
726 4030 1079 4097 sumpturus,
1123 4026 1389 4096 praedixit
1442 4027 1612 4079 Isaias
1667 4029 1845 4080 :Ecce
1909 4030 2063 4096 virgo

364 4118 626 4184 concipiet
662 4118 720 4170 in
742 4120 891 4168 utero
925 4120 976 4168 et
1025 4117 1205 4183 pariet
1249 4115 1443 4182 ﬁlium,
1471 4121 1521 4167 et
1539 4115 1818 4169 vocabitur
1875 4132 2063 4171 nomen

364 4205 482 4272 ejus
535 4204 855 4258 Emmanuel
914 4203 1043 4267 (Isa.
1104 4218 1200 4267 vn,
1264 4203 1364 4268 14),
1419 4221 1444 4252 n
1495 4201 1552 4255 id
1611 4207 1694 4268 est
1761 4205 2058 4258 nobiscum

365 4291 534 4345 Deus.
567 4291 729 4355 Quod
755 4292 825 4344 de
849 4289 1000 4343 tribu
1034 4290 1179 4343 Juda
1205 4294 1354 4344 esset
1385 4291 1706 4345 nasciturus
1733 4295 1789 4346 et
1854 4293 2058 4364 spiritu

366 4380 467 4434 Dei
485 4378 814 4448 replendus,
845 4377 998 4431 idem
1027 4377 1150 4447 ipse
1185 4376 1266 4432 ait
1319 4394 1334 4432 :
1363 4381 1525 4434 Exiet
1551 4382 1711 4448 virga
1763 4381 1829 4434 de
1873 4383 2059 4435 radice

361 4471 509 4522 Iesse
572 4472 624 4521 et
651 4470 746 4533 ﬂos
779 4467 844 4520 de
869 4466 1056 4520 radice
1092 4468 1209 4535 eius
1247 4467 1515 4533 ascendet,
1561 4473 1613 4522 et
1640 4473 1934 4536 requiescet
1963 4485 2056 4524 su.

355 4571 459 4624 per
487 4569 602 4607 eam
625 4556 855 4622 spiritus
906 4557 1142 4621 Domini,
1193 4557 1424 4624 spiritus
1467 4560 1748 4626 sapientia
1792 4562 1842 4612 et
1897 4558 2056 4610 intel-

360 4644 525 4697 lectus
555 4644 786 4711 spiritus
809 4643 1023 4697 consilii
1050 4647 1100 4697 et
1117 4644 1493 4710 fortitudinis,
1543 4647 1777 4714 spiritus
1822 4647 2059 4699 scientia

359 4735 410 4784 et
443 4733 690 4800 pietatis,
721 4735 772 4784 et
825 4730 1052 4800 reptebit
1109 4729 1180 4767 ³⁵⁷
1232 4748 1350 4786 eam
1395 4735 1626 4801 spiritus
1688 4734 1896 4787 timoris
1953 4736 2054 4786 Do-

357 4822 498 4874 mini
522 4821 661 4889 (Isa.
694 4836 771 4882 x1,
807 4823 856 4879 t.
903 4822 978 4885 2).
1037 4819 1201 4884 Quod
1259 4821 1410 4876 inter
1436 4821 1696 4875 homines
1733 4821 2060 4874 conversari

359 4909 615 4975 deberet,
675 4910 936 4978 praedixit
990 4909 1363 4964 .lheremias:
1424 4912 1522 4964 Hic
1582 4911 1727 4963 Deus
1776 4914 1957 4963 noster
2009 4916 2060 4964 et

355 5013 462 5052 non
493 4999 851 5052 :estimabilur
891 5000 1035 5052 alius
1074 5002 1276 5066 prater
1328 5014 1488 5064 eum;
1542 5004 1600 5051 et
1646 5002 1778 5067 post
1829 5013 2056 5068 pauca:

355 5086 480 5139 Post
507 5084 620 5140 haec
647 5087 707 5138 in
737 5089 894 5140 terris
924 5091 1071 5140 visus
1105 5091 1202 5145 est,
1238 5091 1288 5142 et
1321 5101 1442 5140 cum
1488 5087 1794 5140 hominibus
1833 5101 2057 5141 conver-

354 5178 508 5227 satus
536 5178 614 5227 est
645 5173 899 5245 (Buruch.
935 5191 1015 5241 III,
1045 5177 1131 5238 36,
1163 5173 1271 5243 38).
1327 5174 1488 5234 Quod
1546 5190 1650 5244 pro
1717 5175 1884 5228 nobis
1939 5175 2059 5245 pati

355 5261 608 5330 deberet,
633 5263 771 5318 item
821 5263 992 5317 Isaias
1027 5277 1040 5316 :
1079 5263 1405 5318 Vulneratus
1451 5267 1526 5318 est
1555 5269 1777 5333 propter
1847 5266 2056 5332 iniqui-

2171 3057 2551 3113 dissentieut?
2574 3060 2695 3113 Non
2724 3061 2894 3129 plane
2923 3059 3158 3130 quidem
3190 3060 3670 3131 intellegentibus.
3720 3059 3834 3112 Item

2174 3163 2392 3218 quaero,
2428 3148 2478 3202 si
2509 3148 2700 3202 videre
2732 3149 2905 3203 homo
2937 3150 3117 3202 Deum
3164 3149 3346 3220 possit
3405 3155 3464 3202 et
3518 3149 3713 3214 vivere,
3749 3162 3833 3198 an-

2175 3237 2333 3292 non?
2387 3237 2444 3292 Si
2470 3237 2661 3292 videre
2714 3242 2902 3308 potest
2940 3242 2997 3290 et
3025 3237 3235 3305 vivere,
3294 3237 3585 3308 quomodo
3623 3236 3721 3289 erit.
3769 3248 3836 3284 ve-

2174 3342 2303 3380 rum
2336 3327 2485 3397 quod
2529 3327 2676 3380 Deus
2725 3325 2912 3380 dixit:
2949 3327 3081 3381 Non
3127 3328 3270 3380 enim
3317 3326 3526 3379 videbit
3573 3339 3650 3378 me
3712 3323 3834 3375 homo

2172 3420 2224 3469 et
2243 3418 2422 3469 vivere
2447 3420 2640 3485 potest.
2673 3415 2730 3469 Si
2758 3431 2889 3468 vero
2949 3431 3064 3468 non
3115 3419 3324 3484 potest,
3389 3419 3455 3468 ut
3509 3415 3614 3468 hoc
3669 3424 3832 3468 verum

2173 3517 2295 3556 esse
2322 3502 2516 3574 possit,
2548 3503 2836 3574 quomodo
2867 3503 2975 3557 erit
3008 3519 3206 3556 verum
3271 3503 3427 3573 quod
3477 3501 3642 3557 Jacob
3687 3499 3832 3554 dixit:

2177 3590 2313 3646 Vidi
2365 3593 2648 3645 Dominum
2723 3593 2869 3657 facie
2926 3591 3000 3644 ad
3062 3593 3284 3658 faciem,
3372 3596 3426 3645 et
3487 3591 3636 3644 salva
3711 3589 3834 3654 facta

2171 3685 2249 3734 est
2327 3682 2510 3732 anima
2576 3695 2695 3733 mea
2773 3681 2922 3744 (Gen.
3018 3695 3187 3743 xxxn,
3268 3681 3397 3746 30);
3474 3685 3530 3733 et
3611 3678 3830 3732 Esaias:

2178 3767 2310 3822 Vidi
2402 3770 2687 3822 Dominum
2764 3767 3004 3822 Sabaoth
3085 3769 3254 3822 oculis
3291 3770 3429 3822 meis
3485 3768 3611 3838 (Isa.
3663 3780 3730 3832 v1,
3776 3762 3830 3827 5).

2171 3855 2472 3920 Quomodo
2548 3855 2947 3925 praedicabunt
3015 3855 3303 3909 contraria
3386 3861 3445 3910 et
3519 3854 3716 3909 veritas
3791 3855 3834 3903 et

2171 3945 2468 4014 prophetae
2517 3944 2814 3998 veritatis?
2865 3944 2960 3998 Set
3011 3945 3290 4014 quoniam
3348 3945 3625 3999 stoliditas
3678 3945 3832 3995 vestra

2169 4033 2231 4086 in
2254 4038 2530 4086 vetustate
2563 4032 2763 4086 litterae
2795 4037 2853 4087 et
2891 4048 3004 4086 non
3054 4033 3114 4086 in
3163 4033 3412 4087 novitaie
3468 4033 3696 4104 spiritus
3737 4044 3832 4082 am-

2169 4121 2424 4187 bulabat,
2456 4137 2526 4176 ex
2559 4137 2625 4174 eo
2677 4121 2812 4175 caeci
2873 4121 3162 4175 incurritis
3222 4121 3650 4185 oti'endiculum,
3712 4117 3832 4170 unde

2171 4209 2405 4263 luminis
2461 4209 2702 4280 possetis
2727 4210 2938 4264 habere
2988 4210 3272 4264 ducatum.
3305 4213 3381 4266 Ac
3439 4227 3544 4281 per
3590 4210 3690 4263 hoc
3731 4221 3832 4264 nos,

2169 4297 2268 4368 qui
2306 4298 2508 4350 aeterni
2567 4298 2802 4352 luminis
2857 4297 3213 4367 suscepimus
3257 4298 3581 4364 veritatem,
3627 4294 3834 4352 iudaice

2168 4385 2441 4439 caecitatis
2476 4385 2864 4440 discindamus
2890 4402 3170 4452 errorem,
3203 4390 3266 4439 ut
3313 4391 3369 4438 et
3403 4385 3669 4440 ﬁdelibus
3695 4395 3833 4435 men-

2168 4473 2322 4526 tibus
2343 4473 2654 4544 propositai
2684 4473 3017 4544 quaestionis
3062 4478 3252 4544 pateat
3277 4473 3506 4538 veritas,
3541 4477 3596 4527 et
3651 4469 3728 4524 illi
3751 4483 3832 4521 au-

2167 4561 2330 4614 diens
2374 4577 2494 4614 non
2543 4561 2902 4631 intellegant,
2964 4566 3018 4614 et
3075 4561 3329 4615 videntes
3386 4559 3463 4596 ’59
3517 4559 3647 4614 (ιρεί
3698 4557 3830 4611 ﬁant.

2168 4649 2321 4703 Dixit
2355 4650 2502 4703 Deus
2531 4649 2600 4703 ad
2628 4650 2857 4720 Moysen
2890 4665 2904 4703 :
2938 4651 3058 4706 Non
3095 4653 3237 4704 enim
3266 4649 3472 4704 videbit
3533 4665 3612 4702 me
3640 4649 3774 4700 homo
3797 4645 3835 4695 et

2165 4740 2343 4792 vivere
2390 4742 2586 4806 potest,
2650 4738 2802 4808 quod
2868 4737 2948 4791 ita
2995 4738 3248 4808 intellegi
3281 4743 3470 4806 potest
3520 4753 3534 4790 :
3585 4729 3834 4800 Quamdiu

2167 4825 2343 4878 homo
2377 4826 2435 4878 in
2479 4825 2590 4879 isto
2623 4826 2848 4880 mortali
2898 4841 3154 4896 corpore,
3203 4825 3352 4896 quod
3398 4824 3771 4894 corrumpitur
3791 4822 3835 4871 et

2168 4919 2438 4984 aggravet
2466 4913 2741 4980 animam,
2775 4914 2928 4980 vivit,
2964 4915 3143 4968 Deum
3184 4914 3374 4968 videre
3397 4930 3514 4968 non
3543 4916 3719 4983 potest
3743 4907 3832 4960 sic-

2171 5003 2255 5055 uti
2293 5007 2378 5055 est
2421 5001 2482 5055 in
2536 5007 2740 5056 natura
2792 5001 3128 5068 divinitatis,
3188 5018 3293 5056 nec
3348 5000 3637 5072 corporeis
3682 4995 3834 5051 oculis

2167 5105 2273 5143 nec
2291 5089 2415 5160 ipsa
2453 5088 2628 5143 etiam
2661 5095 2871 5156 mente,
2924 5090 3184 5158 quamvis
3223 5089 3438 5142 munda
3492 5093 3548 5142 et
3596 5087 3661 5140 ab
3699 5079 3832 5138 omni

2168 5192 2317 5247 pene
2349 5176 2615 5230 vitiorum
2646 5177 2774 5231 labe
2806 5183 3069 5246 purgata.
3102 5177 3235 5240 Quae
3269 5177 3375 5230 etsi
3407 5176 3466 5230 in
3514 5176 3697 5230 divina
3729 5173 3830 5239 jam

2171 5265 2244 5318 sit
2275 5265 2782 5336 contemplatione,
2814 5265 3004 5318 minus
3025 5270 3220 5319 tamen
3246 5265 3416 5320 habet
3446 5263 3519 5319 ad
3553 5273 3828 5322 summam,

1778 5341 2008 5396 VARIrE
2043 5342 2442 5397 LECTIONES.

427 5426 585 5484 ’δια
640 5430 702 5484 D.
761 5429 843 5484 bis
894 5432 1103 5500 scripta
1179 5446 1224 5485 ο.
1303 5427 1375 5466 ³⁸⁸
1429 5429 1566 5501 quid
1586 5446 1632 5485 ο.
1708 5429 1780 5468 ³⁸6
1831 5422 1950 5500 xpo—
2006 5445 2051 5484 c.
2129 5429 2198 5467 ιδτ
2234 5431 2474 5501 replevit
2506 5447 2551 5486 c.
2631 5429 2706 5466 ³⁵⁸
2752 5445 2921 5486 manu
2957 5433 3010 5484 2.
3091 5429 3161 5467 ⁸⁵9
3200 5431 3524 5487 videntibus
3587 5443 3717 5485 corr.
3763 5423 3828 5477 vi.

357 5499 554 5555 dentes
573 5515 621 5554 c.
