3960 6192
118 276 215 327 489
931 276 1019 331 DE
1060 276 1525 333 DIVERSITATE
1564 276 1955 334 TEMPORUM
1998 279 2187 333 LIBRI
2227 279 2385 335 DUO.
2442 309 2494 317 —
2537 278 2669 335 LIB.
2712 279 2783 335 ll.

3510 285 3615 339 490

118 400 267 471 quod
300 399 551 471 aliquam
592 399 875 454 maculam
905 401 1192 455 contrahit
1238 418 1305 455 ex
1355 403 1725 470 mortalitate,
1758 406 1881 457 etA
1920 402 2055 456 bilia
2083 402 2354 456 animalia
2395 403 2829 473 respondemus.
2880 402 3043 467 Quod
3096 420 3228 459 vero
3281 414 3615 476 prosecutus

117 489 242 542 ideo
271 490 445 543 homo
475 489 655 542 Deum
686 505 800 542 non
826 494 1014 558 potest
1052 489 1244 544 videre
1273 496 1331 544 et
1362 491 1570 557 vivere,
1605 508 1809 562 quous-

119 593 225 647 que
256 577 570 631 secundnm
596 576 892 631 hominem
913 577 1071 646 vivit,
1094 583 1150 631 et
1178 578 1493 633 secundum
1524 582 1704 634 Deum
1735 580 1811 616 ²⁶⁰

120 665 378 731 minime,
412 670 467 719 et
498 665 604 719 sibi
638 682 751 719 non
784 665 1050 730 moritur,
1080 670 1144 719 ut
1180 666 1335 720 vivat
1368 668 1500 721 Deo.
1537 668 1634 722 Set
1664 684 1809 739 quo-

121 754 283 809 modo
315 753 375 806 in
408 753 641 823 regione
673 753 895 819 mortis,
927 758 993 807 ut
1013 753 1094 806 ita
1124 753 1332 820 dicam,
1367 755 1689 809 mortaliter
1725 757 1811 809 vi-

121 858 271 907 vens,
301 843 503 908 Deum,
538 842 638 912 qui
678 857 811 895 vera
848 841 975 895 Vita
1010 846 1116 909 est,
1166 848 1223 895 et
1250 843 1423 896 homo
1451 845 1668 898 videret
1715 849 1813 898 aut

122 934 418 1001 quareret,
473 929 585 983 nisi
633 929 1077 983 misericorditer
1107 929 1377 984 inclinata
1396 931 1512 985 vita
1545 932 1615 985 ad
1658 948 1812 985 mor-

121 1026 240 1073 tuos
285 1018 712 1073 descendisset?
758 1019 962 1073 Mortui
1003 1019 1159 1074 enim
1215 1036 1459 1086 eramus,
1514 1037 1579 1074 ex
1620 1038 1734 1092 quo
1779 1040 1812 1077 a

120 1108 257 1161 facie
290 1106 483 1160 Deiex
511 1107 610 1160 illa
637 1106 825 1176 prima
870 1107 1337 1175 praevaricatione
1380 1108 1443 1161 in
1474 1109 1654 1163 Adam
1686 1126 1810 1164 om-

118 1211 217 1249 nes
278 1194 611 1248 cecidimus.
666 1195 1043 1265 Quapropter,
1093 1196 1364 1250 miserata
1414 1198 1814 1252 mortalitatem

116 1287 373 1337 nostram
404 1283 471 1318 ’⁸⁸
520 1282 801 1336 diabolica
830 1282 1025 1337 fraude
1073 1283 1394 1355 deceptam,
1426 1284 1498 1338 ad
1541 1300 1644 1339 nos
1694 1285 1817 1339 Vita

118 1369 304 1423 velata
342 1385 511 1423 carne
545 1370 857 1437 descendit,
892 1370 1029 1441 quia
1079 1387 1194 1425 non
1237 1372 1403 1426 aliter
1449 1372 1815 1427 inaccessibi-

120 1460 231 1512 lem
270 1459 459 1511 lucem
515 1458 817 1512 inﬁrmitas
868 1460 1054 1513 carnis
1092 1460 1240 1514 ferre
1292 1462 1527 1528 valeret,
1577 1462 1687 1515 nisi
1716 1478 1813 1515 ea-

118 1546 244 1600 dem
294 1547 420 1599 Vita
451 1562 619 1600 carne
650 1562 709 1600 se
751 1548 986 1613 velaret,
1026 1564 1131 1618 per
1176 1549 1597 1618 oppositionem
1628 1551 1814 1603 carnis

1920 507 2000 558 es,
2033 492 2242 555 dixisse
2277 492 2449 545 David
2484 507 2498 545 :
2530 493 2708 546 Nolite
2743 492 3005 560 confidere
3044 496 3103 546 in
3142 496 3512 564 principibus,
3558 500 3617 551 in

1918 581 2050 648 filiis
2097 581 2371 633 hominum
2414 583 2474 633 in
2520 581 2715 648 quibus
2762 596 2868 634 non
2910 586 2988 634 est
3035 583 3205 645 salus,
3262 600 3326 637 ac
3373 600 3476 655 per
3505 584 3616 639 hoc

1920 669 2145 721 nullum
2167 668 2351 721 lilium
2381 667 2632 721 hominis
2661 668 3113 738 praetermisisse,
3141 675 3206 723 ut
3235 686 3299 724 ex
3322 672 3617 743 propheta:

1918 756 2251 809 testimonio
2288 756 2565 825 injuriam
2601 757 2747 810 clam
2777 756 3016 811 videaris
3064 757 3248 813 facere
3298 760 3522 815 Christo
3549 791 3618 801 -—-

1921 848 2005 897 set
2035 849 2229 914 aperte
2262 860 2457 898 servos
2487 844 2609 913 ejus
2641 845 3025 914 blasphemas,
3078 846 3241 916 quasi
3291 864 3410 902 non
3458 848 3619 919 inju-

1922 932 2004 985 ria
2037 932 2183 986 servi
2232 932 2303 986 ad
2352 937 2747 1003 contemptum
2795 933 3063 1004 respiciat
3108 936 3334 989 Domini
3381 966 3451 978 —
3479 978 3494 1003 ,
3530 954 3619 991 re-

1922 1020 2272 1090 spondemus
2318 1022 2390 1075 ad
2440 1022 2562 1075 haec
2608 1022 2859 1075 dicentes
2916 1037 3045 1076 cum
3093 1024 3411 1093 propheta:
3464 1028 3618 1081 Muta

1920 1110 2055 1176 ﬁant
2086 1108 2235 1160 labia
2265 1108 2469 1173 dolosa,
2507 1124 2626 1176 qua:
2670 1110 2920 1163 locuntur
2956 1110 3223 1165 adversus
3256 1113 3468 1187 justam
3510 1117 3617 1166 ini-

1922 1199 2187 1264 quitatem
2232 1199 2292 1249 in
2338 1198 2594 1265 superbia
2634 1202 2684 1251 et
2730 1200 2789 1251 in
2836 1197 3093 1252 abusione
3137 1201 3300 1263 (Psal.
3352 1216 3476 1267 xxx,
3530 1204 3618 1267 l9,

1922 1284 2036 1353 20).
2072 1284 2136 1338 Et
2163 1300 2324 1354 spem
2353 1289 2607 1339 nostram
2637 1284 2696 1338 in
2726 1284 3019 1339 hominem
3063 1303 3182 1339 non
3212 1287 3502 1357 ponimus,
3536 1292 3622 1342 set

1923 1370 1984 1425 in
2018 1372 2196 1426 Deum
2229 1376 2284 1425 et
2314 1372 2371 1426 in
2406 1372 2699 1427 Christum
2743 1372 2885 1441 ejus,
2914 1390 3085 1442 quem
3122 1376 3297 1428 Deum
3339 1380 3397 1428 et
3426 1376 3621 1429 homi-

1923 1477 2059 1515 nem
2087 1461 2361 1515 veraciter
2389 1461 2675 1515 credimus
2706 1478 2954 1533 eumque
2988 1463 3165 1516 Deum
3198 1467 3253 1515 et
3283 1464 3382 1517 Dei
3414 1465 3620 1518 Filium

1926 1563 2047 1601 esse
2101 1547 2508 1617 prophetarum
2567 1554 2887 1602 vestrorum
2938 1546 3008 1585 ³⁵⁸
3058 1550 3406 1603 testimoniis
3465 1567 3620 1604 com-

118 1638 464 1688 monstraret
496 1634 661 1689 nobis
692 1636 875 1688 lucem
908 1635 1161 1701 Deitatis,
1205 1637 1358 1707 quod
1390 1637 1551 1707 quasi
1578 1638 1698 1709 jam
1739 1639 1817 1692 fa-
1844 1668 1887 1722 Β
1926 1635 2298 1706 probavimus
2353 1633 2443 1689 ’57.
2506 1638 2740 1690 Petrum
2794 1653 2927 1690 vero
2972 1642 3028 1690 et
3080 1638 3397 1692 Johannem
3449 1646 3622 1709 atque

118 1728 269 1776 ctum
307 1722 495 1775 Esaias
521 1721 593 1759 ²⁶²
614 1729 745 1776 ante
767 1722 1031 1792 praedixit
1056 1740 1068 1777 :
1103 1725 1487 1778 Habitantibus
1521 1728 1579 1777 in
1602 1727 1817 1793 regione

118 1811 323 1863 umbrae
342 1813 551 1877 mortis,
580 1811 677 1864 (ua:
693 1816 813 1865 orta
835 1817 911 1865 est
932 1813 1007 1865 eis
1034 1813 1167 1878 (Isa.
1196 1828 1271 1878 1x,
1300 1813 1372 1882 2).
1401 1814 1553 1866 Hanc
1575 1829 1711 1883 ergo
1735 1814 1817 1866 lu-

120 1914 236 1951 cem
276 1904 522 1968 uterque
551 1898 721 1953 Iacob
750 1904 806 1952 et
840 1899 1025 1952 Esaias
1051 1915 1167 1952 non
1191 1900 1584 1969 corporalibus
1614 1900 1812 1967 oculis,

121 1992 200 2040 set
228 1986 630 2056 spiritualibus
660 1988 817 2041 vidit.
853 1990 1033 2057 Atque
1072 2003 1136 2041 ex
1166 1988 1273 2041 hac
1288 1988 1503 2042 visione
1534 1988 1592 2042 in
1622 2006 1814 2043 vocem

119 2074 490 2128 exultationis
523 2076 664 2128 alter
693 2076 763 2111 ³⁸³
803 2092 1005 2129 eorum
1028 2077 1373 2146 prorumpit,
1409 2077 1603 2131 dicens
1635 2094 1647 2131 :
1688 2078 1819 2133 Vidi

120 2164 405 2215 Dominum
456 2164 601 2228 facie
652 2162 727 2216 ad
753 2165 950 2229 faciem
990 2168 1040 2217 et
1090 2165 1245 2217 salva
1297 2166 1451 2230 facta
1497 2170 1575 2219 est
1630 2167 1817 2219 anima

116 2267 248 2303 mea.
312 2242 675 2305 l'utellexerat
727 2251 882 2305 enim
933 2252 1112 2305 Deum
1163 2252 1370 2306 dixisse
1421 2254 1489 2307 ad
1539 2254 1812 2324 Moysen:

116 2340 228 2393 Non
268 2342 417 2392 enim
443 2339 651 2392 videbit
676 2355 759 2393 me
805 2341 958 2393 homo
1003 2344 1054 2394 et
1083 2342 1263 2394 vivere
1303 2345 1477 2410 potest
1506 2361 1521 2408 ;
1553 2342 1717 2412 quasi
1746 2343 1815 2395 de

117 2428 299 2479 salute
343 2426 553 2479 animm
602 2443 720 2481 sua;
770 2427 1142 2498 desperasset,
1177 2427 1226 2480 si
1272 2444 1389 2482 non
1438 2445 1539 2499 per
1568 2431 1815 2499 prophe-

117 2514 206 2567 tias
236 2514 579 2582 mysterium
620 2513 692 2551 ’⁸⁸⁸
724 2515 925 2579 Deum,
981 2516 1081 2587 qui
1112 2516 1184 2570 ab
1228 2516 1460 2570 homine
1490 2517 1671 2571 videri
1702 2534 1815 2571 non

116 2608 362 2673 poterat,
434 2619 533 2673 per
606 2604 1055 2674 assumptionem
1143 2605 1330 2657 carnis
1397 2605 1575 2659 videri
1652 2623 1817 2676 posse

116 2698 512 2761 cognosceret.
552 2693 707 2747 Unde
735 2692 871 2764 quia
913 2693 1075 2758 vidit,
1109 2694 1422 2747 clamavit:
1467 2695 1600 2750 Vidi
1644 2699 1819 2749 Domi-

114 2796 240 2834 num
270 2783 420 2846 facie
467 2780 542 2833 ad
580 2782 801 2847 faciem,
834 2786 885 2835 et
922 2783 1079 2835 salva
1122 2784 1277 2848 facta
1321 2786 1403 2836 est
1447 2785 1632 2837 anima
1677 2800 1814 2851 mea,

118 2875 169 2922 et
198 2869 339 2922 inde
375 2884 534 2938 spem
568 2869 766 2922 salutis
806 2869 1150 2939 assumpsit;
1194 2871 1343 2924 unde
1373 2886 1478 2941 per
1508 2878 1817 2942 assumptse

1926 1723 2230 1779 Martinam
2262 1739 2379 1778 non
2404 1723 2701 1790 demones,
2733 1730 2819 1778 set
2846 1725 3174 1795 expulsores
3203 1725 3517 1779 demonum
3549 1724 3622 1778 fi-

1874 1880 1881 1887 _
1924 1811 2127 1865 deliter
2153 1813 2514 1876 contitemur,
2560 1818 2618 1866 et
2647 1813 2754 1867 hoc
2782 1828 2981 1866 verum
3024 1829 3145 1866 esse
3197 1813 3366 1866 certis
3397 1812 3622 1866 indiciis

1926 1916 2108 1964 usque
2148 1899 2318 1954 hodie
2348 1901 2656 1967 cernimus,
2690 1918 2805 1955 non
2835 1901 2895 1953 in
2926 1902 3007 1954 eis
3039 1917 3196 1971 spem
3232 1907 3485 1955 nostram
3514 1917 3624 1971 po-

1924 1992 2147 2053 nentes,
2181 1992 2266 2041 set
2299 2004 2460 2058 spem
2490 1993 2745 2042 nostram
2774 1989 2924 2059 apud
2984 1991 3165 2042 Deum
3205 2005 3408 2043 eorum
3440 1990 3625 2043 inter-

1924 2075 2276 2129 cessionibns
2329 2076 2817 2130 commendantes.
2875 2076 3039 2140 Quod
3092 2092 3229 2130 vero
3292 2077 3434 2131 dixit
3481 2093 3494 2130 :
3552 2079 3626 2131 In

1924 2164 2170 2218 omnibus
2205 2165 2333 2218 locis
2391 2165 2592 2234 legitur
2636 2167 2773 2218 Deus
2830 2166 2998 2219 Israel
3050 2170 3100 2217 et
3145 2180 3252 2218 non
3308 2168 3448 2218 Deus
3496 2180 3624 2231 gen-

1927 2254 2081 2311 tium,
2114 2251 2320 2305 refellit
2350 2256 2404 2305 te
2439 2253 2585 2305 Deus
2614 2268 2718 2322 per
2766 2252 2963 2314 David,
3011 2252 3204 2306 dicens
3251 2252 3320 2305 ad
3377 2253 3578 2306 Filium
3607 2269 3620 2306 :

1925 2341 2145 2394 Postula
2175 2356 2209 2393 a
2232 2355 2333 2405 me,
2365 2344 2416 2393 et
2444 2340 2584 2394 dabo
2613 2341 2716 2393 tibi
2751 2345 2929 2407 gentes
2980 2341 3347 2395 haereditatem
3390 2346 3539 2394 tuam
3576 2346 3627 2395 et

1920 2430 2307 2497 possessionem
2377 2432 2525 2482 tuam
2596 2431 2850 2482 terminos
2926 2433 3081 2482 terra?
3137 2426 3303 2497 (Psal.
3378 2445 3440 2494 ιι,
3510 2428 3622 2498 8);

1926 2516 2195 2587 idemque
2243 2516 2313 2569 ad
2354 2516 2692 2570 Abraham:
2745 2518 2813 2569 In
2858 2519 3060 2570 semine
3108 2521 3198 2569 tuo
3252 2516 3626 2570 benedicentur

1927 2619 2105 2658 omnes
2161 2604 2337 2657 tribus
2398 2608 2554 2657 terrae
2604 2602 2755 2673 (Gen.
2811 2619 2922 2668 xxr,
2984 2604 3101 2669 l8).
3165 2602 3222 2657 Si
3264 2619 3397 2655 vero
3428 2610 3627 2673 gentes

1927 2691 2220 2745 hereditas
2269 2691 2365 2744 Dei
2427 2694 2577 2758 sunt,
2635 2691 2846 2757 nescio,
2903 2691 3150 2760 qualiter
3198 2706 3315 2743 non
3363 2690 3436 2744 sit
3477 2691 3626 2744 Deus

1927 2796 2147 2846 earum,
2179 2779 2343 2849 cujus
2385 2779 2674 2833 hereditas
2708 2784 2859 2833 sunt.
2903 2781 2968 2833 In
3018 2779 3127 2833 hoc
3169 2794 3439 2850 namque,
3474 2780 3625 2850 quod

1928 2868 2032 2921 sub
2094 2867 2464 2938 requisitione
2515 2867 2696 2924 nostri
2752 2884 2951 2921 sensus
2995 2866 3258 2933 inuectis,
3309 2882 3627 2921 memorem

115 2956 485 3010 mortalitatis
516 2957 786 3027 speciem,
822 2958 1084 3023 salutem,
1128 2958 1619 3028 exspectationem
1650 2940 1816 3014 mun-
1850 2940 1889 2994 C
1929 2956 2054 3009 fieri
2085 2956 2394 3010 Dominum
2424 2956 2751 3011 testamenti
2783 2955 2891 3022 sui,
2926 2955 3105 3021 verbi,
3150 2956 3301 3026 quod
3335 2955 3628 3010 mandavit

117 3044 192 3111 di,
250 3060 359 3114 per
406 3046 591 3097 carnis
635 3062 752 3099 suae
810 3046 1209 3114 probationem
1253 3052 1549 3100 venturam
1604 3049 1818 3102 mundo

118 3133 413 3201 cognovit.
450 3132 604 3196 Quod
629 3135 803 3187 etiam
823 3134 882 3187 in
916 3134 1312 3189 benedictione
1339 3136 1587 3190 ﬁliorum
1610 3138 1818 3207 praedi-

116 3221 303 3274 cendo
350 3222 645 3290 expressit,
690 3222 932 3276 dicens:
984 3224 1102 3276 Non
1132 3224 1412 3288 auferetur
1440 3231 1708 3292 sceptrum
1754 3226 1819 3278 de

114 3305 275 3357 Juda
316 3311 369 3359 et
414 3305 530 3358 dua:
559 3306 625 3358 de
661 3306 955 3371 femoribus
992 3307 1124 3374 ejus.
1156 3307 1320 3360 donec
1344 3310 1525 3360 veniat
1564 3311 1662 3376 qui
1688 3312 1815 3362 mit-

114 3394 311 3446 tendus
331 3398 433 3459 est,
475 3399 523 3446 et
556 3396 669 3462 ipse
704 3397 806 3447 erit
834 3393 1163 3463 exspectatio
1218 3398 1455 3461 gentium
1490 3396 1639 3461 (Gen.
1673 3413 1816 3466 XLIX,

120 3484 225 3549 10.)
276 3483 357 3535 De
392 3498 506 3551 quo
539 3482 712 3535 etiam
771 3482 956 3536 Esaias
994 3482 1073 3535 ait
1108 3498 1121 3536 :
1169 3483 1343 3551 Super
1391 3499 1545 3550 quem
1584 3487 1817 3538 contine-

115 3569 245 3622 bunt
276 3584 430 3635 reges
460 3584 517 3623 os
546 3584 701 3622 suum
731 3571 857 3638 (Isa.
882 3585 976 3635 ιιι,
1000 3569 1087 3639 15)
1123 3572 1338 3638 ;ipsum
1357 3576 1535 3636 gentes
1564 3570 1820 3639 depreca-

112 3656 449 3723 buntur(1d.
464 3660 664 3725 x1,lO).
688 3658 846 3711 Nunc
863 3657 1001 3729 quid
1017 3655 1088 3694 ’⁸⁵
1109 3659 1471 3722 contradicis,
1489 3659 1662 3712 Jndee
1685 3677 1697 3725 ;
1715 3676 1816 3713 cur

108 3761 279 3799 vocas
311 3761 419 3799 nos
448 3746 721 3799 animalia
747 3747 775 3799 ?
808 3747 940 3799 Ecce
970 3762 1076 3800 nos
1114 3746 1387 3801 animalia
1424 3746 1566 3816 ejus,
1600 3748 1669 3800 de
1701 3764 1815 3819 quo

110 3832 256 3886 dixit
316 3833 590 3887 Abacuc:
632 3835 693 3887 In
745 3833 921 3888 medio
967 3834 1135 3887 duum
1182 3834 1505 3887 animalium
1537 3848 1814 3901 cognosce-

108 3925 210 3975 ris.
244 3921 401 3987 Non,
435 3926 496 3974 ut
519 3927 581 3976 tu
618 3921 995 3992 improperas,
1026 3922 1321 3989 hiscimus,
1362 3925 1446 3976 set
1475 3926 1537 3976 ut
1577 3921 1819 3976 rationa-

1928 3045 1988 3098 in
2019 3044 2175 3098 mille
2212 3044 2632 3114 generationes,
2684 3044 2838 3115 quod
2871 3044 3154 3116 disposuit
3196 3043 3265 3097 ad
3314 3044 3624 3108 Abraham,

1926 3133 2312 3203 propinquius
2360 3138 2461 3187 tuo
2513 3138 2709 3186 noster
2758 3149 2958 3187 sensus
3017 3133 3245 3186 veritati
3298 3132 3623 3186 concordat.

1928 3222 2226 3285 Quomodo
2276 3220 2368 3275 hic
2409 3220 2736 3292 intellegis:
2787 3223 2847 3274 in
2892 3222 3039 3275 mille
3084 3223 3455 3287 generationes
3490 3223 3518 3274 ?
3569 3220 3627 3275 Si

1928 3309 2167 3379 replices
2216 3310 2614 3379 generationes
2657 3310 2727 3363 ab
2760 3309 2992 3362 exordio
3038 3308 3260 3376 mundi,
3316 3325 3432 3362 non
3469 3308 3626 3362 inve-

1927 3396 2049 3450 nies
2077 3397 2253 3450 mille.
2290 3397 2385 3450 Set
2435 3397 2568 3467 quia
2614 3396 2675 3449 in
2725 3396 3035 3467 Scripturis
3086 3396 3261 3450 sacris
3314 3413 3465 3467 smpe
3497 3396 3626 3451 lini-

1926 3490 2047 3537 tum
2078 3502 2180 3555 pro
2211 3484 2437 3538 inﬁnito
2468 3484 2725 3556 ponitur,
2780 3485 2938 3538 mille
2986 3484 3385 3554 generationes
3428 3501 3628 3539 omnes

1926 3573 2321 3643 generationes
2359 3573 2703 3644 accipienda:
2754 3578 2906 3638 sunt,
2954 3579 3021 3627 ut
3073 3580 3489 3643 consequenter
3533 3591 3628 3628 ve-

1926 3676 2055 3714 rum
2086 3660 2572 3730 sitjuramentum
2605 3660 2673 3714 ad
2721 3660 3007 3713 Abraham
3049 3660 3415 3730 dispositum,
3473 3661 3627 3731 quod

1925 3752 1984 3801 in
2030 3752 2228 3802 semine
2278 3754 2366 3803 tuo
2414 3749 2793 3804 benedicentur
2835 3762 3012 3802 omnes
3061 3753 3270 3815 gentes,
3320 3748 3374 3803 id
3437 3755 3520 3802 est
3568 3750 3625 3803 in

1927 3837 2169 3892 Christo.

1541 4100 1778 4154 VARIE
1814 4099 2209 4156 LECTIONES.

180 4272 262 4308 ²⁶²
282 4291 396 4328 v0.1:
433 4276 501 4327 ab
542 4276 715 4329 Eckh.
744 4279 967 4331 inserta.
1046 4276 1116 4310 ²⁶¹
1152 4269 1274 4332 ῐιῆ.
1307 4293 1333 4330 c
1407 4275 1481 4313 ²⁶²
1508 4277 1725 4332 easaias
1753 4294 1779 4332 ο

114 4361 243 4399 rum
280 4362 328 4399 c.
410 4348 478 4381 “7
506 4362 634 4399 cum
666 4350 833 4418 prob.
860 4365 903 4402 c.

480 5607 761 5678 PATROL.
815 5611 987 5678 CXL.

1853 4280 1924 4313 9”
1952 4278 2114 4333 aliter
2148 4283 2191 4333 l.
2267 4277 2341 4315 ²⁶¹⁶
2379 4280 2776 4338 testimonium
2805 4286 2852 4337 l.

2931 4280 3006 4317 ⁸⁸⁵
3046 4282 3122 4355 qd
3162 4301 3207 4339 c.
3286 4283 3360 4319 ’⁵⁸
3406 4292 3627 4340 vestra-

3242 5621 3325 5681 16
