4016 6202
461 321 555 374 491
1472 315 1943 372 BURCHABDUS
1984 314 2513 372 WORMACIENSIS
2553 315 2596 369 E
2608 313 2948 370 PISCOPUS.
3791 326 3867 378 492

1924 615 2072 655 ANNO
2106 615 2293 655 DOMINI
2327 616 2522 654 MXXVI.

1506 785 2914 931 BURCHARDUS

1293 1044 2020 1110 WORMATIENSIS
2081 1044 2550 1111 ECCLESIIE
2599 1045 3140 1113 EPISCOPUS.

1744 1369 2686 1496 PRO(EMIA.

1053 1731 1546 1803 NOTITIA
1643 1730 2300 1804 HISTOBICA
2393 1730 2528 1802 ET
2617 1729 3379 1803 LITTERARIA.

1721 1906 1973 1978 (Oudin.,
2006 1908 2207 1976 Script.
2239 1908 2419 1962 eccles.
2462 1907 2532 1972 II,
2575 1907 2723 1976 525.)

538 2194 894 2250 Burchardus
942 2192 1371 2246 Wormatiensis
1402 2193 1723 2264 episcopus,
1757 2193 1988 2248 natione
2024 2193 2158 2248 Ger-
2187 2196 2235 2248 Α
2272 2191 2425 2264 pitus
2453 2195 2763 2262 receperat.
2802 2191 2888 2246 Ibi
2915 2208 3145 2263 quoque
3174 2193 3418 2262 negotiis
3447 2193 3767 2248 stecularibus
3789 2199 3874 2264 post

464 2299 690 2350 manus,
738 2282 924 2353 patria
968 2282 1194 2346 Hassus,
1249 2287 1303 2334 et
1354 2282 1604 2351 primum
1653 2281 1809 2335 Lobii
1864 2281 1924 2335 in
1965 2280 2160 2350 Belgio
2270 2285 2496 2351 tergum
2552 2280 2840 2351 projeclis,
2895 2281 3028 2334 totis
3060 2281 3272 2336 viribus
3313 2282 3372 2336 in
3403 2283 3658 2354 obsequio
3689 2284 3769 2336 Dei
3794 2288 3872 2335 stu-

465 2372 804 2436 monachus,
848 2375 904 2423 et
947 2369 1178 2436 Olberti,
1235 2369 1522 2423 Lobiensis
1553 2369 1823 2423 monachi
1855 2375 1910 2423 et
1938 2369 2160 2424 abbatis
2269 2369 2454 2424 debat.
2480 2369 2713 2424 'Eodem
2767 2371 2985 2441 quippe
3031 2375 3317 2441 tempore,
3365 2371 3425 2426 in
3478 2372 3763 2426 collectorio
3799 2371 3874 2424 Ca-

463 2468 664 2530 postea
693 2457 1112 2514 Gemblacensis
1160 2458 1490 2528 discipulus,
1543 2474 1709 2522 anno,
1744 2459 1866 2524 996,
1929 2457 2158 2512 Olberto
2271 2471 2492 2510 nonum
2540 2456 2599 2510 in
2631 2457 2736 2511 hac
2776 2458 2918 2512 cella
2966 2475 3082 2512 non
3128 2461 3419 2514 modicum
3449 2461 3728 2516 laborabat.
3759 2461 3874 2522 Nam,

466 2549 738 2618 magistro
790 2547 1060 2612 instante,
1105 2545 1405 2616 episcopus
1436 2545 1863 2600 Wormatiensis
1904 2546 2159 2600 Ecclesiae
2271 2542 2506 2598 domino
2562 2545 2833 2600 Walterio
2903 2546 3155 2616 Spirensi
3208 2549 3472 2621 episcopo
3521 2549 3802 2620 adjuvaute,
3839 2554 3876 2600 et

467 2640 678 2690 electus
708 2641 812 2701 est,
869 2635 930 2688 in
960 2651 1075 2705 qua
1128 2635 1340 2689 resedit
1393 2653 1570 2706 usque
1627 2636 1698 2690 ad
1746 2651 1965 2688 annum
2025 2638 2158 2689 1025
2272 2632 2634 2687 Brunichone
2699 2635 3010 2704 praeposito
3068 2635 3406 2691 exhortante
3489 2641 3543 2692 et
3593 2641 3877 2708 suggerente,

465 2726 552 2779 vel
584 2726 740 2793 1026,
782 2740 894 2796 quo
925 2729 1184 2777 mortuus
1216 2728 1317 2776 est.
1353 2723 1682 2793 Sigebertus
1712 2723 1771 2776 in
1803 2724 2064 2780 Chronico
2088 2723 2157 2778 ad
2272 2722 2511 2778 Canones
2565 2723 2628 2777 in
2685 2740 2866 2778 unum
2921 2740 3128 2795 corpus
3183 2725 3434 2797 collegit.
3498 2728 3612 2781 Non
3660 2741 3746 2796 pro
3799 2726 3878 2776 ulla

465 2829 682 2868 annum
717 2815 850 2867 l008
881 2812 1072 2877 refert,
1104 2813 1462 2866 collaborante
1501 2814 1762 2879 magistro
1799 2826 1894 2864 suo
1949 2811 2159 2866 Olberto
2270 2811 2620 2882 arrogantia,
2665 2813 2784 2880 sed,
2831 2817 2896 2866 ut
2939 2812 3062 2883 ipse
3111 2814 3272 2880 dixit,
3327 2816 3460 2886 quia
3508 2830 3754 2870 canonum
3788 2814 3879 2882 jura

465 2903 681 2965 abbate,
717 2903 835 2956 viro
880 2899 1238 2968 undequaque
1283 2900 1615 2965 doctissimo,
1665 2914 1939 2968 magnum
1970 2899 2198 2966 Cano-.
2269 2898 2788 2969 poenitentiumque
2831 2899 3046 2970 judicia
3092 2901 3150 2955 in
3211 2903 3534 2974 episcopatu
3579 2919 3669 2956 suo
3703 2901 3876 2955 omnino

465 3007 604 3044 num
653 2991 920 3042 volumen
969 2988 1244 3042 edidisse:
1297 2991 1352 3041 et
1404 2988 1463 3040 in
1494 2988 1640 3040 libro
1696 2989 1769 3040 De
1805 2988 2159 3055 scriptoribus
2269 2986 2499 3041 fuerant
2527 2988 2786 3057 neglecta
2833 3004 2897 3042 ac
2942 2989 3226 3044 destructa
3249 2993 3275 3058 ;'
3298 2992 3406 3045 hoc
3462 3007 3587 3045 vero
3610 3005 3782 3060 corpus
3810 3002 3876 3040 seu

464 3079 859 3143 ecclesiasticis,
880 3091 1002 3144 cap.
1032 3075 1152 3140 141,
1172 3075 1292 3127 haec
1317 3075 1386 3128 de
1409 3090 1475 3127 eo
1496 3074 1695 3128 refert:
1727 3096 1747 3121 ι
1776 3075 2155 3142 Burchardus,
2271 3074 2675 3129 Collectorium
2729 3076 2991 3130 distinxit
3047 3083 3103 3132 et
3153 3078 3214 3132 in
3273 3080 3478 3146 viginti
3536 3079 3690 3133 libros
3735 3075 3877 3130 distri—

465 3165 766 3234 episcopus
797 3162 958 3216 urbis
999 3161 1380 3230 Wangionum
1412 3177 1540 3231 quae
1589 3161 1800 3214 dicitur
1827 3160 2156 3228 Wormatia,
2268 3162 2411 3216 buit.
2438 3181 2466 3214 »
2499 3162 2656 3216 Idem
2687 3162 2746 3216 in
2777 3163 3110 3234 praefatione
3142 3166 3333 3235 operis
3363 3167 3449 3222 sui
3477 3171 3708 3221 testatur.
3737 3185 3756 3213 ι
3776 3164 3875 3217 Cum

463 3268 721 3320 magnum
739 3252 1012 3308 Canonum
1035 3251 1301 3315 volumen,
1325 3249 1478 3320 quod
1501 3266 1531 3302 a
1555 3248 1787 3302 nomine
1817 3249 1997 3320 ipsius
2025 3252 2161 3304 Bur-
2269 3250 2329 3304 in
2361 3267 2462 3305 sua
2487 3251 2714 3305 dioecesi
2742 3268 2992 3306 canones
3022 3260 3078 3306 et
3107 3255 3508 3324 pa-nitentium
3540 3257 3660 3325 jura
3684 3252 3875 3313 confusa,

464 3340 701 3395 chardus
734 3339 1158 3404 denominatur,
1195 3338 1375 3391 multo
1406 3337 1594 3392 studio
1634 3337 1973 3408 composuit,
2005 3338 2158 3409 quod
2271 3337 2389 3392 imo
2437 3337 2817 3409 discrepantia
2864 3339 3101 3406 videret,
3137 3346 3198 3394 ut
3245 3347 3346 3396 aut
3396 3358 3463 3396 ex
3509 3347 3617 3396 toto
3665 3340 3876 3410 neglecta,

464 3428 807 3483 testimoniis
859 3426 1121 3480 omnium
1172 3425 1635 3480 authenticorum
1685 3426 2060 3480 conciliorum
2105 3433 2161 3482 et
2193 3472 2234 3525 Β
2273 3430 2372 3480 aut
2407 3426 2566 3480 omni
2611 3443 2759 3496 pene
2808 3428 3147 3482 auctoritate
3194 3429 3485 3496 destituta,
3523 3430 3604 3484 vel
3635 3428 3812 3482 modice
3837 3425 3876 3476 in

464 3517 703 3571 decretis
723 3517 1113 3571 Romanorum
1138 3514 1478 3586 pontiﬁcum
1499 3519 1556 3568 et
1579 3515 1872 3568 sententiis
1902 3517 2159 3569 omnium
2195 3512 2233 3525 “’
2273 3513 2649 3568 ecclesiastica
2679 3515 2980 3585 disciplina
3009 3515 3286 3571 institutis
3332 3533 3602 3590 apparere
3635 3512 3875 3586 potuerint,

463 3621 610 3676 pene
663 3603 1077 3658 catholicorum
1153 3605 1386 3658 Patrum
1463 3603 1845 3668 auctorizavit,
1909 3619 1975 3657 ex
2049 3620 2162 3674 quo
2272 3606 2474 3671 rogatu
2519 3601 2893 3656 Brunichonis
2936 3604 3231 3674 praepositi
3273 3605 3527 3660 Ecclesiae
3575 3601 3876 3658 Wormatien-

462 3693 648 3747 adhuc
698 3690 958 3745 omnium
991 3692 1363 3746 conciliorum
1397 3691 1622 3746 decreta
1652 3691 2095 3747 auctorizantur.
2133 3714 2154 3740 ι
2269 3691 2347 3743 sis
2393 3690 2567 3761 cmpit
2614 3706 2926 3761 congerere
2983 3697 3042 3745 et
3097 3692 3358 3763 digerere
3402 3695 3533 3766 jura
3584 3688 3876 3747 ecclesiastica

461 3782 538 3835 Ea
564 3796 692 3852 qua
723 3781 791 3834 de
852 3779 1064 3834 auxilio
1113 3780 1330 3834 Olberti
1383 3781 1454 3834 ad
1505 3780 1974 3850 compilationem
2015 3781 2161 3835 hanc
2271 3779 2342 3832 ad
2401 3778 2708 3832 utilitatem
2785 3796 2903 3833 suae
2968 3780 3246 3846 Ecclesiae,
3301 3783 3374 3836 ob
3445 3780 3803 3854 negligentiam
3842 3779 3877 3826 et

460 3869 778 3924 faciendam
829 3868 890 3921 in
918 3869 1176 3925 Chronico
1225 3869 1552 3938 scripserat,
1589 3868 1892 3922 conﬁrmat
1921 3868 1978 3922 in
2010 3870 2158 3923 libro
2267 3865 2575 3933 inscitiam,
2626 3871 2684 3920 ut
2737 3866 2861 3937 ipse
2910 3867 3188 3938 loquitur,
3239 3871 3612 3925 sacerdotum.
3660 3889 3684 3919 ν
3734 3866 3875 3920 Fontes

457 3961 532 4013 De
583 3959 941 4027 scriptoribus
1001 3957 1374 4010 ecclesiasticis
1422 3955 1482 4008 in
1537 3954 1788 4022 Olberto,
1848 3971 1969 4026 cap.
2035 3959 2154 4022 142,
2267 3960 2460 4009 autem
2500 3959 2556 4008 et
2595 3959 2784 4025 partes
2827 3956 2918 4010 sui
2965 3957 3157 4027 operis
3204 3957 3326 4029 ipse
3356 3959 3417 4013 in
3446 3959 3558 4014 ﬁne
3604 3950 3874 4028 praefatione

458 4046 644 4101 verbis
674 4045 839 4100 istis:
884 4064 912 4094 α
947 4044 1301 4098 Burchardus
1347 4042 1652 4113 episcopus
1709 4043 2153 4112 Wormatiensis,
2265 4048 2599 4098 memoratae
2626 4043 2892 4097 ostendit.

458 4135 582 4205 ejus
612 4133 829 4189 Olberti
861 4131 1192 4201 magisterio
1237 4131 1307 4184 ad
1339 4131 1448 4184 hoc
1486 4136 1809 4201 provectus,
1845 4137 1909 4185 ut
1947 4132 2028 4186 ita
2064 4148 2154 4186 ec-
2338 4153 2366 4181 ‹‹
2413 4131 2740 4202 Synodalia,
2784 4131 2995 4202 inquit,
3050 4137 3359 4203 praecepta,
3431 4138 3717 4205 sanctaque
3760 4126 3875 4183 insti-

458 4221 788 4276 clesiasticaa
839 4219 1070 4273 utilitati
1116 4219 1462 4286 intenderet,
1519 4224 1577 4273 et
1621 4220 1744 4289 ejus
1795 4220 2005 4287 studio,
2057 4237 2154 4275 ore
2262 4223 2404 4286 tuta,
2436 4224 2555 4274 tam
2577 4235 2645 4274 ex
2676 4224 3006 4274 sanctorum
3055 4222 3291 4276 Patrum
3340 4223 3633 4278 sententiis
3668 4234 3806 4292 quam
3832 4229 3873 4267 ex

456 4315 516 4363 et
560 4324 731 4362 manu
771 4305 917 4360 illud
965 4322 1222 4374 magnum
1269 4308 1544 4362 Canonum
1568 4308 1814 4362 volumen
1867 4308 1938 4362 ad
1989 4323 2151 4362 com-
2261 4308 2549 4362 canonicis
2580 4308 2824 4378 scriptis,
2852 4309 3112 4378 adjutore
3140 4311 3276 4377 Deo,
3320 4312 3384 4366 in
3423 4329 3598 4366 unum
3639 4311 3809 4364 fascem
3833 4317 3874 4355 ει

457 4413 694 4452 munem
725 4395 984 4450 omnium
1032 4395 1337 4449 utilitatem
1372 4395 1585 4449 ederet.
1633 4416 1660 4443 ››
1697 4395 1802 4450 Ubi
1857 4399 1912 4449 et
1941 4394 2151 4464 quibus
2260 4396 2616 4467 amplissimo
2648 4396 2784 4450 orbe
2817 4397 3044 4467 collegi,
3087 4413 3268 4469 eaque
3318 4405 3385 4454 ut
3430 4399 3592 4470 potui
3618 4413 3721 4452 uno
3753 4388 3876 4445 veluti

457 4484 863 4540 auxiliantibus
919 4483 1276 4538 Burchardus
1320 4484 1429 4537 hoc
1478 4483 1717 4554 perfecit
1773 4500 1937 4554 opus,
1987 4483 2153 4538 docet
2260 4500 2498 4555 corpore
2525 4500 2797 4549 connexa,
2827 4483 3033 4555 viginti
3080 4484 3240 4539 libris
3285 4486 3538 4541 distinxi.
3572 4508 3594 4536 ι
3627 4486 3682 4540 Et
3706 4481 3877 4554 quibus-

454 4578 655 4628 auctor
709 4588 1050 4643 anonymus,
1126 4572 1226 4642 qui
1302 4571 1478 4626 vitam
1555 4573 1680 4642 ejus
1739 4577 1869 4642 post
1925 4572 2147 4626 obitum
2259 4573 2389 4627 dam
2423 4572 2817 4642 interjectisu
2851 4573 3086 4637 Quantis
3107 4579 3297 4629 autem
3326 4577 3433 4630 hoc
3461 4575 3730 4630 laboribus
3755 4575 3877 4637 atque

454 4659 700 4730 scripsit,
756 4674 887 4714 cum
937 4659 1173 4713 Decreto
1233 4658 1413 4729 ipsius
1469 4659 1680 4713 editam
1729 4674 1741 4710 :
1798 4679 1820 4706 ι
1888 4659 2148 4712 Forestus
2259 4660 2466 4731 vigiliis
2511 4661 2897 4730 praestiterim,
2953 4663 3101 4716 Deus
3133 4663 3388 4732 optimus
3432 4663 3713 4735 judicabit,
3753 4669 3876 4729 quem

453 4748 596 4803 silva
648 4753 752 4814 est,
807 4747 1014 4818 inquit,
1072 4747 1294 4802 duobus
1349 4746 1691 4800 milliaribus
1749 4762 1782 4798 a
1839 4746 2150 4801 Wormatia
2183 4745 2224 4799 C
2261 4749 2415 4819 quod
2453 4764 2561 4818 pro
2593 4754 2802 4804 nostra:
2848 4750 3114 4804 Ecclesiae
3163 4753 3495 4807 necessitate
3544 4746 3768 4812 fecerim,
3799 4756 3878 4797 non

451 4837 686 4906 distans,
743 4837 1029 4891 abietibus
1078 4837 1401 4901 abundans,
1445 4839 1501 4888 et
1547 4835 1694 4888 hanc
1731 4834 1898 4904 palus
1947 4834 2150 4888 limosa
2258 4837 2414 4891 latet.
2467 4837 2653 4900 Quare
2696 4837 2920 4891 etiamsi
2971 4844 3180 4892 nostra;
3228 4840 3536 4908 provincia:
3576 4838 3762 4893 limites
3797 4843 3878 4885 non

451 4943 516 4982 ex
560 4943 672 4981 una
701 4931 862 4998 parte
905 4924 1214 4979 ambiendo
1259 4922 1674 4992 circumcingit,
1725 4921 1787 4975 in
1833 4921 1995 4992 cujus
2033 4937 2151 4976 me-
2259 4923 2481 4989 exierit,
2530 4923 2676 4977 nihil
2716 4925 2953 4978 omnino
3001 4942 3153 4996 aegre
3198 4926 3472 4994 feremus,
3511 4927 3672 4982 modo
3717 4924 3879 4976 nostro-

449 5015 658 5072 dietate
709 5015 870 5069 collis
920 5011 1344 5084 pulcherrimus
1389 5010 1669 5076 consistit,
1721 5011 1792 5065 ad
1847 5026 2019 5082 quem
2063 5012 2148 5065 vir
2259 5026 2388 5065 rum
2421 5012 2820 5067 ministrorum
2851 5013 3117 5067 manibus
3142 5019 3379 5070 teratur.
3415 5018 3588 5070 Porro
3626 5006 3876 5083 legentibus

448 5104 550 5160 Dei
594 5120 652 5158 se
693 5101 994 5158 transferri
1023 5098 1337 5171 praecepit;
1392 5105 1448 5152 et
1496 5097 1634 5169 quia
1679 5099 2002 5153 mundanos
2053 5105 2146 5153 tu-
2257 5100 2426 5154 etiam
2454 5099 2510 5154 id
2536 5116 2872 5170 persuasum
2919 5117 3039 5154 esse
3087 5102 3372 5173 cupimus,
3427 5104 3569 5158 nihil
3607 5102 3671 5156 de
3714 5110 3817 5152 meo
3839 5092 3875 5144 in

447 5193 663 5248 multus
691 5191 943 5246 devitare
997 5187 1199 5255 voluit,
1237 5185 1540 5240 arboribus
1570 5185 1985 5257 fruticibusque
2016 5203 2143 5241 suc-
2252 5187 2360 5242 hoc
2411 5203 2585 5258 opere
2634 5188 2894 5243 additum
2928 5205 3066 5252 esse,
3100 5190 3202 5244 sed
3244 5206 3313 5245 ex
3351 5189 3558 5245 divinis
3606 5178 3876 5244 testimoniis

443 5281 594 5348 cisis,
617 5281 821 5335 collem
851 5276 1190 5348 explanavit.
1223 5274 1308 5329 Ibi
1334 5290 1564 5346 quoque
1581 5277 1832 5345 primum
1864 5274 2000 5328 fecit
2021 5291 2143 5329 ora-
2252 5275 2679 5346 Scripturarum
2708 5277 2732 5348 (
2763 5293 3029 5348 quaenam
3085 5279 3196 5333 hoc
3248 5283 3510 5349 tempore
3565 5278 3654 5333 hic
3679 5279 3730 5330 et
3752 5280 3876 5340 supra

439 5370 679 5436 torium,
709 5365 842 5421 dein
863 5366 990 5419 aliis
1029 5362 1270 5420 ofﬁcinis
1290 5363 1560 5433 peractis,
1603 5362 1806 5418 cellam
1849 5361 2140 5432 egregiam
2251 5362 2458 5417 divinae
2489 5363 2798 5436 Scriptura:
2843 5369 2900 5419 et
2947 5366 3219 5421 canonica
3256 5367 3466 5438 scripta
3512 5367 3656 5422 dicta
3696 5357 3875 5417 fuerint,

437 5453 775 5514 construxit.
809 5453 947 5508 Illuc
998 5470 1057 5508 se
1087 5456 1218 5524 post
1263 5450 1502 5505 concilia
1535 5451 1806 5522 regiaque
1851 5451 2139 5521 colloquia
2248 5451 2328 5518 id,
2358 5453 2505 5522 proh
2536 5453 2741 5508 dolor!
2781 5454 2974 5507 statim
3016 5455 3257 5524 patebit)
3305 5455 3534 5526 singula
3578 5468 3690 5508 esse
3725 5449 3876 5504 decer-

437 5550 498 5604 et
531 5547 665 5618 post
691 5557 887 5597 curam
935 5540 1273 5612 synodalem
1306 5540 1676 5612 diversasque
1731 5538 1934 5595 mundi
1986 5543 2132 5594 stre-
2244 5544 2362 5611 pta,
2397 5557 2464 5595 ea
2495 5557 2630 5597 sane
2662 5541 2796 5608 ﬁde,
2846 5546 2912 5596 ut
2947 5545 3288 5615 perpetuam
3337 5543 3720 5598 auctoritatem
3756 5531 3874 5590 habi-
