4016 6202
178 372 290 427 493

1275 371 1623 426 ΡΒοίΕΜΙΑ.
1665 403 1732 410 -
1773 374 2049 428 ΝΟΤΙΤΙΑ
2090 375 2264 430 HIST.
2311 376 2399 430 ET
2441 375 2614 430 LITT.

3587 382 3690 434 494

174 504 310 550 tura
350 511 464 550 non
511 493 792 548 dubitem.
843 494 921 546 Ex
970 491 1180 562 quibus
1219 497 1412 548 autem
1457 493 1678 565 scriptis
1734 497 1881 549 sele-
1911 499 1957 550 Α
1997 497 2065 550 de
2097 496 2448 562 concubinis,
2510 501 2564 551 et
2593 497 2662 551 de
2728 497 3176 568 transgressione
3234 502 3292 551 et
3353 498 3692 566 poenitentia

177 586 366 656 gerim
399 583 538 638 ordo
579 597 824 652 sequens
851 580 1072 634 indicat
1106 597 1120 633 :

252 691 278 721 α
315 673 396 724 Ex
437 671 750 724 canonibus
783 669 884 739 qui
917 669 1125 737 Corpus
1156 684 1420 724 canonum
1460 675 1752 723 vocantur.

252 782 278 810 ιο
316 763 393 814 Ex
434 759 822 830 apostolorum
857 758 1106 810 Canone.

257 871 276 894 ι
323 850 398 901 Ex
425 846 818 900 transmarinis
847 845 1124 898 conciliis.
1163 848 1423 917 Intelligit
1456 845 1778 899 Orientalia.

253 957 280 987 ι)
330 939 405 990 Ex
449 935 699 989 consiliis
742 934 801 987 in
835 933 1164 998 Germania,
1200 934 1400 999 Gallia,
1438 933 1711 1003 Hispania
1749 933 1890 986 cele-

181 1025 386 1078 bratis.

257 1132 282 1159 ι
322 1113 397 1164 Ex
432 1111 817 1164 Romanorum
849 1109 1192 1179 pontificum
1238 1108 1495 1162 decretis.

259 1221 281 1247 ι
323 1200 394 1251 Ex
426 1198 758 1264 evangelicis
791 1197 1236 1267 apostolicisque
1277 1196 1603 1266 Scripturis.

260 1308 282 1334 ι
317 1288 392 1340 Ex
417 1287 601 1340 Veteri
632 1287 1023 1339 Testamento.

259 1398 280 1422 ι
325 1377 395 1428 Ex
426 1374 578 1428 libris
611 1374 792 1427 sancti
842 1373 1122 1443 Gregorii.
1153 1373 1229 1425 Ex
1261 1375 1632 1442 Hieronymo,
1662 1374 1888 1442 Augus-

177 1465 331 1529 tino,
373 1462 688 1530 Ambrosio,
722 1462 1050 1526 Benedicto,
1084 1461 1288 1514 Basilio
1319 1463 1540 1530 Magno,
1577 1461 1816 1514 Isidoro.

255 1573 278 1600 ι
321 1553 391 1605 Ex
423 1550 804 1605 Paznitentiali
855 1551 1129 1603 Romano.
1183 1550 1258 1602 Ex
1284 1549 1668 1603 Poenitentiali
1703 1550 1888 1602 Theo-

177 1640 336 1692 dori.
379 1642 448 1693 Ex
481 1639 867 1692 Pmnitentiali
892 1639 1078 1691 Bedae.
1113 1660 1139 1685 ››

252 1728 516 1780 Distinxit
566 1727 900 1780 Buchardus
933 1741 1079 1795 opus
1127 1725 1293 1779 suum
1339 1724 1400 1778 in
1440 1725 1616 1778 libros
1661 1723 1886 1794 viginti,

177 1832 429 1886 quorum
497 1815 736 1885 quilibet
809 1831 914 1866 sua
967 1814 1155 1884 capita
1225 1831 1324 1868 seu
1377 1829 1626 1867 canones
1690 1812 1887 1876 habet;

178 1904 478 1974 quodlibet
523 1908 712 1956 autem
771 1906 950 1972 caput
1015 1908 1100 1954 est
1151 1907 1376 1955 tantum
1435 1901 1626 1966 unius,
1685 1900 1892 1968 cuique

177 1999 380 2045 autem
435 1991 633 2044 canoni
686 1990 1075 2044 summarium
1128 2006 1224 2042 seu
1289 1990 1485 2042 titulus
1533 1992 1894 2058 praenotatus

177 2081 417 2150 legitur.
479 2080 773 2134 Summam
835 2078 1118 2132 librorum
1165 2078 1309 2132 hanc
1352 2078 1711 2131 Burchardus
1771 2075 1893 2143 ipse

179 2170 486 2240 praemisit.

250 2259 482 2314 Primus
535 2258 676 2312 liber
745 2255 1007 2309 continet
1066 2254 1134 2308 de
1191 2259 1474 2323 potestate
1531 2259 1587 2307 et
1639 2252 1896 2323 primatu

177 2349 507 2419 apostolicae
560 2345 729 2412 sedis,
782 2343 1238 2414 patriarcharum
1269 2348 1730 2410 ceterorumque
1776 2339 1894 2408 pri-

177 2445 431 2499 matum,
511 2433 1115 2502 metropolitanorum,
1184 2435 1241 2484 et
1312 2431 1380 2484 de
1447 2430 1669 2500 synodo
1747 2427 1895 2480 cele-

175 2525 402 2579 branda
453 2528 508 2576 et
563 2521 855 2575 vocatione
905 2519 977 2572 ad
1036 2518 1348 2588 synodum;
1403 2519 1478 2571 De
1507 2515 1786 2570 accusatis
1840 2519 1898 2568 et

177 2612 642 2676 accusatoribus;
698 2613 755 2662 et
810 2607 1081 2671 testibus;
1145 2606 1211 2660 de
1255 2606 1586 2675 exspoliatis
1641 2604 1892 2672 injuste;

179 2704 246 2756 de
319 2700 612 2771 judicibus
667 2714 732 2751 ac
793 2697 863 2751 de
920 2695 1079 2749 omni
1130 2695 1349 2747 honore
1416 2691 1774 2762 competenti
1833 2708 1894 2744 ac

176 2790 482 2860 dignitate,
547 2792 602 2840 et
651 2785 877 2839 diverso
940 2782 1186 2852 negotio,
1273 2785 1330 2835 et
1391 2779 1720 2834 ministerio
1771 2779 1895 2848 epi-

185 2892 520 2946 scaporum.

251 2965 552 3020 Secundus
598 2962 744 3016 liber
789 2959 1041 3012 continet
1085 2958 1155 3011 de
1214 2956 1550 3026 congruenti
1583 2954 1893 3025 dignitate,

183 3059 236 3107 et
269 3053 497 3106 diversa
545 3047 924 3113 institutione,
976 3063 1038 3099 ac
1086 3045 1438 3099 nutrimento
1469 3046 1554 3097 vel
1586 3045 1721 3097 vitae
1751 3059 1892 3112 qua-
1927 3041 1967 3094 (ἶ

183 3142 368 3206 litate,
405 3144 461 3192 et
509 3137 734 3191 diverso
778 3134 1008 3204 negotio
1067 3137 1124 3186 et
1160 3132 1478 3185 ministerio
1523 3132 1894 3202 presbytero-

183 3245 319 3282 rum
406 3235 461 3280 et
537 3226 929 3288 diaconorum,
1012 3237 1110 3274 seu
1180 3220 1536 3290 reliquorum
1617 3217 1894 3274 ordinum

183 3315 726 3371 ecclesiasticorum.

252 3404 482 3459 Tertius
512 3402 659 3455 liber
689 3398 940 3453 continet
977 3397 1046 3450 de
1093 3396 1418 3449 divinarum
1467 3395 1774 3449 domorum
1807 3394 1892 3447 in-

183 3493 491 3547 stitutione
519 3497 574 3544 et
603 3489 759 3543 cultu
789 3493 844 3540 et
866 3487 1117 3550 honore;
1169 3485 1238 3538 de
1283 3483 1518 3537 decimis
1548 3488 1605 3536 et
1649 3481 1893 3536 oblatio-

183 3583 358 3636 nibus
395 3585 451 3633 et
491 3577 723 3648 judiciis
777 3574 1158 3644 singulorum,
1215 3575 1274 3624 et
1303 3571 1402 3641 qui
1459 3570 1592 3624 libri
1644 3571 1706 3624 in
1738 3585 1895 3623 sacro

184 3670 456 3739 catalogo
488 3665 858 3736 recipiantur,
901 3661 999 3732 qui
1042 3677 1175 3716 vero
1209 3658 1543 3730 apocryphi,
1575 3663 1629 3712 et
1664 3658 1894 3728 quando

187 3756 524 3829 apponendi
551 3754 680 3807 sint.

259 3849 512 3911 Quartus
558 3843 701 3896 liber
747 3839 999 3893 continet
1041 3839 1463 3890 sacramentum
1507 3834 1888 3905 baptismatis,

187 3941 246 3990 et
295 3931 678 3987 ministerium
734 3925 1211 3998 baptizandorum
1267 3933 1325 3978 et
1354 3923 1792 3994 baptizatorum,
1840 3928 1896 3977 et

187 4019 722 4090 consignandorum
747 4020 802 4068 et
826 4013 1310 4084 consignatorum.

264 4109 517 4174 Quintus
561 4107 707 4158 liber
752 4102 1008 4157 continet
1049 4100 1118 4154 de
1149 4102 1501 4152 sacramento
1539 4096 1796 4167 corporis
1842 4101 1898 4151 et

192 4196 493 4267 sanguinis
551 4191 799 4256 Domini,
868 4195 923 4243 et
976 4189 1046 4243 de
1087 4186 1450 4259 perceptione
1514 4192 1571 4240 et
1638 4186 1898 4239 observa-

190 4287 348 4340 tione
381 4298 598 4338 eorum.

262 4375 469 4428 Sextus
502 4371 644 4424 liber
676 4367 932 4422 continet
962 4366 1030 4419 de
1077 4363 1402 4418 homicidiis
1431 4365 1636 4431 sponte
1693 4365 1751 4414 et
1780 4377 1898 4414 non

193 4467 402 4532 sponte
432 4457 768 4522 commissis,
813 4459 867 4508 et
895 4455 964 4508 de
990 4452 1298 4524 parricidio
1321 4456 1378 4505 et
1423 4451 1492 4504 de
1546 4449 1891 4516 fratricidiis,

192 4556 249 4603 et
273 4551 344 4603 de
377 4547 489 4600 illis
546 4545 642 4615 qui
676 4558 878 4596 uxores
933 4540 1214 4610 legitimas
1251 4543 1306 4592 et
1344 4537 1596 4591 seniores
1649 4552 1780 4590 suos
1810 4537 1896 4589 in-

191 4635 509 4699 terficiunt,
559 4637 613 4686 et
669 4632 737 4684 de
795 4627 1077 4682 occisione
1133 4625 1660 4689 ecclesiasticorum,
1721 4628 1776 4677 et
1829 4624 1898 4678 de

192 4721 593 4779 observatione
624 4725 679 4773 et
715 4716 1054 4787 poenitentia
1087 4714 1468 4784 singulorum.

262 4810 555 4882 Septimus
606 4809 749 4862 liber
805 4805 1060 4859 continet
1111 4804 1179 4857 de
1259 4802 1474 4855 incesta
1536 4797 1900 4870 copulatione

193 4896 732 4967 consanguinitatis,
777 4899 834 4948 et
871 4894 932 4946 in
981 4907 1095 4962 quo
1153 4890 1408 4960 geniaclo
1457 4888 1655 4942 ﬁdeles
1680 4892 1736 4941 et
1765 4903 1900 4940 con-

187 4987 364 5058 jungi
397 4991 455 5040 et
510 4981 761 5054 separari
818 4981 1084 5046 debeant,
1121 4983 1178 5032 et
1227 4978 1296 5032 de
1345 4975 1707 5031 revocatione
1747 4979 1804 5028 et
1831 4975 1900 5028 de

196 5073 541 5145 poenitentia
581 5071 960 5140 singulorum.

265 5163 509 5217 Octavus
535 5160 676 5213 liber
727 5159 980 5212 continet
1014 5155 1082 5209 de
1115 5153 1249 5207 viris
1297 5157 1354 5207 et
1401 5150 1631 5206 feminis
1662 5151 1775 5204 Deo
1811 5149 1898 5203 di-

198 5250 362 5315 catis,
397 5251 452 5302 et
481 5262 703 5301 sacrum
734 5244 1094 5315 propositum
1145 5239 1698 5310 transgredientibus
1749 5240 1804 5290 et
1833 5237 1902 5290 de

200 5337 565 5393 revocatione
597 5339 654 5388 et
683 5331 1019 5404 poenitentia
1043 5345 1265 5384 eorum.

278 5428 474 5481 Nonus
505 5424 645 5478 liber
701 5421 957 5476 continet
983 5420 1053 5474 de
1111 5416 1430 5488 virginibus
1478 5419 1534 5468 et
1570 5413 1754 5466 viduis
1787 5428 1904 5466 non

204 5513 431 5579 velatis,
510 5513 579 5566 de
635 5509 961 5580 raptoribus
1026 5521 1245 5571 earum,
1301 5509 1356 5558 et
1414 5503 1482 5557 de
1546 5500 1905 5571 separatione

206 5619 443 5668 eorum;
475 5601 543 5656 de
576 5599 979 5670 conjunctione
1037 5595 1427 5666 legitimorum
1458 5589 1906 5657 connubiorum,

2001 583 2380 652 singulorum.

2075 671 2335 724 Decimus
2389 670 2533 723 liber
2573 671 2826 725 continet
2869 673 2939 726 de
2983 671 3452 734 incantatoribus,
3482 673 3550 726 de
3590 690 3693 727 au-

2001 760 2259 828 guribus,
2286 759 2354 812 de
2409 759 2638 826 divinis,
2684 760 2752 813 de
2793 760 3116 828 sortilegiis,
3159 763 3213 812 et
3261 760 3329 813 de
3360 761 3528 814 variis
3557 763 3694 815 illu-

2000 847 2254 900 sionibus
2284 846 2516 912 diaboli,
2549 853 2601 900 et
2630 848 2697 900 de
2721 848 3030 913 maledicis,
3081 851 3135 899 et
3175 847 3244 901 de
3301 849 3692 914 contentiosis,

2001 939 2058 987 et
2088 934 2156 988 de
2187 935 2694 1003 conspiratoribus,
2733 939 2789 987 et
2830 935 2898 988 de
2940 933 3279 1004 paenitentia
3309 936 3691 1006 singulorum.

2073 1022 2412 1074 Undecimus
2442 1022 2588 1074 liber
2615 1022 2872 1075 continet
2901 1023 2969 1076 de
3019 1024 3579 1079 excommunicandis
3640 1032 3698 1079 et

2002 1109 2525 1176 excommunicatis,
2577 1110 2645 1162 de
2679 1110 2902 1162 furibus
2952 1116 3008 1163 et
3047 1112 3116 1165 de
3167 1112 3692 1182 depraadatoribus;

2001 1197 2071 1250 de
2116 1198 2580 1266 praesumptione,
2635 1202 2690 1250 et
2734 1204 3092 1268 contemptu,
3126 1205 3182 1253 et
3226 1201 3596 1271 negligentia,
3643 1207 3698 1253 et

2001 1285 2460 1339 reconciliatione
2492 1289 2548 1338 et
2585 1285 2924 1354 paenitentia
2955 1303 3172 1339 eorum.

2073 1372 2451 1426 Duodecimus
2498 1373 2642 1426 liber
2685 1374 2941 1427 continet
2987 1375 3056 1428 de
3101 1375 3353 1445 perjurio
3385 1381 3441 1430 et
3480 1378 3547 1430 de
3576 1394 3698 1448 pae-

2001 1461 2244 1514 nitentia
2280 1462 2421 1530 ejus.

2072 1548 2294 1600 Tertius
2337 1547 2591 1601 decimus
2645 1548 2790 1600 liber
2837 1548 3088 1602 continet
3117 1549 3184 1602 de
3240 1551 3606 1604 veneratione
3644 1557 3699 1604 et

2001 1635 2393 1689 observatione
2438 1635 2581 1688 sacri
2619 1636 2734 1705 jeju
2747 1635 2844 1689 nii.

2071 1724 2317 1787 Quartus
2375 1724 2628 1777 decimus
2704 1725 2850 1776 liber
2920 1725 3172 1778 continet
3231 1726 3299 1779 de
3357 1727 3590 1795 crapula
3643 1732 3700 1779 et

2005 1812 2299 1875 ebrietate,
2331 1815 2387 1864 et
2413 1812 2480 1864 de
2512 1812 2849 1880 paenitentia
2876 1829 3094 1866 eorum.

2074 1899 2313 1961 Quintus
2351 1900 2605 1952 decimus
2633 1900 2778 1953 liber
2815 1901 3071 1954 continet
3121 1901 3191 1954 de
3233 1901 3695 1971 imperatoribus,

2006 1987 2076 2040 de
2113 1986 2468 2056 principibus
2499 1992 2554 2040 et
2584 1987 2652 2040 de
2701 1987 2937 2057 reliquis
2967 1989 3141 2055 laicis,
3184 1993 3238 2042 et
3268 1989 3336 2042 de
3377 1989 3698 2042 ministerio

2006 2089 2226 2127 eorum.

2077 2160 2274 2213 Sextus
2322 2160 2574 2214 decimus
2628 2160 2772 2214 liber
2821 2162 3078 2215 continet
3130 2163 3197 2216 de
3255 2164 3698 2230 accusatoribus,

2006 2246 2076 2299 de
2128 2247 2438 2316 judicibus,
2500 2249 2569 2302 de
2639 2249 3053 2314 defensoribus,
3107 2250 3175 2303 de
3225 2249 3379 2303 falsis
3440 2251 3697 2321 testibus,

2005 2338 2062 2387 et
2090 2335 2158 2387 de
2190 2336 2525 2404 poenitentia
2565 2337 2944 2406 singulorum.

2079 2423 2365 2492 Septimus
2410 2425 2664 2477 decimus
2714 2424 2857 2478 liber
2887 2425 3142 2478 continet
3203 2425 3272 2479 de
3323 2426 3701 2483 fornicatione

2006 2519 2058 2563 et
2089 2510 2308 2564 incestu
2342 2511 2546 2564 diversi
2569 2512 2817 2581 generis,
2851 2519 2908 2566 et
2938 2513 3006 2567 de
3023 2514 3363 2583 poenitentia
3394 2514 3696 2586 utriusque

2007 2615 2173 2651 sexus
2202 2604 2259 2650 et
2298 2599 2534 2651 diversae
2574 2599 2774 2652 aetatis.

2081 2704 2323 2758 Octavus
2369 2704 2625 2757 decimus
2672 2703 2819 2757 liber
2875 2704 3128 2758 continet
3157 2706 3224 2758 de
3263 2705 3602 2773 visitatione,
3646 2715 3704 2763 et

2008 2791 2366 2862 paenitentia,
2408 2796 2464 2844 et
2499 2793 2964 2846 reconciliatione
2994 2792 3379 2848 inﬁrmorum.

2083 2899 2278 2951 Nonus
2307 2897 2560 2951 decimus
2604 2898 2750 2950 liber
2798 2898 2896 2967 qui
2946 2900 3219 2954 Corrector
3267 2904 3514 2966 vocatur,
3563 2918 3703 2954 con-

2007 2985 2151 3040 tinet
2223 2985 2599 3039 correctiones
2667 3001 2971 3055 corporum
3032 2991 3088 3040 et
3147 2987 3467 3040 animarum
3521 2990 3705 3042 medi-

2009 3075 2184 3135 cinas,
2241 3078 2293 3126 et
2352 3073 2518 3127 docet
2570 3089 3043 3143 unumquemque
3100 3076 3476 3144 sacerdotem,
3527 3078 3704 3132 etiam

2007 3161 2346 3231 simplicem,
2387 3161 2674 3230 quomodo
2722 3162 2810 3213 vel
2855 3161 3099 3230 qualiter
3125 3162 3433 3232 uniquicue
3473 3180 3704 3219 succur-

2007 3265 2130 3303 rere
2169 3249 2372 3315 valeat,
2443 3249 2707 3302 ordinato
2749 3248 2834 3301 vel
2866 3248 2989 3301 sine
3041 3249 3265 3314 ordine,
3325 3252 3589 3320 pauperi,
3626 3254 3709 3307 di-

2009 3336 2130 3399 viti,
2161 3352 2361 3406 puero,
2392 3336 2611 3405 juveni,
2641 3336 2783 3402 seni,
2819 3337 3127 3407 decrepito,
3171 3353 3333 3404 sano,
3365 3337 3619 3408 infirmo,
3649 3343 3707 3396 in

2015 3425 2174 3478 omni
2203 3430 2386 3490 aetate,
2422 3427 2480 3478 in
2511 3431 2756 3495 utroque
2782 3441 2938 3478 sexu.

2085 3530 2398 3583 Vicesimus
2444 3531 2587 3584 liber
2661 3531 3097 3598 Speculationum
3149 3534 3400 3592 vocatur,
3447 3535 3705 3602 specula-

2006 3623 2098 3671 tur
2120 3618 2271 3670 enim
2303 3618 2371 3671 de
2407 3618 2770 3672 Providentia
2791 3623 2845 3671 et
2875 3618 2943 3671 de
2966 3617 3464 3688 prmdestinatione
3487 3621 3701 3689 divina,

2007 3712 2063 3759 et
2085 3706 2155 3760 de
2184 3705 2431 3759 adventu
2454 3705 2806 3772 Antichristi,
2837 3706 2905 3760 de
2949 3707 3070 3775 ejus
3111 3705 3401 3775 operibus,
3421 3708 3489 3762 de
3523 3726 3708 3764 resur-

2005 3794 2277 3858 rectione,
2347 3793 2416 3846 de
2487 3794 2576 3846 die
2630 3792 2853 3862 judicii,
2921 3793 2990 3847 de
3040 3793 3418 3847 infernalibus
3499 3800 3704 3865 poenis,

2006 3888 2062 3937 et
2092 3883 2159 3936 de
2190 3880 2456 3935 felicitate
2487 3886 2778 3951 perpetuae
2808 3881 2958 3934 vitae.

2079 3971 2206 4024 Haec
2233 3985 2460 4022 summa
2489 3968 2767 4022 librorum
2791 3968 3016 4038 viginti,
3048 3984 3190 4038 quos
3231 3967 3487 4023 continet
3514 3973 3706 4026 Decre-

2009 4064 2120 4113 tum
2152 4058 2465 4112 Burchardi
2506 4057 2935 4111 Wormatiensis
2966 4056 3238 4128 episcopi.

2079 4166 2222 4233 Opus
2285 4167 2623 4218 Decretorum
2686 4164 2994 4218 Burchardi
3045 4164 3262 4217 editum
3311 4167 3398 4218 est
3453 4145 3705 4233 primum

2010 4252 2260 4317 Parisiis,
2294 4267 2442 4306 anno
2478 4253 2634 4319 1499,
2669 4257 2726 4305 et
2778 4252 2988 4306 iterum
3041 4251 3291 4306 Coloniae
3348 4253 3704 4322 Agrippinae,

2011 4356 2159 4393 anno
2196 4340 2353 4405 1548,
2378 4338 2550 4405 in-8°,
2585 4339 2833 4410 denique
2876 4339 3123 4401 Parisiis,
3170 4355 3319 4392 anno
3355 4341 3508 4395 1549.
3546 4341 3708 4395 Com-

2010 4428 2258 4499 portavit
2309 4428 2670 4482 Burchardus
2718 4427 2778 4480 in
2827 4430 3191 4484 Collectionem
3242 4427 3390 4482 hanc
3428 4429 3611 4483 multa
3640 4446 3706 4483 ex

2011 4516 2228 4570 Isidoro
2293 4515 2595 4568 Mercatore
2666 4530 2765 4568 seu
2826 4515 3209 4568 Decretalibus
3266 4515 3390 4584 ejus
3455 4517 3706 4586 epistolis

2010 4603 2337 4673 suppositis.
2373 4602 2674 4672 Specimen
2704 4602 3053 4656 exhibebunt
3083 4603 3384 4671 sequentia
3421 4605 3702 4674 exempla,

2013 4707 2140 4760 quae
2192 4690 2540 4745 clarissimus
2588 4690 2674 4742 vir
2722 4689 2893 4743 David
2943 4690 3271 4743 Blondellus
3325 4690 3380 4743 in
3434 4692 3704 4763 Prolego-

2011 4779 2193 4832 menis
2241 4777 2690 4833 Pseudo-Isidori
2742 4783 2792 4830 et
2845 4780 3106 4832 Τωγὶαηὶ
3154 4779 3532 4847 vapulantium
3577 4797 3702 4850 cap.

2015 4870 2078 4920 18
2110 4871 2368 4920 accurate
2408 4865 2654 4934 collegit.

2087 4994 2106 5018 α
2191 4971 2441 5025 Assumit
2509 4970 2685 5039 igitur
2743 4986 2810 5022 ex
2861 4970 3377 5025 Pseudo-Clementis
3433 4975 3590 5040 epist.
3656 4978 3706 5043 1,

2011 5060 2156 5113 libro
2189 5077 2226 5124 ι,
2256 5075 2357 5128 cap
2416 5060 2534 5123 124,
2597 5060 2712 5123 125,
2751 5061 3017 5123 126,127,
3066 5061 3183 5124 133,
3222 5062 3317 5113 137
3351 5065 3406 5112 et
3445 5063 3572 5126 155;
3603 5062 3702 5117 lib.

2013 5165 2069 5214 ιι,
2104 5163 2207 5217 cap
2234 5149 2331 5210 94;
2359 5146 2456 5199 lib.
2477 5162 2552 5210 vi,
2573 5161 2695 5215 cap.
2731 5148 2832 5211 28;
2857 5145 2953 5199 lib.
2978 5161 3090 5214 xiv,
3112 5161 3234 5215 cap.
3274 5149 3355 5200 16.
3390 5150 3475 5201 Em
3503 5151 3708 5217 episto-

2013 5237 2067 5288 la
2119 5239 2173 5299 2,
2231 5234 2328 5287 lib.
2383 5250 2462 5299 ιιι,
2518 5249 2640 5303 cap.
2690 5235 2824 5298 216;
2872 5233 2969 5286 lib.
3002 5249 3057 5298 ν,
3108 5249 3227 5303 cap.
3265 5237 3318 5287 11
3386 5240 3441 5288 et
3490 5237 3573 5290 14.
3622 5240 3707 5291 Ex

2013 5323 2242 5392 epistola
2288 5326 2340 5385 3,
2371 5321 2472 5374 lib.
2529 5338 2588 5385 ιι,
2650 5338 2772 5390 cap.
2808 5323 2902 5383 95;
2936 5321 3029 5374 lib.
3074 5335 3155 5387 ιιι,
3190 5338 3312 5392 cap.
3369 5325 3464 5390 59;
3498 5325 3596 5379 lib.
3631 5342 3703 5394 ιν,

2015 5427 2138 5480 cap.
2193 5413 2277 5464 15.
2310 5440 2378 5449 —
2407 5411 2494 5463 Ea:
2548 5409 3037 5463 Pseudo-Anacleti
3083 5413 3270 5478 prima
3318 5411 3414 5467 lib.
3449 5429 3489 5481 ι,
3521 5429 3644 5484 cap.
3674 5416 3708 5468 4

2016 5504 2074 5554 et
2102 5501 2198 5565 59;
2232 5497 2330 5552 lib.
2360 5514 2423 5557 ιι.
2457 5513 2578 5567 cap.
2620 5497 2746 5562 154;
2793 5497 2891 5551 lib.
2929 5513 3009 5563 ιιι,
3062 5514 3185 5568 cap.
3218 5503 3308 5566 71,
3355 5504 3451 5566 77;
3492 5501 3591 5556 lib.
3627 5519 3704 5567 x1,

2016 5603 2140 5656 cap.
2205 5590 2284 5641 18.
2341 5589 2428 5642 Ea:
2458 5587 2685 5654 cpistola
2740 5585 2973 5641 secunda
3025 5585 3123 5642 lib.
3186 5604 3222 5653 ι,
3279 5603 3399 5659 cap.
3462 5593 3480 5642 1
3528 5593 3702 5658 et15;
