4016 6202
121 297 209 349 497
1070 291 1425 350 ΡΒΟΟΞᾺΙΙΑ.
1478 322 1544 333 --
1586 294 1678 349 DE
1700 294 1805 349 ‘CO

1996 296 2193 354 I‘IONE
2239 303 2669 365 BURCHARDI.

3539 316 3646 370 498

1996 459 3605 490 ________________________

606 643 802 747 DE
911 640 2054 747 COLLECTIONE
2176 651 3127 761 BURCHARDI

1429 844 1742 901 EPISCOPI
1783 846 2324 910 WORMATIENSIS

117 1046 317 1135 Hujus
365 1067 509 1111 mos
547 1040 943 1110 inscribendi
985 1038 1295 1130 synodis,
1333 1040 1783 1130 pontiﬁcibus,
1826 1040 1933 1108 vel
1968 1046 2285 1115 Patribus
2320 1051 2672 1119 sententias
2700 1054 3148 1141 quorumdam
3174 1056 3637 1145 posteriorum

410 1149 826 1239 scriptorum,
857 1146 1339 1214 Pcenitentialc
1375 1147 1827 1215 Ecclesiarum
1861 1150 2245 1221 Germania
2275 1154 2360 1219 ab
2401 1156 2539 1245 zpso
2570 1172 2907 1249 receptum
2932 1173 2995 1226 et
3020 1172 3317 1228 auctum.

176 1330 271 1397 (Ex
298 1327 705 1382 Dissertatione
738 1327 839 1381 FF.
886 1323 1347 1379 Balleriniorum
1380 1329 1453 1380 De
1481 1328 1725 1396 antiquis
1753 1327 1979 1393 collect.,
2015 1328 2167 1399 Opp.
2202 1330 2257 1385 8.
2294 1332 2496 1386 Leonis
2541 1334 2730 1406 Magni
2758 1339 2899 1389 tom.
2936 1338 3031 1398 IIl,
3080 1354 3178 1392 seu
3217 1340 3557 1409 Patrologiz,

1566 1421 1704 1469 tom.
1741 1415 1872 1482 LVI,
1904 1416 2013 1469 col.
2050 1419 2196 1489 320.)

180 1750 225 1801 l.
280 1743 657 1808 Burchardus,
700 1742 882 1813 patria
933 1742 1154 1808 Hassus,
1204 1757 1332 1796 non
1372 1744 1710 1810 monachus,
1758 1748 1822 1798 ut
1846 1752 1892 1804 Α
1930 1744 2206 1811 inserere,
2239 1745 2299 1799 in
2326 1746 2475 1801 calce
2506 1762 2708 1801 omnes
2756 1747 3020 1818 subjecit.
3051 1750 3301 1803 Joannes
3334 1749 3632 1805 Molinaaus

114 1835 295 1905 plures
344 1832 733 1899 crediderunt,
781 1830 877 1883 sed
908 1829 1219 1882 canonicus
1264 1834 1322 1884 et
1360 1830 1693 1898 capellanus
1724 1847 1815 1885 re-

116 1920 230 1990 gius
279 1919 409 1985 fuit,
460 1935 523 1972 ac
574 1923 772 1989 postea
818 1917 886 1971 ad
950 1918 1437 1971 Wormatiensem
1489 1919 1816 1974 cathedram

115 2013 410 2077 promotus
438 2014 568 2060 ante
593 2022 809 2060 annum
839 2008 996 2071 1062,
1023 2005 1288 2060 eamdem
1311 2006 1507 2060 tenuit
1534 2022 1715 2078 usque
1742 2007 1813 2060 ad

116 2112 324 2150 annum
374 2099 525 2158 l025,
581 2111 696 2167 quo
726 2111 757 2148 e
796 2094 940 2148 vivis
979 2094 1219 2149 excessit
1256 2111 1361 2149 xm
1394 2096 1519 2150 Kal.
1557 2096 1817 2166 Septem-

115 2183 239 2238 bris.
276 2185 428 2239 Dum
458 2190 648 2237 aulem
683 2188 805 2236 erat
832 2182 1157 2252 episcopus,
1204 2183 1613 2237 collectionem
1641 2199 1817 2237 cano-

112 2288 263 2336 num,
300 2273 565 2326 hortante
591 2272 906 2327 Brunicone
926 2271 1186 2325 Ecclesiae
1206 2272 1651 2327 Wormatiensis
1680 2288 1822 2343 prae-

112 2361 315 2431 posito,
343 2361 717 2415 concinnavit.
749 2359 1074 2430 Stephanus
1097 2360 1363 2413 Baluzius
1394 2361 1454 2415 in
1479 2360 1820 2431 praefatione

112 2450 175 2503 ad
205 2449 449 2504 Antonii
478 2448 778 2520 Augustini
818 2449 997 2503 libros
1027 2448 1099 2502 de
1150 2448 1567 2503 Emendatione
1598 2448 1819 2503 Gratia-

114 2538 222 2607 ni§
274 2540 370 2603 t8,
414 2536 820 2591 animadvertit
865 2552 1067 2590 verum
1108 2535 1281 2605 hujus
1327 2537 1687 2591 collectionis
1716 2553 1815 2589 au-

112 2633 326 2680 ctorem
377 2625 683 2680 dicendum
731 2641 852 2679 esse
899 2623 1093 2694 potius
1137 2623 1433 2679 Olbertum
1465 2625 1817 2679 monachum

112 2714 473 2780 Lobiensem,
529 2718 585 2767 et
629 2718 824 2783 postea
866 2712 1135 2766 abbatem
1170 2711 1659 2778 Gemblacensem,
1710 2728 1816 2781 quo

109 2803 352 2857 dictante
384 2808 435 2857 et
461 2805 817 2869 magistrantc
856 2800 1222 2855 Burchardus
1270 2816 1527 2868 magnum
1556 2802 1697 2855 illud
1721 2816 1814 2854 ca-

108 2908 306 2946 nonum
353 2893 597 2946 volumen
646 2892 1029 2955 centonizacit,
1066 2888 1113 2941 si
1159 2904 1290 2941 vera
1336 2889 1458 2941 haec
1504 2893 1640 2943 sunt
1686 2905 1815 2959 quae

112 2980 385 3050 leguntur
416 2979 473 3033 in
498 2979 644 3033 libro
691 2979 757 3033 de
808 2979 983 3035 Gestis
1028 2977 1289 3031 abbatum
1329 2977 1810 3033 Gemblacensium.

112 3069 324 3121 Verum
365 3083 431 3120 ex
461 3082 594 3120 mss.
646 3065 1151 3122 Gemblacensibus
1197 3068 1367 3134 atque
1408 3064 1815 3119 Leodiensibus

113 3172 230 3209 rem
281 3156 449 3209 aliter
495 3160 688 3209 narrat
749 3154 1203 3208 Bartholommus
1249 3154 1409 3207 Fisen
1461 3152 1521 3207 in
1571 3152 1815 3209 Floribus

112 3246 361 3299 Ecclesia:
383 3243 711 3310 Leodtensis,
762 3258 893 3313 pag.
929 3244 1053 3297 328.
1106 3242 1247 3295 Cum
1279 3257 1413 3294 vero
1454 3242 1812 3296 Burchardus

113 3332 346 3387 Olberto
394 3334 745 3402 praceptore
774 3334 831 3384 et
866 3328 1138 3384 familiari
1177 3344 1281 3382 suo
1327 3333 1603 3394 uteretur,
1647 3346 1810 3385 eum-

112 3420 243 3473 dem
289 3418 482 3488 operis
510 3419 835 3489 adjutorem
862 3417 1193 3472 adhibuisse
1226 3417 1423 3486 negari
1456 3433 1575 3471 non
1602 3422 1810 3488 potest.

113 3508 253 3562 Hinc
284 3507 615 3576 Sigebertus
636 3506 697 3560 in
729 3506 1013 3561 Chronico
1036 3505 1107 3559 ad
1129 3521 1341 3558 annum
1370 3507 1503 3560 1008
1526 3506 1812 3559 Burchar-

113 3596 275 3663 dum,
303 3594 667 3650 collaborante
692 3598 955 3662 magistro
983 3610 1081 3649 suo
1116 3594 1349 3662 Olberto,
1380 3597 1498 3648 viro
1525 3594 1814 3662 undequa-

110 3700 209 3752 que
256 3684 586 3749 doctissimo,
653 3698 910 3748 magnum
959 3685 1245 3737 Canonum
1278 3684 1524 3737 volumen
1576 3681 1813 3738 edidisse

108 3771 328 3825 scribit.
377 3775 737 3842 Anonymus,
781 3771 880 3841 qui
910 3776 1043 3841 post
1092 3770 1402 3825 Burchardi
1433 3770 1655 3825 obitum
1684 3773 1810 3840 ejus

106 3860 293 3913 Vitam
344 3859 579 3929 digessit
625 3858 867 3913 editioni
907 3858 1233 3914 Coloniensi
1275 3858 1569 3925 insertam,
1630 3857 1807 3913 alium

104 3947 363 4017 ejusdem
422 3947 612 4019 operis
688 3947 1011 4015 adjutorem
1088 3950 1520 4001 commemorat.
1608 3947 1808 4003 Eodem

108 4038 315 4104 quippe
360 4040 612 4104 tempore,
666 4034 873 4104 inquit,
922 4037 981 4089 in
1039 4036 1362 4089 Collectario
1422 4050 1802 4093 canonum.....

105 4138 213 4177 non
265 4122 531 4176 modicum
587 4122 876 4176 laborauit.
933 4124 1070 4177 Nam
1107 4125 1320 4178 domino
1372 4124 1633 4177 Walterio
1673 4123 1805 4193 Spi-

108 4213 258 4265 rensi
303 4212 548 4279 episcopo
591 4210 913 4278 adjuvante,
956 4216 1007 4265 et
1052 4213 1354 4265 Brunicone
1392 4216 1681 4280 praeposito
1714 4227 1803 4266 ea:-

112 4300 360 4353 hortante
388 4303 438 4352 et
483 4305 821 4367 suggerente,
867 4314 1093 4353 canones
1135 4301 1192 4352 in
1228 4313 1394 4351 unum
1423 4314 1617 4367 corpus
1648 4300 1805 4354 colle-
1841 4315 1881 4367 (3

109 4388 211 4452 git.
246 4387 458 4440 Notatu
488 4385 698 4456 dignus
717 4391 804 4439 est
828 4385 1032 4439 titulus
1056 4401 1069 4438 :
1097 4387 1471 4442 Collectarium
1504 4401 1766 4440 canonum
1795 4408 1809 4455 ;

112 4490 246 4528 nam
295 4473 670 4543 manuscripti
719 4472 941 4527 codices
988 4474 1149 4527 omni
1195 4473 1360 4527 titulo
1408 4479 1621 4527 carent.
1661 4476 1809 4530 Con-

113 4562 254 4616 cinit
301 4577 433 4615 vero
484 4577 614 4615 cum
654 4562 991 4632 prwfatione
1047 4561 1228 4632 ipsius
1287 4561 1591 4616 Burchardi
1640 4566 1810 4633 paulo

111 4654 241 4718 post
278 4648 650 4718 subjicienda,
686 4649 743 4702 in
775 4650 935 4719 cujus
967 4649 1080 4703 ﬁne
1121 4649 1169 4703 is
1210 4666 1372 4703 suam
1415 4650 1809 4705 collectionem

113 4739 495 4793 Collectartum
516 4741 693 4791 vocat.

199 4828 258 4879 '2.
318 4824 401 4879 Ad
444 4824 699 4879 Ecclesia:
769 4842 888 4879 suae
937 4826 1369 4881 Wormatiensis
1423 4843 1587 4880 usum
1657 4826 1807 4881 idem

111 4930 259 4983 opus
316 4929 375 4965 se
428 4912 732 4966 confecisse
795 4912 856 4966 in
908 4915 1106 4968 eadem
1164 4915 1503 4985 prmiatione
1550 4920 1807 4970 testatur.

112 5001 271 5055 Istud
304 5016 422 5054 non
468 5000 757 5069 inceptum
808 5008 938 5055 ante
996 5019 1211 5056 annum
1249 5006 1382 5058 l0l2
1420 5003 1707 5073 colligitur
1744 5021 1812 5057 ex

112 5090 262 5143 libro
292 5088 565 5153 secundo,
610 5104 659 5142 c.
694 5092 817 5154 227,
857 5089 953 5143 ubi
985 5107 1143 5144 suam
1175 5092 1476 5145 formatam
1509 5092 1807 5160 epistolam

118 5178 295 5231 refert
318 5177 388 5231 ad
426 5177 761 5231 Walterium
794 5177 1119 5249 Spirensem
1143 5180 1410 5249 scriptam
1434 5181 1633 5233 eodem
1660 5196 1810 5233 anno

116 5266 316 5319 Idibus
337 5264 539 5319 Martii.
584 5264 741 5319 Idem
776 5281 908 5320 vero
957 5283 1102 5336 opus
1126 5268 1247 5335 jam
1288 5269 1458 5321 fuisse
1500 5269 1809 5338 perfectum

114 5358 429 5423 antequam
456 5352 812 5408 Burchardus
842 5370 992 5408 anno
1024 5358 1157 5409 l023
1193 5356 1409 5425 synodo
1441 5356 1811 5425 Salangusta-

116 5442 301 5495 diensi
335 5442 651 5507 interesset,
706 5458 772 5494 ex
818 5458 886 5495 eo
930 5444 1327 5507 cognoscimus
1373 5444 1507 5514 quia
1554 5446 1807 5513 ejusdem

114 5530 324 5601 synodi
355 5546 602 5583 canones
648 5547 776 5584 cum
826 5530 883 5584 in
933 5531 1326 5586 collectionem
1371 5548 1487 5585 non
1534 5532 1810 5602 potuisset

1929 1832 1990 1886 in
2030 1831 2367 1902 praefatione
2414 1832 2487 1886 ad
2526 1832 2713 1887 Ivonis
2764 1834 3064 1887 Decretum
3098 1840 3298 1889 auctor
3332 1840 3418 1889 est
3448 1837 3634 1891 multa

1928 1920 1992 1974 in
2024 1920 2195 1974 editis
2227 1920 2539 1974 Burchardi
2577 1920 2740 1974 libris
2798 1921 3111 1976 desiderari
3164 1939 3293 1993 quae
3338 1923 3459 1993 ipse
3490 1924 3636 1979 vidit

1930 2008 1992 2063 in
2022 2008 2315 2063 veteribus
2343 2008 2624 2079 pleniora,
2648 2008 2745 2063 sed
2785 2025 2852 2063 ea
2882 2010 2942 2063 in
2964 2011 3263 2065 duodecim
3292 2011 3469 2066 libros
3499 2023 3633 2067 tan-

1928 2103 2054 2153 tum
2086 2096 2285 2163 divisa,
2308 2112 2555 2167 quorum
2584 2101 2744 2150 sexta
2772 2112 2903 2166 pars
2933 2102 3017 2151 est
3041 2098 3227 2151 editus
3255 2099 3422 2154 liber.
3464 2100 3628 2168 Hinc,

1930 2191 1995 2240 ut
2022 2183 2329 2251 credimus,
2360 2186 2607 2238 Joannes
2636 2184 2903 2238 Albertus
2935 2185 3223 2239 Fabricius
3261 2191 3398 2240 tom.
3431 2189 3496 2242 XI
3532 2189 3629 2242 Bi-

1928 2274 2233 2330 bliotheca:
2265 2274 2490 2333 Grecae.
2530 2287 2661 2342 pag.
2694 2274 2747 2338 8,
2785 2271 3065 2326 duodecim
3095 2278 3260 2327 tomos
3296 2273 3631 2329 decretorum

1930 2379 1963 2417 a
2012 2361 2336 2416 Burchardo
2389 2360 2656 2414 collectos
2710 2360 2900 2421 tradit,
2955 2359 3275 2431 additque:
3327 2362 3437 2415 Hoc
3492 2376 3630 2429 opus

1927 2453 2105 2521 ipsius
2128 2452 2398 2518 integrum
2424 2448 2650 2501 necdum
2670 2448 2841 2502 lucem
2863 2447 3027 2515 vidit,
3053 2448 3147 2502 sed
3178 2452 3391 2502 tantum
3440 2464 3629 2502 excer-

1928 2546 2027 2610 pta
2054 2554 2122 2594 ea:
2147 2538 2240 2592 illo
2269 2537 2451 2591 divisa
2475 2537 2534 2589 in
2581 2536 2751 2589 libros
2796 2537 2885 2589 20.
2925 2538 2998 2589 At
3037 2552 3152 2590 non
3205 2536 3390 2590 solum
3424 2537 3625 2604 codex,

1929 2644 1994 2682 ex
2015 2642 2129 2698 quo
2160 2625 2332 2679 editio
2380 2623 2613 2695 prodiit,
2646 2622 2821 2677 libros
2870 2626 2937 2677 20
2982 2624 3308 2679 Burchardo
3341 2623 3626 2690 inscribit,

1928 2730 2125 2768 verum
2183 2712 2356 2766 etiam
2398 2712 2499 2765 illa
2546 2727 2778 2783 quoque
2825 2711 3213 2766 vetustissima
3273 2713 3628 2783 exemplaria

1929 2817 2058 2871 qua:
2089 2802 2290 2854 Petrus
2318 2800 2571 2854 Pithmus
2600 2804 3032 2854 commemorat.
3069 2801 3181 2854 Nos
3208 2800 3346 2855 item
3375 2808 3629 2871 quatuor

1927 2889 2185 2959 integros
2229 2887 2450 2942 codices
2497 2887 2765 2949 vidimus,
2815 2888 2960 2942 duos
3000 2886 3062 2941 in
3104 2888 3445 2942 bibliotheca
3476 2890 3631 2944 Vati-

1928 2994 2071 3031 cana
2095 2975 2351 3047 signatos
2381 2991 2539 3030 num.
2587 2977 2721 3031 l350
2754 2979 2811 3030 et
2847 2980 3000 3043 l355,
3037 2992 3214 3030 unum
3244 2976 3395 3047 apud
3428 2978 3624 3032 Patres

1934 3064 2328 3119 Benedictinos
2357 3061 2418 3117 in
2469 3064 2815 3118 monasterio
2868 3064 3311 3131 Padilironensi,
3342 3070 3399 3118 et
3442 3064 3623 3121 alium

1928 3152 2263 3208 Patavinum
2294 3151 2356 3205 in
2385 3151 2730 3206 bibliotheca
2760 3152 2815 3207 S.
2849 3151 3109 3219 Justinus,
3152 3152 3249 3223 qui
3288 3152 3527 3207 totidem
3551 3153 3619 3208 li-

1925 3242 2061 3296 bros
2089 3239 2277 3295 eidem
2311 3238 2637 3294 Burchardo
2668 3239 2972 3309 inscriptos
3006 3239 3297 3294 exhibent.
3330 3239 3622 3295 Addamus

1925 3334 1981 3384 et
2026 3328 2137 3383 alia
2181 3328 2296 3382 duo
2351 3327 2589 3399 antiqua
2634 3327 2905 3382 Vaticana
2952 3328 3302 3398 exemplaria
3373 3331 3509 3383 l356
3565 3337 3622 3385 et

1923 3418 2086 3487 4980,
2116 3431 2365 3487 quorum
2413 3417 2655 3470 alterum
2685 3416 2888 3487 incipit
2924 3432 2959 3469 a
2992 3416 3141 3471 libro
3171 3416 3437 3487 septimo,
3469 3418 3619 3472 alte-

1924 3521 2051 3559 rum
2082 3521 2116 3558 a
2147 3521 2324 3570 nono,
2375 3510 2431 3558 et
2478 3515 2784 3574 utrumque
2832 3505 3196 3576 prosequitur
3224 3520 3407 3575 usque
3438 3504 3507 3558 ad
3544 3505 3615 3560 li-

1922 3594 2089 3647 brum
2128 3609 2237 3657 xix,
2268 3591 2367 3663 qui
2395 3592 2469 3646 ob
2518 3593 2752 3647 mutilos
2799 3592 3021 3646 codices
3071 3592 3186 3647 fine
3244 3596 3415 3645 caret.
3472 3593 3616 3649 Cum

1922 3681 2335 3736 haeclibrorum
2374 3681 2548 3735 series
2573 3697 2638 3734 ac
2666 3696 2735 3734 ea
2763 3697 2892 3751 quae
2920 3680 2980 3734 in
3001 3680 3216 3736 eisdem
3247 3681 3616 3736 continentur

1920 3771 2120 3825 eadem
2152 3769 2269 3824 sint
2306 3768 2365 3823 in
2395 3770 2521 3823 aliis
2566 3768 2985 3838 exemplaribus
3012 3769 3273 3841 integris,
3316 3769 3435 3824 haec
3465 3786 3611 3840 quo-

1920 3874 2031 3929 que
2079 3858 2193 3913 duo
2237 3856 2586 3927 exemplaria
2635 3856 2902 3911 eumdem
2943 3856 3148 3927 viginti
3188 3858 3469 3911 librorum
3499 3873 3614 3912 nu-

1922 3962 2145 4001 merum
2190 3945 2550 4000 conﬁrmant.
2592 3944 2733 4000 Cum
2785 3960 2959 4016 porro
2993 3945 3138 4000 nulli
3184 3946 3459 4000 hactenus
3488 3947 3615 4002 noti

1918 4034 2137 4090 codices
2185 4033 2363 4088 ullam
2403 4033 2793 4088 collectionem
2844 4033 3155 4089 Burchardi
3194 4034 3428 4088 nomine
3463 4051 3611 4104 pra:-

1919 4128 2197 4189 notatam,
2230 4122 2290 4177 in
2322 4122 2621 4177 duodecim
2643 4127 2832 4193 partes
2862 4122 3227 4178 distributum
3256 4122 3611 4191 contineant,

1917 4228 2181 4267 veremur
2210 4227 2283 4266 ne
2309 4212 2557 4266 Joannes
2602 4210 2897 4295 Molinaeus
2936 4210 3385 4282 aaquivocatione
3416 4210 3611 4282 aliqua

1919 4301 2121 4356 ductus
2142 4301 2312 4354 aliam
2342 4300 2677 4371 ampliorem
2724 4315 3070 4370 anonymam
3112 4300 3511 4355 collectionem
3549 4301 3611 4356 iu

1920 4390 2159 4443 totidem
2188 4392 2381 4458 partes
2410 4387 2652 4443 divisam
2683 4387 2754 4441 ob
2795 4389 3227 4442 consonantiam
3260 4389 3318 4442 in
3349 4388 3611 4459 pluribus

1919 4493 2025 4548 pro
2096 4476 2518 4531 Burchardiano
2592 4492 2764 4546 opere
2823 4476 3245 4531 inadvertenter
3308 4477 3606 4548 acceperit.

1922 4567 2088 4620 Forte
2128 4565 2200 4619 ob
2249 4564 2442 4619 oculos
2479 4563 2682 4619 habuit
2710 4564 3102 4618 collectionem
3137 4565 3608 4620 Sorbonieo-Mu-

1920 4654 2203 4707 tinensem
2234 4653 2293 4706 in
2324 4659 2515 4723 partes
2560 4652 2859 4706 duodecim
2905 4653 3268 4721 distinctam,
3304 4670 3477 4724 quam
3519 4654 3611 4707 de-

1920 4741 2254 4812 scripsimus
2301 4742 2485 4812 capite
2533 4740 2807 4806 decimo;
2850 4740 3232 4813 deceptusque
3273 4760 3336 4795 ex
3386 4759 3451 4796 eo
3503 4742 3611 4797 fuit

1921 4830 2054 4899 quia
2077 4830 2225 4884 inter
2248 4830 2442 4883 titulos
2474 4828 2749 4882 librorum
2798 4830 3109 4884 Burchardi
3131 4849 3168 4895 ι,
3201 4848 3239 4884 ιι
3272 4837 3329 4882 et
3360 4848 3608 4901 sequen-

1919 4918 2093 4985 tibus,
2144 4934 2207 4971 ac
2253 4917 2449 4971 titulos
2497 4916 2754 4987 ejusdem
2800 4918 3149 4972 collectionis
3188 4918 3447 4987 prmﬁxos
3480 4936 3606 4985 par-

1920 5004 2071 5059 tibus
2120 5022 2157 5071 ι,
2220 5022 2278 5071 ιι,
2335 5021 2415 5071 ιιι,
2472 5021 2541 5067 iv,
2602 5020 2633 5057 v
2687 5011 2743 5059 et
2782 5022 2834 5070 ιι,
2900 5022 3123 5060 summa
3179 5006 3475 5059 consensio
3502 5012 3605 5062 est.

1921 5092 2084 5147 Certe
2113 5093 2368 5162 prmfatio
2394 5104 2521 5165 qua!
2549 5092 2607 5146 in
2636 5094 2770 5148 solis
2802 5110 2940 5149 mss.
2991 5097 3061 5147 2O
3099 5094 3273 5148 libros
3304 5097 3607 5164 pv-mfereu'

1919 5182 2070 5235 tibus
2098 5181 2408 5247 invenitur,
2442 5182 2825 5237 Burchardum
2857 5183 3027 5237 habet
3059 5190 3344 5236 auctorem
3380 5185 3607 5237 iisdem-

1920 5286 2031 5341 que
2062 5270 2221 5323 libris
2251 5270 2422 5325 ﬂdem
2451 5271 2601 5324 facit.
2636 5272 2695 5325 Id
2743 5278 2933 5324 autem
2985 5273 3163 5325 multo
3194 5273 3400 5324 clarius
3428 5274 3611 5327 elucet

1920 5376 1988 5413 ex
2034 5359 2217 5413 tribus
2260 5360 2571 5413 Burchardi
2616 5360 2904 5414 codicibus
2961 5362 3079 5413 Vat.
3135 5364 3290 5423 1355,
3341 5362 3609 5416 Patavino

1919 5446 1974 5502 8.
2006 5446 2264 5511 Justinus,
2298 5453 2355 5502 et
2384 5448 2824 5516 Padilironensi,
2865 5449 2919 5501 in
2954 5448 3163 5518 quibus
3194 5450 3313 5519 ipsa
3356 5451 3610 5520 prmfatio

1921 5534 1990 5587 ab
2024 5534 2192 5588 editis
2216 5534 2564 5605 discrepans,
2596 5539 2653 5588 et
2681 5534 2978 5603 sincerior,
3016 5541 3078 5589 ut
3109 5551 3238 5590 mox
3270 5536 3607 5604 videbimus,
