4016 6202
358 248 465 303 499

1374 242 1854 301 BURCHARDUS
1891 242 2428 302 WORMACIENSIS
2468 244 2862 301 EPISCOPUS.
3737 252 3827 305 500

360 387 534 444 quam
555 371 810 443 vulgata,
840 384 958 424 non
986 367 1173 423 solum
1220 367 1488 422 eumdem
1533 364 1739 435 viginti
1771 364 2050 419 librorum
2080 367 2127 419 A
2166 364 2389 435 nequit,
2422 363 2639 435 rogavi;
2666 379 2756 418 me
2789 363 3017 418 dilectio
3049 368 3168 430 tua,
3192 367 3258 418 ut
3286 364 3434 419 hunc
3464 364 3669 420 librum
3700 366 3818 422 bre-

362 475 673 515 numerum
704 473 965 529 expresse
1004 455 1307 527 approbat,
1359 471 1557 509 verum
1590 453 1765 508 etiam
1807 453 2064 523 ipsorum

361 549 558 603 titulos
606 547 850 601 insertos
892 545 1225 617 praferens,
1273 544 1376 598 bos
1426 547 1482 596 et
1526 558 1643 595 non
1677 541 1820 595 alios
1847 557 1879 594 a
1924 542 2065 596 Bur-

363 636 572 691 chardo
617 635 988 688 concinnatos
1028 637 1287 687 testatur.
1324 630 1587 685 Concinit
1634 629 1809 683 etiam
1841 645 2066 700 anony-

366 740 494 777 mus
535 723 645 792 ipsi
675 721 1001 778 Burchardo
1033 736 1274 785 coavus,
1310 718 1409 789 qui
1446 718 1505 771 in
1536 718 1658 788 ejus
1690 718 1815 771 Vita
1845 717 2059 771 tradit:

366 814 481 868 Hoc
514 827 639 866 vero
664 825 878 880 corpus,
908 811 1019 864 sive
1056 808 1443 862 Collecturium
1484 806 1763 871 distinxit,
1813 811 1864 860 et
1892 808 1951 859 in
1979 808 2064 860 vi-

368 902 511 968 ginti
538 900 701 954 libros
727 898 1033 952 distribuit.
1080 898 1278 951 Nonne
1309 895 1431 949 hac
1461 894 1594 954 duo,
1627 893 1804 947 coavi
1850 893 2067 947 scilicet

368 987 659 1058 scriptoris
693 992 749 1040 et
794 986 973 1056 ipsius
1022 984 1351 1051 Burchardi,
1385 983 1716 1037 testimonia
1761 982 2066 1037 duodecim

368 1076 648 1129 librorum
677 1073 1010 1143 opinionem
1042 1072 1417 1142 expungunt?

440 1165 492 1216 3.
563 1163 627 1215 In
674 1161 952 1231 Operibus
1010 1160 1237 1230 Georgii
1294 1158 1596 1214 Cassandri
1642 1176 1774 1229 pag.
1833 1159 1961 1213 1091
2011 1160 2068 1211 et

374 1252 529 1316 1098,
563 1253 708 1303 teste
758 1248 1033 1315 Fabricio,
1080 1249 1202 1302 hac
1248 1249 1553 1317 leguntur:
1588 1248 1751 1304 Nacti
1783 1249 1947 1299 etiam
1982 1261 2069 1299 su-

368 1352 486 1391 mus
534 1351 632 1390 ms.
693 1351 828 1405 opus
885 1336 1222 1401 Burchardi,
1278 1336 1421 1403 quod
1470 1336 1641 1389 obiter
1697 1339 1908 1387 tantum
1949 1349 2068 1387 cum

369 1428 632 1494 impresso
683 1426 915 1478 Parisiis
962 1439 1052 1476 an.
1122 1424 1257 1477 1549
1304 1424 1643 1487 contulimus,
1676 1426 1725 1475 et
1776 1422 2069 1490 deprehen-

372 1513 551 1566 dimus
604 1511 842 1579 epistola
884 1511 1134 1579 phrasim
1183 1514 1348 1562 totam
1399 1512 1761 1563 immutatam.
1815 1507 2068 1578 Idipsum

372 1608 426 1654 et
451 1614 555 1653 nos
582 1598 1007 1652 observavimus
1042 1596 1101 1650 in
1159 1598 1344 1650 tribus
1377 1597 1620 1650 laudatis
1668 1596 1976 1662 codicibus,
2009 1594 2068 1648 in

374 1688 582 1758 quibus
615 1690 841 1741 tantum
895 1684 1295 1757 prafationem
1340 1686 1682 1739 invenimus.
1720 1685 1785 1738 In
1816 1684 1905 1738 his
1930 1700 2072 1753 pra-

376 1777 516 1831 fatio
544 1792 660 1830 non
719 1775 906 1828 solum
954 1774 1145 1828 verbis
1201 1775 1488 1844 discrepat
1515 1790 1548 1827 a
1595 1774 1845 1842 vulgata,
1874 1787 2074 1826 verum

375 1864 550 1920 etiam
576 1862 779 1917 ordine
806 1878 820 1915 :
853 1879 921 1916 ea
971 1862 1127 1915 enim
1157 1878 1287 1932 qua
1330 1862 1389 1915 in
1414 1861 1582 1915 editis
1622 1861 1689 1915 ad
1723 1858 2076 1931 prafationis

375 1957 586 2008 calcem
621 1953 691 2007 ab
724 1952 850 2005 aliis
881 1951 1098 2021 adjecta
1114 1951 1296 2005 videri
1335 1954 1597 2022 possunt,
1621 1950 1732 2020 ipsi
1755 1948 2078 2020 prafationi

378 2043 439 2097 in
468 2042 672 2096 iisdem
722 2056 858 2094 mss.
892 2040 971 2093 ita
999 2038 1354 2106 inseruntur,
1400 2044 1461 2093 ut
1492 2038 1814 2092 Burchardo
1846 2042 2077 2092 auctore

377 2131 587 2201 scripta
634 2129 807 2184 fuisse
863 2126 1326 2181 manifestissime
1379 2132 1615 2181 constet.
1673 2128 1886 2181 Horum
1922 2132 2077 2180 vete-

377 2235 509 2275 rum
539 2216 956 2287 exemplarium
997 2215 1326 2280 concordia,
1366 2232 1496 2269 cum
1528 2215 1735 2286 quibus
1765 2215 1904 2269 alios
1933 2230 2078 2285 quo-

379 2322 492 2378 que
524 2305 743 2360 codices
772 2304 872 2376 qui
922 2303 1263 2374 prafatione
1316 2319 1435 2357 non
1482 2308 1726 2365 careant,
1775 2302 2079 2357 convenire

379 2412 498 2450 non
548 2393 917 2464 ambigimus,
966 2393 1115 2446 hanc
1162 2407 1358 2445 veram
1405 2408 1527 2445 esse
1558 2391 1954 2461 prafationem
1980 2406 2081 2445 seu

383 2482 687 2552 epistolam
746 2479 1060 2536 Burchardi
1117 2479 1188 2533 ad
1230 2479 1610 2533 Bruniconem
1675 2480 1877 2534 suadet
1921 2497 1935 2545 ;
1993 2479 2083 2533 id-

383 2571 687 2640 ipsumque
721 2568 1025 2623 conﬁrmat
1053 2567 1179 2637 ipsa
1208 2567 1339 2638 styli
1370 2584 1434 2622 ac
1465 2572 1760 2638 syntaxeos
1785 2567 2080 2623 inconcin-

382 2657 554 2724 nitas,
591 2672 720 2727 qua
764 2655 847 2709 illi
903 2672 1023 2710 avo
1058 2654 1303 2708 maxime
1351 2655 1637 2725 congruit.
1680 2654 2082 2709 Prafationem

384 2749 576 2800 autem
627 2746 940 2815 vulgatam,
969 2760 1099 2798 cum
1149 2749 1267 2797 tam
1317 2750 1513 2814 aperte
1543 2761 1576 2797 a
1624 2743 1956 2797 memoratis
1985 2759 2081 2797 ve-

385 2833 553 2888 tustis
582 2848 725 2888 mss.
763 2832 1082 2897 dissentiat,
1119 2832 1361 2886 studiosi
1415 2832 1655 2901 alicujus
1704 2831 1960 2894 arbitrio,
1991 2831 2083 2885 cui

2174 453 2321 507 viter
2350 453 2672 519 collectum,
2709 467 2863 506 nunc
2893 452 3127 506 demum
3158 451 3351 522 pueris
3380 453 3701 507 discendum
3726 460 3832 511 tra-

2174 539 2398 594 derem:
2459 545 2524 593 ut
2565 540 2719 611 quod
2782 540 2965 594 nostri
3011 546 3408 611 cooperatores
3456 542 3515 595 in
3557 544 3835 597 maturiore

2174 633 2343 683 atate
2368 628 2543 699 positi
2580 629 2787 683 nostris
2815 628 3039 695 diebus,
3071 635 3129 683 et
3174 635 3601 684 antecessorum
3633 638 3834 687 nostro-

2175 733 2305 770 rum
2349 717 2618 772 tarditate
2665 718 3056 788 neglexerant,
3113 719 3286 771 modo
3335 723 3505 773 atate
3549 721 3761 785 teneris,
3790 727 3839 775 et

2175 804 2302 859 aliis
2325 805 2539 859 discere
2580 806 2902 859 volentibus
2922 806 3259 860 traderetur.
3292 807 3585 877 Siquidem
3614 813 3675 861 ut
3702 810 3839 879 prius

2174 892 2380 948 tierent
2434 893 2597 964 probi
2647 894 2935 963 discipuli,
2970 898 3096 964 post
3121 893 3374 963 plebium
3416 899 3473 948 et
3529 895 3768 960 doctores
3792 902 3842 949 et

2175 982 2473 1052 magistri;
2505 986 2562 1035 et
2611 986 2674 1035 ut
2700 982 3065 1051 perciperent
3093 982 3153 1035 in
3184 982 3394 1036 scholis
3425 983 3577 1053 quod
3606 985 3837 1053 quando-

2176 1086 2288 1140 que
2345 1069 2552 1124 docere
2608 1070 2886 1124 deberent
2940 1070 3047 1124 sibi
3107 1070 3457 1124 commissos.
3521 1071 3840 1127 Desiderium

2177 1164 2365 1225 tuum,
2390 1163 2444 1212 et
2472 1158 2694 1229 petitio,
2722 1158 2917 1226 frater,
2938 1159 3092 1229 justa
3128 1158 3273 1212 mihi
3308 1158 3558 1223 videtur,
3590 1164 3644 1212 et
3670 1160 3732 1213 de
3754 1175 3838 1213 vo-

2181 1249 2395 1300 luntate
2427 1246 2525 1300 tali
2578 1246 2789 1317 gratias
2832 1263 2959 1317 ago.
3021 1246 3203 1300 Etiam
3248 1251 3304 1300 et
3360 1246 3449 1300 illi
3502 1245 3836 1301 multimodas

2177 1335 2391 1405 gratias
2436 1335 2645 1402 refero,
2702 1335 2804 1405 qui
2860 1337 2912 1388 te
2943 1336 3115 1389 talem
3148 1335 3288 1388 mihi
3326 1335 3692 1403 prastiterat,
3727 1335 3837 1405 quia

2179 1439 2283 1493 pro
2320 1427 2468 1477 statu
2526 1423 2786 1476 Ecclesia
2831 1428 3040 1477 nostra
3077 1428 3132 1477 te
3179 1423 3403 1477 assidue
3444 1423 3736 1477 desudasse
3759 1439 3837 1477 eo-

2179 1526 2510 1581 gnoveram.
2587 1510 2693 1565 Sed
2726 1525 2730 1529 ‘
2760 1511 2914 1581 quod
2964 1516 3122 1565 tuam
3174 1511 3631 1565 exhortationem
3668 1512 3840 1580 sapius

2180 1598 2323 1653 mihi
2367 1599 2711 1652 inculcatam
2770 1598 2973 1652 tandiu
3029 1599 3385 1665 distuleram,
3446 1614 3592 1653 mea
3636 1599 3840 1670 ignavia;

2184 1688 2318 1741 nolo
2374 1691 2439 1741 ut
2492 1686 2771 1757 assignes,
2843 1687 2981 1757 quia
3030 1687 3249 1741 duabus
3302 1702 3370 1740 ex
3401 1687 3588 1741 causis
3641 1688 3839 1741 minime

2185 1776 2329 1831 mihi
2366 1775 2475 1830 hoc
2529 1777 2810 1847 attingere
2841 1777 3119 1830 licuerat:
3159 1775 3369 1830 scilicet
3430 1780 3662 1846 propter
3694 1776 3842 1829 varias

2187 1870 2243 1919 et
2267 1864 2621 1927 inevitabiles
2647 1863 3050 1918 ecclesiasticas
3088 1864 3479 1929 necessitates,
3534 1881 3657 1934 qua
3686 1864 3843 1934 quoti-

2189 1952 2280 2006 die
2312 1967 2470 2006 more
2500 1952 2778 2006 ﬂuctuum
2819 1957 3150 2022 emergunt;
3185 1956 3241 2005 et
3269 1952 3513 2022 insuper
3536 1967 3667 2005 cura
3710 1967 3842 2004 mun-

2187 2039 2427 2094 dialium
2458 2055 2654 2093 rerum
2687 2039 2759 2094 ad
2786 2039 3109 2109 imperialia
3150 2040 3424 2094 mandata
3453 2040 3846 2109 pertinentium,

2188 2143 2318 2198 qua
2365 2127 2650 2181 studentis
2706 2132 2763 2182 et
2810 2127 2881 2181 ad
2945 2127 3241 2198 superiora
3284 2128 3574 2182 tendentis
3628 2128 3846 2180 animum

2190 2215 2354 2269 valde
2385 2215 2746 2282 obtundunt;
2778 2215 2915 2286 quia
2944 2215 3169 2270 animus
3184 2216 3492 2286 cujusque,
3520 2216 3650 2270 dum
3674 2214 3843 2268 dividi-

2190 2306 2286 2357 tur
2330 2318 2434 2373 per
2488 2304 2674 2374 plura,
2721 2303 2909 2357 minor
2955 2303 3021 2357 fit
3077 2303 3146 2358 ad
3200 2303 3454 2374 singula.
3516 2305 3719 2357 Tamen
3763 2302 3851 2356 tuis

2192 2390 2399 2445 sanctis
2448 2390 2824 2461 petitionibus
2864 2391 3135 2447 obediens
3182 2391 3483 2462 synodalia
3527 2394 3789 2463 pracepta
3809 2396 3851 2444 et

2194 2484 2387 2533 sancta
2417 2483 2627 2533 statuta
2674 2483 2788 2533 tarn
2820 2496 2888 2533 ex
2944 2480 3241 2534 sententiis
3280 2484 3610 2534 sanctorum
3654 2481 3850 2533 Patrum

2193 2582 2369 2638 quam
2398 2583 2462 2620 ex
2520 2568 2857 2634 canonibus,
2891 2569 3006 2621 Deo
3041 2568 3336 2638 largiente,
3370 2569 3586 2638 collegi
3611 2574 3681 2633 et,
3711 2579 3853 2637 prout

2194 2655 2375 2726 potui,
2414 2671 2650 2726 corpore
2700 2656 2983 2710 connexui
3037 2656 3099 2709 in
3128 2672 3264 2722 uno,
3296 2661 3353 2710 et
3383 2656 3449 2710 in
3483 2657 3681 2727 viginti
3709 2656 3853 2709 libros

2194 2743 2348 2797 idem
2377 2758 2582 2812 corpus
2603 2743 2888 2797 distribui.
2916 2744 2982 2796 Et
3019 2744 3065 2797 si
3096 2744 3224 2814 quis
3274 2743 3526 2814 diligens
3583 2746 3747 2798 lector
3777 2758 3856 2796 eos

2199 2831 2484 2885 subtiliter
2508 2836 2896 2900 perscrutatus
2940 2831 3134 2898 fuerit,
3164 2832 3373 2885 multas
3406 2833 3678 2886 utilitates
3704 2831 3857 2886 nostri

385 2920 703 2991 elegantior
746 2921 926 2990 stylus
976 2919 1254 2989 placebat,
1313 2920 1485 2973 fuisse
1543 2924 1906 2974 immutatam
1938 2919 2086 2973 arbi-
2122 2920 2162 2974 ι]
2201 2919 2504 2973 ministerii
2532 2920 2594 2972 in
2624 2918 2998 2973 eisinveniet.

388 3016 628 3065 tramur.
663 3009 824 3061 Illam
844 3007 1078 3061 interim
1108 3008 1296 3077 qualis
1325 3008 1385 3061 in
1415 3009 1705 3063 codicibus
1744 3008 1954 3078 legitur
1993 3007 2088 3062 hic

390 3096 743 3152 exhibemus.

453 3186 507 3238 4.
545 3206 565 3232 ι
627 3182 991 3237 Burchardus
1044 3182 1164 3235 solo
1204 3183 1441 3236 nomine
1499 3182 1933 3237 Wormaciensis
1963 3182 2085 3252 epi-

390 3288 597 3341 scopus
627 3269 979 3324 Brunichoni
1009 3269 1163 3323 fideli
1191 3286 1317 3338 suo,
1352 3271 1611 3340 ejusdem
1648 3271 1912 3325 videlicet
1937 3271 2088 3325 sedis

391 3360 719 3433 praeposito,
752 3359 812 3412 in
845 3357 1068 3413 Christo
1102 3358 1343 3412 Domino
1370 3359 1632 3412 salutem.

464 3465 492 3499 α
526 3446 710 3502 Multis
735 3447 856 3517 jam
887 3461 1039 3513 sape
1090 3446 1293 3500 diebus
1345 3445 1704 3499 familiaritas
1762 3450 1878 3514 tua,
1911 3446 2088 3500 frater

393 3536 744 3603 charissime,
774 3548 1029 3605 praesens
1060 3535 1223 3589 nobis
1254 3535 1537 3588 hortando
1569 3535 1853 3605 suggessit
1882 3541 2089 3605 quate-

393 3641 500 3679 nus
544 3624 803 3677 libellum
836 3638 903 3676 ex
935 3621 1105 3674 variis
1148 3622 1495 3676 utilitatibus
1542 3622 1611 3676 ad
1654 3638 1799 3691 opus
1829 3638 2088 3693 compre-

390 3713 751 3783 sbyterorum
782 3714 1112 3765 nostrorum
1141 3714 1259 3762 tam
1308 3725 1377 3762 ex
1433 3709 1732 3763 sententiis
1764 3714 2088 3765 sanctorum

390 3803 624 3856 Patrum
658 3814 832 3869 quam
864 3814 928 3851 ex
955 3798 1291 3862 canonibus,
1317 3814 1417 3851 seu
1448 3814 1510 3851 ex
1529 3797 1769 3851 diversis
1796 3798 2088 3867 poeniten—

388 3887 623 3941 tialibus
654 3884 915 3955 vigilanti
944 3884 1378 3955 animocorpus
1410 3884 1471 3937 in
1500 3902 1679 3939 unum
1712 3886 2044 3955 colligerem
2070 3902 2083 3940 :

389 3976 462 4030 ob
493 3976 552 4030 id
601 3974 873 4039 maxime,
921 3972 1057 4043 quia
1085 3986 1372 4026 canonum
1412 3972 1543 4042 jura
1574 3979 1629 4027 et
1654 3973 1871 4042 judicia
1900 3974 2089 4044 poeni-

388 4064 636 4119 tentium
691 4062 753 4115 in
803 4065 997 4115 nostra
1040 4059 1269 4113 dioecesi
1330 4059 1411 4112 sic
1464 4064 1596 4113 sunt
1648 4059 1887 4115 confusa
1915 4066 2087 4131 atque

390 4152 611 4207 diversa
633 4155 689 4203 et
716 4148 949 4214 inculta,
994 4163 1058 4200 ac
1086 4147 1166 4201 sic
1195 4163 1262 4201 ex
1292 4151 1414 4200 toto
1454 4148 1730 4217 neglecta,
1763 4154 1819 4202 et
1848 4148 1998 4202 inter
2025 4165 2083 4202 se

387 4240 549 4293 valde
598 4234 996 4305 discrepantia,
1030 4239 1087 4288 et
1143 4251 1289 4305 pene
1342 4235 1941 4290 nullius—auctoritate
1967 4238 2082 4290 suf-

387 4328 552 4391 fulta,
586 4329 650 4378 ut
700 4328 942 4394 propter
983 4322 1396 4378 dissonantiam
1426 4322 1516 4377 vix
1546 4341 1578 4377 a
1628 4324 1819 4378 sciolis
1866 4324 2089 4394 possint

387 4412 651 4469 discerni.
698 4412 853 4466 Unde
883 4411 949 4465 fit
1001 4411 1347 4484 plerumque
1395 4417 1459 4465 ut
1505 4413 1963 4483 confugientibus
2014 4414 2086 4468 ad

385 4500 707 4556 remedium
737 4498 1109 4570 paenitentia,
1142 4504 1260 4554 tam
1299 4516 1403 4571 pro
1441 4500 1719 4555 librorum
1750 4502 2086 4557 confusione

388 4604 561 4665 quam
620 4588 791 4643 etiam
838 4589 1305 4659 presbyterorum
1358 4588 1707 4658 ignorantia,
1757 4590 2086 4645 nullatenus

385 4678 572 4732 valeat
620 4676 930 4732 subveniri.
992 4676 1105 4731 Cur
1162 4677 1326 4731 hoc?
1385 4676 1523 4730 Inde
1586 4680 1804 4730 astimo
1857 4677 2085 4732 evenire

386 4764 656 4831 maxime,
690 4763 825 4835 quia
854 4779 1182 4817 mensuram
1213 4762 1493 4833 temporis
1522 4766 1579 4816 et
1630 4762 1862 4817 modum
1893 4762 2086 4818 delicti

386 4854 449 4908 in
497 4852 717 4924 agenda
758 4851 1096 4923 panitentia
1134 4867 1251 4904 non
1299 4849 1434 4904 satis
1475 4853 1710 4918 attente,
1760 4853 1818 4903 et
1863 4854 2081 4920 aperte,

386 4946 444 4996 et
484 4940 734 5012 perfecte
776 4939 1086 5011 praefigunt
1134 4953 1382 4991 canones
1413 4953 1518 5007 pro
1572 4952 1922 5006 unoquoque
1969 4937 2084 4991 cri-

386 5029 565 5095 mine,
595 5035 660 5095 ut
704 5029 774 5083 de
822 5027 1061 5098 singulis
1116 5025 1309 5080 dicant
1348 5024 1598 5095 qualiter
1627 5026 2083 5096 unumquodque

386 5117 815 5173 emendandum
849 5117 951 5183 sit;
987 5115 1085 5169 sed
1144 5114 1327 5183 magis
1380 5113 1442 5167 in
1496 5112 1735 5167 arbitrio
1783 5115 2084 5168 sacerdotis

386 5205 758 5277 intelligentis
779 5203 1225 5276 relinquendum
1248 5206 1522 5256 statuunt.
1549 5201 1925 5273 Quapropter,
1947 5204 2083 5272 quia

384 5297 496 5351 hoc
525 5295 639 5350 nisi
667 5311 700 5349 a
756 5293 1110 5366 sapientibus
1151 5296 1207 5345 et
1256 5290 1399 5361 legis
1430 5289 1637 5345 divina
1689 5291 1927 5346 eruditis
1957 5291 2082 5345 fieri

2195 3008 2368 3063 Index
2415 3008 2487 3077 (t)
2539 3008 2876 3076 singulorum
2924 3008 3184 3062 librorum
3233 3009 3303 3062 D.
3365 3009 3673 3063 Burchardi
3724 3009 3857 3060 Wor-

2264 3098 2549 3150 maciensis
2579 3097 2835 3165 episcopi,
2867 3096 3095 3151 breviter
3144 3097 3281 3164 quid
3324 3112 3547 3165 quoque
3583 3098 3711 3151 libro
3752 3111 3853 3148 con-

2266 3186 2471 3237 tinetur
2498 3184 2796 3238 ostendens.

2297 3292 2325 3319 ‹‹
2354 3271 2579 3325 Primus
2608 3270 2748 3325 libes
2792 3260 3152 3325 continet‘de
3210 3274 3495 3341 potestate
3551 3277 3607 3325 et
3652 3271 3854 3341 primat-

2195 3358 2525 3427 apostolica
2556 3358 2726 3423 sedis,
2775 3358 3250 3427 patriarcharum,
3295 3365 3637 3413 caterorum
3676 3358 3851 3428 prima-

2196 3450 2319 3499 tum
2350 3446 2948 3515 metropolitanorum,
2991 3452 3048 3500 et
3100 3447 3170 3500 de
3201 3449 3419 3518 synodo
3449 3448 3787 3513 celebranda,
3813 3450 3855 3498 et

2196 3534 2495 3587 vocatione
2526 3534 2597 3587 ad
2652 3534 2972 3605 synodum;
3005 3534 3075 3587 de
3121 3535 3417 3601 accusatis,
3471 3541 3527 3589 et
3555 3532 3852 3589 accusatori-

2196 3621 2324 3686 bus,
2356 3627 2413 3675 et
2441 3621 2718 3688 testibus;
2754 3623 2823 3676 de
2851 3622 3177 3691 exspoliatis
3207 3622 3417 3691 injuste
3444 3640 3458 3687 ;
3489 3624 3559 3677 de
3595 3622 3851 3693 judicibus

2196 3725 2262 3763 ac
2309 3710 2379 3764 de
2434 3710 2592 3764 omni
2623 3710 2842 3763 honore
2871 3710 3237 3779 competenti,
3270 3727 3335 3764 ac
3384 3711 3683 3781 dignitate,
3710 3716 3759 3763 et
3781 3708 3848 3762 di-

2194 3813 2360 3851 verso
2392 3797 2644 3867 negotio,
2677 3802 2734 3853 et
2764 3798 3081 3851 ministerio
3112 3798 3537 3869 episc0porum.

2271 3906 2299 3935 «
2331 3885 2624 3940 Secundus
2669 3886 2815 3940 liber
2843 3885 3097 3939 continet
3140 3887 3209 3940 de
3250 3887 3590 3957 congruenti
3618 3885 3851 3957 dignitate

2197 3978 2254 4026 et
2291 3973 2515 4027 diversa
2546 3973 2926 4039 institutione,
2986 3989 3052 4027 ac
3085 3974 3461 4041 nutrimento,
3504 3976 3591 4029 vel
3621 3975 3850 4045 qualitate

2195 4060 2345 4129 vita,
2382 4068 2439 4116 et
2467 4062 2688 4116 diverso
2738 4061 2992 4133 negotio,
3034 4067 3092 4116 et
3146 4063 3468 4117 ministerio
3528 4064 3853 4133 presbyterm

2198 4164 2350 4215 rum,
2382 4154 2441 4204 et
2467 4150 2860 4219 diaconorum,
2893 4165 2993 4203 seu
3035 4150 3390 4221 reliquorum
3422 4152 3691 4207 ordinum
3719 4149 3853 4203 eccle

2198 4236 2576 4292 siasticorum.

2261 4341 2288 4376 α
2322 4325 2543 4378 Tertius
2589 4324 2738 4378 liber
2788 4323 3042 4378 continet
3084 4324 3154 4379 de
3203 4324 3534 4380 divinarum
3588 4325 3853 4380 domorum

2192 4410 2573 4476 institutione,
2635 4416 2691 4465 et
2735 4412 2916 4480 cultu,
2972 4417 3031 4466 et
3080 4413 3336 4479 honore;
3373 4413 3446 4468 de
3506 4413 3750 4476 decimis,
3812 4413 3855 4463 et

2193 4500 2597 4570 oblationibus,
2629 4504 2688 4555 et
2725 4499 2963 4572 justitiis
2995 4501 3383 4572 singulorum;
3419 4507 3477 4557 et
3507 4502 3607 4573 qui
3660 4498 3778 4556 libri
3808 4497 3853 4551 in

2192 4602 2351 4641 sacro
2410 4588 2678 4658 Catalogo
2729 4587 3115 4658 recipiantur,
3140 4589 3238 4660 qui
3276 4605 3409 4644 vero
3454 4588 3775 4661 apocryphi,
3802 4590 3845 4639 et

2195 4675 2427 4745 quando
2461 4676 2792 4745 apponendi
2820 4675 2955 4730 sint.

2267 4782 2297 4813 α
2327 4763 2573 4828 Quartus
2602 4763 2748 4819 liber
2793 4764 3047 4819 continet
3101 4770 3521 4820 sacramentum
3571 4765 3853 4836 baptisma-

2194 4840 2287 4920 tis,
2317 4856 2374 4906 et
2398 4852 2783 4907 ministerium
2810 4852 3311 4923 baptizandorum,
3343 4858 3402 4908 et
3450 4854 3851 4925 baptizatorum,

2192 4943 2248 4994 et
2277 4940 2820 5011 consignandorum,
2853 4946 2911 4995 et
2940 4942 3427 5013 consignatorum.

2265 5050 2288 5077 ε
2348 5028 2589 5093 Quintus
2633 5028 2777 5085 liber
2818 5030 3074 5084 continet
3111 5031 3181 5085 de
3230 5034 3587 5085 sacramento
3629 5024 3853 5098 corporis

2191 5119 2247 5169 et
2275 5117 2571 5187 sanguinis
2623 5117 2871 5185 Domini,
2903 5122 2960 5172 et
2988 5118 3059 5173 de
3106 5118 3488 5190 perceptione,
3523 5122 3581 5173 et
3622 5118 3855 5172 observa-

2189 5204 2347 5258 tione
2376 5221 2597 5259 eorum.

2262 5313 2289 5342 α
2323 5292 2519 5347 Sextus
2578 5293 2723 5348 liber
2777 5294 3034 5349 continet
3087 5295 3155 5350 de
3193 5294 3517 5349 homicidiis
3575 5296 3765 5365 sponte
3797 5292 3841 5341 et

457 5480 537 5551 (1)
572 5477 667 5531 Hic
692 5476 913 5542 titulus,
937 5477 1023 5530 vel
1052 5476 1252 5530 saltem
1284 5473 1593 5531 Burchardi
1630 5490 1864 5544 nomen,
1896 5475 2262 5531 librariorum
2294 5476 2533 5532 arbitrio
2564 5476 2841 5533 insertum
2863 5480 3109 5533 videtur.
