  <div class='ocr_page' id='page_1' title='image "/cluster/home/n/w/nwhite01/storage/ocr_20150623/140/hvd.32044054760004/256.png"; bbox 0 0 3960 6192; ppageno 0'>
   <div class='ocr_carea' id='block_1_1' title="bbox 128 176 2666 234">
    <p class='ocr_par' dir='ltr' id='par_1_1' title="bbox 128 176 2666 234">
     <span class='ocr_line' id='line_1_1' title="bbox 128 176 2666 234; baseline 0.002 -10"><span class='ocrx_word' id='word_1_1' title='bbox 128 178 217 228; x_wconf 68' lang='grc'>301</span> <span class='ocrx_word' id='word_1_2' title='bbox 1104 176 1448 230; x_wconf 75' lang='lat' dir='ltr'>PROtEMIA.</span> <span class='ocrx_word' id='word_1_3' title='bbox 1490 204 1560 216; x_wconf 90' lang='lat'>—</span> <span class='ocrx_word' id='word_1_4' title='bbox 1599 177 1686 230; x_wconf 86' lang='lat' dir='ltr'>DE</span> <span class='ocrx_word' id='word_1_5' title='bbox 1727 177 2198 233; x_wconf 77' lang='lat' dir='ltr'>GOLLECTIONE</span> <span class='ocrx_word' id='word_1_6' title='bbox 2245 178 2666 234; x_wconf 80' lang='lat' dir='ltr'>BURCHARDI.</span> 
     </span>
    </p>
   </div>
   <div class='ocr_carea' id='block_1_2' title="bbox 3533 188 3634 238">
    <p class='ocr_par' dir='ltr' id='par_1_2' title="bbox 3533 188 3634 238">
     <span class='ocr_line' id='line_1_2' title="bbox 3533 188 3634 238; baseline 0.03 -2"><span class='ocrx_word' id='word_1_7' title='bbox 3533 188 3634 238; x_wconf 65' lang='lat'>502</span> 
     </span>
    </p>
   </div>
   <div class='ocr_carea' id='block_1_3' title="bbox 125 292 3634 366">
    <p class='ocr_par' dir='ltr' id='par_1_3' title="bbox 125 292 3634 366">
     <span class='ocr_line' id='line_1_3' title="bbox 125 292 3634 366; baseline 0.002 -18"><span class='ocrx_word' id='word_1_8' title='bbox 125 311 237 349; x_wconf 91' lang='lat' dir='ltr'>non</span> <span class='ocrx_word' id='word_1_9' title='bbox 291 299 495 366; x_wconf 79' lang='lat' dir='ltr'>sponte</span> <span class='ocrx_word' id='word_1_10' title='bbox 529 292 867 358; x_wconf 86' lang='lat' dir='ltr'>commissis,</span> <span class='ocrx_word' id='word_1_11' title='bbox 917 296 972 346; x_wconf 90' lang='lat' dir='ltr'>et</span> <span class='ocrx_word' id='word_1_12' title='bbox 1016 293 1084 346; x_wconf 91' lang='lat' dir='ltr'>de</span> <span class='ocrx_word' id='word_1_13' title='bbox 1131 292 1470 362; x_wconf 81' lang='lat' dir='ltr'>parricidiis,</span> <span class='ocrx_word' id='word_1_14' title='bbox 1506 299 1561 347; x_wconf 92' lang='lat' dir='ltr'>et</span> <span class='ocrx_word' id='word_1_15' title='bbox 1592 295 1661 348; x_wconf 91' lang='lat' dir='ltr'>de</span> <span class='ocrx_word' id='word_1_16' title='bbox 1707 295 1819 349; x_wconf 87' lang='lat' dir='ltr'>fra-</span> <span class='ocrx_word' id='word_1_17' title='bbox 1855 299 1897 349; x_wconf 76' lang='grc' dir='ltr'><strong>Α</strong></span> <span class='ocrx_word' id='word_1_18' title='bbox 1937 295 2106 348; x_wconf 91' lang='lat' dir='ltr'>dulus</span> <span class='ocrx_word' id='word_1_19' title='bbox 2135 293 2255 364; x_wconf 85' lang='lat' dir='ltr'>qui,</span> <span class='ocrx_word' id='word_1_20' title='bbox 2288 299 2592 366; x_wconf 84' lang='lat' dir='ltr'>postquam</span> <span class='ocrx_word' id='word_1_21' title='bbox 2623 294 2772 350; x_wconf 81' lang='lat' dir='ltr'>istud</span> <span class='ocrx_word' id='word_1_22' title='bbox 2798 296 3024 362; x_wconf 88' lang='lat' dir='ltr'>viderit,</span> <span class='ocrx_word' id='word_1_23' title='bbox 3053 298 3195 352; x_wconf 91' lang='lat' dir='ltr'>mihi</span> <span class='ocrx_word' id='word_1_24' title='bbox 3227 299 3516 363; x_wconf 88' lang='lat' dir='ltr'>inviderit,</span> <span class='ocrx_word' id='word_1_25' title='bbox 3550 299 3634 354; x_wconf 82' lang='lat' dir='ltr'>di-</span> 
     </span>
    </p>
   </div>
   <div class='ocr_carea' id='block_1_4' title="bbox 125 381 1828 452">
    <p class='ocr_par' dir='ltr' id='par_1_4' title="bbox 125 381 1828 452">
     <span class='ocr_line' id='line_1_4' title="bbox 125 381 1828 452; baseline -0.001 -16"><span class='ocrx_word' id='word_1_26' title='bbox 125 383 388 448; x_wconf 85' lang='lat' dir='ltr'>tricidiis,</span> <span class='ocrx_word' id='word_1_27' title='bbox 422 388 478 436; x_wconf 92' lang='lat' dir='ltr'>et</span> <span class='ocrx_word' id='word_1_28' title='bbox 523 383 590 436; x_wconf 93' lang='lat' dir='ltr'>de</span> <span class='ocrx_word' id='word_1_29' title='bbox 617 382 730 435; x_wconf 88' lang='lat' dir='ltr'>illis</span> <span class='ocrx_word' id='word_1_30' title='bbox 761 382 858 452; x_wconf 89' lang='lat' dir='ltr'>qui</span> <span class='ocrx_word' id='word_1_31' title='bbox 889 397 1094 434; x_wconf 86' lang='lat' dir='ltr'>uxores</span> <span class='ocrx_word' id='word_1_32' title='bbox 1147 381 1450 451; x_wconf 86' lang='lat' dir='ltr'>legitimas,</span> <span class='ocrx_word' id='word_1_33' title='bbox 1485 387 1540 436; x_wconf 90' lang='lat' dir='ltr'>et</span> <span class='ocrx_word' id='word_1_34' title='bbox 1579 383 1828 436; x_wconf 84' lang='lat' dir='ltr'>seniores</span> 
     </span>
    </p>
   </div>
   <div class='ocr_carea' id='block_1_5' title="bbox 125 469 1824 538">
    <p class='ocr_par' dir='ltr' id='par_1_5' title="bbox 125 469 1824 538">
     <span class='ocr_line' id='line_1_5' title="bbox 125 469 1824 538; baseline 0 -13"><span class='ocrx_word' id='word_1_35' title='bbox 125 487 254 524; x_wconf 90' lang='lat' dir='ltr'>suos</span> <span class='ocrx_word' id='word_1_36' title='bbox 303 472 674 534; x_wconf 89' lang='lat' dir='ltr'>interﬁciunt,</span> <span class='ocrx_word' id='word_1_37' title='bbox 726 476 782 523; x_wconf 90' lang='lat' dir='ltr'>et</span> <span class='ocrx_word' id='word_1_38' title='bbox 835 471 903 523; x_wconf 92' lang='lat' dir='ltr'>de</span> <span class='ocrx_word' id='word_1_39' title='bbox 952 469 1233 523; x_wconf 86' lang='lat' dir='ltr'>occisione</span> <span class='ocrx_word' id='word_1_40' title='bbox 1289 470 1824 538; x_wconf 89' lang='lat' dir='ltr'>ecclesiasticorum,</span> 
     </span>
    </p>
   </div>
   <div class='ocr_carea' id='block_1_6' title="bbox 125 557 1682 628">
    <p class='ocr_par' dir='ltr' id='par_1_6' title="bbox 125 557 1682 628">
     <span class='ocr_line' id='line_1_6' title="bbox 125 557 1682 628; baseline 0 -15"><span class='ocrx_word' id='word_1_41' title='bbox 125 567 178 614; x_wconf 88' lang='lat' dir='ltr'>et</span> <span class='ocrx_word' id='word_1_42' title='bbox 207 561 278 613; x_wconf 90' lang='lat' dir='ltr'>de</span> <span class='ocrx_word' id='word_1_43' title='bbox 310 559 729 624; x_wconf 82' lang='lat' dir='ltr'>observatione,</span> <span class='ocrx_word' id='word_1_44' title='bbox 765 563 820 611; x_wconf 92' lang='lat' dir='ltr'>et</span> <span class='ocrx_word' id='word_1_45' title='bbox 849 557 917 611; x_wconf 91' lang='lat' dir='ltr'>de</span> <span class='ocrx_word' id='word_1_46' title='bbox 943 557 1276 626; x_wconf 62' lang='lat' dir='ltr'>paenitentia</span> <span class='ocrx_word' id='word_1_47' title='bbox 1305 557 1682 628; x_wconf 88' lang='lat' dir='ltr'>singulorum.</span> 
     </span>
    </p>
   </div>
   <div class='ocr_carea' id='block_1_7' title="bbox 196 645 1828 719">
    <p class='ocr_par' dir='ltr' id='par_1_7' title="bbox 196 645 1828 719">
     <span class='ocr_line' id='line_1_7' title="bbox 196 645 1828 719; baseline 0.001 -21"><span class='ocrx_word' id='word_1_48' title='bbox 196 669 222 698; x_wconf 81' lang='grc' dir='ltr'>ιι</span> <span class='ocrx_word' id='word_1_49' title='bbox 255 647 546 719; x_wconf 88' lang='lat' dir='ltr'>Septimus</span> <span class='ocrx_word' id='word_1_50' title='bbox 601 647 746 700; x_wconf 90' lang='lat' dir='ltr'>liber</span> <span class='ocrx_word' id='word_1_51' title='bbox 789 646 1042 700; x_wconf 87' lang='lat' dir='ltr'>continet</span> <span class='ocrx_word' id='word_1_52' title='bbox 1086 646 1154 700; x_wconf 93' lang='lat' dir='ltr'>de</span> <span class='ocrx_word' id='word_1_53' title='bbox 1203 645 1416 700; x_wconf 89' lang='lat' dir='ltr'>incesta</span> <span class='ocrx_word' id='word_1_54' title='bbox 1467 647 1828 717; x_wconf 88' lang='lat' dir='ltr'>copulatione</span> 
     </span>
    </p>
   </div>
   <div class='ocr_carea' id='block_1_8' title="bbox 131 734 1827 806">
    <p class='ocr_par' dir='ltr' id='par_1_8' title="bbox 131 734 1827 806">
     <span class='ocr_line' id='line_1_8' title="bbox 131 734 1827 806; baseline -0.001 -16"><span class='ocrx_word' id='word_1_55' title='bbox 131 735 671 806; x_wconf 81' lang='lat' dir='ltr'>consanguinitatis,</span> <span class='ocrx_word' id='word_1_56' title='bbox 712 740 767 788; x_wconf 89' lang='lat' dir='ltr'>et</span> <span class='ocrx_word' id='word_1_57' title='bbox 801 736 860 788; x_wconf 93' lang='lat' dir='ltr'>in</span> <span class='ocrx_word' id='word_1_58' title='bbox 903 751 1016 805; x_wconf 91' lang='lat' dir='ltr'>quo</span> <span class='ocrx_word' id='word_1_59' title='bbox 1057 734 1321 804; x_wconf 81' lang='lat' dir='ltr'>geniculo</span> <span class='ocrx_word' id='word_1_60' title='bbox 1371 735 1566 788; x_wconf 89' lang='lat' dir='ltr'>ﬁdeles</span> <span class='ocrx_word' id='word_1_61' title='bbox 1611 745 1664 790; x_wconf 92' lang='lat' dir='ltr'>et</span> <span class='ocrx_word' id='word_1_62' title='bbox 1693 753 1827 789; x_wconf 91' lang='lat' dir='ltr'>con-</span> 
     </span>
    </p>
   </div>
   <div class='ocr_carea' id='block_1_9' title="bbox 122 823 1828 894">
    <p class='ocr_par' dir='ltr' id='par_1_9' title="bbox 122 823 1828 894">
     <span class='ocr_line' id='line_1_9' title="bbox 122 823 1828 894; baseline 0 -17"><span class='ocrx_word' id='word_1_63' title='bbox 122 825 284 894; x_wconf 86' lang='lat' dir='ltr'>jungi</span> <span class='ocrx_word' id='word_1_64' title='bbox 318 829 378 878; x_wconf 90' lang='lat' dir='ltr'>et</span> <span class='ocrx_word' id='word_1_65' title='bbox 425 823 680 893; x_wconf 89' lang='lat' dir='ltr'>separari</span> <span class='ocrx_word' id='word_1_66' title='bbox 712 823 977 888; x_wconf 86' lang='lat' dir='ltr'>debeant,</span> <span class='ocrx_word' id='word_1_67' title='bbox 1024 827 1079 876; x_wconf 93' lang='lat' dir='ltr'>et</span> <span class='ocrx_word' id='word_1_68' title='bbox 1117 823 1184 876; x_wconf 93' lang='lat' dir='ltr'>de</span> <span class='ocrx_word' id='word_1_69' title='bbox 1231 823 1610 888; x_wconf 81' lang='lat' dir='ltr'>revocatione,</span> <span class='ocrx_word' id='word_1_70' title='bbox 1659 829 1715 876; x_wconf 91' lang='lat' dir='ltr'>et</span> <span class='ocrx_word' id='word_1_71' title='bbox 1759 823 1828 877; x_wconf 87' lang='lat' dir='ltr'>de</span> 
     </span>
    </p>
   </div>
   <div class='ocr_carea' id='block_1_10' title="bbox 129 910 878 984">
    <p class='ocr_par' dir='ltr' id='par_1_10' title="bbox 129 910 878 984">
     <span class='ocr_line' id='line_1_10' title="bbox 129 910 878 984; baseline -0.007 -17"><span class='ocrx_word' id='word_1_72' title='bbox 129 911 466 984; x_wconf 67' lang='lat' dir='ltr'>poenitentia</span> <span class='ocrx_word' id='word_1_73' title='bbox 493 910 878 980; x_wconf 89' lang='lat' dir='ltr'>singulorum.</span> 
     </span>
    </p>
   </div>
   <div class='ocr_carea' id='block_1_11' title="bbox 196 999 1831 1054">
    <p class='ocr_par' dir='ltr' id='par_1_11' title="bbox 196 999 1831 1054">
     <span class='ocr_line' id='line_1_11' title="bbox 196 999 1831 1054; baseline -0.001 0"><span class='ocrx_word' id='word_1_74' title='bbox 196 1023 215 1047; x_wconf 71' lang='grc' dir='ltr'><strong><em>ι</em></strong></span> <span class='ocrx_word' id='word_1_75' title='bbox 265 1001 510 1054; x_wconf 86' lang='lat' dir='ltr'>Octavus</span> <span class='ocrx_word' id='word_1_76' title='bbox 567 999 713 1053; x_wconf 90' lang='lat' dir='ltr'>liber</span> <span class='ocrx_word' id='word_1_77' title='bbox 741 999 1002 1052; x_wconf 86' lang='lat' dir='ltr'>continet</span> <span class='ocrx_word' id='word_1_78' title='bbox 1043 999 1112 1053; x_wconf 91' lang='lat' dir='ltr'>de</span> <span class='ocrx_word' id='word_1_79' title='bbox 1164 999 1300 1052; x_wconf 88' lang='lat' dir='ltr'>viris</span> <span class='ocrx_word' id='word_1_80' title='bbox 1342 1015 1406 1053; x_wconf 91' lang='lat' dir='ltr'>ac</span> <span class='ocrx_word' id='word_1_81' title='bbox 1454 999 1686 1053; x_wconf 80' lang='lat' dir='ltr'>feminis</span> <span class='ocrx_word' id='word_1_82' title='bbox 1721 1001 1831 1053; x_wconf 92' lang='lat' dir='ltr'>Deo</span> 
     </span>
    </p>
   </div>
   <div class='ocr_carea' id='block_1_12' title="bbox 131 1087 1832 1158">
    <p class='ocr_par' dir='ltr' id='par_1_12' title="bbox 131 1087 1832 1158">
     <span class='ocr_line' id='line_1_12' title="bbox 131 1087 1832 1158; baseline -0.001 -16"><span class='ocrx_word' id='word_1_83' title='bbox 131 1089 325 1143; x_wconf 89' lang='lat' dir='ltr'>dicatis</span> <span class='ocrx_word' id='word_1_84' title='bbox 359 1093 416 1141; x_wconf 90' lang='lat' dir='ltr'>et</span> <span class='ocrx_word' id='word_1_85' title='bbox 467 1103 692 1141; x_wconf 91' lang='lat' dir='ltr'>sacrum</span> <span class='ocrx_word' id='word_1_86' title='bbox 742 1087 1101 1157; x_wconf 89' lang='lat' dir='ltr'>propositum</span> <span class='ocrx_word' id='word_1_87' title='bbox 1152 1087 1729 1158; x_wconf 83' lang='lat' dir='ltr'>transgredientibus,</span> <span class='ocrx_word' id='word_1_88' title='bbox 1775 1093 1832 1141; x_wconf 88' lang='lat' dir='ltr'>et</span> 
     </span>
    </p>
   </div>
   <div class='ocr_carea' id='block_1_13' title="bbox 129 1174 1402 1243">
    <p class='ocr_par' dir='ltr' id='par_1_13' title="bbox 129 1174 1402 1243">
     <span class='ocr_line' id='line_1_13' title="bbox 129 1174 1402 1243; baseline 0 -16"><span class='ocrx_word' id='word_1_89' title='bbox 129 1177 190 1228; x_wconf 91' lang='lat' dir='ltr'>de</span> <span class='ocrx_word' id='word_1_90' title='bbox 221 1174 606 1242; x_wconf 88' lang='lat' dir='ltr'>revocatione,</span> <span class='ocrx_word' id='word_1_91' title='bbox 643 1179 699 1227; x_wconf 91' lang='lat' dir='ltr'>et</span> <span class='ocrx_word' id='word_1_92' title='bbox 727 1174 794 1227; x_wconf 90' lang='lat' dir='ltr'>de</span> <span class='ocrx_word' id='word_1_93' title='bbox 823 1174 1158 1243; x_wconf 80' lang='lat' dir='ltr'>pcenitentia</span> <span class='ocrx_word' id='word_1_94' title='bbox 1182 1191 1402 1227; x_wconf 89' lang='lat' dir='ltr'>eorum.</span> 
     </span>
    </p>
   </div>
   <div class='ocr_carea' id='block_1_14' title="bbox 202 1261 1829 1331">
    <p class='ocr_par' dir='ltr' id='par_1_14' title="bbox 202 1261 1829 1331">
     <span class='ocr_line' id='line_1_14' title="bbox 202 1261 1829 1331; baseline 0.002 -19"><span class='ocrx_word' id='word_1_95' title='bbox 202 1283 226 1310; x_wconf 76' lang='grc' dir='ltr'>ι</span> <span class='ocrx_word' id='word_1_96' title='bbox 274 1263 470 1315; x_wconf 82' lang='lat' dir='ltr'>Nonus</span> <span class='ocrx_word' id='word_1_97' title='bbox 501 1262 642 1315; x_wconf 89' lang='lat' dir='ltr'>liber</span> <span class='ocrx_word' id='word_1_98' title='bbox 671 1262 928 1315; x_wconf 89' lang='lat' dir='ltr'>continet</span> <span class='ocrx_word' id='word_1_99' title='bbox 958 1261 1027 1315; x_wconf 92' lang='lat' dir='ltr'>de</span> <span class='ocrx_word' id='word_1_100' title='bbox 1058 1262 1377 1331; x_wconf 85' lang='lat' dir='ltr'>virginibus</span> <span class='ocrx_word' id='word_1_101' title='bbox 1418 1265 1473 1315; x_wconf 90' lang='lat' dir='ltr'>et</span> <span class='ocrx_word' id='word_1_102' title='bbox 1501 1262 1685 1316; x_wconf 88' lang='lat' dir='ltr'>viduis</span> <span class='ocrx_word' id='word_1_103' title='bbox 1713 1279 1829 1316; x_wconf 90' lang='lat' dir='ltr'>non</span> 
     </span>
    </p>
   </div>
   <div class='ocr_carea' id='block_1_15' title="bbox 130 1350 1832 1420">
    <p class='ocr_par' dir='ltr' id='par_1_15' title="bbox 130 1350 1832 1420">
     <span class='ocr_line' id='line_1_15' title="bbox 130 1350 1832 1420; baseline 0.001 -18"><span class='ocrx_word' id='word_1_104' title='bbox 130 1351 354 1410; x_wconf 87' lang='lat' dir='ltr'>velatis,</span> <span class='ocrx_word' id='word_1_105' title='bbox 387 1351 456 1403; x_wconf 90' lang='lat' dir='ltr'>de</span> <span class='ocrx_word' id='word_1_106' title='bbox 499 1350 822 1420; x_wconf 86' lang='lat' dir='ltr'>raptoribus</span> <span class='ocrx_word' id='word_1_107' title='bbox 856 1365 1078 1416; x_wconf 89' lang='lat' dir='ltr'>earum,</span> <span class='ocrx_word' id='word_1_108' title='bbox 1129 1355 1184 1403; x_wconf 89' lang='lat' dir='ltr'>et</span> <span class='ocrx_word' id='word_1_109' title='bbox 1216 1351 1284 1403; x_wconf 92' lang='lat' dir='ltr'>de</span> <span class='ocrx_word' id='word_1_110' title='bbox 1335 1351 1693 1420; x_wconf 87' lang='lat' dir='ltr'>separatione</span> <span class='ocrx_word' id='word_1_111' title='bbox 1743 1367 1832 1405; x_wconf 92' lang='lat' dir='ltr'>eo-</span> 
     </span>
    </p>
   </div>
   <div class='ocr_carea' id='block_1_16' title="bbox 129 1438 1830 1508">
    <p class='ocr_par' dir='ltr' id='par_1_16' title="bbox 129 1438 1830 1508">
     <span class='ocr_line' id='line_1_16' title="bbox 129 1438 1830 1508; baseline 0.002 -18"><span class='ocrx_word' id='word_1_112' title='bbox 129 1456 280 1506; x_wconf 87' lang='lat' dir='ltr'>rum,</span> <span class='ocrx_word' id='word_1_113' title='bbox 313 1439 384 1491; x_wconf 91' lang='lat' dir='ltr'>de</span> <span class='ocrx_word' id='word_1_114' title='bbox 415 1438 824 1508; x_wconf 87' lang='lat' dir='ltr'>conjunctione</span> <span class='ocrx_word' id='word_1_115' title='bbox 853 1438 1245 1508; x_wconf 86' lang='lat' dir='ltr'>legitimorum</span> <span class='ocrx_word' id='word_1_116' title='bbox 1279 1438 1722 1507; x_wconf 89' lang='lat' dir='ltr'>connubiorum,</span> <span class='ocrx_word' id='word_1_117' title='bbox 1762 1441 1830 1493; x_wconf 90' lang='lat' dir='ltr'>de</span> 
     </span>
    </p>
   </div>
   <div class='ocr_carea' id='block_1_17' title="bbox 127 1526 1826 1598">
    <p class='ocr_par' dir='ltr' id='par_1_17' title="bbox 127 1526 1826 1598">
     <span class='ocr_line' id='line_1_17' title="bbox 127 1526 1826 1598; baseline 0.001 -19"><span class='ocrx_word' id='word_1_118' title='bbox 127 1527 481 1588; x_wconf 90' lang='lat' dir='ltr'>concubinis,</span> <span class='ocrx_word' id='word_1_119' title='bbox 526 1527 594 1580; x_wconf 90' lang='lat' dir='ltr'>de</span> <span class='ocrx_word' id='word_1_120' title='bbox 645 1527 1095 1596; x_wconf 87' lang='lat' dir='ltr'>transgressione</span> <span class='ocrx_word' id='word_1_121' title='bbox 1142 1532 1199 1580; x_wconf 90' lang='lat' dir='ltr'>et</span> <span class='ocrx_word' id='word_1_122' title='bbox 1245 1526 1586 1596; x_wconf 87' lang='lat' dir='ltr'>poenitentia</span> <span class='ocrx_word' id='word_1_123' title='bbox 1629 1528 1826 1598; x_wconf 88' lang='lat' dir='ltr'>singu-</span> 
     </span>
    </p>
   </div>
   <div class='ocr_carea' id='block_1_18' title="bbox 125 1617 336 1668">
    <p class='ocr_par' dir='ltr' id='par_1_18' title="bbox 125 1617 336 1668">
     <span class='ocr_line' id='line_1_18' title="bbox 125 1617 336 1668; baseline -0.005 0"><span class='ocrx_word' id='word_1_124' title='bbox 125 1617 336 1668; x_wconf 91' lang='lat' dir='ltr'>lorum.</span> 
     </span>
    </p>
   </div>
   <div class='ocr_carea' id='block_1_19' title="bbox 199 1701 1828 1768">
    <p class='ocr_par' dir='ltr' id='par_1_19' title="bbox 199 1701 1828 1768">
     <span class='ocr_line' id='line_1_19' title="bbox 199 1701 1828 1768; baseline 0.004 -19"><span class='ocrx_word' id='word_1_125' title='bbox 199 1725 218 1749; x_wconf 72' lang='grc' dir='ltr'>ι</span> <span class='ocrx_word' id='word_1_126' title='bbox 266 1702 534 1755; x_wconf 90' lang='lat' dir='ltr'>Decimus</span> <span class='ocrx_word' id='word_1_127' title='bbox 563 1701 711 1756; x_wconf 91' lang='lat' dir='ltr'>liber</span> <span class='ocrx_word' id='word_1_128' title='bbox 757 1701 1015 1756; x_wconf 84' lang='lat' dir='ltr'>continet</span> <span class='ocrx_word' id='word_1_129' title='bbox 1059 1703 1127 1756; x_wconf 93' lang='lat' dir='ltr'>de</span> <span class='ocrx_word' id='word_1_130' title='bbox 1156 1702 1627 1768; x_wconf 88' lang='lat' dir='ltr'>incantatoribus,</span> <span class='ocrx_word' id='word_1_131' title='bbox 1672 1708 1730 1758; x_wconf 93' lang='lat' dir='ltr'>et</span> <span class='ocrx_word' id='word_1_132' title='bbox 1760 1704 1828 1756; x_wconf 91' lang='lat' dir='ltr'>de</span> 
     </span>
    </p>
   </div>
   <div class='ocr_carea' id='block_1_20' title="bbox 128 1790 1829 1861">
    <p class='ocr_par' dir='ltr' id='par_1_20' title="bbox 128 1790 1829 1861">
     <span class='ocr_line' id='line_1_20' title="bbox 128 1790 1829 1861; baseline 0.001 -18"><span class='ocrx_word' id='word_1_133' title='bbox 128 1791 468 1861; x_wconf 81' lang='lat' dir='ltr'>auguribus,</span> <span class='ocrx_word' id='word_1_134' title='bbox 500 1790 568 1844; x_wconf 91' lang='lat' dir='ltr'>de</span> <span class='ocrx_word' id='word_1_135' title='bbox 601 1790 827 1858; x_wconf 89' lang='lat' dir='ltr'>divinis,</span> <span class='ocrx_word' id='word_1_136' title='bbox 876 1790 946 1844; x_wconf 93' lang='lat' dir='ltr'>de</span> <span class='ocrx_word' id='word_1_137' title='bbox 977 1790 1261 1860; x_wconf 87' lang='lat' dir='ltr'>sortilegis</span> <span class='ocrx_word' id='word_1_138' title='bbox 1309 1795 1366 1844; x_wconf 90' lang='lat' dir='ltr'>et</span> <span class='ocrx_word' id='word_1_139' title='bbox 1394 1790 1464 1845; x_wconf 91' lang='lat' dir='ltr'>de</span> <span class='ocrx_word' id='word_1_140' title='bbox 1493 1791 1667 1845; x_wconf 89' lang='lat' dir='ltr'>variis</span> <span class='ocrx_word' id='word_1_141' title='bbox 1697 1791 1829 1845; x_wconf 88' lang='lat' dir='ltr'>illu-</span> 
     </span>
    </p>
   </div>
   <div class='ocr_carea' id='block_1_21' title="bbox 128 1879 1829 1947">
    <p class='ocr_par' dir='ltr' id='par_1_21' title="bbox 128 1879 1829 1947">
     <span class='ocr_line' id='line_1_21' title="bbox 128 1879 1829 1947; baseline 0.001 -15"><span class='ocrx_word' id='word_1_142' title='bbox 128 1881 389 1934; x_wconf 89' lang='lat' dir='ltr'>sionibus</span> <span class='ocrx_word' id='word_1_143' title='bbox 435 1880 669 1947; x_wconf 89' lang='lat' dir='ltr'>diaboli,</span> <span class='ocrx_word' id='word_1_144' title='bbox 706 1885 762 1934; x_wconf 89' lang='lat' dir='ltr'>et</span> <span class='ocrx_word' id='word_1_145' title='bbox 791 1880 859 1934; x_wconf 87' lang='lat' dir='ltr'>de</span> <span class='ocrx_word' id='word_1_146' title='bbox 905 1879 1221 1943; x_wconf 88' lang='lat' dir='ltr'>maledicis,</span> <span class='ocrx_word' id='word_1_147' title='bbox 1258 1885 1312 1933; x_wconf 89' lang='lat' dir='ltr'>et</span> <span class='ocrx_word' id='word_1_148' title='bbox 1337 1880 1407 1933; x_wconf 91' lang='lat' dir='ltr'>de</span> <span class='ocrx_word' id='word_1_149' title='bbox 1438 1880 1829 1946; x_wconf 88' lang='lat' dir='ltr'>contentiosis,</span> 
     </span>
    </p>
   </div>
   <div class='ocr_carea' id='block_1_22' title="bbox 129 1968 1827 2038">
    <p class='ocr_par' dir='ltr' id='par_1_22' title="bbox 129 1968 1827 2038">
     <span class='ocr_line' id='line_1_22' title="bbox 129 1968 1827 2038; baseline -0.001 -15"><span class='ocrx_word' id='word_1_150' title='bbox 129 1975 180 2023; x_wconf 89' lang='lat' dir='ltr'>et</span> <span class='ocrx_word' id='word_1_151' title='bbox 207 1970 279 2023; x_wconf 90' lang='lat' dir='ltr'>de</span> <span class='ocrx_word' id='word_1_152' title='bbox 333 1968 842 2038; x_wconf 89' lang='lat' dir='ltr'>conspiratoribus,</span> <span class='ocrx_word' id='word_1_153' title='bbox 891 1973 946 2021; x_wconf 93' lang='lat' dir='ltr'>et</span> <span class='ocrx_word' id='word_1_154' title='bbox 974 1968 1042 2021; x_wconf 92' lang='lat' dir='ltr'>de</span> <span class='ocrx_word' id='word_1_155' title='bbox 1075 1968 1413 2038; x_wconf 87' lang='lat' dir='ltr'>poenitentia</span> <span class='ocrx_word' id='word_1_156' title='bbox 1448 1968 1827 2036; x_wconf 86' lang='lat' dir='ltr'>singulorum.</span> 
     </span>
    </p>
   </div>
   <div class='ocr_carea' id='block_1_23' title="bbox 201 2055 1831 2112">
    <p class='ocr_par' dir='ltr' id='par_1_23' title="bbox 201 2055 1831 2112">
     <span class='ocr_line' id='line_1_23' title="bbox 201 2055 1831 2112; baseline 0.001 -6"><span class='ocrx_word' id='word_1_157' title='bbox 201 2081 222 2106; x_wconf 65' lang='grc' dir='ltr'><strong>ι</strong></span> <span class='ocrx_word' id='word_1_158' title='bbox 272 2056 620 2112; x_wconf 78' lang='lat' dir='ltr'>Undecimus</span> <span class='ocrx_word' id='word_1_159' title='bbox 667 2057 812 2110; x_wconf 91' lang='lat' dir='ltr'>liber</span> <span class='ocrx_word' id='word_1_160' title='bbox 856 2055 1116 2109; x_wconf 90' lang='lat' dir='ltr'>continet</span> <span class='ocrx_word' id='word_1_161' title='bbox 1154 2055 1222 2109; x_wconf 90' lang='lat' dir='ltr'>de</span> <span class='ocrx_word' id='word_1_162' title='bbox 1270 2055 1831 2109; x_wconf 82' lang='lat' dir='ltr'>excommunicandis</span> 
     </span>
    </p>
   </div>
   <div class='ocr_carea' id='block_1_24' title="bbox 131 2143 1828 2212">
    <p class='ocr_par' dir='ltr' id='par_1_24' title="bbox 131 2143 1828 2212">
     <span class='ocr_line' id='line_1_24' title="bbox 131 2143 1828 2212; baseline -0.002 -13"><span class='ocrx_word' id='word_1_163' title='bbox 131 2151 184 2199; x_wconf 89' lang='lat' dir='ltr'>et</span> <span class='ocrx_word' id='word_1_164' title='bbox 212 2144 750 2208; x_wconf 84' lang='lat' dir='ltr'>excommunicatis,</span> <span class='ocrx_word' id='word_1_165' title='bbox 794 2144 864 2197; x_wconf 92' lang='lat' dir='ltr'>de</span> <span class='ocrx_word' id='word_1_166' title='bbox 898 2144 1141 2206; x_wconf 86' lang='lat' dir='ltr'>furibus,</span> <span class='ocrx_word' id='word_1_167' title='bbox 1174 2146 1230 2196; x_wconf 90' lang='lat' dir='ltr'>et</span> <span class='ocrx_word' id='word_1_168' title='bbox 1275 2143 1344 2197; x_wconf 93' lang='lat' dir='ltr'>de</span> <span class='ocrx_word' id='word_1_169' title='bbox 1392 2143 1828 2212; x_wconf 63' lang='lat' dir='ltr'>praedatoribus,</span> 
     </span>
    </p>
   </div>
   <div class='ocr_carea' id='block_1_25' title="bbox 130 2230 1827 2303">
    <p class='ocr_par' dir='ltr' id='par_1_25' title="bbox 130 2230 1827 2303">
     <span class='ocr_line' id='line_1_25' title="bbox 130 2230 1827 2303; baseline -0.003 -16"><span class='ocrx_word' id='word_1_170' title='bbox 130 2239 182 2287; x_wconf 88' lang='lat' dir='ltr'>et</span> <span class='ocrx_word' id='word_1_171' title='bbox 229 2234 301 2287; x_wconf 92' lang='lat' dir='ltr'>de</span> <span class='ocrx_word' id='word_1_172' title='bbox 349 2232 821 2303; x_wconf 67' lang='lat' dir='ltr'>praesumptione,</span> <span class='ocrx_word' id='word_1_173' title='bbox 868 2237 925 2285; x_wconf 89' lang='lat' dir='ltr'>et</span> <span class='ocrx_word' id='word_1_174' title='bbox 963 2236 1316 2302; x_wconf 91' lang='lat' dir='ltr'>contemptu,</span> <span class='ocrx_word' id='word_1_175' title='bbox 1372 2236 1429 2284; x_wconf 93' lang='lat' dir='ltr'>et</span> <span class='ocrx_word' id='word_1_176' title='bbox 1459 2230 1827 2302; x_wconf 88' lang='lat' dir='ltr'>negligentia,</span> 
     </span>
    </p>
   </div>
   <div class='ocr_carea' id='block_1_26' title="bbox 130 2319 1412 2389">
    <p class='ocr_par' dir='ltr' id='par_1_26' title="bbox 130 2319 1412 2389">
     <span class='ocr_line' id='line_1_26' title="bbox 130 2319 1412 2389; baseline -0.003 -15"><span class='ocrx_word' id='word_1_177' title='bbox 130 2327 181 2374; x_wconf 92' lang='lat' dir='ltr'>et</span> <span class='ocrx_word' id='word_1_178' title='bbox 209 2320 704 2387; x_wconf 88' lang='lat' dir='ltr'>reconciliatione,</span> <span class='ocrx_word' id='word_1_179' title='bbox 736 2325 793 2373; x_wconf 89' lang='lat' dir='ltr'>et</span> <span class='ocrx_word' id='word_1_180' title='bbox 822 2319 1160 2389; x_wconf 83' lang='lat' dir='ltr'>poenitentia</span> <span class='ocrx_word' id='word_1_181' title='bbox 1192 2335 1412 2372; x_wconf 91' lang='lat' dir='ltr'>eorum.</span> 
     </span>
    </p>
   </div>
   <div class='ocr_carea' id='block_1_27' title="bbox 203 2406 1831 2477">
    <p class='ocr_par' dir='ltr' id='par_1_27' title="bbox 203 2406 1831 2477">
     <span class='ocr_line' id='line_1_27' title="bbox 203 2406 1831 2477; baseline -0.002 -14"><span class='ocrx_word' id='word_1_182' title='bbox 203 2433 220 2457; x_wconf 75' lang='grc' dir='ltr'><strong>ι</strong></span> <span class='ocrx_word' id='word_1_183' title='bbox 271 2408 659 2463; x_wconf 82' lang='lat' dir='ltr'>Duodecimus</span> <span class='ocrx_word' id='word_1_184' title='bbox 721 2408 866 2462; x_wconf 91' lang='lat' dir='ltr'>liber</span> <span class='ocrx_word' id='word_1_185' title='bbox 932 2409 1184 2461; x_wconf 89' lang='lat' dir='ltr'>continet</span> <span class='ocrx_word' id='word_1_186' title='bbox 1234 2408 1302 2462; x_wconf 90' lang='lat' dir='ltr'>de</span> <span class='ocrx_word' id='word_1_187' title='bbox 1352 2406 1608 2477; x_wconf 88' lang='lat' dir='ltr'>perjurio</span> <span class='ocrx_word' id='word_1_188' title='bbox 1658 2411 1714 2460; x_wconf 92' lang='lat' dir='ltr'>et</span> <span class='ocrx_word' id='word_1_189' title='bbox 1763 2407 1831 2460; x_wconf 92' lang='lat' dir='ltr'>de</span> 
     </span>
    </p>
   </div>
   <div class='ocr_carea' id='block_1_28' title="bbox 130 2498 644 2569">
    <p class='ocr_par' dir='ltr' id='par_1_28' title="bbox 130 2498 644 2569">
     <span class='ocr_line' id='line_1_28' title="bbox 130 2498 644 2569; baseline -0.006 -17"><span class='ocrx_word' id='word_1_190' title='bbox 130 2498 475 2569; x_wconf 60' lang='lat' dir='ltr'>poenitentia</span> <span class='ocrx_word' id='word_1_191' title='bbox 502 2498 644 2567; x_wconf 88' lang='lat' dir='ltr'>ejus.</span> 
     </span>
    </p>
   </div>
   <div class='ocr_carea' id='block_1_29' title="bbox 200 2582 1830 2640">
    <p class='ocr_par' dir='ltr' id='par_1_29' title="bbox 200 2582 1830 2640">
     <span class='ocr_line' id='line_1_29' title="bbox 200 2582 1830 2640; baseline -0.002 0"><span class='ocrx_word' id='word_1_192' title='bbox 200 2609 221 2634; x_wconf 71' lang='grc' dir='ltr'>ι</span> <span class='ocrx_word' id='word_1_193' title='bbox 269 2586 502 2640; x_wconf 87' lang='lat' dir='ltr'>Tertius</span> <span class='ocrx_word' id='word_1_194' title='bbox 557 2585 813 2638; x_wconf 89' lang='lat' dir='ltr'>decimus</span> <span class='ocrx_word' id='word_1_195' title='bbox 857 2584 1001 2637; x_wconf 90' lang='lat' dir='ltr'>liber</span> <span class='ocrx_word' id='word_1_196' title='bbox 1047 2584 1304 2638; x_wconf 89' lang='lat' dir='ltr'>continet</span> <span class='ocrx_word' id='word_1_197' title='bbox 1355 2585 1422 2638; x_wconf 91' lang='lat' dir='ltr'>de</span> <span class='ocrx_word' id='word_1_198' title='bbox 1461 2582 1830 2637; x_wconf 87' lang='lat' dir='ltr'>veneratione</span> 
     </span>
    </p>
   </div>
   <div class='ocr_carea' id='block_1_30' title="bbox 131 2672 1047 2742">
    <p class='ocr_par' dir='ltr' id='par_1_30' title="bbox 131 2672 1047 2742">
     <span class='ocr_line' id='line_1_30' title="bbox 131 2672 1047 2742; baseline -0.001 -14"><span class='ocrx_word' id='word_1_199' title='bbox 131 2681 183 2729; x_wconf 89' lang='lat' dir='ltr'>et</span> <span class='ocrx_word' id='word_1_200' title='bbox 211 2674 620 2728; x_wconf 82' lang='lat' dir='ltr'>observatione</span> <span class='ocrx_word' id='word_1_201' title='bbox 653 2672 796 2725; x_wconf 88' lang='lat' dir='ltr'>sacri</span> <span class='ocrx_word' id='word_1_202' title='bbox 820 2672 1047 2742; x_wconf 87' lang='lat' dir='ltr'>jejunii.</span> 
     </span>
    </p>
   </div>
   <div class='ocr_carea' id='block_1_31' title="bbox 197 2759 1831 2828">
    <p class='ocr_par' dir='ltr' id='par_1_31' title="bbox 197 2759 1831 2828">
     <span class='ocr_line' id='line_1_31' title="bbox 197 2759 1831 2828; baseline -0.001 -17"><span class='ocrx_word' id='word_1_203' title='bbox 197 2787 222 2811; x_wconf 85' lang='grc'>››</span> <span class='ocrx_word' id='word_1_204' title='bbox 270 2763 520 2826; x_wconf 84' lang='lat' dir='ltr'>Quartus</span> <span class='ocrx_word' id='word_1_205' title='bbox 568 2761 824 2815; x_wconf 91' lang='lat' dir='ltr'>decimus</span> <span class='ocrx_word' id='word_1_206' title='bbox 871 2761 1016 2814; x_wconf 90' lang='lat' dir='ltr'>liber</span> <span class='ocrx_word' id='word_1_207' title='bbox 1063 2759 1316 2813; x_wconf 88' lang='lat' dir='ltr'>continet</span> <span class='ocrx_word' id='word_1_208' title='bbox 1362 2760 1430 2814; x_wconf 92' lang='lat' dir='ltr'>de</span> <span class='ocrx_word' id='word_1_209' title='bbox 1479 2759 1729 2828; x_wconf 85' lang='lat' dir='ltr'>crapula,</span> <span class='ocrx_word' id='word_1_210' title='bbox 1776 2762 1831 2810; x_wconf 90' lang='lat' dir='ltr'>et</span> 
     </span>
    </p>
   </div>
   <div class='ocr_carea' id='block_1_32' title="bbox 130 2848 1223 2918">
    <p class='ocr_par' dir='ltr' id='par_1_32' title="bbox 130 2848 1223 2918">
     <span class='ocr_line' id='line_1_32' title="bbox 130 2848 1223 2918; baseline -0.005 -13"><span class='ocrx_word' id='word_1_211' title='bbox 130 2852 427 2914; x_wconf 80' lang='lat' dir='ltr'>ebrietate,</span> <span class='ocrx_word' id='word_1_212' title='bbox 463 2855 521 2903; x_wconf 92' lang='lat' dir='ltr'>et</span> <span class='ocrx_word' id='word_1_213' title='bbox 544 2851 612 2903; x_wconf 90' lang='lat' dir='ltr'>de</span> <span class='ocrx_word' id='word_1_214' title='bbox 645 2848 977 2918; x_wconf 87' lang='lat' dir='ltr'>poenitentia</span> <span class='ocrx_word' id='word_1_215' title='bbox 1007 2865 1223 2901; x_wconf 88' lang='lat' dir='ltr'>eorum.</span> 
     </span>
    </p>
   </div>
   <div class='ocr_carea' id='block_1_33' title="bbox 197 2935 1824 3004">
    <p class='ocr_par' dir='ltr' id='par_1_33' title="bbox 197 2935 1824 3004">
     <span class='ocr_line' id='line_1_33' title="bbox 197 2935 1824 3004; baseline -0.002 -14"><span class='ocrx_word' id='word_1_216' title='bbox 197 2960 224 2990; x_wconf 75' lang='grc' dir='ltr'>ι)</span> <span class='ocrx_word' id='word_1_217' title='bbox 269 2939 518 3002; x_wconf 82' lang='lat' dir='ltr'>Quintus</span> <span class='ocrx_word' id='word_1_218' title='bbox 549 2937 803 2991; x_wconf 88' lang='lat' dir='ltr'>decimus</span> <span class='ocrx_word' id='word_1_219' title='bbox 830 2937 973 2989; x_wconf 89' lang='lat' dir='ltr'>liber</span> <span class='ocrx_word' id='word_1_220' title='bbox 994 2937 1248 2989; x_wconf 89' lang='lat' dir='ltr'>continet</span> <span class='ocrx_word' id='word_1_221' title='bbox 1270 2936 1338 2989; x_wconf 91' lang='lat' dir='ltr'>de</span> <span class='ocrx_word' id='word_1_222' title='bbox 1361 2935 1824 3004; x_wconf 87' lang='lat' dir='ltr'>imperatoribus,</span> 
     </span>
    </p>
   </div>
   <div class='ocr_carea' id='block_1_34' title="bbox 129 3023 1829 3097">
    <p class='ocr_par' dir='ltr' id='par_1_34' title="bbox 129 3023 1829 3097">
     <span class='ocr_line' id='line_1_34' title="bbox 129 3023 1829 3097; baseline -0.004 -16"><span class='ocrx_word' id='word_1_223' title='bbox 129 3027 510 3097; x_wconf 87' lang='lat' dir='ltr'>principibus,</span> <span class='ocrx_word' id='word_1_224' title='bbox 557 3032 615 3079; x_wconf 91' lang='lat' dir='ltr'>et</span> <span class='ocrx_word' id='word_1_225' title='bbox 659 3026 728 3078; x_wconf 91' lang='lat' dir='ltr'>de</span> <span class='ocrx_word' id='word_1_226' title='bbox 776 3024 1013 3095; x_wconf 85' lang='lat' dir='ltr'>reliquis</span> <span class='ocrx_word' id='word_1_227' title='bbox 1067 3025 1241 3090; x_wconf 77' lang='lat' dir='ltr'>laicis,</span> <span class='ocrx_word' id='word_1_228' title='bbox 1291 3029 1347 3078; x_wconf 91' lang='lat' dir='ltr'>et</span> <span class='ocrx_word' id='word_1_229' title='bbox 1395 3025 1463 3076; x_wconf 91' lang='lat' dir='ltr'>de</span> <span class='ocrx_word' id='word_1_230' title='bbox 1511 3023 1829 3077; x_wconf 87' lang='lat' dir='ltr'>ministerio</span> 
     </span>
    </p>
   </div>
   <div class='ocr_carea' id='block_1_35' title="bbox 132 3133 358 3169">
    <p class='ocr_par' dir='ltr' id='par_1_35' title="bbox 132 3133 358 3169">
     <span class='ocr_line' id='line_1_35' title="bbox 132 3133 358 3169; baseline 0 0"><span class='ocrx_word' id='word_1_231' title='bbox 132 3133 358 3169; x_wconf 88' lang='lat' dir='ltr'>eorum.</span> 
     </span>
    </p>
   </div>
   <div class='ocr_carea' id='block_1_36' title="bbox 198 3197 1828 3261">
    <p class='ocr_par' dir='ltr' id='par_1_36' title="bbox 198 3197 1828 3261">
     <span class='ocr_line' id='line_1_36' title="bbox 198 3197 1828 3261; baseline -0.004 -6"><span class='ocrx_word' id='word_1_232' title='bbox 198 3226 226 3250; x_wconf 81' lang='grc'><strong>››</strong></span> <span class='ocrx_word' id='word_1_233' title='bbox 269 3203 473 3256; x_wconf 85' lang='lat' dir='ltr'>Sextus</span> <span class='ocrx_word' id='word_1_234' title='bbox 505 3200 758 3253; x_wconf 88' lang='lat' dir='ltr'>decimus</span> <span class='ocrx_word' id='word_1_235' title='bbox 804 3199 949 3252; x_wconf 93' lang='lat' dir='ltr'>liber</span> <span class='ocrx_word' id='word_1_236' title='bbox 988 3199 1242 3252; x_wconf 89' lang='lat' dir='ltr'>continet</span> <span class='ocrx_word' id='word_1_237' title='bbox 1271 3198 1338 3251; x_wconf 91' lang='lat' dir='ltr'>de</span> <span class='ocrx_word' id='word_1_238' title='bbox 1386 3197 1828 3261; x_wconf 87' lang='lat' dir='ltr'>accusatoribus,</span> 
     </span>
    </p>
   </div>
   <div class='ocr_carea' id='block_1_37' title="bbox 134 3285 1834 3360">
    <p class='ocr_par' dir='ltr' id='par_1_37' title="bbox 134 3285 1834 3360">
     <span class='ocr_line' id='line_1_37' title="bbox 134 3285 1834 3360; baseline -0.004 -16"><span class='ocrx_word' id='word_1_239' title='bbox 134 3291 200 3344; x_wconf 91' lang='lat' dir='ltr'>de</span> <span class='ocrx_word' id='word_1_240' title='bbox 226 3289 547 3360; x_wconf 88' lang='lat' dir='ltr'>judicibus,</span> <span class='ocrx_word' id='word_1_241' title='bbox 579 3288 648 3342; x_wconf 91' lang='lat' dir='ltr'>de</span> <span class='ocrx_word' id='word_1_242' title='bbox 699 3287 1108 3353; x_wconf 88' lang='lat' dir='ltr'>defensoribus,</span> <span class='ocrx_word' id='word_1_243' title='bbox 1166 3287 1234 3340; x_wconf 92' lang='lat' dir='ltr'>de</span> <span class='ocrx_word' id='word_1_244' title='bbox 1284 3286 1440 3339; x_wconf 89' lang='lat' dir='ltr'>falsis</span> <span class='ocrx_word' id='word_1_245' title='bbox 1470 3285 1726 3350; x_wconf 85' lang='lat' dir='ltr'>testibus,</span> <span class='ocrx_word' id='word_1_246' title='bbox 1778 3289 1834 3339; x_wconf 92' lang='lat' dir='ltr'>et</span> 
     </span>
    </p>
   </div>
   <div class='ocr_carea' id='block_1_38' title="bbox 133 3376 990 3449">
    <p class='ocr_par' dir='ltr' id='par_1_38' title="bbox 133 3376 990 3449">
     <span class='ocr_line' id='line_1_38' title="bbox 133 3376 990 3449; baseline -0.005 -17"><span class='ocrx_word' id='word_1_247' title='bbox 133 3378 200 3432; x_wconf 91' lang='lat' dir='ltr'>de</span> <span class='ocrx_word' id='word_1_248' title='bbox 231 3376 581 3449; x_wconf 77' lang='lat' dir='ltr'>pamitentia</span> <span class='ocrx_word' id='word_1_249' title='bbox 611 3376 990 3445; x_wconf 90' lang='lat' dir='ltr'>singulorum.</span> 
     </span>
    </p>
   </div>
   <div class='ocr_carea' id='block_1_39' title="bbox 204 3460 1832 3535">
    <p class='ocr_par' dir='ltr' id='par_1_39' title="bbox 204 3460 1832 3535">
     <span class='ocr_line' id='line_1_39' title="bbox 204 3460 1832 3535; baseline -0.001 -20"><span class='ocrx_word' id='word_1_250' title='bbox 204 3489 226 3515; x_wconf 76' lang='grc' dir='ltr'><strong>ι</strong></span> <span class='ocrx_word' id='word_1_251' title='bbox 273 3465 566 3535; x_wconf 88' lang='lat' dir='ltr'>Septimus</span> <span class='ocrx_word' id='word_1_252' title='bbox 598 3464 852 3517; x_wconf 91' lang='lat' dir='ltr'>decimus</span> <span class='ocrx_word' id='word_1_253' title='bbox 883 3464 1027 3517; x_wconf 89' lang='lat' dir='ltr'>liber</span> <span class='ocrx_word' id='word_1_254' title='bbox 1065 3462 1317 3516; x_wconf 87' lang='lat' dir='ltr'>continet</span> <span class='ocrx_word' id='word_1_255' title='bbox 1347 3462 1416 3515; x_wconf 91' lang='lat' dir='ltr'>de</span> <span class='ocrx_word' id='word_1_256' title='bbox 1460 3460 1832 3515; x_wconf 87' lang='lat' dir='ltr'>fornicatione</span> 
     </span>
    </p>
   </div>
   <div class='ocr_carea' id='block_1_40' title="bbox 133 3551 1833 3621">
    <p class='ocr_par' dir='ltr' id='par_1_40' title="bbox 133 3551 1833 3621">
     <span class='ocr_line' id='line_1_40' title="bbox 133 3551 1833 3621; baseline -0.003 -13"><span class='ocrx_word' id='word_1_257' title='bbox 133 3559 185 3607; x_wconf 87' lang='lat' dir='ltr'>et</span> <span class='ocrx_word' id='word_1_258' title='bbox 213 3555 442 3608; x_wconf 88' lang='lat' dir='ltr'>incestu</span> <span class='ocrx_word' id='word_1_259' title='bbox 466 3552 674 3606; x_wconf 85' lang='lat' dir='ltr'>diversi</span> <span class='ocrx_word' id='word_1_260' title='bbox 703 3551 948 3621; x_wconf 89' lang='lat' dir='ltr'>generis,</span> <span class='ocrx_word' id='word_1_261' title='bbox 983 3556 1037 3604; x_wconf 91' lang='lat' dir='ltr'>et</span> <span class='ocrx_word' id='word_1_262' title='bbox 1069 3551 1137 3605; x_wconf 92' lang='lat' dir='ltr'>de</span> <span class='ocrx_word' id='word_1_263' title='bbox 1168 3551 1506 3621; x_wconf 75' lang='lat' dir='ltr'>poenitentia</span> <span class='ocrx_word' id='word_1_264' title='bbox 1537 3551 1833 3620; x_wconf 90' lang='lat' dir='ltr'>utriusque</span> 
     </span>
    </p>
   </div>
   <div class='ocr_carea' id='block_1_41' title="bbox 132 3640 880 3697">
    <p class='ocr_par' dir='ltr' id='par_1_41' title="bbox 132 3640 880 3697">
     <span class='ocr_line' id='line_1_41' title="bbox 132 3640 880 3697; baseline -0.004 -1"><span class='ocrx_word' id='word_1_265' title='bbox 132 3660 298 3697; x_wconf 83' lang='lat' dir='ltr'>sexus</span> <span class='ocrx_word' id='word_1_266' title='bbox 327 3649 385 3696; x_wconf 91' lang='lat' dir='ltr'>et</span> <span class='ocrx_word' id='word_1_267' title='bbox 412 3641 646 3694; x_wconf 70' lang='lat' dir='ltr'>diversae</span> <span class='ocrx_word' id='word_1_268' title='bbox 679 3640 880 3694; x_wconf 66' lang='lat' dir='ltr'>(etatis.</span> 
     </span>
    </p>
   </div>
   <div class='ocr_carea' id='block_1_42' title="bbox 204 3724 1829 3791">
    <p class='ocr_par' dir='ltr' id='par_1_42' title="bbox 204 3724 1829 3791">
     <span class='ocr_line' id='line_1_42' title="bbox 204 3724 1829 3791; baseline 0.001 -13"><span class='ocrx_word' id='word_1_269' title='bbox 204 3754 223 3778; x_wconf 75' lang='grc' dir='ltr'><strong><em>ι</em></strong></span> <span class='ocrx_word' id='word_1_270' title='bbox 273 3731 517 3784; x_wconf 85' lang='lat' dir='ltr'>Octavus</span> <span class='ocrx_word' id='word_1_271' title='bbox 564 3728 820 3781; x_wconf 87' lang='lat' dir='ltr'>decimus</span> <span class='ocrx_word' id='word_1_272' title='bbox 866 3727 1012 3782; x_wconf 91' lang='lat' dir='ltr'>liber</span> <span class='ocrx_word' id='word_1_273' title='bbox 1064 3727 1322 3780; x_wconf 83' lang='lat' dir='ltr'>continet</span> <span class='ocrx_word' id='word_1_274' title='bbox 1368 3726 1438 3779; x_wconf 90' lang='lat' dir='ltr'>de</span> <span class='ocrx_word' id='word_1_275' title='bbox 1491 3724 1829 3791; x_wconf 89' lang='lat' dir='ltr'>visitatione,</span> 
     </span>
    </p>
   </div>
   <div class='ocr_carea' id='block_1_43' title="bbox 131 3814 1573 3889">
    <p class='ocr_par' dir='ltr' id='par_1_43' title="bbox 131 3814 1573 3889">
     <span class='ocr_line' id='line_1_43' title="bbox 131 3814 1573 3889; baseline -0.003 -18"><span class='ocrx_word' id='word_1_276' title='bbox 131 3823 183 3871; x_wconf 86' lang='lat' dir='ltr'>et</span> <span class='ocrx_word' id='word_1_277' title='bbox 210 3816 580 3889; x_wconf 73' lang='lat' dir='ltr'>poenitentia,</span> <span class='ocrx_word' id='word_1_278' title='bbox 612 3821 668 3869; x_wconf 91' lang='lat' dir='ltr'>et</span> <span class='ocrx_word' id='word_1_279' title='bbox 696 3816 1157 3869; x_wconf 89' lang='lat' dir='ltr'>reconciliatione</span> <span class='ocrx_word' id='word_1_280' title='bbox 1187 3814 1573 3868; x_wconf 89' lang='lat' dir='ltr'>inﬁrmorum.</span> 
     </span>
    </p>
   </div>
   <div class='ocr_carea' id='block_1_44' title="bbox 198 3903 1834 3973">
    <p class='ocr_par' dir='ltr' id='par_1_44' title="bbox 198 3903 1834 3973">
     <span class='ocr_line' id='line_1_44' title="bbox 198 3903 1834 3973; baseline 0.001 -20"><span class='ocrx_word' id='word_1_281' title='bbox 198 3928 225 3954; x_wconf 73' lang='lat'><strong>»</strong></span> <span class='ocrx_word' id='word_1_282' title='bbox 276 3907 474 3958; x_wconf 83' lang='lat' dir='ltr'>Nonus</span> <span class='ocrx_word' id='word_1_283' title='bbox 518 3905 775 3957; x_wconf 89' lang='lat' dir='ltr'>decimus</span> <span class='ocrx_word' id='word_1_284' title='bbox 821 3905 983 3970; x_wconf 87' lang='lat' dir='ltr'>liber,</span> <span class='ocrx_word' id='word_1_285' title='bbox 1041 3904 1138 3973; x_wconf 93' lang='lat' dir='ltr'>qui</span> <span class='ocrx_word' id='word_1_286' title='bbox 1193 3903 1467 3958; x_wconf 84' lang='lat' dir='ltr'>Corrector</span> <span class='ocrx_word' id='word_1_287' title='bbox 1513 3907 1748 3955; x_wconf 87' lang='lat' dir='ltr'>vocatur</span> <span class='ocrx_word' id='word_1_288' title='bbox 1786 3906 1834 3954; x_wconf 84' lang='lat' dir='ltr'>et</span> 
     </span>
    </p>
   </div>
   <div class='ocr_carea' id='block_1_45' title="bbox 134 3989 1833 4060">
    <p class='ocr_par' dir='ltr' id='par_1_45' title="bbox 134 3989 1833 4060">
     <span class='ocr_line' id='line_1_45' title="bbox 134 3989 1833 4060; baseline -0.002 -14"><span class='ocrx_word' id='word_1_289' title='bbox 134 3993 396 4059; x_wconf 75' lang='lat' dir='ltr'>Medicus,</span> <span class='ocrx_word' id='word_1_290' title='bbox 442 3992 697 4045; x_wconf 88' lang='lat' dir='ltr'>continet</span> <span class='ocrx_word' id='word_1_291' title='bbox 728 3992 1108 4045; x_wconf 88' lang='lat' dir='ltr'>correctiones</span> <span class='ocrx_word' id='word_1_292' title='bbox 1158 4007 1459 4060; x_wconf 89' lang='lat' dir='ltr'>corporum</span> <span class='ocrx_word' id='word_1_293' title='bbox 1509 3995 1564 4043; x_wconf 92' lang='lat' dir='ltr'>et</span> <span class='ocrx_word' id='word_1_294' title='bbox 1615 3989 1833 4042; x_wconf 91' lang='lat' dir='ltr'>anima—</span> 
     </span>
    </p>
   </div>
   <div class='ocr_carea' id='block_1_46' title="bbox 1937 383 3632 456">
    <p class='ocr_par' dir='ltr' id='par_1_46' title="bbox 1937 383 3632 456">
     <span class='ocr_line' id='line_1_46' title="bbox 1937 383 3632 456; baseline 0.004 -20"><span class='ocrx_word' id='word_1_295' title='bbox 1937 399 2070 437; x_wconf 88' lang='lat' dir='ltr'>cens</span> <span class='ocrx_word' id='word_1_296' title='bbox 2114 399 2204 436; x_wconf 90' lang='lat' dir='ltr'>me</span> <span class='ocrx_word' id='word_1_297' title='bbox 2237 399 2299 436; x_wconf 88' lang='lat' dir='ltr'>ex</span> <span class='ocrx_word' id='word_1_298' title='bbox 2332 383 2532 436; x_wconf 90' lang='lat' dir='ltr'>alienis</span> <span class='ocrx_word' id='word_1_299' title='bbox 2576 384 2770 438; x_wconf 88' lang='lat' dir='ltr'>aribus</span> <span class='ocrx_word' id='word_1_300' title='bbox 2799 385 3068 456; x_wconf 85' lang='lat' dir='ltr'>colligere</span> <span class='ocrx_word' id='word_1_301' title='bbox 3099 403 3274 453; x_wconf 84' lang='lat' dir='ltr'>escas,</span> <span class='ocrx_word' id='word_1_302' title='bbox 3307 394 3362 442; x_wconf 88' lang='lat' dir='ltr'>et</span> <span class='ocrx_word' id='word_1_303' title='bbox 3390 406 3455 444; x_wconf 85' lang='lat' dir='ltr'>ex</span> <span class='ocrx_word' id='word_1_304' title='bbox 3490 389 3632 443; x_wconf 88' lang='lat' dir='ltr'>alio-</span> 
     </span>
    </p>
   </div>
   <div class='ocr_carea' id='block_1_47' title="bbox 1939 471 3636 543">
    <p class='ocr_par' dir='ltr' id='par_1_47' title="bbox 1939 471 3636 543">
     <span class='ocr_line' id='line_1_47' title="bbox 1939 471 3636 543; baseline 0.002 -17"><span class='ocrx_word' id='word_1_305' title='bbox 1939 488 2066 526; x_wconf 87' lang='lat' dir='ltr'>rum</span> <span class='ocrx_word' id='word_1_306' title='bbox 2098 472 2289 526; x_wconf 89' lang='lat' dir='ltr'>labore</span> <span class='ocrx_word' id='word_1_307' title='bbox 2343 471 2487 525; x_wconf 88' lang='lat' dir='ltr'>mihi</span> <span class='ocrx_word' id='word_1_308' title='bbox 2538 474 2720 526; x_wconf 86' lang='lat' dir='ltr'>facere</span> <span class='ocrx_word' id='word_1_309' title='bbox 2757 490 2964 528; x_wconf 87' lang='lat' dir='ltr'>nomen</span> <span class='ocrx_word' id='word_1_310' title='bbox 3001 475 3194 543; x_wconf 89' lang='lat' dir='ltr'>inane,</span> <span class='ocrx_word' id='word_1_311' title='bbox 3243 481 3382 529; x_wconf 88' lang='lat' dir='ltr'>esto.</span> <span class='ocrx_word' id='word_1_312' title='bbox 3437 478 3636 530; x_wconf 84' lang='lat' dir='ltr'>Fateor</span> 
     </span>
    </p>
   </div>
   <div class='ocr_carea' id='block_1_48' title="bbox 1938 559 3634 632">
    <p class='ocr_par' dir='ltr' id='par_1_48' title="bbox 1938 559 3634 632">
     <span class='ocr_line' id='line_1_48' title="bbox 1938 559 3634 632; baseline 0.003 -20"><span class='ocrx_word' id='word_1_313' title='bbox 1938 559 2073 631; x_wconf 87' lang='lat' dir='ltr'>quia</span> <span class='ocrx_word' id='word_1_314' title='bbox 2118 576 2183 613; x_wconf 84' lang='lat' dir='ltr'>ex</span> <span class='ocrx_word' id='word_1_315' title='bbox 2217 559 2463 613; x_wconf 89' lang='lat' dir='ltr'>aliorum</span> <span class='ocrx_word' id='word_1_316' title='bbox 2515 561 2708 614; x_wconf 89' lang='lat' dir='ltr'>labore</span> <span class='ocrx_word' id='word_1_317' title='bbox 2759 563 3122 632; x_wconf 85' lang='lat' dir='ltr'>collegeram,</span> <span class='ocrx_word' id='word_1_318' title='bbox 3158 564 3293 632; x_wconf 88' lang='lat' dir='ltr'>quia</span> <span class='ocrx_word' id='word_1_319' title='bbox 3337 563 3480 617; x_wconf 92' lang='lat' dir='ltr'>mihi</span> <span class='ocrx_word' id='word_1_320' title='bbox 3528 564 3634 617; x_wconf 86' lang='lat' dir='ltr'>soli</span> 
     </span>
    </p>
   </div>
   <div class='ocr_carea' id='block_1_49' title="bbox 1937 648 3637 722">
    <p class='ocr_par' dir='ltr' id='par_1_49' title="bbox 1937 648 3637 722">
     <span class='ocr_line' id='line_1_49' title="bbox 1937 648 3637 722; baseline 0.003 -22"><span class='ocrx_word' id='word_1_321' title='bbox 1937 664 2183 701; x_wconf 88' lang='lat' dir='ltr'>canones</span> <span class='ocrx_word' id='word_1_322' title='bbox 2213 648 2396 702; x_wconf 89' lang='lat' dir='ltr'>facere</span> <span class='ocrx_word' id='word_1_323' title='bbox 2429 663 2544 702; x_wconf 90' lang='lat' dir='ltr'>non</span> <span class='ocrx_word' id='word_1_324' title='bbox 2590 648 2741 716; x_wconf 91' lang='lat' dir='ltr'>licet,</span> <span class='ocrx_word' id='word_1_325' title='bbox 2770 650 3042 720; x_wconf 84' lang='lat' dir='ltr'>colligere</span> <span class='ocrx_word' id='word_1_326' title='bbox 3087 651 3307 704; x_wconf 89' lang='lat' dir='ltr'>licitum</span> <span class='ocrx_word' id='word_1_327' title='bbox 3345 657 3450 717; x_wconf 89' lang='lat' dir='ltr'>est,</span> <span class='ocrx_word' id='word_1_328' title='bbox 3484 651 3637 722; x_wconf 92' lang='lat' dir='ltr'>quod</span> 
     </span>
    </p>
   </div>
   <div class='ocr_carea' id='block_1_50' title="bbox 1937 736 3637 811">
    <p class='ocr_par' dir='ltr' id='par_1_50' title="bbox 1937 736 3637 811">
     <span class='ocr_line' id='line_1_50' title="bbox 1937 736 3637 811; baseline 0.002 -22"><span class='ocrx_word' id='word_1_329' title='bbox 1937 741 1993 789; x_wconf 91' lang='lat' dir='ltr'>et</span> <span class='ocrx_word' id='word_1_330' title='bbox 2015 736 2160 802; x_wconf 85' lang='lat' dir='ltr'>feci;</span> <span class='ocrx_word' id='word_1_331' title='bbox 2197 738 2342 790; x_wconf 84' lang='lat' dir='ltr'>Deus</span> <span class='ocrx_word' id='word_1_332' title='bbox 2386 737 2562 802; x_wconf 87' lang='lat' dir='ltr'>novit,</span> <span class='ocrx_word' id='word_1_333' title='bbox 2597 753 2710 790; x_wconf 89' lang='lat' dir='ltr'>non</span> <span class='ocrx_word' id='word_1_334' title='bbox 2743 755 2846 808; x_wconf 89' lang='lat' dir='ltr'>pro</span> <span class='ocrx_word' id='word_1_335' title='bbox 2881 739 3208 808; x_wconf 87' lang='lat' dir='ltr'>arrogantia</span> <span class='ocrx_word' id='word_1_336' title='bbox 3238 740 3508 811; x_wconf 88' lang='lat' dir='ltr'>quadam,</span> <span class='ocrx_word' id='word_1_337' title='bbox 3540 741 3637 793; x_wconf 86' lang='lat' dir='ltr'>sed</span> 
     </span>
    </p>
   </div>
   <div class='ocr_carea' id='block_1_51' title="bbox 1937 825 3638 894">
    <p class='ocr_par' dir='ltr' id='par_1_51' title="bbox 1937 825 3638 894">
     <span class='ocr_line' id='line_1_51' title="bbox 1937 825 3638 894; baseline 0.002 -16"><span class='ocrx_word' id='word_1_338' title='bbox 1937 841 2040 894; x_wconf 90' lang='lat' dir='ltr'>pro</span> <span class='ocrx_word' id='word_1_339' title='bbox 2071 828 2279 877; x_wconf 65' lang='lat' dir='ltr'>nostra:</span> <span class='ocrx_word' id='word_1_340' title='bbox 2307 825 2567 878; x_wconf 64' lang='lat' dir='ltr'>Ecclesia:</span> <span class='ocrx_word' id='word_1_341' title='bbox 2588 827 3029 880; x_wconf 86' lang='lat' dir='ltr'>necessitudine.</span> <span class='ocrx_word' id='word_1_342' title='bbox 3071 829 3136 881; x_wconf 90' lang='lat' dir='ltr'>Ut</span> <span class='ocrx_word' id='word_1_343' title='bbox 3166 834 3358 881; x_wconf 90' lang='lat' dir='ltr'>autem</span> <span class='ocrx_word' id='word_1_344' title='bbox 3385 828 3638 882; x_wconf 88' lang='lat' dir='ltr'>obstrua-</span> 
     </span>
    </p>
   </div>
   <div class='ocr_carea' id='block_1_52' title="bbox 1937 913 3635 986">
    <p class='ocr_par' dir='ltr' id='par_1_52' title="bbox 1937 913 3635 986">
     <span class='ocr_line' id='line_1_52' title="bbox 1937 913 3635 986; baseline 0.002 -20"><span class='ocrx_word' id='word_1_345' title='bbox 1937 919 2032 966; x_wconf 90' lang='lat' dir='ltr'>tur</span> <span class='ocrx_word' id='word_1_346' title='bbox 2062 913 2412 966; x_wconf 87' lang='lat' dir='ltr'>detrahentis</span> <span class='ocrx_word' id='word_1_347' title='bbox 2445 929 2723 979; x_wconf 88' lang='lat' dir='ltr'>murmur,</span> <span class='ocrx_word' id='word_1_348' title='bbox 2761 914 2904 968; x_wconf 92' lang='lat' dir='ltr'>liber</span> <span class='ocrx_word' id='word_1_349' title='bbox 2935 915 3368 986; x_wconf 87' lang='lat' dir='ltr'>qualiscumque</span> <span class='ocrx_word' id='word_1_350' title='bbox 3398 916 3489 982; x_wconf 91' lang='lat' dir='ltr'>sit,</span> <span class='ocrx_word' id='word_1_351' title='bbox 3525 933 3635 969; x_wconf 89' lang='lat' dir='ltr'>no-</span> 
     </span>
    </p>
   </div>
   <div class='ocr_carea' id='block_1_53' title="bbox 1937 1000 3636 1073">
    <p class='ocr_par' dir='ltr' id='par_1_53' title="bbox 1937 1000 3636 1073">
     <span class='ocr_line' id='line_1_53' title="bbox 1937 1000 3636 1073; baseline 0.002 -20"><span class='ocrx_word' id='word_1_352' title='bbox 1937 1005 2187 1054; x_wconf 89' lang='lat' dir='ltr'>strorum</span> <span class='ocrx_word' id='word_1_353' title='bbox 2209 1000 2297 1052; x_wconf 91' lang='lat' dir='ltr'>sit.</span> <span class='ocrx_word' id='word_1_354' title='bbox 2335 1001 2458 1053; x_wconf 88' lang='lat' dir='ltr'>Non</span> <span class='ocrx_word' id='word_1_355' title='bbox 2486 1016 2626 1071; x_wconf 91' lang='lat' dir='ltr'>rogo</span> <span class='ocrx_word' id='word_1_356' title='bbox 2658 1006 2724 1055; x_wconf 92' lang='lat' dir='ltr'>ut</span> <span class='ocrx_word' id='word_1_357' title='bbox 2746 1002 2925 1055; x_wconf 89' lang='lat' dir='ltr'>nostri</span> <span class='ocrx_word' id='word_1_358' title='bbox 2957 1002 3233 1073; x_wconf 87' lang='lat' dir='ltr'>episcopii</span> <span class='ocrx_word' id='word_1_359' title='bbox 3263 1004 3436 1056; x_wconf 88' lang='lat' dir='ltr'>limen</span> <span class='ocrx_word' id='word_1_360' title='bbox 3460 1009 3636 1057; x_wconf 85' lang='lat' dir='ltr'>trans-</span> 
     </span>
    </p>
   </div>
   <div class='ocr_carea' id='block_1_54' title="bbox 1938 1086 3635 1154">
    <p class='ocr_par' dir='ltr' id='par_1_54' title="bbox 1938 1086 3635 1154">
     <span class='ocr_line' id='line_1_54' title="bbox 1938 1086 3635 1154; baseline 0.001 -12"><span class='ocrx_word' id='word_1_361' title='bbox 1938 1091 2048 1152; x_wconf 89' lang='lat' dir='ltr'>eat,</span> <span class='ocrx_word' id='word_1_362' title='bbox 2099 1087 2197 1140; x_wconf 89' lang='lat' dir='ltr'>sed</span> <span class='ocrx_word' id='word_1_363' title='bbox 2252 1086 2464 1139; x_wconf 88' lang='lat' dir='ltr'>nostris</span> <span class='ocrx_word' id='word_1_364' title='bbox 2511 1087 2922 1141; x_wconf 90' lang='lat' dir='ltr'>addiscendum</span> <span class='ocrx_word' id='word_1_365' title='bbox 2974 1094 3285 1143; x_wconf 86' lang='lat' dir='ltr'>remaneat.</span> <span class='ocrx_word' id='word_1_366' title='bbox 3340 1091 3635 1154; x_wconf 87' lang='lat' dir='ltr'>Quomodo</span> 
     </span>
    </p>
   </div>
   <div class='ocr_carea' id='block_1_55' title="bbox 1938 1174 3631 1244">
    <p class='ocr_par' dir='ltr' id='par_1_55' title="bbox 1938 1174 3631 1244">
     <span class='ocr_line' id='line_1_55' title="bbox 1938 1174 3631 1244; baseline 0.004 -20"><span class='ocrx_word' id='word_1_367' title='bbox 1938 1176 2150 1239; x_wconf 89' lang='lat' dir='ltr'>autem,</span> <span class='ocrx_word' id='word_1_368' title='bbox 2185 1174 2272 1226; x_wconf 89' lang='lat' dir='ltr'>vel</span> <span class='ocrx_word' id='word_1_369' title='bbox 2320 1175 2470 1227; x_wconf 87' lang='lat' dir='ltr'>unde</span> <span class='ocrx_word' id='word_1_370' title='bbox 2527 1175 2688 1227; x_wconf 91' lang='lat' dir='ltr'>illum</span> <span class='ocrx_word' id='word_1_371' title='bbox 2721 1177 3074 1244; x_wconf 85' lang='lat' dir='ltr'>collegerim,</span> <span class='ocrx_word' id='word_1_372' title='bbox 3125 1179 3252 1230; x_wconf 90' lang='lat' dir='ltr'>volo</span> <span class='ocrx_word' id='word_1_373' title='bbox 3304 1183 3364 1230; x_wconf 91' lang='lat' dir='ltr'>ut</span> <span class='ocrx_word' id='word_1_374' title='bbox 3397 1179 3631 1244; x_wconf 88' lang='lat' dir='ltr'>audias;</span> 
     </span>
    </p>
   </div>
   <div class='ocr_carea' id='block_1_56' title="bbox 1938 1260 3630 1336">
    <p class='ocr_par' dir='ltr' id='par_1_56' title="bbox 1938 1260 3630 1336">
     <span class='ocr_line' id='line_1_56' title="bbox 1938 1260 3630 1336; baseline 0.003 -22"><span class='ocrx_word' id='word_1_375' title='bbox 1938 1265 1994 1314; x_wconf 92' lang='lat' dir='ltr'>et</span> <span class='ocrx_word' id='word_1_376' title='bbox 2023 1260 2068 1312; x_wconf 90' lang='lat' dir='ltr'>si</span> <span class='ocrx_word' id='word_1_377' title='bbox 2101 1266 2186 1314; x_wconf 87' lang='lat' dir='ltr'>est</span> <span class='ocrx_word' id='word_1_378' title='bbox 2229 1267 2524 1330; x_wconf 89' lang='lat' dir='ltr'>peccatum</span> <span class='ocrx_word' id='word_1_379' title='bbox 2568 1263 2772 1329; x_wconf 90' lang='lat' dir='ltr'>ullum,</span> <span class='ocrx_word' id='word_1_380' title='bbox 2809 1269 2906 1316; x_wconf 90' lang='lat' dir='ltr'>tuo</span> <span class='ocrx_word' id='word_1_381' title='bbox 2931 1265 3148 1333; x_wconf 89' lang='lat' dir='ltr'>judicio</span> <span class='ocrx_word' id='word_1_382' title='bbox 3179 1266 3443 1336; x_wconf 92' lang='lat' dir='ltr'>relinquo</span> <span class='ocrx_word' id='word_1_383' title='bbox 3483 1267 3630 1336; x_wconf 89' lang='lat' dir='ltr'>diju-</span> 
     </span>
    </p>
   </div>
   <div class='ocr_carea' id='block_1_57' title="bbox 1939 1348 3634 1418">
    <p class='ocr_par' dir='ltr' id='par_1_57' title="bbox 1939 1348 3634 1418">
     <span class='ocr_line' id='line_1_57' title="bbox 1939 1348 3634 1418; baseline 0.004 -18"><span class='ocrx_word' id='word_1_384' title='bbox 1939 1348 2264 1402; x_wconf 91' lang='lat' dir='ltr'>dicandum.</span> <span class='ocrx_word' id='word_1_385' title='bbox 2302 1348 2451 1402; x_wconf 87' lang='lat' dir='ltr'>Nihil</span> <span class='ocrx_word' id='word_1_386' title='bbox 2487 1349 2677 1404; x_wconf 88' lang='lat' dir='ltr'>addidi</span> <span class='ocrx_word' id='word_1_387' title='bbox 2705 1351 2774 1404; x_wconf 92' lang='lat' dir='ltr'>de</span> <span class='ocrx_word' id='word_1_388' title='bbox 2807 1367 2936 1404; x_wconf 91' lang='lat' dir='ltr'>meo</span> <span class='ocrx_word' id='word_1_389' title='bbox 2970 1353 3076 1404; x_wconf 90' lang='lat' dir='ltr'>nisi</span> <span class='ocrx_word' id='word_1_390' title='bbox 3123 1353 3402 1418; x_wconf 87' lang='lat' dir='ltr'>laborem,</span> <span class='ocrx_word' id='word_1_391' title='bbox 3439 1354 3536 1407; x_wconf 91' lang='lat' dir='ltr'>sed</span> <span class='ocrx_word' id='word_1_392' title='bbox 3567 1372 3634 1407; x_wconf 84' lang='lat' dir='ltr'>ex</span> 
     </span>
    </p>
   </div>
   <div class='ocr_carea' id='block_1_58' title="bbox 1937 1435 3633 1510">
    <p class='ocr_par' dir='ltr' id='par_1_58' title="bbox 1937 1435 3633 1510">
     <span class='ocr_line' id='line_1_58' title="bbox 1937 1435 3633 1510; baseline 0.002 -20"><span class='ocrx_word' id='word_1_393' title='bbox 1937 1435 2144 1490; x_wconf 90' lang='lat' dir='ltr'>divinis</span> <span class='ocrx_word' id='word_1_394' title='bbox 2193 1436 2540 1490; x_wconf 89' lang='lat' dir='ltr'>testimoniis</span> <span class='ocrx_word' id='word_1_395' title='bbox 2583 1454 2652 1491; x_wconf 91' lang='lat' dir='ltr'>ea</span> <span class='ocrx_word' id='word_1_396' title='bbox 2701 1454 2830 1508; x_wconf 68' lang='lat' dir='ltr'>qua:</span> <span class='ocrx_word' id='word_1_397' title='bbox 2872 1439 2929 1490; x_wconf 89' lang='lat' dir='ltr'>in</span> <span class='ocrx_word' id='word_1_398' title='bbox 2979 1455 3044 1492; x_wconf 93' lang='lat' dir='ltr'>eo</span> <span class='ocrx_word' id='word_1_399' title='bbox 3088 1439 3392 1506; x_wconf 87' lang='lat' dir='ltr'>inveneris,</span> <span class='ocrx_word' id='word_1_400' title='bbox 3426 1458 3633 1510; x_wconf 84' lang='lat' dir='ltr'>magno</span> 
     </span>
    </p>
   </div>
   <div class='ocr_carea' id='block_1_59' title="bbox 1940 1524 3635 1596">
    <p class='ocr_par' dir='ltr' id='par_1_59' title="bbox 1940 1524 3635 1596">
     <span class='ocr_line' id='line_1_59' title="bbox 1940 1524 3635 1596; baseline 0.005 -21"><span class='ocrx_word' id='word_1_401' title='bbox 1940 1524 2142 1577; x_wconf 89' lang='lat' dir='ltr'>sudore</span> <span class='ocrx_word' id='word_1_402' title='bbox 2173 1525 2398 1594; x_wconf 88' lang='lat' dir='ltr'>collegi.</span> <span class='ocrx_word' id='word_1_403' title='bbox 2435 1526 2500 1578; x_wconf 89' lang='lat' dir='ltr'>Et</span> <span class='ocrx_word' id='word_1_404' title='bbox 2536 1530 2595 1578; x_wconf 91' lang='lat' dir='ltr'>ut</span> <span class='ocrx_word' id='word_1_405' title='bbox 2633 1531 2820 1579; x_wconf 87' lang='lat' dir='ltr'>essent</span> <span class='ocrx_word' id='word_1_406' title='bbox 2853 1543 2980 1596; x_wconf 73' lang='lat' dir='ltr'>quae</span> <span class='ocrx_word' id='word_1_407' title='bbox 3013 1534 3499 1596; x_wconf 87' lang='lat' dir='ltr'>comportaveram</span> <span class='ocrx_word' id='word_1_408' title='bbox 3527 1546 3635 1583; x_wconf 81' lang='lat' dir='ltr'>au-</span> 
     </span>
    </p>
   </div>
   <div class='ocr_carea' id='block_1_60' title="bbox 1941 1612 3635 1685">
    <p class='ocr_par' dir='ltr' id='par_1_60' title="bbox 1941 1612 3635 1685">
     <span class='ocr_line' id='line_1_60' title="bbox 1941 1612 3635 1685; baseline 0.003 -20"><span class='ocrx_word' id='word_1_409' title='bbox 1941 1612 2277 1676; x_wconf 86' lang='lat' dir='ltr'>ctoritativa,</span> <span class='ocrx_word' id='word_1_410' title='bbox 2327 1629 2551 1667; x_wconf 91' lang='lat' dir='ltr'>summo</span> <span class='ocrx_word' id='word_1_411' title='bbox 2603 1614 2794 1668; x_wconf 89' lang='lat' dir='ltr'>studio</span> <span class='ocrx_word' id='word_1_412' title='bbox 2836 1616 3142 1669; x_wconf 87' lang='lat' dir='ltr'>elaboravi.</span> <span class='ocrx_word' id='word_1_413' title='bbox 3197 1617 3271 1669; x_wconf 81' lang='lat' dir='ltr'>Ex</span> <span class='ocrx_word' id='word_1_414' title='bbox 3316 1617 3440 1685; x_wconf 90' lang='lat' dir='ltr'>ipso</span> <span class='ocrx_word' id='word_1_415' title='bbox 3481 1618 3635 1671; x_wconf 90' lang='lat' dir='ltr'>enim</span> 
     </span>
    </p>
   </div>
   <div class='ocr_carea' id='block_1_61' title="bbox 1941 1699 3638 1771">
    <p class='ocr_par' dir='ltr' id='par_1_61' title="bbox 1941 1699 3638 1771">
     <span class='ocr_line' id='line_1_61' title="bbox 1941 1699 3638 1771; baseline 0.004 -21"><span class='ocrx_word' id='word_1_416' title='bbox 1941 1699 2142 1752; x_wconf 90' lang='lat' dir='ltr'>nucleo</span> <span class='ocrx_word' id='word_1_417' title='bbox 2174 1715 2481 1765; x_wconf 90' lang='lat' dir='ltr'>canonum,</span> <span class='ocrx_word' id='word_1_418' title='bbox 2515 1701 2668 1770; x_wconf 92' lang='lat' dir='ltr'>quod</span> <span class='ocrx_word' id='word_1_419' title='bbox 2700 1717 2733 1754; x_wconf 92' lang='lat' dir='ltr'>a</span> <span class='ocrx_word' id='word_1_420' title='bbox 2763 1701 3108 1771; x_wconf 88' lang='lat' dir='ltr'>quibusdam</span> <span class='ocrx_word' id='word_1_421' title='bbox 3142 1703 3344 1770; x_wconf 84' lang='lat' dir='ltr'>Corpus</span> <span class='ocrx_word' id='word_1_422' title='bbox 3375 1718 3638 1758; x_wconf 80' lang='lat' dir='ltr'>canonum</span> 
     </span>
    </p>
   </div>
   <div class='ocr_carea' id='block_1_62' title="bbox 1939 1791 3637 1860">
    <p class='ocr_par' dir='ltr' id='par_1_62' title="bbox 1939 1791 3637 1860">
     <span class='ocr_line' id='line_1_62' title="bbox 1939 1791 3637 1860; baseline 0.005 -22"><span class='ocrx_word' id='word_1_423' title='bbox 1939 1792 2194 1854; x_wconf 86' lang='lat' dir='ltr'>vocatur,</span> <span class='ocrx_word' id='word_1_424' title='bbox 2244 1804 2372 1857; x_wconf 63' lang='lat' dir='ltr'>qua:</span> <span class='ocrx_word' id='word_1_425' title='bbox 2422 1794 2554 1841; x_wconf 90' lang='lat' dir='ltr'>sunt</span> <span class='ocrx_word' id='word_1_426' title='bbox 2600 1795 2793 1843; x_wconf 90' lang='lat' dir='ltr'>nostro</span> <span class='ocrx_word' id='word_1_427' title='bbox 2848 1791 3095 1860; x_wconf 88' lang='lat' dir='ltr'>tempori</span> <span class='ocrx_word' id='word_1_428' title='bbox 3141 1792 3478 1856; x_wconf 88' lang='lat' dir='ltr'>necessaria,</span> <span class='ocrx_word' id='word_1_429' title='bbox 3535 1808 3637 1847; x_wconf 81' lang='lat' dir='ltr'>ex-</span> 
     </span>
    </p>
   </div>
   <div class='ocr_carea' id='block_1_63' title="bbox 1941 1876 3636 1948">
    <p class='ocr_par' dir='ltr' id='par_1_63' title="bbox 1941 1876 3636 1948">
     <span class='ocr_line' id='line_1_63' title="bbox 1941 1876 3636 1948; baseline 0.002 -18"><span class='ocrx_word' id='word_1_430' title='bbox 1941 1876 2142 1946; x_wconf 91' lang='lat' dir='ltr'>cerpsi.</span> <span class='ocrx_word' id='word_1_431' title='bbox 2199 1877 2274 1930; x_wconf 86' lang='lat' dir='ltr'><strong>Ex</strong></span> <span class='ocrx_word' id='word_1_432' title='bbox 2307 1892 2522 1930; x_wconf 89' lang='lat' dir='ltr'>canone</span> <span class='ocrx_word' id='word_1_433' title='bbox 2572 1878 2960 1946; x_wconf 87' lang='lat' dir='ltr'>apostolorum</span> <span class='ocrx_word' id='word_1_434' title='bbox 3009 1879 3295 1948; x_wconf 70' lang='lat' dir='ltr'>quaadam,</span> <span class='ocrx_word' id='word_1_435' title='bbox 3349 1896 3414 1932; x_wconf 87' lang='lat' dir='ltr'>ex</span> <span class='ocrx_word' id='word_1_436' title='bbox 3446 1886 3636 1933; x_wconf 78' lang='lat' dir='ltr'>trans-</span> 
     </span>
    </p>
   </div>
   <div class='ocr_carea' id='block_1_64' title="bbox 1940 1964 3634 2037">
    <p class='ocr_par' dir='ltr' id='par_1_64' title="bbox 1940 1964 3634 2037">
     <span class='ocr_line' id='line_1_64' title="bbox 1940 1964 3634 2037; baseline 0.002 -19"><span class='ocrx_word' id='word_1_437' title='bbox 1940 1964 2177 2018; x_wconf 89' lang='lat' dir='ltr'>marinis</span> <span class='ocrx_word' id='word_1_438' title='bbox 2225 1964 2480 2018; x_wconf 89' lang='lat' dir='ltr'>conciliis</span> <span class='ocrx_word' id='word_1_439' title='bbox 2513 1965 2803 2034; x_wconf 73' lang='lat' dir='ltr'>quaedam,</span> <span class='ocrx_word' id='word_1_440' title='bbox 2857 1982 2921 2018; x_wconf 83' lang='lat' dir='ltr'>ex</span> <span class='ocrx_word' id='word_1_441' title='bbox 2966 1967 3316 2020; x_wconf 90' lang='lat' dir='ltr'>Germanicis</span> <span class='ocrx_word' id='word_1_442' title='bbox 3347 1969 3634 2037; x_wconf 63' lang='lat' dir='ltr'>quendam,</span> 
     </span>
    </p>
   </div>
   <div class='ocr_carea' id='block_1_65' title="bbox 1941 2052 3636 2123">
    <p class='ocr_par' dir='ltr' id='par_1_65' title="bbox 1941 2052 3636 2123">
     <span class='ocr_line' id='line_1_65' title="bbox 1941 2052 3636 2123; baseline 0.003 -18"><span class='ocrx_word' id='word_1_443' title='bbox 1941 2069 2008 2105; x_wconf 81' lang='lat' dir='ltr'>ex</span> <span class='ocrx_word' id='word_1_444' title='bbox 2061 2052 2286 2106; x_wconf 86' lang='lat' dir='ltr'>Gallicis</span> <span class='ocrx_word' id='word_1_445' title='bbox 2329 2057 2385 2105; x_wconf 90' lang='lat' dir='ltr'>et</span> <span class='ocrx_word' id='word_1_446' title='bbox 2434 2052 2750 2121; x_wconf 87' lang='lat' dir='ltr'>Hispanicis</span> <span class='ocrx_word' id='word_1_447' title='bbox 2796 2054 3079 2123; x_wconf 69' lang='lat' dir='ltr'>quaedam,</span> <span class='ocrx_word' id='word_1_448' title='bbox 3134 2071 3198 2107; x_wconf 84' lang='lat' dir='ltr'>ex</span> <span class='ocrx_word' id='word_1_449' title='bbox 3246 2056 3486 2109; x_wconf 88' lang='lat' dir='ltr'>decretis</span> <span class='ocrx_word' id='word_1_450' title='bbox 3527 2057 3636 2110; x_wconf 83' lang='lat' dir='ltr'>Ro-</span> 
     </span>
    </p>
   </div>
   <div class='ocr_carea' id='block_1_66' title="bbox 1941 2141 3637 2213">
    <p class='ocr_par' dir='ltr' id='par_1_66' title="bbox 1941 2141 3637 2213">
     <span class='ocr_line' id='line_1_66' title="bbox 1941 2141 3637 2213; baseline 0.002 -19"><span class='ocrx_word' id='word_1_451' title='bbox 1941 2157 2242 2194; x_wconf 90' lang='lat' dir='ltr'>manorum</span> <span class='ocrx_word' id='word_1_452' title='bbox 2291 2141 2629 2210; x_wconf 88' lang='lat' dir='ltr'>pontiﬁcum</span> <span class='ocrx_word' id='word_1_453' title='bbox 2686 2141 2971 2210; x_wconf 63' lang='lat' dir='ltr'>quaedam,</span> <span class='ocrx_word' id='word_1_454' title='bbox 3025 2158 3092 2194; x_wconf 82' lang='lat' dir='ltr'>ex</span> <span class='ocrx_word' id='word_1_455' title='bbox 3140 2142 3399 2196; x_wconf 89' lang='lat' dir='ltr'>doctrina</span> <span class='ocrx_word' id='word_1_456' title='bbox 3457 2144 3637 2213; x_wconf 90' lang='lat' dir='ltr'>ipsius</span> 
     </span>
    </p>
   </div>
   <div class='ocr_carea' id='block_1_67' title="bbox 1940 2229 3632 2300">
    <p class='ocr_par' dir='ltr' id='par_1_67' title="bbox 1940 2229 3632 2300">
     <span class='ocr_line' id='line_1_67' title="bbox 1940 2229 3632 2300; baseline 0.002 -19"><span class='ocrx_word' id='word_1_457' title='bbox 1940 2229 2194 2281; x_wconf 87' lang='lat' dir='ltr'>veritatis</span> <span class='ocrx_word' id='word_1_458' title='bbox 2244 2229 2532 2299; x_wconf 68' lang='lat' dir='ltr'>quaedam,</span> <span class='ocrx_word' id='word_1_459' title='bbox 2584 2245 2649 2282; x_wconf 88' lang='lat' dir='ltr'>ex</span> <span class='ocrx_word' id='word_1_460' title='bbox 2699 2229 2888 2282; x_wconf 90' lang='lat' dir='ltr'>Veteri</span> <span class='ocrx_word' id='word_1_461' title='bbox 2935 2230 3296 2283; x_wconf 87' lang='lat' dir='ltr'>Testamento</span> <span class='ocrx_word' id='word_1_462' title='bbox 3347 2233 3632 2300; x_wconf 73' lang='lat' dir='ltr'>quaedam,</span> 
     </span>
    </p>
   </div>
   <div class='ocr_carea' id='block_1_68' title="bbox 1942 2316 3637 2390">
    <p class='ocr_par' dir='ltr' id='par_1_68' title="bbox 1942 2316 3637 2390">
     <span class='ocr_line' id='line_1_68' title="bbox 1942 2316 3637 2390; baseline 0.001 -20"><span class='ocrx_word' id='word_1_463' title='bbox 1942 2333 2009 2370; x_wconf 83' lang='lat' dir='ltr'>ex</span> <span class='ocrx_word' id='word_1_464' title='bbox 2039 2316 2310 2386; x_wconf 87' lang='lat' dir='ltr'>apostolis</span> <span class='ocrx_word' id='word_1_465' title='bbox 2337 2318 2624 2387; x_wconf 65' lang='lat' dir='ltr'>quaedam,</span> <span class='ocrx_word' id='word_1_466' title='bbox 2659 2334 2728 2371; x_wconf 80' lang='lat' dir='ltr'>ex</span> <span class='ocrx_word' id='word_1_467' title='bbox 2758 2317 2923 2371; x_wconf 89' lang='lat' dir='ltr'>dictis</span> <span class='ocrx_word' id='word_1_468' title='bbox 2963 2318 3142 2371; x_wconf 89' lang='lat' dir='ltr'>sancti</span> <span class='ocrx_word' id='word_1_469' title='bbox 3187 2319 3445 2388; x_wconf 89' lang='lat' dir='ltr'>Gregorii</span> <span class='ocrx_word' id='word_1_470' title='bbox 3476 2336 3637 2390; x_wconf 69' lang='lat' dir='ltr'>quaa-</span> 
     </span>
    </p>
   </div>
   <div class='ocr_carea' id='block_1_69' title="bbox 1942 2404 3636 2476">
    <p class='ocr_par' dir='ltr' id='par_1_69' title="bbox 1942 2404 3636 2476">
     <span class='ocr_line' id='line_1_69' title="bbox 1942 2404 3636 2476; baseline 0.001 -19"><span class='ocrx_word' id='word_1_471' title='bbox 1942 2404 2094 2470; x_wconf 91' lang='lat' dir='ltr'>dam,</span> <span class='ocrx_word' id='word_1_472' title='bbox 2144 2420 2206 2457; x_wconf 81' lang='lat' dir='ltr'>ex</span> <span class='ocrx_word' id='word_1_473' title='bbox 2238 2404 2402 2458; x_wconf 91' lang='lat' dir='ltr'>dictis</span> <span class='ocrx_word' id='word_1_474' title='bbox 2433 2405 2609 2458; x_wconf 89' lang='lat' dir='ltr'>sancti</span> <span class='ocrx_word' id='word_1_475' title='bbox 2661 2406 2991 2475; x_wconf 85' lang='lat' dir='ltr'>Hieronymi</span> <span class='ocrx_word' id='word_1_476' title='bbox 3039 2406 3325 2476; x_wconf 64' lang='lat' dir='ltr'>quaedam,</span> <span class='ocrx_word' id='word_1_477' title='bbox 3376 2422 3440 2459; x_wconf 88' lang='lat' dir='ltr'>ex</span> <span class='ocrx_word' id='word_1_478' title='bbox 3471 2407 3636 2460; x_wconf 87' lang='lat' dir='ltr'>dictis</span> 
     </span>
    </p>
   </div>
   <div class='ocr_carea' id='block_1_70' title="bbox 1942 2493 3637 2563">
    <p class='ocr_par' dir='ltr' id='par_1_70' title="bbox 1942 2493 3637 2563">
     <span class='ocr_line' id='line_1_70' title="bbox 1942 2493 3637 2563; baseline 0.002 -18"><span class='ocrx_word' id='word_1_479' title='bbox 1942 2493 2121 2545; x_wconf 87' lang='lat' dir='ltr'>sancti</span> <span class='ocrx_word' id='word_1_480' title='bbox 2150 2493 2453 2562; x_wconf 82' lang='lat' dir='ltr'>Augustini</span> <span class='ocrx_word' id='word_1_481' title='bbox 2503 2495 2789 2563; x_wconf 70' lang='lat' dir='ltr'>quaedam,</span> <span class='ocrx_word' id='word_1_482' title='bbox 2824 2510 2885 2546; x_wconf 83' lang='lat' dir='ltr'>ex</span> <span class='ocrx_word' id='word_1_483' title='bbox 2921 2493 3086 2547; x_wconf 91' lang='lat' dir='ltr'>dictis</span> <span class='ocrx_word' id='word_1_484' title='bbox 3126 2493 3306 2547; x_wconf 89' lang='lat' dir='ltr'>sancti</span> <span class='ocrx_word' id='word_1_485' title='bbox 3349 2495 3637 2548; x_wconf 84' lang='lat' dir='ltr'>Ambrosii</span> 
     </span>
    </p>
   </div>
   <div class='ocr_carea' id='block_1_71' title="bbox 1942 2581 3636 2652">
    <p class='ocr_par' dir='ltr' id='par_1_71' title="bbox 1942 2581 3636 2652">
     <span class='ocr_line' id='line_1_71' title="bbox 1942 2581 3636 2652; baseline 0.002 -20"><span class='ocrx_word' id='word_1_486' title='bbox 1942 2581 2225 2650; x_wconf 60' lang='lat' dir='ltr'>quedam,</span> <span class='ocrx_word' id='word_1_487' title='bbox 2253 2597 2320 2634; x_wconf 79' lang='lat' dir='ltr'>ex</span> <span class='ocrx_word' id='word_1_488' title='bbox 2351 2582 2514 2634; x_wconf 90' lang='lat' dir='ltr'>dictis</span> <span class='ocrx_word' id='word_1_489' title='bbox 2535 2582 2714 2635; x_wconf 85' lang='lat' dir='ltr'>sancti</span> <span class='ocrx_word' id='word_1_490' title='bbox 2750 2582 3038 2635; x_wconf 87' lang='lat' dir='ltr'>Benedicti</span> <span class='ocrx_word' id='word_1_491' title='bbox 3061 2584 3348 2652; x_wconf 62' lang='lat' dir='ltr'>quaedam,</span> <span class='ocrx_word' id='word_1_492' title='bbox 3374 2599 3437 2636; x_wconf 85' lang='lat' dir='ltr'>ex</span> <span class='ocrx_word' id='word_1_493' title='bbox 3473 2583 3636 2636; x_wconf 91' lang='lat' dir='ltr'>dictis</span> 
     </span>
    </p>
   </div>
   <div class='ocr_carea' id='block_1_72' title="bbox 1941 2668 3638 2740">
    <p class='ocr_par' dir='ltr' id='par_1_72' title="bbox 1941 2668 3638 2740">
     <span class='ocr_line' id='line_1_72' title="bbox 1941 2668 3638 2740; baseline 0.001 -18"><span class='ocrx_word' id='word_1_494' title='bbox 1941 2668 2120 2722; x_wconf 87' lang='lat' dir='ltr'>sancti</span> <span class='ocrx_word' id='word_1_495' title='bbox 2152 2669 2353 2722; x_wconf 90' lang='lat' dir='ltr'>Isidori</span> <span class='ocrx_word' id='word_1_496' title='bbox 2396 2670 2680 2739; x_wconf 75' lang='lat' dir='ltr'>quaedam,</span> <span class='ocrx_word' id='word_1_497' title='bbox 2719 2687 2783 2723; x_wconf 84' lang='lat' dir='ltr'>ex</span> <span class='ocrx_word' id='word_1_498' title='bbox 2818 2670 2981 2723; x_wconf 90' lang='lat' dir='ltr'>dictis</span> <span class='ocrx_word' id='word_1_499' title='bbox 3028 2670 3206 2723; x_wconf 90' lang='lat' dir='ltr'>sancti</span> <span class='ocrx_word' id='word_1_500' title='bbox 3243 2671 3429 2724; x_wconf 86' lang='lat' dir='ltr'>Basilii</span> <span class='ocrx_word' id='word_1_501' title='bbox 3477 2686 3638 2740; x_wconf 75' lang='lat' dir='ltr'>quae-</span> 
     </span>
    </p>
   </div>
   <div class='ocr_carea' id='block_1_73' title="bbox 1943 2758 3635 2827">
    <p class='ocr_par' dir='ltr' id='par_1_73' title="bbox 1943 2758 3635 2827">
     <span class='ocr_line' id='line_1_73' title="bbox 1943 2758 3635 2827; baseline 0.001 -17"><span class='ocrx_word' id='word_1_502' title='bbox 1943 2758 2096 2822; x_wconf 89' lang='lat' dir='ltr'>dam,</span> <span class='ocrx_word' id='word_1_503' title='bbox 2131 2774 2196 2811; x_wconf 83' lang='lat' dir='ltr'>ex</span> <span class='ocrx_word' id='word_1_504' title='bbox 2227 2758 2610 2812; x_wconf 81' lang='lat' dir='ltr'>Paenitentiali</span> <span class='ocrx_word' id='word_1_505' title='bbox 2649 2761 2905 2812; x_wconf 79' lang='lat' dir='ltr'>Romano</span> <span class='ocrx_word' id='word_1_506' title='bbox 2930 2759 3216 2827; x_wconf 68' lang='lat' dir='ltr'>quaedam,</span> <span class='ocrx_word' id='word_1_507' title='bbox 3249 2775 3315 2811; x_wconf 84' lang='lat' dir='ltr'>ex</span> <span class='ocrx_word' id='word_1_508' title='bbox 3347 2759 3635 2812; x_wconf 78' lang='lat' dir='ltr'>Paeniten-</span> 
     </span>
    </p>
   </div>
   <div class='ocr_carea' id='block_1_74' title="bbox 1860 2844 3636 2917">
    <p class='ocr_par' dir='ltr' id='par_1_74' title="bbox 1860 2844 3636 2917">
     <span class='ocr_line' id='line_1_74' title="bbox 1860 2844 3636 2917; baseline 0.001 -19"><span class='ocrx_word' id='word_1_509' title='bbox 1860 2844 1899 2898; x_wconf 89' lang='lat' dir='ltr'><strong><em>C</em></strong></span> <span class='ocrx_word' id='word_1_510' title='bbox 1939 2846 2062 2900; x_wconf 87' lang='lat' dir='ltr'>tiali</span> <span class='ocrx_word' id='word_1_511' title='bbox 2094 2847 2380 2900; x_wconf 88' lang='lat' dir='ltr'>Theodori</span> <span class='ocrx_word' id='word_1_512' title='bbox 2425 2847 2712 2917; x_wconf 76' lang='lat' dir='ltr'>quaedam,</span> <span class='ocrx_word' id='word_1_513' title='bbox 2747 2864 2809 2901; x_wconf 79' lang='lat' dir='ltr'>ex</span> <span class='ocrx_word' id='word_1_514' title='bbox 2843 2848 3229 2901; x_wconf 83' lang='lat' dir='ltr'>Poenitentiali</span> <span class='ocrx_word' id='word_1_515' title='bbox 3284 2848 3441 2901; x_wconf 61' lang='lat' dir='ltr'>Beda?</span> <span class='ocrx_word' id='word_1_516' title='bbox 3477 2863 3636 2916; x_wconf 72' lang='lat' dir='ltr'>quae-</span> 
     </span>
    </p>
   </div>
   <div class='ocr_carea' id='block_1_75' title="bbox 1941 2934 3637 3005">
    <p class='ocr_par' dir='ltr' id='par_1_75' title="bbox 1941 2934 3637 3005">
     <span class='ocr_line' id='line_1_75' title="bbox 1941 2934 3637 3005; baseline 0 -18"><span class='ocrx_word' id='word_1_517' title='bbox 1941 2934 2093 2988; x_wconf 88' lang='lat' dir='ltr'>dam.</span> <span class='ocrx_word' id='word_1_518' title='bbox 2135 2935 2217 2988; x_wconf 82' lang='lat' dir='ltr'>Ad</span> <span class='ocrx_word' id='word_1_519' title='bbox 2249 2934 2370 2987; x_wconf 63' lang='lat' dir='ltr'>haec</span> <span class='ocrx_word' id='word_1_520' title='bbox 2403 2935 2460 2987; x_wconf 92' lang='lat' dir='ltr'>in</span> <span class='ocrx_word' id='word_1_521' title='bbox 2492 2937 2824 2990; x_wconf 78' lang='lat' dir='ltr'>Collectario</span> <span class='ocrx_word' id='word_1_522' title='bbox 2866 2937 2968 2988; x_wconf 84' lang='lat' dir='ltr'>huc</span> <span class='ocrx_word' id='word_1_523' title='bbox 2998 2937 3045 2988; x_wconf 89' lang='lat' dir='ltr'>si</span> <span class='ocrx_word' id='word_1_524' title='bbox 3086 2935 3225 3005; x_wconf 93' lang='lat' dir='ltr'>quid</span> <span class='ocrx_word' id='word_1_525' title='bbox 3254 2934 3511 2987; x_wconf 84' lang='lat' dir='ltr'>utilitatis</span> <span class='ocrx_word' id='word_1_526' title='bbox 3543 2936 3637 2987; x_wconf 90' lang='lat' dir='ltr'>in-</span> 
     </span>
    </p>
   </div>
   <div class='ocr_carea' id='block_1_76' title="bbox 1938 3022 3638 3092">
    <p class='ocr_par' dir='ltr' id='par_1_76' title="bbox 1938 3022 3638 3092">
     <span class='ocr_line' id='line_1_76' title="bbox 1938 3022 3638 3092; baseline 0.001 -18"><span class='ocrx_word' id='word_1_527' title='bbox 1938 3022 2183 3090; x_wconf 88' lang='lat' dir='ltr'>veneris,</span> <span class='ocrx_word' id='word_1_528' title='bbox 2213 3023 2313 3076; x_wconf 92' lang='lat' dir='ltr'>Dei</span> <span class='ocrx_word' id='word_1_529' title='bbox 2345 3023 2510 3077; x_wconf 87' lang='lat' dir='ltr'>douis</span> <span class='ocrx_word' id='word_1_530' title='bbox 2541 3023 2779 3076; x_wconf 87' lang='lat' dir='ltr'>ascribe.</span> <span class='ocrx_word' id='word_1_531' title='bbox 2815 3024 2872 3077; x_wconf 90' lang='lat' dir='ltr'>Si</span> <span class='ocrx_word' id='word_1_532' title='bbox 2893 3029 3083 3076; x_wconf 88' lang='lat' dir='ltr'>autem</span> <span class='ocrx_word' id='word_1_533' title='bbox 3115 3024 3253 3092; x_wconf 90' lang='lat' dir='ltr'>quid</span> <span class='ocrx_word' id='word_1_534' title='bbox 3277 3023 3638 3091; x_wconf 83' lang='lat' dir='ltr'>superﬂuita-</span> 
     </span>
    </p>
   </div>
   <div class='ocr_carea' id='block_1_77' title="bbox 1937 3110 3638 3180">
    <p class='ocr_par' dir='ltr' id='par_1_77' title="bbox 1937 3110 3638 3180">
     <span class='ocr_line' id='line_1_77' title="bbox 1937 3110 3638 3180; baseline -0.001 -17"><span class='ocrx_word' id='word_1_535' title='bbox 1937 3110 2030 3177; x_wconf 89' lang='lat' dir='ltr'>tis,</span> <span class='ocrx_word' id='word_1_536' title='bbox 2064 3127 2206 3164; x_wconf 67' lang='lat' dir='ltr'>mete</span> <span class='ocrx_word' id='word_1_537' title='bbox 2237 3111 2582 3180; x_wconf 67' lang='lat' dir='ltr'>insipientia:</span> <span class='ocrx_word' id='word_1_538' title='bbox 2610 3113 2838 3180; x_wconf 69' lang='lat' dir='ltr'>deputa.</span> <span class='ocrx_word' id='word_1_539' title='bbox 2871 3112 3016 3164; x_wconf 88' lang='lat' dir='ltr'>Bene</span> <span class='ocrx_word' id='word_1_540' title='bbox 3051 3112 3254 3172; x_wconf 90' lang='lat' dir='ltr'>valeas,</span> <span class='ocrx_word' id='word_1_541' title='bbox 3292 3116 3345 3163; x_wconf 91' lang='lat' dir='ltr'>et</span> <span class='ocrx_word' id='word_1_542' title='bbox 3378 3110 3436 3162; x_wconf 91' lang='lat' dir='ltr'>in</span> <span class='ocrx_word' id='word_1_543' title='bbox 3466 3110 3638 3163; x_wconf 86' lang='lat' dir='ltr'>sacris</span> 
     </span>
    </p>
   </div>
   <div class='ocr_carea' id='block_1_78' title="bbox 1940 3199 3640 3268">
    <p class='ocr_par' dir='ltr' id='par_1_78' title="bbox 1940 3199 3640 3268">
     <span class='ocr_line' id='line_1_78' title="bbox 1940 3199 3640 3268; baseline -0.001 -17"><span class='ocrx_word' id='word_1_544' title='bbox 1940 3199 2293 3252; x_wconf 89' lang='lat' dir='ltr'>orationibus</span> <span class='ocrx_word' id='word_1_545' title='bbox 2323 3200 2436 3251; x_wconf 88' lang='lat' dir='ltr'>tuis</span> <span class='ocrx_word' id='word_1_546' title='bbox 2469 3199 2580 3251; x_wconf 91' lang='lat' dir='ltr'>mei</span> <span class='ocrx_word' id='word_1_547' title='bbox 2629 3200 2939 3267; x_wconf 80' lang='lat' dir='ltr'>peccatoris</span> <span class='ocrx_word' id='word_1_548' title='bbox 2991 3200 3328 3252; x_wconf 81' lang='lat' dir='ltr'>memoriam</span> <span class='ocrx_word' id='word_1_549' title='bbox 3363 3199 3640 3268; x_wconf 85' lang='lat' dir='ltr'>deprecor</span> 
     </span>
    </p>
   </div>
   <div class='ocr_carea' id='block_1_79' title="bbox 1943 3286 2928 3357">
    <p class='ocr_par' dir='ltr' id='par_1_79' title="bbox 1943 3286 2928 3357">
     <span class='ocr_line' id='line_1_79' title="bbox 1943 3286 2928 3357; baseline -0.003 -17"><span class='ocrx_word' id='word_1_550' title='bbox 1943 3293 2002 3340; x_wconf 91' lang='lat' dir='ltr'>ut</span> <span class='ocrx_word' id='word_1_551' title='bbox 2033 3286 2260 3340; x_wconf 89' lang='lat' dir='ltr'>habeas.</span> <span class='ocrx_word' id='word_1_552' title='bbox 2303 3287 2540 3356; x_wconf 79' lang='lat' dir='ltr'>Explicit</span> <span class='ocrx_word' id='word_1_553' title='bbox 2566 3288 2860 3357; x_wconf 86' lang='lat' dir='ltr'>prologus.</span> <span class='ocrx_word' id='word_1_554' title='bbox 2902 3308 2928 3337; x_wconf 77' lang='grc' dir='ltr'>ι)</span> 
     </span>
    </p>
   </div>
   <div class='ocr_carea' id='block_1_80' title="bbox 2012 3373 3638 3444">
    <p class='ocr_par' dir='ltr' id='par_1_80' title="bbox 2012 3373 3638 3444">
     <span class='ocr_line' id='line_1_80' title="bbox 2012 3373 3638 3444; baseline -0.001 -16"><span class='ocrx_word' id='word_1_555' title='bbox 2012 3379 2063 3429; x_wconf 85' lang='grc'><strong>5.</strong></span> <span class='ocrx_word' id='word_1_556' title='bbox 2093 3376 2154 3427; x_wconf 90' lang='lat' dir='ltr'>In</span> <span class='ocrx_word' id='word_1_557' title='bbox 2184 3376 2288 3427; x_wconf 92' lang='lat' dir='ltr'>hac</span> <span class='ocrx_word' id='word_1_558' title='bbox 2319 3375 2680 3444; x_wconf 66' lang='lat' dir='ltr'>praefatione,</span> <span class='ocrx_word' id='word_1_559' title='bbox 2714 3392 2812 3428; x_wconf 89' lang='lat' dir='ltr'>seu</span> <span class='ocrx_word' id='word_1_560' title='bbox 2844 3376 3084 3444; x_wconf 82' lang='lat' dir='ltr'>epistola</span> <span class='ocrx_word' id='word_1_561' title='bbox 3115 3376 3293 3444; x_wconf 83' lang='lat' dir='ltr'>ipsius</span> <span class='ocrx_word' id='word_1_562' title='bbox 3326 3373 3638 3428; x_wconf 88' lang='lat' dir='ltr'>Burchardi</span> 
     </span>
    </p>
   </div>
   <div class='ocr_carea' id='block_1_81' title="bbox 1942 3463 3638 3532">
    <p class='ocr_par' dir='ltr' id='par_1_81' title="bbox 1942 3463 3638 3532">
     <span class='ocr_line' id='line_1_81' title="bbox 1942 3463 3638 3532; baseline 0.001 -17"><span class='ocrx_word' id='word_1_563' title='bbox 1942 3463 2192 3516; x_wconf 89' lang='lat' dir='ltr'>notanda</span> <span class='ocrx_word' id='word_1_564' title='bbox 2237 3468 2368 3516; x_wconf 91' lang='lat' dir='ltr'>sunt</span> <span class='ocrx_word' id='word_1_565' title='bbox 2398 3463 2566 3516; x_wconf 71' lang='lat' dir='ltr'>verba</span> <span class='ocrx_word' id='word_1_566' title='bbox 2599 3465 2657 3516; x_wconf 79' lang='lat' dir='ltr'>in</span> <span class='ocrx_word' id='word_1_567' title='bbox 2700 3467 2900 3529; x_wconf 75' lang='lat' dir='ltr'>viginti</span> <span class='ocrx_word' id='word_1_568' title='bbox 2929 3465 3092 3517; x_wconf 74' lang='lat' dir='ltr'>libros</span> <span class='ocrx_word' id='word_1_569' title='bbox 3123 3465 3260 3516; x_wconf 80' lang='lat' dir='ltr'>idem</span> <span class='ocrx_word' id='word_1_570' title='bbox 3293 3479 3484 3532; x_wconf 70' lang='lat' dir='ltr'>cur-pus</span> <span class='ocrx_word' id='word_1_571' title='bbox 3515 3464 3638 3517; x_wconf 80' lang='lat' dir='ltr'>dis-</span> 
     </span>
    </p>
   </div>
   <div class='ocr_carea' id='block_1_82' title="bbox 1943 3551 3638 3620">
    <p class='ocr_par' dir='ltr' id='par_1_82' title="bbox 1943 3551 3638 3620">
     <span class='ocr_line' id='line_1_82' title="bbox 1943 3551 3638 3620; baseline 0.001 -17"><span class='ocrx_word' id='word_1_572' title='bbox 1943 3551 2140 3613; x_wconf 79' lang='lat' dir='ltr'>tribui;</span> <span class='ocrx_word' id='word_1_573' title='bbox 2192 3555 2249 3603; x_wconf 93' lang='lat' dir='ltr'>et</span> <span class='ocrx_word' id='word_1_574' title='bbox 2296 3557 2574 3619; x_wconf 67' lang='lat' dir='ltr'>praeterea</span> <span class='ocrx_word' id='word_1_575' title='bbox 2608 3552 2970 3604; x_wconf 86' lang='lat' dir='ltr'>recolendum</span> <span class='ocrx_word' id='word_1_576' title='bbox 3017 3557 3117 3615; x_wconf 85' lang='lat' dir='ltr'>est,</span> <span class='ocrx_word' id='word_1_577' title='bbox 3153 3551 3307 3620; x_wconf 92' lang='lat' dir='ltr'>quod</span> <span class='ocrx_word' id='word_1_578' title='bbox 3353 3555 3516 3603; x_wconf 88' lang='lat' dir='ltr'>antea</span> <span class='ocrx_word' id='word_1_579' title='bbox 3548 3555 3638 3604; x_wconf 89' lang='lat' dir='ltr'>at-</span> 
     </span>
    </p>
   </div>
   <div class='ocr_carea' id='block_1_83' title="bbox 1941 3637 3640 3706">
    <p class='ocr_par' dir='ltr' id='par_1_83' title="bbox 1941 3637 3640 3706">
     <span class='ocr_line' id='line_1_83' title="bbox 1941 3637 3640 3706; baseline -0.001 -16"><span class='ocrx_word' id='word_1_580' title='bbox 1941 3637 2198 3706; x_wconf 90' lang='lat' dir='ltr'>tigimus,</span> <span class='ocrx_word' id='word_1_581' title='bbox 2254 3637 2614 3706; x_wconf 91' lang='lat' dir='ltr'>singulorum</span> <span class='ocrx_word' id='word_1_582' title='bbox 2676 3639 2951 3691; x_wconf 87' lang='lat' dir='ltr'>librorum</span> <span class='ocrx_word' id='word_1_583' title='bbox 3013 3639 3272 3691; x_wconf 87' lang='lat' dir='ltr'>ordinem</span> <span class='ocrx_word' id='word_1_584' title='bbox 3332 3643 3388 3690; x_wconf 91' lang='lat' dir='ltr'>et</span> <span class='ocrx_word' id='word_1_585' title='bbox 3443 3638 3640 3690; x_wconf 87' lang='lat' dir='ltr'>titulos</span> 
     </span>
    </p>
   </div>
   <div class='ocr_carea' id='block_1_84' title="bbox 1943 3725 3640 3793">
    <p class='ocr_par' dir='ltr' id='par_1_84' title="bbox 1943 3725 3640 3793">
     <span class='ocr_line' id='line_1_84' title="bbox 1943 3725 3640 3793; baseline 0 -16"><span class='ocrx_word' id='word_1_586' title='bbox 1943 3725 2127 3778; x_wconf 91' lang='lat' dir='ltr'>eidem</span> <span class='ocrx_word' id='word_1_587' title='bbox 2167 3725 2489 3793; x_wconf 65' lang='lat' dir='ltr'>praefationi</span> <span class='ocrx_word' id='word_1_588' title='bbox 2521 3743 2550 3776; x_wconf 91' lang='lat' dir='ltr'>a</span> <span class='ocrx_word' id='word_1_589' title='bbox 2587 3727 2910 3779; x_wconf 87' lang='lat' dir='ltr'>Burchardo</span> <span class='ocrx_word' id='word_1_590' title='bbox 2942 3727 3115 3779; x_wconf 88' lang='lat' dir='ltr'>fuisse</span> <span class='ocrx_word' id='word_1_591' title='bbox 3162 3731 3422 3792; x_wconf 82' lang='lat' dir='ltr'>insertos,</span> <span class='ocrx_word' id='word_1_592' title='bbox 3475 3731 3538 3778; x_wconf 92' lang='lat' dir='ltr'>ut</span> <span class='ocrx_word' id='word_1_593' title='bbox 3567 3740 3640 3777; x_wconf 91' lang='lat' dir='ltr'>ne</span> 
     </span>
    </p>
   </div>
   <div class='ocr_carea' id='block_1_85' title="bbox 1944 3812 3642 3883">
    <p class='ocr_par' dir='ltr' id='par_1_85' title="bbox 1944 3812 3642 3883">
     <span class='ocr_line' id='line_1_85' title="bbox 1944 3812 3642 3883; baseline -0.002 -16"><span class='ocrx_word' id='word_1_594' title='bbox 1944 3813 2192 3868; x_wconf 90' lang='lat' dir='ltr'>dubitari</span> <span class='ocrx_word' id='word_1_595' title='bbox 2235 3813 2416 3882; x_wconf 92' lang='lat' dir='ltr'>possit</span> <span class='ocrx_word' id='word_1_596' title='bbox 2472 3814 2609 3883; x_wconf 91' lang='lat' dir='ltr'>quin</span> <span class='ocrx_word' id='word_1_597' title='bbox 2660 3815 2878 3866; x_wconf 90' lang='lat' dir='ltr'>editum</span> <span class='ocrx_word' id='word_1_598' title='bbox 2933 3830 3099 3883; x_wconf 92' lang='lat' dir='ltr'>opus,</span> <span class='ocrx_word' id='word_1_599' title='bbox 3157 3813 3311 3883; x_wconf 89' lang='lat' dir='ltr'>quod</span> <span class='ocrx_word' id='word_1_600' title='bbox 3356 3827 3486 3865; x_wconf 90' lang='lat' dir='ltr'>cum</span> <span class='ocrx_word' id='word_1_601' title='bbox 3535 3812 3642 3865; x_wconf 94' lang='lat' dir='ltr'>hoc</span> 
     </span>
    </p>
   </div>
   <div class='ocr_carea' id='block_1_86' title="bbox 1946 3900 3641 3969">
    <p class='ocr_par' dir='ltr' id='par_1_86' title="bbox 1946 3900 3641 3969">
     <span class='ocr_line' id='line_1_86' title="bbox 1946 3900 3641 3969; baseline -0.001 -15"><span class='ocrx_word' id='word_1_602' title='bbox 1946 3901 2221 3954; x_wconf 90' lang='lat' dir='ltr'>librorum</span> <span class='ocrx_word' id='word_1_603' title='bbox 2269 3916 2511 3954; x_wconf 90' lang='lat' dir='ltr'>numero</span> <span class='ocrx_word' id='word_1_604' title='bbox 2543 3907 2600 3954; x_wconf 92' lang='lat' dir='ltr'>et</span> <span class='ocrx_word' id='word_1_605' title='bbox 2629 3917 2757 3954; x_wconf 92' lang='lat' dir='ltr'>cum</span> <span class='ocrx_word' id='word_1_606' title='bbox 2792 3901 2996 3955; x_wconf 87' lang='lat' dir='ltr'>iisdem</span> <span class='ocrx_word' id='word_1_607' title='bbox 3027 3901 3209 3955; x_wconf 90' lang='lat' dir='ltr'>titulis</span> <span class='ocrx_word' id='word_1_608' title='bbox 3240 3906 3410 3969; x_wconf 89' lang='lat' dir='ltr'>atque</span> <span class='ocrx_word' id='word_1_609' title='bbox 3441 3900 3641 3953; x_wconf 90' lang='lat' dir='ltr'>ordine</span> 
     </span>
    </p>
   </div>
   <div class='ocr_carea' id='block_1_87' title="bbox 1943 3989 3642 4059">
    <p class='ocr_par' dir='ltr' id='par_1_87' title="bbox 1943 3989 3642 4059">
     <span class='ocr_line' id='line_1_87' title="bbox 1943 3989 3642 4059; baseline -0.002 -17"><span class='ocrx_word' id='word_1_610' title='bbox 1943 3990 2113 4059; x_wconf 90' lang='lat' dir='ltr'>plane</span> <span class='ocrx_word' id='word_1_611' title='bbox 2159 3989 2483 4054; x_wconf 86' lang='lat' dir='ltr'>concordat,</span> <span class='ocrx_word' id='word_1_612' title='bbox 2541 3991 2932 4044; x_wconf 86' lang='lat' dir='ltr'>Burchardum</span> <span class='ocrx_word' id='word_1_613' title='bbox 2967 3990 3172 4043; x_wconf 84' lang='lat' dir='ltr'>habeat</span> <span class='ocrx_word' id='word_1_614' title='bbox 3211 3995 3524 4043; x_wconf 85' lang='lat' dir='ltr'>auctorem.</span> <span class='ocrx_word' id='word_1_615' title='bbox 3580 3989 3642 4042; x_wconf 89' lang='lat' dir='ltr'>In</span> 
     </span>
    </p>
   </div>
   <div class='ocr_carea' id='block_1_88' title="bbox 136 4077 3638 4166">
    <p class='ocr_par' dir='ltr' id='par_1_88' title="bbox 136 4077 3638 4166">
     <span class='ocr_line' id='line_1_88' title="bbox 136 4077 3638 4166; baseline -0.002 -33"><span class='ocrx_word' id='word_1_616' title='bbox 136 4097 261 4134; x_wconf 91' lang='lat' dir='ltr'>rum</span> <span class='ocrx_word' id='word_1_617' title='bbox 296 4080 634 4144; x_wconf 88' lang='lat' dir='ltr'>medicinas,</span> <span class='ocrx_word' id='word_1_618' title='bbox 664 4083 720 4133; x_wconf 90' lang='lat' dir='ltr'>et</span> <span class='ocrx_word' id='word_1_619' title='bbox 749 4080 911 4133; x_wconf 88' lang='lat' dir='ltr'>docet</span> <span class='ocrx_word' id='word_1_620' title='bbox 953 4093 1428 4148; x_wconf 88' lang='lat' dir='ltr'>unumquemque</span> <span class='ocrx_word' id='word_1_621' title='bbox 1458 4077 1828 4138; x_wconf 85' lang='lat' dir='ltr'>sacerdotem,</span> <span class='ocrx_word' id='word_1_622' title='bbox 1867 4115 1908 4166; x_wconf 67' lang='grc' dir='ltr'><strong>Β</strong></span> <span class='ocrx_word' id='word_1_623' title='bbox 1949 4079 2180 4147; x_wconf 89' lang='lat' dir='ltr'>vulgata</span> <span class='ocrx_word' id='word_1_624' title='bbox 2223 4077 2582 4146; x_wconf 65' lang='lat' dir='ltr'>praefatione,</span> <span class='ocrx_word' id='word_1_625' title='bbox 2616 4077 2747 4131; x_wconf 86' lang='lat' dir='ltr'>licet</span> <span class='ocrx_word' id='word_1_626' title='bbox 2791 4078 2963 4132; x_wconf 90' lang='lat' dir='ltr'>rebus</span> <span class='ocrx_word' id='word_1_627' title='bbox 2995 4077 3256 4147; x_wconf 89' lang='lat' dir='ltr'>pluribus</span> <span class='ocrx_word' id='word_1_628' title='bbox 3291 4077 3638 4144; x_wconf 88' lang='lat' dir='ltr'>discrepans,</span> 
     </span>
    </p>
   </div>
   <div class='ocr_carea' id='block_1_89' title="bbox 137 4165 1835 4237">
    <p class='ocr_par' dir='ltr' id='par_1_89' title="bbox 137 4165 1835 4237">
     <span class='ocr_line' id='line_1_89' title="bbox 137 4165 1835 4237; baseline -0.002 -15"><span class='ocrx_word' id='word_1_629' title='bbox 137 4170 310 4222; x_wconf 88' lang='lat' dir='ltr'>etiam</span> <span class='ocrx_word' id='word_1_630' title='bbox 363 4167 705 4237; x_wconf 90' lang='lat' dir='ltr'>simplicem,</span> <span class='ocrx_word' id='word_1_631' title='bbox 758 4167 1049 4237; x_wconf 92' lang='lat' dir='ltr'>quomodo</span> <span class='ocrx_word' id='word_1_632' title='bbox 1093 4166 1181 4219; x_wconf 93' lang='lat' dir='ltr'>vel</span> <span class='ocrx_word' id='word_1_633' title='bbox 1226 4165 1473 4236; x_wconf 87' lang='lat' dir='ltr'>qualiter</span> <span class='ocrx_word' id='word_1_634' title='bbox 1525 4165 1835 4234; x_wconf 89' lang='lat' dir='ltr'>unicuique</span> 
     </span>
    </p>
   </div>
   <div class='ocr_carea' id='block_1_90' title="bbox 139 4253 1836 4323">
    <p class='ocr_par' dir='ltr' id='par_1_90' title="bbox 139 4253 1836 4323">
     <span class='ocr_line' id='line_1_90' title="bbox 139 4253 1836 4323; baseline -0.003 -13"><span class='ocrx_word' id='word_1_635' title='bbox 139 4271 474 4310; x_wconf 89' lang='lat' dir='ltr'>succurrere</span> <span class='ocrx_word' id='word_1_636' title='bbox 505 4256 710 4320; x_wconf 85' lang='lat' dir='ltr'>valeat,</span> <span class='ocrx_word' id='word_1_637' title='bbox 745 4255 1008 4309; x_wconf 77' lang='lat' dir='ltr'>ordinato</span> <span class='ocrx_word' id='word_1_638' title='bbox 1041 4255 1127 4307; x_wconf 89' lang='lat' dir='ltr'>vel</span> <span class='ocrx_word' id='word_1_639' title='bbox 1160 4253 1280 4307; x_wconf 88' lang='lat' dir='ltr'>sine</span> <span class='ocrx_word' id='word_1_640' title='bbox 1313 4253 1533 4318; x_wconf 91' lang='lat' dir='ltr'>ordine,</span> <span class='ocrx_word' id='word_1_641' title='bbox 1574 4257 1836 4323; x_wconf 88' lang='lat' dir='ltr'>pauperi,</span> 
     </span>
    </p>
   </div>
   <div class='ocr_carea' id='block_1_91' title="bbox 140 4341 1838 4414">
    <p class='ocr_par' dir='ltr' id='par_1_91' title="bbox 140 4341 1838 4414">
     <span class='ocr_line' id='line_1_91' title="bbox 140 4341 1838 4414; baseline -0.002 -17"><span class='ocrx_word' id='word_1_642' title='bbox 140 4344 323 4408; x_wconf 85' lang='lat' dir='ltr'>diviti,</span> <span class='ocrx_word' id='word_1_643' title='bbox 372 4360 569 4414; x_wconf 89' lang='lat' dir='ltr'>puero,</span> <span class='ocrx_word' id='word_1_644' title='bbox 600 4343 821 4413; x_wconf 87' lang='lat' dir='ltr'>juveni,</span> <span class='ocrx_word' id='word_1_645' title='bbox 853 4343 998 4408; x_wconf 91' lang='lat' dir='ltr'>seni,</span> <span class='ocrx_word' id='word_1_646' title='bbox 1045 4341 1354 4412; x_wconf 90' lang='lat' dir='ltr'>decrepito,</span> <span class='ocrx_word' id='word_1_647' title='bbox 1384 4358 1543 4408; x_wconf 89' lang='lat' dir='ltr'>sano,</span> <span class='ocrx_word' id='word_1_648' title='bbox 1588 4341 1838 4406; x_wconf 90' lang='lat' dir='ltr'>inﬁrmo,</span> 
     </span>
    </p>
   </div>
   <div class='ocr_carea' id='block_1_92' title="bbox 141 4431 1164 4501">
    <p class='ocr_par' dir='ltr' id='par_1_92' title="bbox 141 4431 1164 4501">
     <span class='ocr_line' id='line_1_92' title="bbox 141 4431 1164 4501; baseline -0.001 -16"><span class='ocrx_word' id='word_1_649' title='bbox 141 4433 193 4485; x_wconf 89' lang='lat' dir='ltr'>in</span> <span class='ocrx_word' id='word_1_650' title='bbox 226 4433 395 4486; x_wconf 88' lang='lat' dir='ltr'>omni</span> <span class='ocrx_word' id='word_1_651' title='bbox 426 4436 614 4498; x_wconf 57' lang='lat' dir='ltr'>astate,</span> <span class='ocrx_word' id='word_1_652' title='bbox 645 4431 705 4485; x_wconf 92' lang='lat' dir='ltr'>in</span> <span class='ocrx_word' id='word_1_653' title='bbox 731 4435 976 4501; x_wconf 88' lang='lat' dir='ltr'>utroque</span> <span class='ocrx_word' id='word_1_654' title='bbox 1009 4447 1164 4484; x_wconf 86' lang='lat' dir='ltr'>sexu.</span> 
     </span>
    </p>
   </div>
   <div class='ocr_carea' id='block_1_93' title="bbox 206 4520 1842 4590">
    <p class='ocr_par' dir='ltr' id='par_1_93' title="bbox 206 4520 1842 4590">
     <span class='ocr_line' id='line_1_93' title="bbox 206 4520 1842 4590; baseline 0 -19"><span class='ocrx_word' id='word_1_655' title='bbox 206 4541 234 4571; x_wconf 73' lang='grc' dir='ltr'>ιι</span> <span class='ocrx_word' id='word_1_656' title='bbox 283 4520 608 4590; x_wconf 86' lang='lat' dir='ltr'>Vigesimus</span> <span class='ocrx_word' id='word_1_657' title='bbox 656 4520 803 4574; x_wconf 87' lang='lat' dir='ltr'>liber</span> <span class='ocrx_word' id='word_1_658' title='bbox 847 4521 1287 4589; x_wconf 79' lang='lat' dir='ltr'>Speculationum</span> <span class='ocrx_word' id='word_1_659' title='bbox 1335 4523 1610 4573; x_wconf 89' lang='lat' dir='ltr'>vocatur:</span> <span class='ocrx_word' id='word_1_660' title='bbox 1643 4534 1842 4588; x_wconf 86' lang='lat' dir='ltr'>specu-</span> 
     </span>
    </p>
   </div>
   <div class='ocr_carea' id='block_1_94' title="bbox 139 4606 1842 4676">
    <p class='ocr_par' dir='ltr' id='par_1_94' title="bbox 139 4606 1842 4676">
     <span class='ocr_line' id='line_1_94' title="bbox 139 4606 1842 4676; baseline -0.001 -16"><span class='ocrx_word' id='word_1_661' title='bbox 139 4609 295 4662; x_wconf 87' lang='lat' dir='ltr'>latur</span> <span class='ocrx_word' id='word_1_662' title='bbox 324 4609 482 4662; x_wconf 92' lang='lat' dir='ltr'>enim</span> <span class='ocrx_word' id='word_1_663' title='bbox 514 4608 584 4661; x_wconf 88' lang='lat' dir='ltr'>de</span> <span class='ocrx_word' id='word_1_664' title='bbox 634 4607 998 4662; x_wconf 90' lang='lat' dir='ltr'>Providentia</span> <span class='ocrx_word' id='word_1_665' title='bbox 1030 4611 1086 4661; x_wconf 91' lang='lat' dir='ltr'>et</span> <span class='ocrx_word' id='word_1_666' title='bbox 1115 4607 1183 4660; x_wconf 92' lang='lat' dir='ltr'>de</span> <span class='ocrx_word' id='word_1_667' title='bbox 1226 4606 1730 4676; x_wconf 73' lang='lat' dir='ltr'>prmdestinatione</span> <span class='ocrx_word' id='word_1_668' title='bbox 1759 4606 1842 4660; x_wconf 89' lang='lat' dir='ltr'>di-</span> 
     </span>
    </p>
   </div>
   <div class='ocr_carea' id='block_1_95' title="bbox 139 4694 1843 4764">
    <p class='ocr_par' dir='ltr' id='par_1_95' title="bbox 139 4694 1843 4764">
     <span class='ocr_line' id='line_1_95' title="bbox 139 4694 1843 4764; baseline 0.001 -18"><span class='ocrx_word' id='word_1_669' title='bbox 139 4695 292 4757; x_wconf 86' lang='lat' dir='ltr'>vina,</span> <span class='ocrx_word' id='word_1_670' title='bbox 327 4699 388 4748; x_wconf 91' lang='lat' dir='ltr'>et</span> <span class='ocrx_word' id='word_1_671' title='bbox 417 4695 486 4748; x_wconf 91' lang='lat' dir='ltr'>de</span> <span class='ocrx_word' id='word_1_672' title='bbox 527 4695 773 4748; x_wconf 88' lang='lat' dir='ltr'>adventu</span> <span class='ocrx_word' id='word_1_673' title='bbox 802 4694 1158 4761; x_wconf 85' lang='lat' dir='ltr'>Antichristi,</span> <span class='ocrx_word' id='word_1_674' title='bbox 1188 4695 1256 4750; x_wconf 92' lang='lat' dir='ltr'>de</span> <span class='ocrx_word' id='word_1_675' title='bbox 1300 4694 1419 4763; x_wconf 91' lang='lat' dir='ltr'>ejus</span> <span class='ocrx_word' id='word_1_676' title='bbox 1450 4695 1736 4764; x_wconf 87' lang='lat' dir='ltr'>operibus,</span> <span class='ocrx_word' id='word_1_677' title='bbox 1775 4694 1843 4747; x_wconf 91' lang='lat' dir='ltr'>de</span> 
     </span>
    </p>
   </div>
   <div class='ocr_carea' id='block_1_96' title="bbox 139 4781 1844 4853">
    <p class='ocr_par' dir='ltr' id='par_1_96' title="bbox 139 4781 1844 4853">
     <span class='ocr_line' id='line_1_96' title="bbox 139 4781 1844 4853; baseline 0 -19"><span class='ocrx_word' id='word_1_678' title='bbox 139 4782 582 4846; x_wconf 88' lang='lat' dir='ltr'>resurrectione,</span> <span class='ocrx_word' id='word_1_679' title='bbox 628 4783 697 4837; x_wconf 90' lang='lat' dir='ltr'>de</span> <span class='ocrx_word' id='word_1_680' title='bbox 741 4783 834 4837; x_wconf 91' lang='lat' dir='ltr'>die</span> <span class='ocrx_word' id='word_1_681' title='bbox 876 4783 1098 4852; x_wconf 90' lang='lat' dir='ltr'>judieii,</span> <span class='ocrx_word' id='word_1_682' title='bbox 1131 4783 1200 4836; x_wconf 92' lang='lat' dir='ltr'>de</span> <span class='ocrx_word' id='word_1_683' title='bbox 1231 4783 1608 4837; x_wconf 85' lang='lat' dir='ltr'>infernalibus</span> <span class='ocrx_word' id='word_1_684' title='bbox 1639 4781 1844 4853; x_wconf 89' lang='lat' dir='ltr'>poenis,</span> 
     </span>
    </p>
   </div>
   <div class='ocr_carea' id='block_1_97' title="bbox 141 4869 1002 4940">
    <p class='ocr_par' dir='ltr' id='par_1_97' title="bbox 141 4869 1002 4940">
     <span class='ocr_line' id='line_1_97' title="bbox 141 4869 1002 4940; baseline 0 -16"><span class='ocrx_word' id='word_1_685' title='bbox 141 4871 205 4924; x_wconf 87' lang='lat' dir='ltr'>de</span> <span class='ocrx_word' id='word_1_686' title='bbox 231 4869 505 4924; x_wconf 87' lang='lat' dir='ltr'>felicitate</span> <span class='ocrx_word' id='word_1_687' title='bbox 534 4871 827 4940; x_wconf 81' lang='lat' dir='ltr'>perpetuae</span> <span class='ocrx_word' id='word_1_688' title='bbox 856 4871 1002 4924; x_wconf 87' lang='lat' dir='ltr'>vitae.</span> 
     </span>
    </p>
   </div>
   <div class='ocr_carea' id='block_1_98' title="bbox 212 4958 1847 5028">
    <p class='ocr_par' dir='ltr' id='par_1_98' title="bbox 212 4958 1847 5028">
     <span class='ocr_line' id='line_1_98' title="bbox 212 4958 1847 5028; baseline -0.002 -16"><span class='ocrx_word' id='word_1_689' title='bbox 212 4980 233 5006; x_wconf 77' lang='grc' dir='ltr'>ι</span> <span class='ocrx_word' id='word_1_690' title='bbox 285 4958 469 5024; x_wconf 89' lang='lat' dir='ltr'>Unde,</span> <span class='ocrx_word' id='word_1_691' title='bbox 519 4959 714 5025; x_wconf 88' lang='lat' dir='ltr'>frater,</span> <span class='ocrx_word' id='word_1_692' title='bbox 765 4959 810 5011; x_wconf 89' lang='lat' dir='ltr'>si</span> <span class='ocrx_word' id='word_1_693' title='bbox 861 4958 1190 5028; x_wconf 88' lang='lat' dir='ltr'>regentibus</span> <span class='ocrx_word' id='word_1_694' title='bbox 1238 4958 1434 5028; x_wconf 88' lang='lat' dir='ltr'>plebes</span> <span class='ocrx_word' id='word_1_695' title='bbox 1483 4975 1612 5011; x_wconf 89' lang='lat' dir='ltr'>suas</span> <span class='ocrx_word' id='word_1_696' title='bbox 1668 4974 1732 5012; x_wconf 84' lang='lat' dir='ltr'>ex</span> <span class='ocrx_word' id='word_1_697' title='bbox 1761 4958 1847 5011; x_wconf 87' lang='lat' dir='ltr'>his</span> 
     </span>
    </p>
   </div>
   <div class='ocr_carea' id='block_1_99' title="bbox 143 5046 1850 5117">
    <p class='ocr_par' dir='ltr' id='par_1_99' title="bbox 143 5046 1850 5117">
     <span class='ocr_line' id='line_1_99' title="bbox 143 5046 1850 5117; baseline 0 -19"><span class='ocrx_word' id='word_1_698' title='bbox 143 5046 414 5099; x_wconf 88' lang='lat' dir='ltr'>omnibus</span> <span class='ocrx_word' id='word_1_699' title='bbox 459 5062 640 5100; x_wconf 91' lang='lat' dir='ltr'>unum</span> <span class='ocrx_word' id='word_1_700' title='bbox 687 5046 952 5114; x_wconf 86' lang='lat' dir='ltr'>defuerit,</span> <span class='ocrx_word' id='word_1_701' title='bbox 1003 5046 1294 5117; x_wconf 90' lang='lat' dir='ltr'>quomodo</span> <span class='ocrx_word' id='word_1_702' title='bbox 1337 5063 1431 5099; x_wconf 90' lang='lat' dir='ltr'>eas</span> <span class='ocrx_word' id='word_1_703' title='bbox 1482 5046 1764 5099; x_wconf 90' lang='lat' dir='ltr'>instruere</span> <span class='ocrx_word' id='word_1_704' title='bbox 1795 5051 1850 5098; x_wconf 91' lang='lat' dir='ltr'>et</span> 
     </span>
    </p>
   </div>
   <div class='ocr_carea' id='block_1_100' title="bbox 147 5133 1849 5203">
    <p class='ocr_par' dir='ltr' id='par_1_100' title="bbox 147 5133 1849 5203">
     <span class='ocr_line' id='line_1_100' title="bbox 147 5133 1849 5203; baseline -0.001 -16"><span class='ocrx_word' id='word_1_705' title='bbox 147 5137 350 5188; x_wconf 88' lang='lat' dir='ltr'>docere</span> <span class='ocrx_word' id='word_1_706' title='bbox 381 5134 702 5203; x_wconf 84' lang='lat' dir='ltr'>poterunt?</span> <span class='ocrx_word' id='word_1_707' title='bbox 731 5134 916 5188; x_wconf 90' lang='lat' dir='ltr'>Etiam</span> <span class='ocrx_word' id='word_1_708' title='bbox 962 5134 1269 5188; x_wconf 89' lang='lat' dir='ltr'>sacerdotis</span> <span class='ocrx_word' id='word_1_709' title='bbox 1299 5150 1513 5188; x_wconf 89' lang='lat' dir='ltr'>nomen</span> <span class='ocrx_word' id='word_1_710' title='bbox 1559 5133 1654 5188; x_wconf 85' lang='lat' dir='ltr'>vix</span> <span class='ocrx_word' id='word_1_711' title='bbox 1680 5134 1739 5187; x_wconf 90' lang='lat' dir='ltr'>in</span> <span class='ocrx_word' id='word_1_712' title='bbox 1770 5134 1849 5187; x_wconf 89' lang='lat' dir='ltr'>eis</span> 
     </span>
    </p>
   </div>
   <div class='ocr_carea' id='block_1_101' title="bbox 145 5222 1849 5293">
    <p class='ocr_par' dir='ltr' id='par_1_101' title="bbox 145 5222 1849 5293">
     <span class='ocr_line' id='line_1_101' title="bbox 145 5222 1849 5293; baseline 0 -17"><span class='ocrx_word' id='word_1_713' title='bbox 145 5223 452 5288; x_wconf 88' lang='lat' dir='ltr'>constabit,</span> <span class='ocrx_word' id='word_1_714' title='bbox 513 5223 648 5293; x_wconf 92' lang='lat' dir='ltr'>quia</span> <span class='ocrx_word' id='word_1_715' title='bbox 701 5223 864 5277; x_wconf 86' lang='lat' dir='ltr'>valde</span> <span class='ocrx_word' id='word_1_716' title='bbox 929 5222 1264 5293; x_wconf 59' lang='lat' dir='ltr'>periculosas</span> <span class='ocrx_word' id='word_1_717' title='bbox 1318 5227 1451 5276; x_wconf 92' lang='lat' dir='ltr'>sunt</span> <span class='ocrx_word' id='word_1_718' title='bbox 1507 5223 1849 5292; x_wconf 66' lang='lat' dir='ltr'>evangelica:</span> 
     </span>
    </p>
   </div>
   <div class='ocr_carea' id='block_1_102' title="bbox 148 5311 1852 5380">
    <p class='ocr_par' dir='ltr' id='par_1_102' title="bbox 148 5311 1852 5380">
     <span class='ocr_line' id='line_1_102' title="bbox 148 5311 1852 5380; baseline 0.001 -17"><span class='ocrx_word' id='word_1_719' title='bbox 148 5312 342 5375; x_wconf 64' lang='lat' dir='ltr'>minae,</span> <span class='ocrx_word' id='word_1_720' title='bbox 381 5311 589 5380; x_wconf 87' lang='lat' dir='ltr'>quibus</span> <span class='ocrx_word' id='word_1_721' title='bbox 638 5311 846 5364; x_wconf 89' lang='lat' dir='ltr'>dicitur</span> <span class='ocrx_word' id='word_1_722' title='bbox 879 5327 892 5364; x_wconf 90' lang='lat'><strong>:</strong></span> <span class='ocrx_word' id='word_1_723' title='bbox 927 5312 988 5367; x_wconf 76' lang='lat' dir='ltr'>Si</span> <span class='ocrx_word' id='word_1_724' title='bbox 1032 5326 1197 5366; x_wconf 66' lang='lat' dir='ltr'>caecus</span> <span class='ocrx_word' id='word_1_725' title='bbox 1243 5327 1373 5366; x_wconf 68' lang='lat' dir='ltr'>czco</span> <span class='ocrx_word' id='word_1_726' title='bbox 1413 5311 1670 5365; x_wconf 88' lang='lat' dir='ltr'>ducatum</span> <span class='ocrx_word' id='word_1_727' title='bbox 1705 5327 1852 5380; x_wconf 76' lang='lat' dir='ltr'>pra:-</span> 
     </span>
    </p>
   </div>
   <div class='ocr_carea' id='block_1_103' title="bbox 152 5399 1852 5470">
    <p class='ocr_par' dir='ltr' id='par_1_103' title="bbox 152 5399 1852 5470">
     <span class='ocr_line' id='line_1_103' title="bbox 152 5399 1852 5470; baseline 0 -18"><span class='ocrx_word' id='word_1_728' title='bbox 152 5405 272 5462; x_wconf 72' lang='lat' dir='ltr'>stet,</span> <span class='ocrx_word' id='word_1_729' title='bbox 308 5401 468 5451; x_wconf 83' lang='lat' dir='ltr'>ambo</span> <span class='ocrx_word' id='word_1_730' title='bbox 498 5402 556 5451; x_wconf 83' lang='lat' dir='ltr'>in</span> <span class='ocrx_word' id='word_1_731' title='bbox 583 5401 794 5464; x_wconf 83' lang='lat' dir='ltr'>foveam</span> <span class='ocrx_word' id='word_1_732' title='bbox 826 5400 1049 5454; x_wconf 81' lang='lat' dir='ltr'>cadunt.</span> <span class='ocrx_word' id='word_1_733' title='bbox 1081 5401 1238 5464; x_wconf 77' lang='lat' dir='ltr'>Quod</span> <span class='ocrx_word' id='word_1_734' title='bbox 1273 5401 1315 5452; x_wconf 92' lang='lat' dir='ltr'>si</span> <span class='ocrx_word' id='word_1_735' title='bbox 1349 5404 1429 5452; x_wconf 87' lang='lat' dir='ltr'>est</span> <span class='ocrx_word' id='word_1_736' title='bbox 1469 5399 1674 5470; x_wconf 84' lang='lat' dir='ltr'>aliquis</span> <span class='ocrx_word' id='word_1_737' title='bbox 1714 5400 1852 5452; x_wconf 90' lang='lat' dir='ltr'>invi-</span> 
     </span>
    </p>
   </div>
   <div class='ocr_carea' id='block_1_104' title="bbox 1951 4164 3642 4228">
    <p class='ocr_par' dir='ltr' id='par_1_104' title="bbox 1951 4164 3642 4228">
     <span class='ocr_line' id='line_1_104' title="bbox 1951 4164 3642 4228; baseline -0.002 -9"><span class='ocrx_word' id='word_1_738' title='bbox 1951 4166 2100 4219; x_wconf 90' lang='lat' dir='ltr'>idem</span> <span class='ocrx_word' id='word_1_739' title='bbox 2127 4165 2408 4228; x_wconf 87' lang='lat' dir='ltr'>librorum</span> <span class='ocrx_word' id='word_1_740' title='bbox 2436 4182 2709 4219; x_wconf 90' lang='lat' dir='ltr'>numerus</span> <span class='ocrx_word' id='word_1_741' title='bbox 2739 4166 3050 4220; x_wconf 89' lang='lat' dir='ltr'>indicatur.</span> <span class='ocrx_word' id='word_1_742' title='bbox 3087 4170 3158 4219; x_wconf 87' lang='lat' dir='ltr'>At</span> <span class='ocrx_word' id='word_1_743' title='bbox 3186 4165 3328 4219; x_wconf 92' lang='lat' dir='ltr'>ordo</span> <span class='ocrx_word' id='word_1_744' title='bbox 3357 4164 3642 4226; x_wconf 87' lang='lat' dir='ltr'>diversus;</span> 
     </span>
    </p>
   </div>
   <div class='ocr_carea' id='block_1_105' title="bbox 1951 4251 3647 4324">
    <p class='ocr_par' dir='ltr' id='par_1_105' title="bbox 1951 4251 3647 4324">
     <span class='ocr_line' id='line_1_105' title="bbox 1951 4251 3647 4324; baseline -0.002 -17"><span class='ocrx_word' id='word_1_745' title='bbox 1951 4259 2006 4307; x_wconf 91' lang='lat' dir='ltr'>et</span> <span class='ocrx_word' id='word_1_746' title='bbox 2046 4253 2305 4323; x_wconf 60' lang='lat' dir='ltr'>quaedam</span> <span class='ocrx_word' id='word_1_747' title='bbox 2354 4255 2650 4323; x_wconf 66' lang='lat' dir='ltr'>particulae</span> <span class='ocrx_word' id='word_1_748' title='bbox 2682 4255 2761 4308; x_wconf 90' lang='lat' dir='ltr'>ita</span> <span class='ocrx_word' id='word_1_749' title='bbox 2794 4255 2862 4309; x_wconf 91' lang='lat' dir='ltr'>ab</span> <span class='ocrx_word' id='word_1_750' title='bbox 2911 4256 3109 4308; x_wconf 88' lang='lat' dir='ltr'>eadem</span> <span class='ocrx_word' id='word_1_751' title='bbox 3155 4253 3493 4324; x_wconf 63' lang='lat' dir='ltr'>praefatione</span> <span class='ocrx_word' id='word_1_752' title='bbox 3525 4251 3647 4306; x_wconf 81' lang='lat' dir='ltr'>dis—</span> 
     </span>
    </p>
   </div>
   <div class='ocr_carea' id='block_1_106' title="bbox 1952 4341 3645 4412">
    <p class='ocr_par' dir='ltr' id='par_1_106' title="bbox 1952 4341 3645 4412">
     <span class='ocr_line' id='line_1_106' title="bbox 1952 4341 3645 4412; baseline -0.001 -17"><span class='ocrx_word' id='word_1_753' title='bbox 1952 4347 2116 4396; x_wconf 63' lang='lat' dir='ltr'>secta:</span> <span class='ocrx_word' id='word_1_754' title='bbox 2147 4347 2283 4394; x_wconf 91' lang='lat' dir='ltr'>sunt</span> <span class='ocrx_word' id='word_1_755' title='bbox 2313 4347 2370 4395; x_wconf 91' lang='lat' dir='ltr'>et</span> <span class='ocrx_word' id='word_1_756' title='bbox 2399 4342 2459 4394; x_wconf 93' lang='lat' dir='ltr'>iu</span> <span class='ocrx_word' id='word_1_757' title='bbox 2480 4345 2692 4396; x_wconf 91' lang='lat' dir='ltr'>calcem</span> <span class='ocrx_word' id='word_1_758' title='bbox 2723 4345 2970 4412; x_wconf 74' lang='lat' dir='ltr'>rejectae,</span> <span class='ocrx_word' id='word_1_759' title='bbox 3006 4348 3067 4395; x_wconf 90' lang='lat' dir='ltr'>ut</span> <span class='ocrx_word' id='word_1_760' title='bbox 3091 4359 3202 4395; x_wconf 93' lang='lat' dir='ltr'>non</span> <span class='ocrx_word' id='word_1_761' title='bbox 3233 4359 3266 4395; x_wconf 92' lang='lat' dir='ltr'>a</span> <span class='ocrx_word' id='word_1_762' title='bbox 3299 4341 3645 4404; x_wconf 89' lang='lat' dir='ltr'>Burchardo,</span> 
     </span>
    </p>
   </div>
   <div class='ocr_carea' id='block_1_107' title="bbox 1953 4429 3647 4502">
    <p class='ocr_par' dir='ltr' id='par_1_107' title="bbox 1953 4429 3647 4502">
     <span class='ocr_line' id='line_1_107' title="bbox 1953 4429 3647 4502; baseline -0.002 -18"><span class='ocrx_word' id='word_1_763' title='bbox 1953 4431 2048 4485; x_wconf 91' lang='lat' dir='ltr'>sed</span> <span class='ocrx_word' id='word_1_764' title='bbox 2077 4431 2146 4484; x_wconf 88' lang='lat' dir='ltr'>ab</span> <span class='ocrx_word' id='word_1_765' title='bbox 2180 4429 2288 4483; x_wconf 90' lang='lat' dir='ltr'>alio</span> <span class='ocrx_word' id='word_1_766' title='bbox 2323 4432 2658 4501; x_wconf 73' lang='lat' dir='ltr'>conscriptae</span> <span class='ocrx_word' id='word_1_767' title='bbox 2691 4438 2744 4485; x_wconf 92' lang='lat' dir='ltr'>et</span> <span class='ocrx_word' id='word_1_768' title='bbox 2774 4433 3008 4502; x_wconf 67' lang='lat' dir='ltr'>adjecta:</span> <span class='ocrx_word' id='word_1_769' title='bbox 3043 4431 3221 4485; x_wconf 90' lang='lat' dir='ltr'>videri</span> <span class='ocrx_word' id='word_1_770' title='bbox 3253 4431 3490 4501; x_wconf 87' lang='lat' dir='ltr'>possint.</span> <span class='ocrx_word' id='word_1_771' title='bbox 3525 4431 3647 4482; x_wconf 85' lang='lat' dir='ltr'>Non</span> 
     </span>
    </p>
   </div>
   <div class='ocr_carea' id='block_1_108' title="bbox 1953 4517 3648 4590">
    <p class='ocr_par' dir='ltr' id='par_1_108' title="bbox 1953 4517 3648 4590">
     <span class='ocr_line' id='line_1_108' title="bbox 1953 4517 3648 4590; baseline -0.002 -18"><span class='ocrx_word' id='word_1_772' title='bbox 1953 4519 2134 4572; x_wconf 91' lang='lat' dir='ltr'>solum</span> <span class='ocrx_word' id='word_1_773' title='bbox 2167 4517 2322 4572; x_wconf 91' lang='lat' dir='ltr'>enim</span> <span class='ocrx_word' id='word_1_774' title='bbox 2357 4518 2524 4572; x_wconf 85' lang='lat' dir='ltr'>index</span> <span class='ocrx_word' id='word_1_775' title='bbox 2559 4520 2856 4573; x_wconf 90' lang='lat' dir='ltr'>titulorum</span> <span class='ocrx_word' id='word_1_776' title='bbox 2888 4521 3166 4590; x_wconf 89' lang='lat' dir='ltr'>cujusque</span> <span class='ocrx_word' id='word_1_777' title='bbox 3197 4519 3330 4572; x_wconf 88' lang='lat' dir='ltr'>libri</span> <span class='ocrx_word' id='word_1_778' title='bbox 3361 4519 3421 4571; x_wconf 92' lang='lat' dir='ltr'>in</span> <span class='ocrx_word' id='word_1_779' title='bbox 3449 4518 3648 4586; x_wconf 89' lang='lat' dir='ltr'>vulga-</span> 
     </span>
    </p>
   </div>
   <div class='ocr_carea' id='block_1_109' title="bbox 1953 4602 3652 4675">
    <p class='ocr_par' dir='ltr' id='par_1_109' title="bbox 1953 4602 3652 4675">
     <span class='ocr_line' id='line_1_109' title="bbox 1953 4602 3652 4675; baseline -0.003 -15"><span class='ocrx_word' id='word_1_780' title='bbox 1953 4608 2024 4660; x_wconf 91' lang='lat' dir='ltr'>tis</span> <span class='ocrx_word' id='word_1_781' title='bbox 2073 4622 2104 4658; x_wconf 91' lang='lat' dir='ltr'>a</span> <span class='ocrx_word' id='word_1_782' title='bbox 2151 4605 2484 4675; x_wconf 65' lang='lat' dir='ltr'>praefatione</span> <span class='ocrx_word' id='word_1_783' title='bbox 2543 4607 2842 4660; x_wconf 88' lang='lat' dir='ltr'>distractus</span> <span class='ocrx_word' id='word_1_784' title='bbox 2896 4612 3002 4670; x_wconf 91' lang='lat' dir='ltr'>est,</span> <span class='ocrx_word' id='word_1_785' title='bbox 3062 4623 3262 4660; x_wconf 90' lang='lat' dir='ltr'>verum</span> <span class='ocrx_word' id='word_1_786' title='bbox 3312 4606 3484 4660; x_wconf 90' lang='lat' dir='ltr'>etiam</span> <span class='ocrx_word' id='word_1_787' title='bbox 3542 4602 3652 4673; x_wconf 92' lang='lat' dir='ltr'>ipsi</span> 
     </span>
    </p>
   </div>
   <div class='ocr_carea' id='block_1_110' title="bbox 1953 4694 3650 4766">
    <p class='ocr_par' dir='ltr' id='par_1_110' title="bbox 1953 4694 3650 4766">
     <span class='ocr_line' id='line_1_110' title="bbox 1953 4694 3650 4766; baseline -0.001 -18"><span class='ocrx_word' id='word_1_788' title='bbox 1953 4694 2325 4766; x_wconf 68' lang='lat' dir='ltr'>prtemittitur</span> <span class='ocrx_word' id='word_1_789' title='bbox 2372 4700 2672 4748; x_wconf 89' lang='lat' dir='ltr'>auctorum</span> <span class='ocrx_word' id='word_1_790' title='bbox 2719 4710 2781 4751; x_wconf 83' lang='lat' dir='ltr'>ex</span> <span class='ocrx_word' id='word_1_791' title='bbox 2833 4695 3040 4765; x_wconf 89' lang='lat' dir='ltr'>quibus</span> <span class='ocrx_word' id='word_1_792' title='bbox 3088 4696 3448 4750; x_wconf 89' lang='lat' dir='ltr'>Burchardus</span> <span class='ocrx_word' id='word_1_793' title='bbox 3479 4710 3650 4747; x_wconf 86' lang='lat' dir='ltr'>cano-</span> 
     </span>
    </p>
   </div>
   <div class='ocr_carea' id='block_1_111' title="bbox 1955 4782 3654 4852">
    <p class='ocr_par' dir='ltr' id='par_1_111' title="bbox 1955 4782 3654 4852">
     <span class='ocr_line' id='line_1_111' title="bbox 1955 4782 3654 4852; baseline -0.002 -16"><span class='ocrx_word' id='word_1_794' title='bbox 1955 4799 2056 4836; x_wconf 89' lang='lat' dir='ltr'>nes</span> <span class='ocrx_word' id='word_1_795' title='bbox 2101 4783 2410 4848; x_wconf 89' lang='lat' dir='ltr'>derivavit;</span> <span class='ocrx_word' id='word_1_796' title='bbox 2467 4783 2775 4852; x_wconf 85' lang='lat' dir='ltr'>catalogus,</span> <span class='ocrx_word' id='word_1_797' title='bbox 2828 4783 2898 4836; x_wconf 91' lang='lat' dir='ltr'>ab</span> <span class='ocrx_word' id='word_1_798' title='bbox 2941 4783 3139 4835; x_wconf 90' lang='lat' dir='ltr'>eadem</span> <span class='ocrx_word' id='word_1_799' title='bbox 3190 4782 3525 4851; x_wconf 71' lang='lat' dir='ltr'>prazfatione</span> <span class='ocrx_word' id='word_1_800' title='bbox 3558 4796 3654 4850; x_wconf 89' lang='lat' dir='ltr'>pa-</span> 
     </span>
    </p>
   </div>
   <div class='ocr_carea' id='block_1_112' title="bbox 1956 4867 3653 4941">
    <p class='ocr_par' dir='ltr' id='par_1_112' title="bbox 1956 4867 3653 4941">
     <span class='ocr_line' id='line_1_112' title="bbox 1956 4867 3653 4941; baseline -0.002 -18"><span class='ocrx_word' id='word_1_801' title='bbox 1956 4870 2094 4924; x_wconf 89' lang='lat' dir='ltr'>riter</span> <span class='ocrx_word' id='word_1_802' title='bbox 2126 4871 2378 4924; x_wconf 89' lang='lat' dir='ltr'>divulsus</span> <span class='ocrx_word' id='word_1_803' title='bbox 2407 4885 2537 4923; x_wconf 92' lang='lat' dir='ltr'>cum</span> <span class='ocrx_word' id='word_1_804' title='bbox 2568 4871 2673 4923; x_wconf 88' lang='lat' dir='ltr'>hac</span> <span class='ocrx_word' id='word_1_805' title='bbox 2695 4869 3087 4939; x_wconf 90' lang='lat' dir='ltr'>inscriptione,</span> <span class='ocrx_word' id='word_1_806' title='bbox 3120 4886 3248 4941; x_wconf 76' lang='lat' dir='ltr'>quae</span> <span class='ocrx_word' id='word_1_807' title='bbox 3276 4887 3306 4922; x_wconf 90' lang='lat' dir='ltr'>a</span> <span class='ocrx_word' id='word_1_808' title='bbox 3330 4867 3653 4922; x_wconf 88' lang='lat' dir='ltr'>Burchardo</span> 
     </span>
    </p>
   </div>
   <div class='ocr_carea' id='block_1_113' title="bbox 1956 4956 3652 5028">
    <p class='ocr_par' dir='ltr' id='par_1_113' title="bbox 1956 4956 3652 5028">
     <span class='ocr_line' id='line_1_113' title="bbox 1956 4956 3652 5028; baseline -0.002 -18"><span class='ocrx_word' id='word_1_809' title='bbox 1956 4957 2238 5027; x_wconf 89' lang='lat' dir='ltr'>proﬁcisci</span> <span class='ocrx_word' id='word_1_810' title='bbox 2270 4958 2514 5028; x_wconf 89' lang='lat' dir='ltr'>nequit:</span> <span class='ocrx_word' id='word_1_811' title='bbox 2549 4959 2645 5012; x_wconf 75' lang='lat' dir='ltr'>Ea:</span> <span class='ocrx_word' id='word_1_812' title='bbox 2693 4959 2889 5026; x_wconf 83' lang='lat' dir='ltr'>quibus</span> <span class='ocrx_word' id='word_1_813' title='bbox 2935 4959 3065 5011; x_wconf 79' lang='lat' dir='ltr'>locis</span> <span class='ocrx_word' id='word_1_814' title='bbox 3108 4963 3387 5011; x_wconf 81' lang='lat' dir='ltr'>auctorum</span> <span class='ocrx_word' id='word_1_815' title='bbox 3433 4956 3652 5022; x_wconf 79' lang='lat' dir='ltr'>scriptis</span> 
     </span>
    </p>
   </div>
   <div class='ocr_carea' id='block_1_114' title="bbox 1957 5046 3654 5113">
    <p class='ocr_par' dir='ltr' id='par_1_114' title="bbox 1957 5046 3654 5113">
     <span class='ocr_line' id='line_1_114' title="bbox 1957 5046 3654 5113; baseline -0.003 -14"><span class='ocrx_word' id='word_1_816' title='bbox 1957 5047 2317 5100; x_wconf 76' lang='lat' dir='ltr'>ecclesiastica</span> <span class='ocrx_word' id='word_1_817' title='bbox 2385 5048 2490 5100; x_wconf 71' lang='lat' dir='ltr'>haec</span> <span class='ocrx_word' id='word_1_818' title='bbox 2569 5048 2781 5101; x_wconf 82' lang='lat' dir='ltr'>decreta</span> <span class='ocrx_word' id='word_1_819' title='bbox 2845 5049 3135 5113; x_wconf 78' lang='lat' dir='ltr'>collegerit.</span> <span class='ocrx_word' id='word_1_820' title='bbox 3206 5046 3433 5099; x_wconf 82' lang='lat' dir='ltr'>Nucleus</span> <span class='ocrx_word' id='word_1_821' title='bbox 3494 5058 3654 5096; x_wconf 84' lang='lat' dir='ltr'>cano-</span> 
     </span>
    </p>
   </div>
   <div class='ocr_carea' id='block_1_115' title="bbox 1957 5132 3656 5205">
    <p class='ocr_par' dir='ltr' id='par_1_115' title="bbox 1957 5132 3656 5205">
     <span class='ocr_line' id='line_1_115' title="bbox 1957 5132 3656 5205; baseline -0.002 -19"><span class='ocrx_word' id='word_1_822' title='bbox 1957 5149 2107 5199; x_wconf 85' lang='lat' dir='ltr'>num,</span> <span class='ocrx_word' id='word_1_823' title='bbox 2144 5151 2314 5204; x_wconf 90' lang='lat' dir='ltr'>quem</span> <span class='ocrx_word' id='word_1_824' title='bbox 2375 5135 2541 5188; x_wconf 89' lang='lat' dir='ltr'>initio</span> <span class='ocrx_word' id='word_1_825' title='bbox 2570 5135 2815 5205; x_wconf 87' lang='lat' dir='ltr'>catalogi</span> <span class='ocrx_word' id='word_1_826' title='bbox 2868 5134 3228 5188; x_wconf 89' lang='lat' dir='ltr'>Burchardus</span> <span class='ocrx_word' id='word_1_827' title='bbox 3274 5132 3335 5185; x_wconf 91' lang='lat' dir='ltr'>in</span> <span class='ocrx_word' id='word_1_828' title='bbox 3365 5132 3477 5186; x_wconf 85' lang='lat' dir='ltr'>fine</span> <span class='ocrx_word' id='word_1_829' title='bbox 3508 5146 3656 5201; x_wconf 73' lang='lat' dir='ltr'>prte-</span> 
     </span>
    </p>
   </div>
   <div class='ocr_carea' id='block_1_116' title="bbox 1961 5221 3660 5292">
    <p class='ocr_par' dir='ltr' id='par_1_116' title="bbox 1961 5221 3660 5292">
     <span class='ocr_line' id='line_1_116' title="bbox 1961 5221 3660 5292; baseline -0.001 -18"><span class='ocrx_word' id='word_1_830' title='bbox 1961 5221 2192 5274; x_wconf 89' lang='lat' dir='ltr'>fationis</span> <span class='ocrx_word' id='word_1_831' title='bbox 2223 5223 2440 5289; x_wconf 89' lang='lat' dir='ltr'>laudat,</span> <span class='ocrx_word' id='word_1_832' title='bbox 2489 5227 2546 5278; x_wconf 91' lang='lat' dir='ltr'>et</span> <span class='ocrx_word' id='word_1_833' title='bbox 2575 5239 2836 5277; x_wconf 84' lang='lat' dir='ltr'>canonum</span> <span class='ocrx_word' id='word_1_834' title='bbox 2881 5225 3087 5291; x_wconf 83' lang='lat' dir='ltr'>Corpus</span> <span class='ocrx_word' id='word_1_835' title='bbox 3114 5239 3144 5274; x_wconf 90' lang='lat' dir='ltr'>a</span> <span class='ocrx_word' id='word_1_836' title='bbox 3191 5221 3531 5292; x_wconf 90' lang='lat' dir='ltr'>quibusdam</span> <span class='ocrx_word' id='word_1_837' title='bbox 3563 5235 3660 5289; x_wconf 89' lang='lat' dir='ltr'>ap-</span> 
     </span>
    </p>
   </div>
   <div class='ocr_carea' id='block_1_117' title="bbox 1961 5311 3660 5382">
    <p class='ocr_par' dir='ltr' id='par_1_117' title="bbox 1961 5311 3660 5382">
     <span class='ocr_line' id='line_1_117' title="bbox 1961 5311 3660 5382; baseline -0.003 -18"><span class='ocrx_word' id='word_1_838' title='bbox 1961 5311 2163 5381; x_wconf 91' lang='lat' dir='ltr'>pellari</span> <span class='ocrx_word' id='word_1_839' title='bbox 2209 5311 2471 5373; x_wconf 85' lang='lat' dir='ltr'>afﬁrmat,</span> <span class='ocrx_word' id='word_1_840' title='bbox 2509 5317 2592 5366; x_wconf 89' lang='lat' dir='ltr'>est</span> <span class='ocrx_word' id='word_1_841' title='bbox 2624 5311 3078 5382; x_wconf 88' lang='lat' dir='ltr'>pseudo-Isidori</span> <span class='ocrx_word' id='word_1_842' title='bbox 3127 5311 3402 5373; x_wconf 91' lang='lat' dir='ltr'>collectio,</span> <span class='ocrx_word' id='word_1_843' title='bbox 3448 5324 3515 5361; x_wconf 83' lang='lat' dir='ltr'>ex</span> <span class='ocrx_word' id='word_1_844' title='bbox 3547 5323 3660 5378; x_wconf 92' lang='lat' dir='ltr'>qua</span> 
     </span>
    </p>
   </div>
   <div class='ocr_carea' id='block_1_118' title="bbox 1966 5397 3662 5471">
    <p class='ocr_par' dir='ltr' id='par_1_118' title="bbox 1966 5397 3662 5471">
     <span class='ocr_line' id='line_1_118' title="bbox 1966 5397 3662 5471; baseline -0.002 -20"><span class='ocrx_word' id='word_1_845' title='bbox 1966 5399 2198 5469; x_wconf 87' lang='lat' dir='ltr'>quidem</span> <span class='ocrx_word' id='word_1_846' title='bbox 2251 5401 2430 5454; x_wconf 91' lang='lat' dir='ltr'>multa</span> <span class='ocrx_word' id='word_1_847' title='bbox 2461 5401 2780 5471; x_wconf 72' lang='lat' dir='ltr'>apocrypha</span> <span class='ocrx_word' id='word_1_848' title='bbox 2828 5401 3052 5454; x_wconf 89' lang='lat' dir='ltr'>decreta</span> <span class='ocrx_word' id='word_1_849' title='bbox 3083 5399 3459 5470; x_wconf 89' lang='lat' dir='ltr'>transcripsit.</span> <span class='ocrx_word' id='word_1_850' title='bbox 3493 5397 3662 5451; x_wconf 88' lang='lat' dir='ltr'>Plura</span> 
     </span>
    </p>
   </div>
  </div>
