4016 6202
321 234 424 288 503

1344 227 1815 286 BURCHABDUS
1853 222 2387 284 WOBMACIENSIS
2423 222 2817 281 EPISCOPUS.

3735 229 3847 281 504

321 376 455 415 vero
499 356 748 430 capitula
795 371 863 410 ex
919 354 1236 426 Reginone,
1287 358 1344 408 et
1394 353 1676 408 nonnulla
1733 352 1904 408 etiam
1955 365 2021 406 ex
2051 353 2097 406 Α
2137 349 2238 404 Hic
2285 351 2479 403 autem
2525 347 2598 402 ad
2654 346 2964 402 Burchardi
3007 345 3395 403 collectionem
3454 347 3728 419 pertinet,
3781 349 3857 403 in

323 449 544 505 duabus
585 444 1001 516 appendicibus
1044 459 1173 516 quas
1215 442 1277 497 in
1308 459 1442 496 mss.
1494 441 1807 511 Reginonis
1854 441 2027 496 colle-

323 534 502 590 ctioui
532 532 934 603 subjiciuntur,
985 547 1120 586 eum
1158 530 1503 600 excerpsisse
1554 529 1876 600 Stephanus
1923 531 2026 584 Ba-

324 623 510 678 luzius
557 623 618 676 in
648 619 987 692 praefatione
1021 619 1090 674 ad
1120 618 1481 688 Reginonem
1511 618 1622 671 late
1649 617 2023 672 demonstrat.

326 712 537 765 Verum
567 709 629 763 in
671 707 855 763 titulis
905 707 1086 761 multa
1138 704 1402 774 mutavit,
1453 703 1582 758 aliis
1629 704 1810 760 titulis
1839 721 1907 758 ex
1936 719 2028 758 ar-

327 799 502 854 bitrio
544 796 812 869 praeﬁxis,
863 795 1028 866 quia
1071 792 1551 863 subsequentibus
1579 808 1864 847 canonum
1911 792 2028 846 col-

325 886 632 942 lectoribus
677 900 744 939 ex
769 883 970 938 eodem
1011 881 1278 952 suscepti,
1311 896 1582 952 magnam
1631 880 2029 935 confusionem

326 977 696 1046 pepererunt.
727 972 867 1027 Cum
900 970 1054 1024 enim
1085 986 1198 1024 non
1230 985 1412 1040 pauca
1441 969 1595 1040 apud
1621 969 1812 1040 ipsum
1835 969 2027 1024 inscri-

327 1063 538 1118 bantur
585 1059 920 1114 nominibus
977 1058 1373 1124 conciliorum,
1428 1058 1518 1112 vel
1565 1059 1924 1128 pontificum,
1968 1057 2031 1112 in

329 1165 578 1220 quorum
625 1148 865 1202 decretis
896 1146 1132 1201 aliunde
1162 1147 1328 1201 editis
1374 1145 1518 1200 nihil
1550 1146 1661 1200 tale
1706 1146 2030 1216 reperitur;

327 1254 396 1292 ea
423 1237 486 1290 in
515 1235 829 1306 deperditis
872 1235 1209 1290 eorumdem
1254 1233 1614 1290 documentis
1644 1252 1678 1288 a
1706 1233 2032 1289 Burchardo

326 1326 416 1380 vel
472 1324 541 1379 ab
598 1323 1040 1395 exscriptoribus
1085 1324 1209 1393 ejus
1249 1323 1483 1376 inventa
1534 1323 1728 1392 plures
1774 1323 2031 1378 credide-

328 1418 504 1488 runt;
537 1427 602 1466 ac
645 1417 955 1482 propterea
984 1411 1184 1466 eadem
1215 1410 1391 1465 veluti
1429 1410 1751 1480 fragmenta
1782 1411 2034 1480 pretiosa

331 1507 402 1561 ab
445 1505 585 1576 ipsis
616 1509 948 1558 conservata
992 1519 1097 1558 suo
1147 1504 1424 1574 cujusque
1471 1503 1697 1573 synodi,
1731 1501 1817 1556 vel
1849 1504 2034 1573 ponti-

331 1593 455 1649 ﬁcis
481 1595 607 1647 loco
639 1592 700 1646 in
725 1591 1112 1648 Conciliorum
1139 1590 1485 1646 editionibus
1517 1591 1709 1645 addita
1739 1596 1892 1646 sunt.
1924 1591 2033 1656 Qui

331 1697 468 1736 vero
518 1697 642 1735 rem
674 1681 824 1734 hanc
868 1679 1189 1734 accuratius
1235 1680 1670 1749 expendendam
1708 1695 2029 1750 suscepere,

335 1769 676 1824 detexcrunt
746 1767 1139 1823 Burchardum
1201 1767 1573 1838 synodorum,
1639 1769 2033 1822 Romanorum

334 1857 702 1928 pontificum,
736 1861 835 1911 aut
884 1861 1212 1911 sanctorum
1263 1857 1496 1910 Patrum
1550 1857 1880 1911 nominibus
1928 1856 2032 1910 tri-

337 1945 529 2000 buisse
561 1961 626 1999 ea
656 1945 905 2015 capitula
953 1961 1081 2015 qua:
1109 1945 1327 2015 Regina
1371 1945 1460 1998 vel
1501 1961 1566 2000 ex
1609 1945 2032 2016 Capitularibus

338 2049 566 2104 regum,
615 2034 700 2087 vel
750 2049 816 2087 ex
847 2033 1143 2099 Rhabano,
1193 2033 1280 2089 vel
1332 2048 1398 2086 ex
1447 2034 1732 2087 Ferrando
1770 2034 2032 2101 diacono,

339 2121 427 2174 vel
457 2120 580 2173 sine
624 2120 741 2174 ulla
787 2118 1035 2172 auctoris
1079 2118 1372 2173 mentione
1403 2118 1677 2173 recitavit.
1709 2119 2034 2189 Stephanus

340 2207 603 2261 Baluzius
657 2207 717 2260 in
764 2207 992 2261 laudata
1041 2206 1399 2277 praefatione,
1447 2223 1607 2261 num.
1657 2208 1924 2288 22,‘lia3c
1965 2207 2034 2262 de

340 2294 752 2366 Capitularium
799 2295 962 2350 libris
1009 2294 1231 2348 notavit
1263 2311 1276 2348 :
1305 2295 1658 2349 Burchardus
1708 2311 1828 2349 cum
1876 2298 2034 2362 Regi-

339 2398 529 2438 nonem
576 2384 908 2452 compilaret,
956 2384 1151 2437 maluit
1181 2398 1300 2450 quae
1347 2384 1472 2436 hinc
1510 2383 1808 2451 accipiebat
1853 2385 2038 2452 capita

341 2471 576 2524 tribuere
631 2472 872 2524 conciliis
925 2470 1272 2539 quibusdam,
1329 2475 1428 2524 aut
1473 2471 1730 2525 Patribus
1769 2473 2034 2540 antiquis,

341 2574 507 2626 quam
561 2558 778 2625 regibus
836 2560 1086 2624 nostris;
1140 2558 1285 2627 quod
1337 2560 1666 2612 Francorum
1721 2559 2034 2627 appellatio,

340 2661 451 2716 qua
499 2648 786 2712 Reginonis
829 2651 992 2714 atque
1041 2645 1369 2700 Witichindi
1411 2648 1704 2700 etiamnum
1754 2661 1864 2700 mo
1917 2647 2038 2711 glo-

338 2736 631 2790 riabantur
666 2751 816 2803 reges
855 2735 1264 2798 Germanorum,
1309 2737 1573 2804 usurpari
1607 2735 1856 2790 desiisset
1882 2739 2039 2789 aetate

339 2822 685 2889 Burchardi,
743 2823 980 2892 adeoque
1030 2828 1196 2876 emata
1227 2839 1262 2876 a
1312 2823 1625 2877 Saxonibus
1672 2829 1806 2878 esset
1865 2826 2038 2878 omnis

2136 455 2252 509 qua
2293 445 2379 492 est
2405 436 2550 490 liber
2594 436 2848 490 decimus
2894 451 3084 490 nonus
3113 436 3315 491 eodem
3347 437 3514 490 titulo
3546 443 3854 507 prenota-

2135 533 2246 595 tus,
2283 531 2344 580 ut
2374 525 2460 579 vel
2504 541 2570 578 ex
2617 524 2799 579 titulis
2830 524 2889 578 in
2921 525 3232 580 Burchardi
3281 525 3626 595 prmfatione
3676 529 3860 579 antea

2137 614 2436 685 descriptis
2482 613 2680 684 liquet.
2729 613 2990 669 Secundo
3032 613 3092 668 in
3139 630 3244 668 ms.
3275 615 3398 668 Vat.
3451 616 3596 669 3830
3647 614 3860 668 seculi

2135 722 2187 759 χι
2216 703 2520 759 exhibetur
2569 702 2968 768 Paenitentiale
3009 702 3068 757 in
3117 719 3231 774 quo
3281 703 3560 775 leguntur
3589 703 3858 756 interro-

2135 793 2394 865 gationes
2443 791 2717 846 faciendw
2746 809 2774 843 a
2820 791 3176 846 confessariis
3217 806 3349 846 cum
3398 790 3695 846 taxatione
3727 807 3864 860 pm-

2135 882 2415 937 nitentias.
2469 882 2565 935 Hae
2602 896 2801 934 omnes
2836 879 3317 950 interrogationes
3362 881 3431 936 ad
3461 880 3717 934 verbum
3753 895 3860 932 ex-

2137 970 2363 1041 scripta:
2410 970 2682 1040 leguntur
2710 968 2772 1022 in
2801 969 3006 1022 eodem
3040 968 3348 1023 Burchardi
3386 968 3535 1023 libro
3566 983 3688 1035 xix,
3722 983 3860 1038 cap.

2137 1063 2189 1114 5.
2240 1058 2434 1112 Solum
2482 1056 2543 1109 in
2591 1057 2699 1110 hoc
2747 1055 2934 1126 capite
2992 1056 3414 1111 Burchardiano
3464 1056 3668 1128 plures
3719 1061 3861 1109 sunt

2138 1161 2313 1218 quam
2363 1144 2425 1198 in
2480 1143 2709 1198 laudato
2734 1143 2949 1198 codice.
3000 1144 3522 1214 Interrogationnm
3575 1159 3860 1214 paragra-

2137 1233 2257 1306 phi,
2293 1249 2437 1303 quos
2495 1231 2738 1286 vitandas
2784 1231 3136 1286 confusionis
3185 1249 3355 1286 causa
3395 1233 3662 1286 numeris
3703 1247 3864 1284 com-

2138 1321 2469 1393 putavimus
2537 1325 2708 1391 atque
2782 1319 3168 1386 distinximus,
3229 1321 3382 1392 apud
3450 1319 3861 1375 Burchardum

2140 1415 2275 1464 sunt
2301 1414 2533 1464 centum
2583 1413 2641 1462 et
2687 1408 3003 1479 nonaginta
3030 1414 3296 1480 quatuor.
3329 1411 3392 1464 ln
3421 1425 3489 1463 eo
3521 1414 3727 1462 autem
3754 1424 3866 1462 co-

2141 1499 2264 1552 dice
2293 1496 2774 1567 interrogationes
2806 1497 3025 1550 eaadem
3056 1502 3187 1551 sunt
3214 1513 3278 1551 ac
3309 1497 3370 1550 in
3398 1496 3636 1550 laudato
3663 1495 3863 1566 capite

2142 1586 2344 1658 quinto
2394 1585 2710 1640 Burchardi
2742 1603 2773 1638 a
2802 1601 2965 1639 num.
3005 1590 3024 1640 l
3065 1602 3242 1656 usque
3293 1585 3361 1639 ad
3411 1601 3576 1639 num.
3623 1586 3726 1650 59,
3759 1584 3864 1654 qui

2143 1675 2388 1746 incipit:
2432 1675 2672 1730 Violasti
2716 1676 3040 1744 sepulcrum.
3075 1675 3216 1730 Dein
3248 1675 3402 1744 apud
3448 1674 3859 1728 Burchardum

2142 1762 2442 1817 abundant
2487 1767 2793 1832 sequentes
2841 1763 3069 1816 numeri
3111 1779 3144 1816 a
3174 1765 3241 1816 60
3288 1779 3474 1834 usque
3523 1761 3593 1816 ad
3653 1777 3718 1815 n.
3761 1764 3861 1815 103

2142 1849 2436 1916 inclusive,
2486 1849 2587 1921 qui
2618 1849 3013 1904 inscribuntur
3045 1850 3108 1903 de
3151 1855 3268 1904 arte
3297 1853 3533 1919 magica,
3583 1850 3656 1903 de
3689 1851 3864 1903 sacri-

2143 1941 2300 2006 legio,
2333 1939 2398 1993 de
2445 1940 2576 2006 gula
2613 1943 2664 1992 et
2706 1938 2983 2000 ebrietate,
3031 1938 3096 1992 de
3142 1939 3570 2006 irreligiositate,
3624 1941 3766 1992 item
3799 1937 3864 1991 de

2143 2032 2261 2081 arte
2290 2029 2524 2093 magica,
2570 2027 2636 2081 de
2675 2029 3053 2096 superstitione
3083 2031 3132 2080 et
3175 2029 3302 2080 item
3345 2027 3413 2081 de
3458 2031 3578 2080 arte
3607 2025 3862 2092 magica.

2145 2115 2215 2170 Hi
2245 2131 2444 2169 omnes
2493 2114 2718 2169 numeri
2769 2115 2976 2169 desunt
3019 2114 3079 2169 in
3121 2121 3442 2169 memorato
3485 2115 3717 2178 codice,
3763 2114 3868 2185 qui

2143 2209 2275 2274 post
2301 2203 2399 2257 illa
2430 2202 2657 2257 numeri
2688 2205 2776 2270 59,
2811 2205 3050 2259 Violasti
3077 2205 3400 2274 sepulcrum,
3433 2209 3570 2269 etc.,
3603 2203 3821 2257 subdit
3850 2220 3864 2255 :

2145 2292 2493 2348 Concubuisti
2549 2307 2669 2346 cum
2723 2307 2904 2346 sorore
2951 2294 3142 2346 umoris
3191 2298 3313 2358 tuae,
3362 2297 3495 2359 etc.,
3557 2291 3646 2345 uti
3701 2293 3861 2363 apud

2148 2380 2538 2434 Burchardum
2587 2397 2746 2435 num.
2785 2381 2903 2445 104,
2942 2386 2998 2435 et
3045 2380 3302 2452 sequitur
3349 2397 3533 2452 usque
3573 2381 3651 2435 ad
3687 2397 3862 2436 num.

2151 2470 2272 2534 152,
2333 2469 2650 2537 Credidisti,
2709 2470 2855 2538 quod
2907 2470 3134 2539 quidam
3184 2470 3396 2524 credere
3452 2471 3648 2536 solent,
3715 2470 3871 2539 quod

2146 2559 2258 2610 sint
2287 2561 2522 2623 agrestes
2549 2559 2786 2624 feminae,
2837 2562 2944 2610 etc.
2977 2556 3200 2612 Omittit
3229 2562 3421 2611 autem
3471 2573 3604 2628 quas
3648 2557 3717 2610 in
3751 2559 3871 2611 ﬁne

2147 2643 2320 2714 hujus
2350 2645 2575 2698 numeri
2600 2644 2752 2714 apud
2784 2644 3178 2700 Burchardum
3208 2645 3562 2716 adjiciuntur
3595 2662 3609 2699 :
3645 2648 3718 2700 In
3742 2647 3871 2700 istis

2149 2732 2394 2785 omnibus
2447 2732 2782 2799 supradictis
2832 2733 3023 2788 debent
3063 2735 3387 2801 sacerdotes,
3436 2739 3574 2799 etc.,
3607 2750 3678 2787 ac
3710 2751 3874 2805 pra:-

2147 2824 2307 2874 terea
2355 2818 2586 2888 ignorat
2632 2826 2970 2891 sequentem
3010 2837 3317 2876 numerum
3369 2824 3492 2888 153,
3542 2823 3722 2892 cujus
3754 2823 3872 2876 ini-

341 2911 744 2978 Capitularium
811 2912 1040 2964 istorum
1102 2913 1422 2965 reverentia.
1485 2911 1836 2965 Burchardus
1901 2913 2040 2964 enim
2073 2908 2112 2962 C
2152 2908 2296 2962 tium
2347 2913 2434 2961 est
2464 2924 2477 2962 :
2512 2910 2706 2962 Fecisti
2751 2914 2813 2962 ut
2841 2909 3090 2979 quedam
3138 2910 3387 2964 mulieres
3417 2911 3474 2963 in
3519 2909 3873 2978 quibusdam

339 2999 500 3053 semel
529 3002 742 3052 tantum
787 3014 908 3067 cap.
940 3000 1044 3052 218
1070 3003 1120 3052 et
1147 3000 1251 3052 219
1283 2998 1412 3052 libri
1438 3000 1613 3067 primi
1637 3001 1770 3053 citat
1797 3000 2039 3067 capitula

343 3087 538 3140 Karoli
586 3087 794 3152 Magni,
844 3087 922 3140 sic
970 3091 1031 3138 ut
1061 3085 1235 3138 addat
1281 3085 1382 3140 illa
1412 3087 1480 3139 ab
1526 3088 1789 3154 episcopis
1837 3085 2040 3140 collau-

341 3173 477 3226 data
530 3187 642 3227 esse
693 3173 845 3242 apud
892 3174 1325 3240 Aquisgranum,
1377 3174 1588 3241 alioqui
1653 3175 1893 3239 forsitan
1954 3175 2038 3226 his

340 3276 448 3313 non
499 3274 717 3313 usurus.
770 3258 916 3313 lllud
950 3274 1082 3312 vero
1134 3259 1495 3313 Burcbardus
1550 3259 1658 3313 sibi
1707 3259 2039 3330 praestitisse

341 3348 585 3412 videtur,
623 3352 684 3401 ut
731 3347 979 3417 capitula
1023 3352 1252 3416 sumpta
1304 3363 1370 3401 ex
1402 3347 1730 3402 auctoribus
1780 3349 1879 3419 qui
1921 3365 2040 3403 non

343 3441 536 3489 essent
566 3435 654 3489 vel
699 3433 912 3489 summi
962 3434 1284 3505 pontiﬁces,
1318 3436 1406 3490 vel
1454 3436 1678 3506 synodi.
1713 3436 1796 3490 vel
1845 3439 2040 3491 Patres

343 3524 480 3578 satis
529 3523 655 3578 noti
702 3527 758 3577 et
803 3523 1078 3590 celebres,
1132 3539 1250 3578 non
1299 3524 1386 3578 sui
1442 3525 1721 3595 cujusque
1769 3526 2038 3594 auctoris,

342 3613 440 3667 sed
492 3611 606 3666 alio
653 3611 952 3666 celebriori
992 3613 1225 3666 nomine
1263 3613 1555 3682 allegaret.
1605 3615 1740 3678 Quae
1784 3613 2041 3668 animad-

341 3699 525 3754 versio
572 3699 838 3771 perutilis
882 3698 992 3752 erit
1032 3699 1092 3753 in
1141 3699 1400 3769 legendis
1433 3700 1866 3755 collectionibus
1898 3703 2036 3755 Burv

341 3788 552 3843 chardo
599 3787 1037 3858 posterioribus,
1071 3804 1138 3842 ex
1183 3803 1268 3860 gr.
1305 3788 1490 3842 Ivonis
1530 3793 1588 3842 et
1632 3789 1906 3856 Gratiani,
1939 3789 2039 3860 qui

339 3878 509 3948 plura
562 3876 821 3946 ejusdem
879 3876 1107 3946 generis
1166 3893 1234 3930 ex
1295 3877 1618 3932 Burchardo
1676 3883 2035 3948 receperunt.

340 3965 503 4020 Illam
540 3980 710 4034 porro
742 3963 972 4019 laudem
1005 3963 1138 4017 huic
1165 3964 1484 4018 collectioni
1516 3980 1715 4018 omnes
1747 3965 2038 4033 tribuunt;

340 4053 493 4124 quod
527 4052 864 4114 methodum
909 4049 1044 4103 satis
1091 4055 1284 4121 aptam
1318 4056 1612 4121 sequatur,
1662 4068 1726 4106 ac
1763 4058 2037 4124 praeterea

338 4155 588 4194 canones
643 4139 864 4208 aliquot
909 4137 1287 4191 conciliorum
1335 4139 1652 4194 Germaniae
1705 4141 2037 4210 posterioris

337 4227 616 4297 temporis
663 4227 978 4291 contineat,
1022 4226 1122 4295 qui
1170 4227 1255 4279 vel
1289 4226 1347 4279 in
1395 4227 1702 4282 rarissimis
1748 4230 2038 4284 codicibus

338 4313 734 4374 inveniuntur,
769 4312 857 4365 vel
909 4311 1081 4365 etiam
1117 4311 1391 4367 lectiones
1419 4315 1734 4384 praeferunt
1766 4317 2034 4386 optimas,

338 4417 404 4455 ex
436 4399 644 4470 quibus
673 4399 888 4470 vulgati
922 4399 1218 4455 emendari
1248 4407 1485 4472 queunt.

409 4492 462 4542 6.
505 4489 626 4542 Duo
678 4489 913 4542 tandem
962 4489 1222 4544 omittere
1272 4492 1561 4546 nolumus.
1615 4492 1808 4548 Primo
1841 4493 1902 4548 in
1949 4494 2038 4547 bi-

337 4576 626 4632 bliotheca
654 4577 923 4631 Vaticana
956 4577 1078 4631 sine
1126 4579 1373 4633 auctoris
1401 4580 1637 4635 nomine
1667 4585 1852 4635 exstat
1880 4587 2037 4636 vetus

337 4666 513 4720 codex
572 4666 712 4720 4227
780 4666 1085 4736 inscriptus
1149 4669 1424 4725 Corrector
1490 4674 1548 4723 et
1611 4670 1874 4736 Medicus,
1943 4671 2037 4726 cui

335 4748 584 4802 similem
635 4750 696 4804 iu
726 4751 1070 4806 bibliotheca
1114 4752 1422 4806 Parisiensi
1477 4752 1541 4807 S.
1599 4753 1843 4807 Victoris
1894 4753 2037 4809 vidit

334 4837 509 4891 etiam
582 4838 824 4893 Jacobus
898 4840 1064 4907 Petit,
1142 4857 1206 4894 ac
1280 4857 1348 4894 ex
1422 4841 1627 4896 eodem
1701 4848 2032 4914 excerptum

335 4925 494 4980 dedit
552 4925 612 4980 in
653 4927 1036 4982 Pcenitentiali
1090 4927 1372 4984 Theodori
1424 4933 1564 4984 tom.
1624 4930 1664 4997 Ι,
1719 4947 1852 5001 pag.
1909 4933 2031 4986 358.

2149 2997 2494 3066 temporibus,
2529 3001 2635 3050 etc.
2681 2997 2804 3050 Mox
2836 2997 2989 3050 idem
3041 2997 3214 3050 codex
3252 2997 3552 3067 productis
3598 2997 3871 3051 numeris

2147 3086 2301 3155 apud
2356 3085 2741 3139 Burchardum
2808 3087 2926 3149 154,
2989 3088 3086 3140 155
3141 3091 3197 3139 et
3258 3089 3374 3151 156,
3435 3087 3716 3155 praeterit
3769 3103 3866 3139 sex

2146 3188 2419 3226 numeros
2467 3179 2769 3244 sequentes
2816 3191 2848 3226 a
2878 3190 3038 3228 num.
3097 3178 3216 3240 157,
3259 3176 3463 3230 Fecisti
3510 3175 3666 3242 quod
3716 3190 3866 3242 qua-

2148 3260 2276 3314 dam
2323 3262 2570 3315 mulieres
2599 3263 2779 3326 facere
2826 3263 3016 3330 solent,
3047 3267 3106 3315 ut
3136 3277 3254 3315 cum
3299 3263 3412 3330 ﬁlio
3458 3267 3552 3315 tuo
3593 3264 3864 3331 parvulo,

2148 3353 2280 3414 etc.,
2314 3365 2494 3419 usque
2540 3349 2610 3403 ad
2649 3365 2811 3403 num.
2865 3353 2980 3403 162.
3042 3351 3266 3404 Profert
3303 3355 3497 3404 autem
3537 3366 3864 3404 numerum

2151 3440 2274 3504 l63,
2329 3439 2661 3503 Interfecisti
2699 3437 2876 3506 ﬁlium
2922 3439 3006 3493 vel
3052 3439 3248 3506 ﬁliam,
3278 3443 3410 3500 etc.,
3460 3454 3600 3490 cum
3632 3437 3866 3492 duobus

2146 3526 2539 3596 sequentibus.
2599 3526 2767 3580 Caret
2820 3542 2981 3581 num.
3047 3531 3166 3592 l66,
3217 3529 3464 3583 Gustasti
3511 3526 3581 3579 de
3634 3530 3864 3589 semine,

2148 3617 2256 3666 etc.
2319 3615 2460 3666 Tum
2519 3612 2803 3684 descripto
2862 3629 3104 3667 numero
3157 3617 3276 3680 167,
3329 3614 3532 3668 Bibisti
3590 3614 3862 3677 chrisma,

2147 3705 2278 3767 etc.,
2315 3701 2528 3754 omittit
2574 3705 2808 3755 caeteros
2862 3701 3300 3772 quatuordecim
3332 3717 3365 3754 a
3414 3716 3581 3754 num.
3639 3704 3746 3756 168
3779 3717 3867 3754 us-

2148 3805 2260 3858 que
2304 3789 2374 3842 ad
2410 3791 2528 3849 181,
2561 3793 2733 3859 atque
2763 3789 3054 3844 concludit
3082 3805 3210 3843 cum
3264 3789 3722 3843 Burchardianis
3758 3806 3862 3842 nu-

2148 3876 2322 3930 meris
2364 3879 2484 3940 l82,
2526 3876 2860 3945 Oppressisti
2917 3878 3204 3945 infantem,
3272 3882 3330 3932 et
3398 3881 3520 3943 l83,
3592 3880 3864 3932 Invenisti

2147 3965 2436 4030 infantem.
2474 3965 2837 4019 Burchardus
2883 3964 3042 4020 addit
3083 3965 3145 4020 in
3190 3965 3306 4020 line
3339 3967 3610 4020 undecim
3647 3983 3862 4020 nume.

2149 4067 2262 4115 ros,
2315 4050 2415 4122 qui
2467 4051 2528 4105 in
2567 4052 2760 4106 codice
2825 4068 2943 4106 non
3010 4053 3396 4124 reperiuntur.
3450 4055 3863 4109 Paenitentiale

2147 4138 2321 4208 hujus
2359 4138 2570 4194 codicis
2600 4139 2954 4196 Germanicis
2978 4140 3241 4194 Ecclesiis
3271 4141 3554 4195 usitatum
3597 4142 3865 4196 indicant

2146 4225 2301 4281 inter
2343 4231 2578 4280 caeteros
2629 4227 2743 4282 duo
2799 4228 3048 4296 numeri,
3099 4228 3159 4282 in
3215 4228 3427 4298 quibus
3482 4229 3862 4284 Theutonicas

2148 4313 2455 4367 locutionis
2495 4314 2560 4368 ﬁt
2589 4314 2830 4368 mentio.
2867 4315 3036 4368 Num.
3068 4317 3158 4380 30,
3211 4315 3357 4384 quod
3394 4316 3735 4372 Theutonice
3781 4333 3865 4371 ca-

2147 4404 2276 4456 rina
2324 4408 2576 4466 vocatur;
2627 4407 2685 4457 et
2728 4419 2857 4473 quae
2903 4419 3065 4457 num.
3121 4405 3209 4458 151
3257 4404 3408 4474 apud
3454 4405 3861 4459 Burcliardum

2146 4491 2484 4555 efferuntur,
2539 4491 2684 4560 quod
2745 4492 2994 4559 vulgaris
3057 4493 3294 4546 stultitia
3372 4493 3663 4560 Werwolﬂ'
3706 4498 3864 4547 vocat

2143 4577 2203 4632 in
2235 4578 2431 4633 codice
2477 4577 2879 4648 exprimuntur
2926 4578 3044 4632 sic:
3079 4579 3224 4648 quod
3267 4580 3573 4633 theutonice
3623 4581 3862 4634 Werewl

2142 4673 2387 4722 vocatur.
2439 4667 2621 4721 Facile
2667 4673 2860 4720 autem
2895 4683 2965 4721 ex
3013 4666 3176 4721 dictis
3203 4666 3486 4737 conjicere
3521 4666 3659 4721 licet
3713 4669 3862 4722 Bur-

2144 4755 2420 4809 chardum
2452 4755 2558 4809 hoc
2606 4754 3004 4810 Paenitentiale
3038 4755 3190 4825 apud
3224 4771 3358 4809 suos
3401 4760 3708 4826 receptum
3752 4755 3864 4808 col-

2144 4842 2376 4898 lectioni
2417 4842 2746 4909 inseruisse,
2793 4847 2849 4896 et
2878 4859 2943 4897 ex
2974 4843 3100 4898 aliis
3145 4843 3646 4898 Pcenitentialibus
3695 4843 3861 4899 addi-

2144 4930 2296 4986 disse
2326 4947 2457 5004 quae
2488 4930 2551 4985 in
2579 4947 2646 4985 eo
2673 4930 3088 4987 desiderantur.
