4016 6202
331 256 435 307 507

1343 254 1815 310 BURCHABDUS
1854 252 2390 309 WORMACIENSIS
2430 250 2832 307 EPISCOPUS.

3740 254 3843 307 508

328 380 427 429 aut
455 372 657 429 scribis
707 373 991 446 imperitis
1042 374 1156 429 sint
1196 374 1504 430 tribuenda
1548 376 1756 430 nescio.
1807 374 2022 429 Nihilo—
2059 379 2110 433 A
2140 374 2251 429 nisi
2279 374 2426 429 liber
2456 372 2745 428 oblivione
2772 388 2921 445 pene
2960 372 3218 445 sepultus
3260 379 3318 427 et
3346 372 3605 428 codicum
3644 378 3841 428 aucto-

331 463 522 517 minus
551 479 911 534 quacunque
942 463 1181 533 alicujus
1218 464 1494 517 momenti
1527 479 1649 517 esse
1680 464 2021 518 videbantur

328 552 625 622 lectiones,
678 553 741 607 in
799 556 967 607 notas
1025 552 1214 618 retuli,
1270 568 1414 623 quas
1462 556 1618 606 certo
1673 552 2017 618 amisissem,

2130 464 2299 518 ritate
2319 463 2441 533 jam
2469 478 2707 533 prorsus
2734 462 3043 517 destitutus
3085 462 3342 518 edendus
3366 462 3585 517 fuisset.

3295 550 3356 603 G.
3400 551 3623 604 VAITZ.

1704 846 2471 937 PROLOGUS‘.

401 1056 583 1111 Vitam
631 1059 904 1125 actusque
955 1054 1145 1109 felices
1185 1054 1335 1109 beati
1366 1055 1549 1109 Patris
1603 1060 1660 1110 et
1694 1055 2026 1110 carissimi’

334 1145 575 1199 senioris
626 1144 741 1198 mei
792 1143 1107 1197 Burchardi
1160 1144 1413 1214 episcopi
1451 1160 1580 1197 cum
1621 1144 1869 1199 scribere
1908 1160 2031 1197 me-

331 1250 458 1288 cum
492 1233 893 1298 deliberarem,
943 1238 1028 1297 tu,
1069 1233 1278 1303 praesul
1312 1232 1567 1303 piissime
1600 1234 1682 1301 N.,
1726 1233 2031 1287 occurebas

332 1320 512 1375 menti
556 1337 722 1386 mem,
763 1325 828 1375 ut
858 1320 1083 1374 nomini
1115 1325 1213 1374 tun
1258 1321 1467 1391 scripta
1514 1320 1913 1391 consignarem
1944 1324 2031 1373 at-

331 1426 443 1481 que
470 1425 883 1463 consecrarem.
925 1410 1042 1462 Tua
1083 1425 1332 1479 namque
1378 1409 1659 1479 sapientia
1688 1408 1906 1463 cunctis
1949 1412 2031 1462 est

332 1498 581 1569 cognita,
614 1501 669 1550 et
708 1514 821 1551 non
853 1498 1040 1550 solum
1088 1496 1146 1550 in
1178 1498 1448 1567 propriis,
1483 1497 1582 1550 sed
1614 1497 1789 1553 etiam
1833 1497 1892 1550 in
1924 1496 2029 1550 im-

332 1586 650 1657 perialibus
681 1585 880 1639 castris
909 1585 1155 1638 sollertis
1204 1586 1455 1639 hominis
1489 1585 1742 1639 ofﬁcium
1773 1600 2034 1639 exercere

332 1675 404 1728 ab
455 1673 727 1728 omnibus
776 1672 1187 1743 comprobaris.
1244 1674 1549 1728 Ecclesiam
1592 1678 1779 1728 autem
1831 1691 1862 1727 a
1918 1675 2035 1727 Deo

332 1760 439 1815 tibi
504 1760 865 1814 commissam
940 1760 1189 1814 maxima
1242 1761 1578 1815 auctoritate
1637 1761 1917 1815 construis
1981 1764 2039 1815 et

334 1849 510 1920 regis,
556 1852 613 1902 et
659 1864 900 1901 summae
944 1848 1030 1901 vir
1072 1847 1302 1901 virtutis
1349 1854 1542 1919 aperte
1590 1849 1939 1919 praedicaris,
1983 1852 2039 1902 et

336 1941 502 2005 pater
544 1950 867 2006 pauperum
904 1951 1335 2006 egenorumque
1383 1936 1652 1990 solatium
1696 1936 1902 1991 merito
1933 1952 2037 1989 no-

338 2023 596 2079 minaris.
630 2024 793 2087 Quod
844 2024 903 2077 in
943 2040 1034 2077 me
1078 2025 1286 2077 misero
1317 2023 1675 2094 apertissime
1718 2024 2035 2091 ostendisti,

340 2110 572 2180 quando
604 2127 707 2181 per
755 2111 941 2165 varios
983 2112 1207 2166 labores
1254 2129 1345 2167 me
1392 2113 1554 2166 valde
1598 2112 1949 2167 confractum
1982 2118 2041 2167 et

339 2200 411 2253 ab
439 2199 710 2253 omnibus
740 2200 1072 2269 despectum
1122 2218 1186 2255 ac
1234 2201 1556 2271 projectum
1596 2202 2039 2257 misericorditer

339 2288 606 2358 recepisti
636 2268 933 2358 atqueput
972 2288 1161 2342 decuit
1208 2268 1280 2351 te,
1336 2268 1649 2343 clementer
1684 2290 2036 2344 consulendo
2070 2268 2108 2321 Β

339 2380 528 2429 tecum
560 2375 770 2429 fovisti.
802 2376 976 2442 Talia,
1025 2377 1106 2430 mi
1138 2378 1326 2445 Pater,
1366 2394 1502 2448 erga
1549 2382 1607 2431 et
1649 2394 1762 2431 non
1806 2394 2038 2448 prome-

340 2468 586 2516 rentem.
623 2463 747 2516 Non
778 2463 931 2517 enim
972 2480 1096 2533 quae
1140 2464 1445 2519 hominum
1487 2470 1616 2519 sunt
1663 2466 1892 2536 quaeris,
1942 2467 2038 2520 sed

342 2566 468 2622 quae
501 2551 601 2605 Dei
628 2556 780 2617 sunt,
816 2557 878 2605 ut
905 2553 1171 2606 omnibus
1202 2558 1379 2623 patet,
1424 2570 1572 2623 pura
1604 2560 1798 2608 mente
1848 2554 2039 2608 medi-

341 2640 499 2705 taris,
540 2644 597 2692 et
628 2655 745 2693 non
778 2640 847 2694 ad
888 2657 1194 2711 personam
1238 2642 1480 2712 alicujus
1528 2643 1780 2713 respicis,
1816 2644 1910 2696 sed
1944 2659 2037 2696 re-

342 2733 491 2781 ctam
520 2728 759 2781 caelestis
817 2728 1039 2782 itineris
1086 2730 1348 2783 semitam
1396 2746 1595 2800 gressu
1625 2747 1729 2784 nec
1758 2732 2038 2785 titubante

344 2815 619 2885 sequeris.
656 2816 799 2886 Ergo
827 2817 1119 2871 dilectioni
1167 2818 1298 2871 vitae
1340 2824 1449 2872 tua;
1488 2825 1780 2889 perpetua!
1808 2821 2043 2890 conglu-

343 2903 644 2971 tinatione,
706 2905 755 2958 si
817 2922 1103 2975 praesumo
1172 2908 1451 2974 confiteri,
1519 2908 1771 2975 sigillum
1833 2908 2039 2963 Christi

346 2991 596 3044 caritatis
624 2993 843 3061 pectori
877 3010 1002 3047 meo
1035 2994 1377 3063 impressum
1430 2999 1531 3048 est.
1583 2994 1849 3058 Quamvis
1884 2993 2040 3047 enim

344 3079 541 3148 inopia
585 3080 668 3133 rei
711 3081 1009 3135 familiaris
1051 3083 1110 3134 in
1144 3083 1399 3152 exequiis
1441 3082 1773 3137 exhibendis
1819 3082 2039 3152 copiam

347 3166 491 3219 mihi
524 3169 835 3237 negaverit,
879 3174 1071 3221 tamen
1118 3184 1243 3221 mea
1277 3170 1542 3221 voluntas
1576 3185 1803 3239 semper
1839 3170 2042 3223 devota

346 3254 407 3308 in
440 3255 660 3309 Christo
689 3256 792 3310 tibi
823 3257 1094 3309 manebit.
1131 3257 1287 3309 Unde
1331 3257 1553 3309 nomini
1595 3262 1690 3310 tuo
1722 3257 1873 3311 istud
1903 3274 2039 3310 con-

346 3342 557 3396 secravi
588 3345 953 3413 opusculum,
987 3344 1056 3397 de
1114 3344 1446 3397 amicissimi
1500 3360 1565 3397 ac
1612 3345 2040 3399 familiarissimi

346 3432 430 3485 tui
461 3432 679 3485 actibus
708 3431 1111 3501 compositum.
1165 3432 1396 3485 Noverit
1424 3437 1617 3486 autem
1646 3433 1894 3503 dignitas
1922 3439 2035 3501 tua,

2137 1053 2259 1121 bat,
2314 1052 2596 1119 narrabis,
2628 1057 2684 1107 et
2735 1052 3098 1123 propositum
3146 1054 3324 1109 animi
3381 1056 3464 1109 tui
3496 1072 3529 1109 a
3584 1072 3682 1110 me
3737 1074 3852 1111 non

2139 1142 2367 1209 celabis,
2431 1141 2567 1212 quia
2624 1142 2693 1195 ad
2747 1158 3129 1214 quaecumque
3186 1159 3279 1197 me
3334 1144 3586 1211 vocabis,
3649 1161 3851 1201 meum

2142 1229 2449 1283 consilium
2516 1235 2690 1299 atque
2770 1230 3048 1284 auxilium
3110 1236 3374 1301 paratum
3449 1232 3719 1287 habebis.
3785 1265 3852 1275 -—

2142 1319 2460 1389 Oportune,
2531 1318 2728 1384 frater,
2818 1319 3075 1390 inquam,
3143 1320 3343 1375 dilecte
3418 1322 3518 1388 mi,
3583 1337 3681 1376 me
3761 1324 3849 1377 hic

2140 1406 2430 1473 invenisti,
2488 1411 2544 1461 et
2592 1407 2756 1478 quasi
2802 1413 3102 1478 exoptatus
3154 1409 3298 1463 mihi
3358 1409 3663 1465 advenisti.
3727 1412 3849 1466 Jam

2142 1495 2363 1549 dudum
2409 1495 2563 1549 enim
2606 1495 2781 1549 animi
2815 1496 3092 1565 propositi
3124 1497 3316 1567 aliqua
3358 1498 3444 1552 vel
3498 1499 3736 1553 dictatis
3766 1502 3854 1555 vel

2143 1582 2469 1653 proditione
2539 1582 2817 1636 sermonis
2896 1583 3002 1637 tibi
3051 1585 3273 1653 aperire
3329 1585 3683 1656 cogitabam.
3747 1588 3853 1643 Sed

2143 1670 2341 1725 multis
2370 1671 2635 1724 affectum
2688 1686 2882 1724 meum
2930 1670 3400 1740 impedientibus,
3451 1690 3639 1744 usque
3683 1676 3855 1730 modo

2144 1758 2499 1813 differebam.
2530 1758 2739 1812 Verum
2769 1758 2922 1812 inter
2950 1759 3073 1813 haec
3104 1760 3285 1814 multa
3336 1762 3656 1817 maximum
3690 1765 3858 1829 fmihi

2143 1846 2251 1901 fuit
2309 1846 2417 1901 hoc
2466 1845 2970 1915 impedimentum,
3024 1847 3179 1917 quod
3235 1864 3365 1918 quae
3414 1850 3742 1920 excogitavi
3800 1852 3857 1905 in

2145 1936 2335 2007 palam
2357 1949 2625 2005 promere
2655 1934 2926 1988 dubitavi.
2962 1936 3087 2006 Ipse
3110 1935 3264 1989 enim
3310 1936 3482 2003 nosti,
3518 1953 3705 2007 quam
3738 1956 3857 2009 per-

2145 2022 2348 2078 niciosi
2379 2027 2515 2077 sunt
2546 2022 2811 2076 homines
2842 2022 3126 2090 moderni,
3176 2039 3349 2093 quam
3402 2025 3563 2094 pleni
3603 2026 3859 2080 diversa-

2146 2128 2276 2165 rum
2316 2111 2752 2182 cogitationum.
2801 2110 2950 2175 Quid
3005 2111 3051 2165 si
3109 2111 3337 2181 aliquis,
3395 2113 3619 2168 invidia
3658 2116 3860 2169 stimu-

2147 2200 2321 2266 lante,
2376 2199 2572 2253 videns
2636 2200 2758 2253 ha‘c
2810 2198 2975 2267 dicta,
3037 2198 3125 2252 his
3198 2200 3384 2254 verbis
3464 2202 3858 2273 vituperando

2148 2304 2241 2342 me
2311 2288 2643 2352 confundat,
2712 2287 2925 2341 scilicet
2996 2304 3268 2359 magnam
3345 2305 3469 2343 esse
3527 2291 3857 2359 audaciam,

2150 2375 2305 2445 quod
2363 2392 2469 2446 ego
2500 2390 2720 2445 pauper
2760 2381 2815 2427 et
2870 2376 3076 2429 stultus
3116 2376 3499 2446 prudentibus
3530 2377 3673 2430 viris
3729 2396 3865 2449 pro-

2147 2479 2304 2533 pono
2336 2479 2488 2517 meas
2522 2462 3063 2533 propositiunculas,
3107 2466 3261 2519 nudo
3318 2470 3377 2519 et
3431 2466 3737 2521 sitibundo
3769 2468 3863 2521 in-

2151 2552 2323 2622 genio
2372 2552 2463 2605 vix
2517 2553 2880 2622 compactas?
2941 2553 3093 2618 Esto,
3145 2554 3343 2620 fateor,
3396 2570 3492 2607 me
3540 2571 3867 2626 pauperem

2149 2656 2270 2694 esse
2301 2656 2365 2693 ac
2396 2642 2630 2694 stultum
2669 2660 2684 2707 ;
2713 2641 2809 2694 sed
2840 2640 2885 2693 si
2937 2656 3158 2710 pauper
3202 2657 3351 2709 sum,
3385 2641 3545 2696 dives
3579 2643 3712 2697 ﬁeri
3747 2660 3867 2698 non

2151 2729 2464 2792 erubesco;
2497 2727 2655 2781 dives
2705 2744 2837 2781 vero
2872 2744 3092 2797 pauper
3134 2728 3260 2781 ﬁeri
3309 2729 3645 2795 erubescit;
3692 2732 3867 2785 sicuti

2149 2816 2383 2870 divitem
2413 2816 2665 2869 villicum
2694 2816 2940 2884 legimus
2988 2816 3199 2869 dixisse
3232 2832 3245 2869 :
3283 2838 3304 2864 ι
3359 2816 3686 2871 Mendicare
3738 2835 3868 2872 eru-

2148 2905 2317 2958 besco
2348 2905 2499 2974 (Luc.
2535 2921 2648 2967 xvr,
2685 2906 2757 2972 3).
2792 2924 2820 2955 ν
2879 2905 3077 2959 Carius
3136 2904 3280 2958 mihi
3327 2910 3410 2958 est
3455 2922 3589 2959 cum
3644 2907 3868 2961 Lazaro

2146 2991 2335 3045 vivere
2364 3007 2700 3061 pauperem,
2725 3007 2897 3062 quam
2927 3008 3057 3045 cum
3089 2992 3262 3045 divite
3294 2993 3443 3046 mitti
3472 2988 3537 3046 in
3570 3000 3867 3050 aeternum

2148 3079 2359 3149 ignem.
2402 3082 2687 3149 Pauperes
2736 3086 2792 3134 et
2849 3080 2988 3135 nudi
3048 3097 3248 3135 omnes
3295 3081 3413 3135 nati
3462 3098 3691 3137 sumus.
3756 3085 3865 3140 Sed

2150 3167 2289 3237 quid
2319 3168 2474 3221 dedit
2504 3168 2780 3235 animam,
2812 3168 3055 3238 largitur
3075 3174 3132 3221 et
3156 3184 3361 3233 escam,
3397 3170 3617 3240 quique
3643 3188 3865 3242 corpus

2150 3256 2381 3320 creavit,
2413 3255 2821 3309 vestimentum
2868 3255 3089 3310 tribuit.
3132 3257 3258 3326 Ipse
3290 3257 3442 3310 enim
3486 3258 3688 3324 habet,
3740 3261 3868 3331 ipse

2150 3344 2293 3397 mihi
2322 3343 2500 3409 dabit,
2535 3343 2671 3413 quia
2700 3343 2893 3397 anima
2924 3344 3053 3413 plus
3084 3350 3169 3397 est
3218 3361 3388 3414 quam
3430 3362 3580 3412 esca,
3621 3351 3687 3401 et
3735 3364 3864 3401 cor-

2150 3448 2259 3501 pus
2287 3432 2415 3502 plus
2445 3447 2619 3501 quam
2659 3431 3089 3486 vestimentum.
3142 3433 3246 3487 Ille
3279 3449 3508 3503 quoque
3562 3450 3861 3505 pauperes

347 3520 501 3589 quod
542 3536 655 3573 non
699 3536 803 3590 pro
858 3519 1125 3589 superbia
1173 3521 1365 3590 aliqua
1396 3521 1516 3575 haec
1546 3526 1679 3575 sunt
1704 3523 2036 3593 composita,
2071 3538 2110 3594 ρ
2152 3536 2264 3573 non
2298 3519 2534 3590 spernit,
2589 3520 2684 3573 sed
2734 3519 2897 3590 eligit
2926 3521 3177 3585 inﬁrma,
3213 3527 3276 3574 ut
3314 3522 3629 3575 confundat
3664 3524 3860 3578 fortia.

347 3607 469 3672 sed,
506 3608 619 3661 Deo
667 3611 831 3671 teste,
880 3607 951 3660 ad
984 3599 1306 3661 evitandam
1358 3609 1711 3663 ociositatem
1745 3610 2040 3681 cordisque

347 3694 645 3760 desidiam,
674 3700 731 3748 et
761 3695 1007 3749 maxime
1037 3696 1109 3750 ob
1141 3713 1258 3750 suae
1296 3696 1476 3751 beatte
1503 3699 1631 3752 vitae
1679 3699 2038 3764 memoriam,

347 3788 430 3848 ut,
479 3799 609 3837 cum
661 3799 758 3837 sua
809 3784 1073 3854 legantur
1131 3791 1293 3855 gesta
1340 3785 1616 3856 piissima,
1670 3787 2043 3841 obstruantur

346 3886 447 3923 ora
485 3875 682 3923 contra
732 3871 897 3924 illum
950 3872 1310 3941 loquentium
1359 3873 1577 3942 iniqua.
1613 3874 1671 3927 Si
1719 3874 1859 3944 quid
1909 3890 2042 3929 vero

345 3957 671 4012 inordinate
722 3960 807 4012 vel
864 3960 1129 4029 imperite
1178 3960 1477 4026 connexui,
1542 3967 1655 4013 tuae
1705 3960 2043 4014 correctioni

345 4053 402 4100 et
431 4046 756 4101 auctoritati
785 4048 1040 4117 proferre
1076 4048 1317 4115 decrevi,
1353 4064 1589 4117 sperans
1636 4048 1739 4102 hoc
1793 4054 1893 4102 tua
1934 4048 2041 4102 mi-

345 4135 653 4189 sericordia
698 4136 909 4205 corrigi
955 4140 1013 4189 et
1058 4135 1307 4189 defendi.
1358 4136 1442 4189 Ad
1489 4136 1757 4191 ultimum
1810 4152 2041 4208 quoque

345 4225 684 4293 opusculum
718 4223 869 4277 istud
915 4228 1016 4276 tuo
1042 4223 1261 4293 judicio
1292 4223 1598 4294 subjaceat,
1647 4229 1730 4290 ut,
1781 4225 1890 4279 sibi
1921 4224 2043 4277 dis-

344 4311 571 4381 pliceat,
616 4309 932 4375 aboleatur,
963 4310 1011 4364 si
1057 4327 1189 4365 vero
1230 4312 1470 4382 placeat,
1512 4315 1581 4368 ad
1634 4317 2041 4367 testamentum

344 4400 626 4454 factorum
660 4398 761 4452 Dei
809 4399 957 4453 servi
987 4406 1295 4455 remaneat.
1347 4431 1415 4443 —
1457 4403 1610 4457 Istud
1642 4406 2041 4471 autem'opus-

342 4487 537 4540 culum
571 4487 679 4540 hoc
716 4488 883 4542 modo
934 4489 1179 4560 sumpsit
1209 4490 1527 4545 exordium.
1580 4492 1721 4546 Cum
1766 4491 1857 4544 die
1900 4504 2040 4559 qua-

346 4574 479 4627 dam
522 4574 642 4627 loco
673 4574 961 4629 secretiori
990 4577 1191 4631 sedens
1236 4594 1465 4631 mecum
1504 4578 1726 4632 diversa
1764 4576 2042 4630 volvendo

344 4676 464 4715 non
497 4660 618 4715 sine
647 4662 907 4732 suspiriis
955 4665 1286 4735 cogitarem,
1336 4681 1500 4720 meus
1540 4664 1773 4736 quidam
1806 4664 2044 4718 familia-

344 4748 866 4811 rislinterveniens
924 4751 1256 4823 hujusmodi
1314 4753 1591 4807 allocutus
1656 4756 1740 4805 est
1793 4752 1976 4806 verbis
2023 4768 2115 4820 τι)

348 4855 374 4889 α
439 4836 588 4901 Quid
654 4842 737 4905 tu,
800 4838 1010 4910 inquit,
1070 4841 1150 4895 mi
1204 4840 1519 4906 carissime,
1580 4840 1734 4893 solus
1801 4839 1895 4893 hic
1965 4857 2048 4895 se-

345 4926 487 4979 dens
554 4925 746 4980 animo
815 4928 1045 4982 turbato
1116 4927 1411 4982 meditaris
1468 4930 1498 4981 ?
1568 4929 1656 4981 vel
1712 4944 1813 4982 cur
1878 4928 2044 4982 solito

347 5013 566 5068 tristior
621 5015 847 5087 obstipo
901 5017 1085 5086 capite
1138 5021 1352 5069 terram
1405 5016 1646 5070 intueris
1682 5019 1712 5071 ?
1767 5016 1825 5071 Si
1890 5017 2043 5071 enim

347 5101 511 5156 dictis
565 5104 654 5157 vel
704 5103 865 5158 factis
911 5103 1119 5173 aliquis
1155 5108 1213 5156 te
1265 5108 1675 5170 commoverat,
1720 5109 1905 5159 tecum
1954 5120 2043 5158 me

341 5190 467 5260 jam
499 5192 845 5247 turbaverat.
882 5192 1051 5261 Ergo,
1084 5191 1130 5245 si
1177 5191 1315 5262 quid
1363 5192 1467 5247 tibi
1505 5198 1757 5246 mentem
1807 5198 2043 5247 contur-

2154 3609 2209 3662 Si
2238 3624 2371 3661 vero
2400 3608 2587 3662 nudus
2632 3608 2940 3679 aridusque
2994 3624 3119 3662 sum
3150 3609 3401 3680 ingenio,
3434 3614 3632 3663 tamen
3678 3612 3863 3665 induo

2150 3714 2241 3750 me
2274 3696 2590 3750 temeritate
2646 3696 2937 3766 loquendi,
2991 3697 3267 3767 quoniam
3322 3698 3483 3751 illum
3540 3715 3719 3768 spero
3777 3700 3865 3753 ad-

2145 3785 2417 3854 jutorem,
2452 3784 2551 3853 qui
2591 3782 2770 3837 dixit:
2807 3803 2834 3834 α
2861 3784 3033 3852 Aperi
3064 3801 3128 3837 os
3154 3790 3315 3838 tuum
3347 3790 3403 3837 et
3433 3783 3700 3855 implebo
3720 3787 3861 3840 illud

2151 3873 2317 3942 (Psal.
2372 3887 2535 3935 Lxxx,
2577 3873 2677 3937 tl).
2720 3892 2742 3918 ι
2798 3873 2924 3941 Ipse
2975 3871 3189 3943 quippe
3241 3871 3402 3941 juxta
3459 3890 3579 3926 suae
3612 3876 3865 3944 promis—

2151 3960 2373 4013 sionem
2431 3958 2752 4012 clementiae
2808 3974 2936 4028 qua:
2994 3959 3248 4013 facturus
3295 3960 3676 4031 dicturusque
3736 3980 3861 4017 sum

2150 4048 2428 4118 perliciet,
2461 4046 2827 4100 confirmabit
2866 4046 3264 4116 solidabitque.
3285 4048 3458 4122 ,βπ-ευ
3500 4048 3572 4102 de
3602 4049 3681 4102 iis
3712 4052 3863 4105 ultra

2149 4133 2305 4205 loqui
2340 4134 2561 4201 differo,
2604 4139 2660 4187 et
2713 4149 2841 4203 qua:
2896 4140 3091 4188 nostra
3119 4114 3492 4204 series'posci
3531 4136 3865 4206 promenda

2149 4228 2263 4276 tua:
2295 4222 2587 4277 dilectioni
2617 4222 2835 4293 aperio.
2889 4222 3151 4277 Sanctam
3196 4224 3425 4292 Deoque
3460 4229 3864 4277 consecratam

2152 4311 2331 4364 Vitam
2364 4311 2516 4364 beati
2559 4310 2741 4364 Patris
2779 4310 2959 4364 nostri
3015 4310 3323 4364 Burchardi
3378 4310 3663 4381 episcopi,
3704 4312 3861 4365 omni

2150 4398 2316 4452 laude
2343 4397 2762 4468 dignissimam,
2796 4398 3112 4452 secundum
3151 4398 3265 4452 mei
3292 4398 3516 4468 ingenii
3552 4400 3863 4453 modulum

2149 4491 2207 4540 et
2256 4485 2615 4540 conscientiae
2671 4485 3064 4539 testimonium
3146 4486 3392 4539 scribere
3461 4486 3697 4539 animus
3774 4504 3863 4541 me

2150 4574 2393 4629 assiduis
2447 4573 2908 4645 suggestionibus
2958 4574 3310 4628 incessanter
3390 4574 3693 4645 impulsat.
3779 4577 3861 4629 Ad

2152 4664 2306 4733 quod
2338 4678 2483 4733 opus
2523 4662 2935 4732 perficiendum
2986 4666 3151 4715 tuum
3196 4662 3503 4715 consilium
3545 4662 3781 4732 pariter
3812 4670 3867 4716 et

2153 4750 2432 4805 auxilium
2464 4750 2706 4820 supplex
2762 4749 3030 4820 imploro,
3086 4750 3221 4820 quia
3260 4749 3470 4803 divinis
3508 4750 3863 4819 perdoctam

2154 4838 2509 4909 istorumque
2543 4842 2597 4891 te
2626 4837 2917 4892 conscium
2950 4841 3005 4891 et
3058 4838 3126 4892 ad
3185 4839 3294 4891 hoc
3351 4838 3659 4907 negocium
3727 4840 3868 4893 satis

2154 4927 2423 4981 idoneum
2457 4942 2576 4980 esse
2633 4925 2767 4979 scio.
2822 4926 3021 4979 Adhuc
3080 4926 3235 4980 enim
3291 4942 3405 4979 non
3437 4942 3567 4979 sum
3614 4926 3864 4992 oblitus,

2154 5016 2443 5086 quomodo
2477 5015 2725 5086 quodam
2773 5014 3253 5068 confabulationis
3309 5020 3568 5083 tempore
3605 5016 3867 5070 multum

2152 5104 2221 5158 de
2251 5103 2512 5174 prmdicti
2542 5103 2649 5156 viri
2679 5102 2985 5156 virtutibus
3027 5118 3120 5156 me
3164 5102 3532 5173 interrogasti
3566 5120 3581 5169 ;
3629 5109 3694 5156 et
3734 5120 3865 5159 cum

2152 5192 2308 5246 illius
2359 5190 2549 5246 studia
2587 5195 2781 5245 sancta
2832 5196 2889 5245 et
2920 5206 3149 5245 morum
3206 5192 3569 5245 honestatem
3626 5192 3744 5246 tibi
3779 5208 3867 5246 re-

1759 5356 1992 5410 VARI/E
2032 5354 2428 5410 LECTIONES.

420 5475 438 5510 ⁴
471 5475 727 5543 Prologus
758 5479 897 5530 totus
925 5476 1089 5531 deest.
1168 5479 1189 5511 ²
1220 5475 1540 5531 charissimi
1574 5482 1620 5533 1.
1655 5477 1942 5547 Ejusmodi
1967 5477 2129 5531 verba
2157 5479 2385 5531 correxi.
