4016 6202
146 282 242 335 509
1371 277 1712 334 PROtEMIA.
1759 309 1825 317 —-
1866 279 2023 333 VITA
2067 277 2491 332 BURCHARDI.

145 403 429 469 tulissem,
487 401 660 456 etiam
715 406 933 472 quanta
985 396 1314 458 stabilitate
1376 400 1436 455 in
1486 403 1694 456 Christi
1742 419 1876 473 ope-
1904 406 1950 456 Α

146 494 326 557 ribus,
393 492 452 545 in
505 490 814 560 Scripturis
865 486 1098 553 sanctis,
1158 487 1225 540 in
1273 489 1507 559 jejuniis
1559 495 1614 544 et
1665 491 1876 562 vigiliis

149 587 201 635 et
263 579 628 634 orationibus
704 576 1148 648 permansisset,
1212 576 1420 642 fateor,
1477 595 1593 632 non
1635 579 1760 633 sine
1795 581 1874 632 la—

149 669 345 724 crimis
377 667 484 722 tibi
534 667 793 736 exposui,
845 678 1068 718 necnon
1102 665 1404 732 quomodo
1434 669 1722 720 seculares
1753 672 1875 720 tur-

149 759 312 813 bines
347 757 713 825 diversasque
747 753 1123 807 adversitates
1185 757 1242 805 et
1271 753 1421 807 aeris
1476 760 1727 808 terrores
1759 771 1881 808 ora-

154 847 326 901 tionis
387 843 706 898 constantia
758 841 1073 911 saepissime
1109 841 1556 910 compescuerit,
1624 842 1876 907 narravi,

155 939 207 986 et
248 932 327 984 ita
353 926 844 998 jucundissimum
870 925 1136 979 duximus
1160 923 1336 977 diem.
1375 925 1684 980 Intendis?
1714 927 1878 990 Quid-

154 1020 247 1074 ni?
337 1019 485 1072 Nam
543 1021 736 1086 postea
804 1013 986 1067 sancti
1019 1011 1294 1066 desiderii
1354 1029 1530 1066 manu
1599 1015 1882 1082 pulsando

156 1109 242 1163 die
295 1113 586 1175 noctuque
631 1120 722 1157 me
765 1102 1054 1170 instigans
1111 1100 1328 1170 petisti,
1386 1107 1449 1154 ut
1498 1102 1573 1154 de
1620 1101 1737 1153 vita
1794 1103 1880 1154 vel

155 1197 470 1250 virtutibus
501 1193 662 1262 hujus
720 1191 839 1244 viri
871 1191 1065 1260 aliqua
1109 1188 1322 1258 scripta
1373 1189 1707 1257 proferrem
1766 1189 1879 1242 sive

152 1287 219 1340 ad
253 1283 661 1354 proferendum
696 1279 816 1334 tibi
847 1294 1242 1349 suggererem.
1293 1277 1426 1330 Tuis
1489 1277 1714 1346 quippe
1774 1279 1882 1347 piis

154 1372 535 1444 petitionibus
587 1370 1022 1438 obtemperans,
1121 1366 1348 1435 aliquas
1398 1365 1878 1436 compositiones,

159 1461 428 1532 quamvis
458 1460 728 1528 elingues,
765 1472 1018 1526 superna
1072 1455 1262 1524 gratia
1321 1453 1537 1508 montis
1586 1471 1727 1508 mea:
1785 1471 1879 1507 ra-

161 1552 396 1604 ritatem
428 1548 737 1610 imbuente,
775 1561 908 1598 cum
933 1550 1032 1596 tuo
1065 1543 1283 1596 auxilio
1313 1544 1381 1596 de
1412 1545 1539 1612 ejus
1572 1544 1690 1595 vita
1749 1559 1878 1596 nar-

164 1654 297 1691 rare
344 1635 594 1688 studebo.
646 1634 757 1688 Sed
812 1630 1034 1703 quoties
1093 1629 1251 1683 illius
1299 1630 1620 1684 beatissimi
1664 1630 1878 1682 mentio

161 1727 312 1780 mihi
347 1724 601 1790 occurrit,
636 1722 812 1777 toties
872 1723 1037 1775 ﬂetus
1093 1719 1460 1791 gemitusque
1501 1737 1597 1773 me
1638 1718 1868 1788 afﬂigit.

162 1813 321 1868 Nihil
355 1813 491 1866 mihi
525 1817 659 1865 tunc
690 1814 799 1875 est,
835 1810 1062 1873 dilecte,
1122 1807 1236 1860 nisi
1306 1809 1571 1862 lacrimas
1603 1813 1660 1861 et
1691 1807 1876 1877 suspi-

157 1901 248 1955 ria
305 1902 649 1954 incessanter
708 1897 1026 1961 eﬂundere,
1086 1896 1310 1966 hasque
1360 1896 1719 1950 miserabiles
1776 1911 1878 1948 co-

157 1989 470 2055 gitationes
501 1987 666 2040 tacite
697 2001 927 2038 mecum
977 1984 1203 2038 volvere
1231 2001 1244 2036 :
1306 1985 1443 2047 Quis
1474 1983 1577 2049 fui,
1622 1989 1718 2036 aut
1748 1984 1878 2054 quis

157 2093 314 2142 sum,
373 2076 455 2129 vel
517 2075 642 2145 quis
727 2074 865 2126 ero?
916 2074 1034 2142 Ego
1089 2088 1215 2125 sum
1271 2071 1368 2125 ille
1419 2072 1874 2125 misericorditer

163 2164 424 2219 nutritus
478 2168 532 2216 et
592 2161 999 2215 miserabiliter
1055 2160 1386 2224 derelictus,
1445 2161 1505 2214 in
1570 2161 1771 2214 labore
1822 2165 1878 2214 et

159 2268 430 2308 azrumna
459 2250 800 2304 constitutus
878 2255 936 2302 et
991 2265 1137 2318 pene
1199 2249 1464 2303 omnium
1543 2249 1875 2314 vilissimus,

157 2340 355 2396 intimi
413 2338 654 2410 generis,
712 2338 1028 2408 parentelaa
1094 2337 1426 2406 peccatricis
1491 2338 1710 2391 cunctis
1785 2336 1880 2390 in—

160 2429 453 2499 cognitus,
482 2428 574 2480 sed
608 2432 798 2481 tamen
851 2425 997 2478 mihi
1036 2426 1317 2479 conscius.
1381 2426 1715 2482 Similitudo
1746 2442 1878 2495 gen-

161 2519 237 2572 tis
270 2523 330 2570 et
381 2515 686 2569 commotio
725 2513 928 2584 capitis
986 2513 1047 2565 in
1108 2513 1358 2582 populis.
1395 2515 1536 2567 Nam
1601 2518 1663 2567 ut
1717 2514 1880 2566 deses

162 2621 434 2675 respuor,
472 2609 532 2656 ut
588 2603 791 2656 fcetens
851 2617 1092 2670 expuor,
1147 2606 1208 2653 ut
1262 2602 1526 2671 putridus
1568 2601 1875 2670 despicior,

164 2700 221 2747 et
243 2694 353 2746 hoc
384 2708 493 2745 non
525 2690 835 2744 immerito.
881 2689 1098 2742 Cotidie
1132 2705 1384 2758 namque
1446 2689 1875 2743 infelicissimus

166 2798 277 2850 ego
313 2781 374 2833 in
395 2784 752 2849 peccatorum
783 2777 1085 2830 volutabro
1114 2781 1400 2844 putresco,
1450 2783 1509 2830 et
1538 2792 1715 2829 onera
1745 2793 1875 2844 gra-

165 2871 260 2923 via
300 2873 359 2922 et
437 2884 562 2920 meo
616 2867 759 2919 collo
819 2864 1211 2935 importabilia
1270 2865 1446 2917 miser
1505 2880 1706 2934 gerere
1761 2865 1878 2917 fer-

3586 290 3688 342 510

1990 400 2387 470 expositionis.
2422 399 2601 454 Petivi
2646 415 2782 470 ergo
2815 405 2871 454 et
2919 405 3053 471 peto
3092 402 3324 471 iterum,
3379 411 3445 458 ut
3501 406 3570 460 de
3600 409 3688 462 fe-

1987 488 2188 542 licibus
2219 488 2374 542 illius
2403 488 2564 542 factis
2616 488 2810 558 aliqua
2867 490 3079 544 scribas
3147 491 3261 544 sive
3313 492 3380 545 ad
3435 494 3686 549 scriben-

1990 578 2129 632 dum
2162 578 2304 631 mihi
2335 594 2624 648 suggeras.
2663 579 2850 649 Turpe
2874 583 2959 632 est
3005 580 3160 633 enim
3211 581 3335 634 vela
3374 582 3685 651 deponere,

1990 683 2119 719 cum
2148 682 2386 736 prosper
2427 671 2628 720 ventus
2683 683 2798 720 non
2831 673 3015 721 cessat
3071 669 3286 722 efflare.
3342 670 3490 738 Ergo
3551 689 3687 741 pro-

1990 754 2183 807 missio
2215 760 2314 807 tua
2338 753 2667 823 impleatur,
2701 758 2756 808 et
2802 755 2935 824 quia
2965 756 3195 809 fortuna
3248 757 3483 826 aspirat,
3539 761 3688 814 ultra

1991 859 2106 895 non
2157 842 2472 896 differatur.
2532 843 2637 897 Sed
2716 843 2814 895 illa
2852 844 2921 896 de
2980 843 3187 909 quibus
3247 845 3436 899 dixisti
3492 847 3688 916 gravia

1992 947 2168 984 onera
2199 936 2254 983 et
2295 929 2530 983 miseras
2561 931 2985 984 mundanarum
3038 948 3230 985 rerum
3282 949 3464 1000 curas,
3505 952 3685 1006 usque

1991 1019 2165 1071 modo
2223 1019 2314 1072 vix
2339 1034 2564 1072 mecum
2613 1019 2848 1073 nomine
2905 1025 3093 1085 notas,
3146 1021 3224 1073 ita
3284 1022 3508 1075 acclivis
3566 1025 3688 1093 jam

1993 1107 2252 1160 humeris
2282 1111 2468 1175 porto,
2501 1112 2564 1160 ut
2590 1108 2730 1161 heu!
2773 1124 2879 1160 nec
2931 1108 3213 1177 respirare
3249 1125 3352 1162 nec
3414 1127 3531 1179 pra:
3564 1128 3687 1165 ma-

1991 1194 2291 1264 gnitudine
2361 1194 2632 1264 ponderis
2687 1196 2976 1264 suspicere
3023 1204 3243 1265 potero.
3306 1198 3436 1250 Illos
3495 1205 3684 1253 autem

1993 1284 2334 1335 lluctuantes
2379 1282 2556 1334 seculi
2624 1282 2884 1334 turbines
2949 1283 3314 1353 diversasque
3375 1285 3687 1338 adversita-

1992 1373 2115 1421 tum
2191 1368 2547 1422 incursiones
2594 1369 2860 1439 aerisque
2911 1375 3178 1436 terrores,
3242 1387 3385 1440 quos
3460 1372 3686 1426 vivente

1990 1457 2156 1510 beato
2209 1462 2449 1526 patrono
2506 1461 2700 1509 nostro
2758 1457 3078 1510 rarissimos
3102 1459 3399 1522 sensimus,
3456 1476 3682 1530 prome-

1989 1545 2249 1598 rentibus
2296 1546 2540 1615 peccatis
2589 1543 2799 1597 nostris
2829 1545 2948 1614 jam
3002 1547 3166 1614 quasi
3222 1547 3540 1600 cotidianos
3597 1549 3684 1601 vel

1992 1639 2424 1687 momentaneos
2467 1632 2838 1685 sustinemus.
2901 1633 3060 1685 Illius
3101 1650 3351 1704 namque
3400 1635 3508 1705 piis
3557 1651 3684 1687 ora-

1990 1725 2239 1779 tionibus
2288 1725 2426 1779 dum
2479 1724 2617 1778 vixit
2661 1725 2814 1794 apud
2873 1726 3053 1778 Deum
3099 1726 3299 1796 adjuti,
3331 1744 3363 1780 a
3417 1727 3688 1796 periculis

1988 1814 2259 1866 omnibus
2298 1813 2460 1883 quasi
2508 1828 2675 1866 muro
2725 1813 2935 1865 muniti
2992 1813 3207 1867 fuimus
3269 1818 3307 1869 ⁵.
3375 1817 3687 1885 Postquam

1987 1910 2181 1955 autem
2227 1902 2348 1971 ejus
2397 1900 2696 1954 benedicta
2735 1901 3040 1968 praesentia
3080 1902 3265 1954 orbati
3297 1919 3514 1966 sumus,
3574 1920 3687 1973 quo

1988 1990 2301 2043 secundum
2326 2005 2518 2042 vocem
2545 1987 2900 2041 Dominicam
2952 1989 3202 2042 extincto
3243 1995 3489 2060 pastore,
3523 1992 3688 2061 quasi

1988 2094 2122 2132 oves
2152 2078 2272 2130 sinc
2294 2077 2642 2130 offensaculo
2685 2076 2881 2145 positi,
2925 2093 3123 2130 sumus
3161 2078 3402 2147 dispersi
3450 2086 3504 2132 et
3534 2095 3684 2142 pene

1989 2167 2060 2220 ad
2101 2163 2346 2218 nihilum
2373 2164 2606 2218 redacti.
2653 2164 2811 2216 Unde
2868 2164 3091 2233 quoties
3151 2165 3284 2217 talia
3322 2170 3377 2218 te
3407 2167 3682 2235 loquente

1987 2253 2160 2308 modo
2183 2252 2510 2316 audiebam,
2553 2252 2720 2305 toties
2751 2267 2856 2320 per
2886 2252 3114 2321 singula
3169 2269 3314 2322 pene
3365 2254 3538 2307 verba
3597 2260 3679 2307 ta-

1987 2342 2100 2395 cite
2153 2340 2381 2405 ﬂebam,
2443 2355 2548 2392 nec
2607 2339 2776 2392 nudis
2834 2338 3107 2402 lacrimis,
3167 2339 3287 2404 sed,
3335 2343 3478 2392 teste
3549 2356 3687 2393 con-

1987 2429 2225 2482 scientia
2283 2444 2430 2493 mea,
2491 2443 2556 2481 ex
2613 2426 2819 2480 intima
2865 2426 3307 2496 compunctione
3388 2429 3684 2481 concretis.

1990 2519 2157 2585 Ergo,
2193 2532 2409 2586 quazso,
2447 2531 2620 2585 perge
2652 2515 2937 2567 narrando
2970 2515 3039 2568 de
3071 2515 3177 2568 hoc
3206 2515 3327 2568 viro
3360 2530 3486 2584 quae
3545 2532 3685 2586 pro-

1988 2604 2218 2670 misisti,
2253 2604 2378 2657 etsi
2405 2604 2544 2673 quid
2577 2608 2777 2672 potero
2809 2603 2933 2667 tibi,
2977 2602 3166 2668 frater,
3203 2619 3510 2673 suggerere
3568 2621 3688 2658 non

1988 2693 2218 2746 desisto.
2282 2721 2344 2731 —
2409 2693 2627 2753 Fateor,
2693 2691 2950 2760 inquam,
3020 2692 3173 2759 quod
3229 2692 3338 2760 piis
3397 2692 3522 2760 ejus
3553 2709 3686 2745 ora-

1988 2780 2243 2832 tionibus
2275 2797 2306 2831 a
2337 2779 2463 2831 telis
2495 2777 2828 2847 periculosis
2860 2794 3086 2846 semper
3142 2778 3386 2846 protecti
3443 2795 3676 2846 sumus;

1989 2873 2045 2920 et
2077 2869 2206 2920 ideo
2240 2884 2327 2920 me
2377 2867 2612 2937 impune
2647 2882 2926 2936 peccasse,
2981 2867 3352 2919 stultissimus
3414 2871 3551 2919 tunc
3580 2884 3688 2936 pu-

167 2975 356 3011 vesco.
393 2956 672 3025 Quicquid
703 2955 858 3007 enim
898 2953 1086 3006 labilis
1118 2952 1400 3006 desiderat
1430 2953 1678 3018 animus,
1719 2955 1873 3006 velut
1912 2957 1950 3010 C
1992 2957 2206 3021 tabam,
2239 2956 2511 3024 quoniam
2566 2955 2728 3008 illum
2769 2971 2870 3024 pro
2921 2954 3087 3006 nobis
3135 2954 3484 3007 incessanter
3526 2971 3689 3008 orare

167 3048 360 3100 lutum
390 3045 545 3097 nullo
576 3043 804 3096 camino
836 3042 1163 3112 probatum,
1215 3041 1282 3093 ad
1316 3042 1712 3110 peragendum
1738 3043 1877 3094 mol-

167 3136 341 3198 lesco,
377 3139 432 3186 et
482 3132 805 3197 commissa,
859 3146 985 3199 quae
1019 3130 1194 3181 semel
1240 3129 1329 3182 vix
1362 3130 1571 3182 exortis
1628 3129 1878 3182 lacrimis

172 3221 584 3287 deﬂeo,totius
638 3218 817 3272 animi
880 3217 1081 3270 salutis
1121 3216 1360 3282 oblitus,
1422 3217 1615 3270 statim
1673 3222 1878 3270 centu-

166 3311 344 3381 plico.
383 3309 536 3362 Unde
597 3311 652 3359 et
689 3306 861 3360 verba
892 3321 1020 3358 mea
1071 3305 1265 3357 dolore
1314 3311 1450 3358 sunt
1497 3306 1687 3374 plena.
1750 3306 1879 3357 Haec

168 3405 250 3461 te,
278 3398 470 3464 frater,
523 3395 788 3448 similiter
818 3409 1047 3447 mecum
1106 3409 1446 3462 cognoscere
1494 3399 1656 3462 puto,
1701 3409 1874 3462 quem

171 3486 464 3540 similibus
544 3482 808 3537 terminis
867 3484 889 3515 ³
985 3497 1104 3534 non
1186 3484 1360 3535 semel
1423 3482 1658 3535 sudasse
1718 3482 1873 3534 haud

169 3570 403 3644 ignaro.
439 3572 544 3626 Sed
583 3587 858 3641 quorsum
894 3571 1056 3624 haec?
1101 3569 1383 3632 Quorsum
1424 3575 1503 3636 te,
1536 3569 1758 3635 dilecte,
1786 3585 1879 3620 su-

173 3678 460 3733 pervacua
514 3662 734 3713 ratione
767 3659 1002 3712 demum
1056 3658 1238 3711 duco?
1283 3659 1706 3728 Supervacuam
1788 3673 1880 3709 ra-

176 3751 394 3804 tionem
428 3749 569 3814 dico,
632 3765 808 3818 quam
839 3747 1025 3800 verbis
1056 3748 1412 3816 profitemur,
1445 3745 1546 3799 sed
1577 3745 1735 3798 factis
1764 3760 1880 3797 non

174 3839 607 3908 consequimur.
642 3838 784 3890 Nam
839 3836 898 3889 in
959 3835 1270 3905 primordio
1300 3835 1470 3904 hujus
1501 3833 1738 3886 rationis
1769 3849 1883 3886 non

175 3925 250 3977 ad
275 3921 590 3986 tristitiam,
624 3921 722 3974 sed
765 3921 833 3973 ad
857 3919 1295 3989 jucunditatem,
1357 3935 1474 3972 non
1523 3918 1593 3971 ad
1628 3918 1883 3970 dolorem

178 4011 280 4065 sed
312 4011 384 4064 ad
438 4009 723 4075 laetitiam,
771 4025 889 4061 non
923 4007 988 4060 ad
1025 4007 1181 4073 vitia,
1230 4009 1323 4060 sed
1357 4008 1425 4061 ad
1478 4006 1715 4060 virtutes
1747 4022 1883 4076 pro-

177 4099 443 4153 ferendas
490 4103 564 4162 te,
627 4097 852 4163 dilecte,
916 4096 1207 4150 vocabam.
1270 4097 1412 4165 Ergo
1469 4095 1539 4148 ad
1595 4095 1883 4164 inceptam

177 4187 354 4240 redeo
414 4185 780 4248 sententiam,
834 4183 1316 4253 dilectionemque
1386 4188 1543 4236 tuam
1612 4187 1632 4217 ‘
1701 4182 1882 4252 rogito

181 4280 357 4345 atque
384 4273 624 4327 subnixe
667 4273 886 4342 ﬂagito,
922 4275 983 4325 ut
1014 4273 1100 4326 vel
1157 4271 1564 4340 interrogando
1597 4271 1884 4340 prtecedas

184 4379 394 4432 meque
421 4362 490 4416 de
518 4362 691 4430 hujus
714 4361 817 4414 viri
841 4360 954 4413 vita
975 4365 1304 4413 narrantem
1338 4359 1648 4425 intelligas,
1680 4375 1779 4412 seu
1794 4375 1883 4413 me

183 4452 639 4520 interrogantem
699 4449 950 4518 corrigas
1003 4453 1058 4502 et
1113 4450 1412 4518 praedictas
1462 4447 1700 4500 virtutes
1756 4464 1885 4502 nar-

185 4556 322 4593 rans
400 4538 649 4607 pleniter
728 4537 980 4590 edoceas.
1053 4539 1294 4590 Econtra
1377 4536 1472 4589 ille
1541 4541 1731 4605 grates
1806 4552 1888 4589 re-

185 4628 400 4691 ferens,
440 4625 630 4696 inquit
662 4641 674 4678 :
710 4643 738 4675 «
768 4626 886 4678 Tua
914 4624 1112 4694 petitio
1175 4624 1258 4679 vel
1319 4624 1654 4690 admonitio,
1713 4625 1886 4678 caris-

186 4715 355 4780 sime,
390 4730 502 4766 non
547 4712 943 4782 vituperanda,
998 4713 1094 4766 sed
1134 4713 1382 4766 multum
1447 4712 1591 4766 mihi
1660 4713 1888 4767 videtur

187 4801 498 4856 laudanda.
558 4801 693 4863 Quae
735 4801 888 4854 enim
950 4801 1195 4870 petendo
1247 4801 1409 4872 quasi
1461 4801 1754 4870 scripsisti,
1816 4801 1886 4856 ad

187 4892 314 4944 haec
340 4905 433 4942 me
471 4889 721 4942 salubria
759 4889 1045 4942 narrando
1078 4889 1446 4955 admonuisti,
1488 4889 1680 4960 sicque
1735 4891 1884 4943 salu-

188 4978 373 5033 tiferis
397 4977 581 5031 verbis
612 4994 704 5031 me
727 4983 1078 5032 commotum
1103 4978 1301 5032 fecisti.
1362 4978 1562 5032 Dixisti
1611 4994 1881 5048 namque,

189 5075 245 5121 te
286 5084 402 5121 non
451 5067 637 5121 adhuc
670 5082 792 5121 esse
841 5066 1086 5121 oblitum
1132 5084 1273 5121 mea:
1329 5067 1795 5138 interrogationis
1833 5072 1887 5122 et

189 5158 260 5210 de
293 5157 512 5211 actibus
573 5156 755 5210 nostri
795 5157 1056 5210 senioris.
1093 5159 1156 5211 Et
1201 5173 1305 5227 ego
1368 5158 1580 5228 quippe
1668 5173 1886 5210 memor

189 5261 316 5298 sum
368 5261 509 5300 mete
567 5245 959 5316 inquisitionis
1013 5262 1077 5300 ac
1127 5252 1241 5299 tua:
1286 5246 1354 5300 de
1413 5263 1536 5315 ejus
1575 5245 1881 5299 virtutibus

2000 3045 2270 3097 sciebam.
2308 3045 2542 3096 Multum
2578 3043 2732 3095 enim
2757 3059 2859 3111 pro
2895 3058 3066 3112 grege
3099 3042 3206 3094 sibi
3255 3042 3558 3094 commisso
3587 3060 3688 3112 pa-

1988 3139 2108 3185 stor
2129 3133 2255 3201 pius
2305 3131 2457 3200 apud
2500 3133 2677 3184 Deum
2734 3130 3031 3195 laboravit,
3083 3131 3411 3198 multasque
3467 3131 3691 3184 calum-

1992 3221 2114 3273 nias
2155 3225 2207 3272 et
2233 3221 2586 3272 calamitates
2615 3224 2844 3287 pectore
2898 3218 3027 3270 forti
3083 3218 3320 3270 viriliter
3367 3217 3689 3273 resistendo

1988 3309 2139 3379 apud
2177 3310 2434 3361 secutum
2467 3307 2758 3361 sustinuit.
2799 3328 2817 3354 ›
2861 3307 2998 3369 Quae.
3051 3307 3247 3358 omnia
3298 3305 3353 3356 iu
3391 3306 3528 3358 locis
3563 3323 3694 3360 con-

1993 3397 2170 3467 gruis,
2233 3398 2347 3448 Deo
2375 3397 2702 3464 adjuvaute,
2757 3395 2984 3464 planius
3017 3394 3039 3427 θ
3090 3393 3504 3448 enarrabimus.
3578 3395 3687 3449 Sed

1989 3481 2455 3550 respondendum
2488 3484 2573 3532 est
2600 3480 2669 3532 ad
2702 3479 2830 3546 hoc,
2867 3480 3022 3548 quod
3077 3479 3178 3532 sub
3211 3481 3488 3548 exemplis
3550 3497 3692 3549 pro—

1990 3569 2164 3622 missa
2194 3568 2523 3637 peragenda
2553 3567 2924 3620 admonusiti.
2961 3569 3147 3636 Turpe
3178 3582 3298 3619 esse
3356 3568 3545 3620 dixisti
3586 3569 3690 3622 de-

1989 3672 2203 3727 ponere
2231 3657 2375 3723 vela,
2409 3672 2537 3708 cum
2595 3671 2711 3708 non
2769 3660 2990 3708 cessant
3048 3661 3349 3708 ventorum
3413 3673 3690 3725 prospera

1990 3746 2187 3799 ﬂabra.
2226 3745 2288 3797 Et
2310 3745 2418 3798 hoc
2460 3759 2660 3796 verum
2705 3759 2828 3797 esse
2878 3758 3215 3812 consequor,
3252 3744 3347 3796 sed
3418 3745 3526 3797 hoc
3575 3762 3691 3798 non

1993 3833 2287 3886 incautum
2347 3848 2467 3886 esse
2527 3835 2713 3900 puto:
2754 3843 2820 3885 ut
2867 3831 2914 3883 si
2959 3831 3169 3899 aliquis
3227 3831 3689 3899 magnitudinem

1993 3921 2166 3976 maris
2194 3925 2581 3974 transcurrere
2633 3919 2916 3989 disponat,
2967 3916 3449 3988 primuchontra
3503 3921 3694 3991 pelagi

1996 4011 2179 4064 minas
2209 4009 2401 4062 navim
2445 4008 2700 4077 undique
2755 4007 2996 4071 muniat,
3060 4005 3265 4059 deinde
3323 4023 3486 4076 aqua:
3554 4025 3695 4076 pro-

1992 4098 2334 4153 funditatem
2391 4096 2737 4165 explorando
2789 4097 3027 4149 latentes
3085 4094 3190 4147 sub
3237 4093 3404 4147 undis
3433 4097 3695 4164 scopulos

1992 4185 2524 4253 cautusprovideat,
2576 4188 2638 4236 ut
2667 4199 2799 4237 cum
2852 4185 3124 4253 navigare
3193 4182 3454 4252 incipiat,
3515 4184 3694 4236 mari—

1993 4290 2097 4328 nas
2139 4273 2324 4326 minas
2381 4287 2614 4326 securus
2669 4289 2785 4325 non
2837 4272 3040 4325 timeat
3097 4287 3284 4340 neque
3341 4271 3400 4324 in
3458 4271 3696 4324 latentes

1996 4362 2178 4415 silices
2233 4361 2467 4428 incidat,
2500 4360 2595 4413 sed
2619 4361 2784 4413 firmo
2815 4359 3112 4429 regiminis
3145 4359 3535 4428 gubernaculo
3588 4376 3694 4412 na-

2001 4451 2116 4505 vim
2159 4449 2479 4519 dirigendo,
2514 4448 2700 4517 plenis
2740 4449 2877 4501 velis
2927 4465 2989 4502 ac
3038 4447 3324 4518 prosperis
3371 4449 3553 4501 ventis
3626 4449 3693 4501 ad

2001 4543 2231 4610 portum
2283 4536 2480 4591 salutis
2512 4536 2828 4605 perveniat.
2888 4536 3183 4590 Similibus
3234 4529 3417 4590 modis
3474 4536 3694 4606 magni-

2000 4627 2201 4681 tudine
2251 4627 2421 4696 hujus
2464 4625 2606 4678 ﬁdes
2662 4625 2828 4678 nobis
2886 4629 2970 4677 est
3038 4624 3429 4693 imploranda;
3474 4624 3688 4694 ingenii

2000 4715 2280 4785 exiguitas
2311 4731 2381 4768 ex
2433 4718 2674 4782 utraque
2729 4717 2891 4782 parte
2932 4711 3209 4776 acuenda,
3244 4717 3304 4764 ut
3362 4711 3423 4763 in
3478 4713 3696 4780 vitupe-

2001 4805 2280 4859 rationem
2338 4803 2686 4868 invidorum,
2743 4817 2856 4853 non
2885 4799 3222 4865 incidamus,
3273 4800 3369 4852 sed
3425 4815 3552 4852 cum
3609 4815 3697 4850 sa-

1997 4892 2114 4946 lute
2149 4894 2219 4947 ad
2250 4893 2422 4946 tinem
2455 4889 2872 4959 perveniamus.
2937 4889 3078 4941 Nam
3133 4886 3364 4940 invidus
3411 4886 3698 4939 adulando

1998 4997 2151 5050 smpe
2200 4978 2452 5035 hominis
2524 4977 2671 5031 facta
2734 4992 2986 5046 prazsens
3044 4975 3256 5041 laudat,
3315 4973 3515 5026 absens
3564 4990 3696 5026 vero

1998 5071 2162 5139 quasi
2192 5067 2424 5122 rabidus
2450 5065 2605 5118 canis
2640 5065 2888 5118 inaniter
2945 5063 3207 5116 latrando
3256 5062 3559 5130 vituperat.
3593 5061 3699 5114 Sed

1997 5158 2273 5226 quoniam
2305 5155 2480 5208 timeo
2504 5154 2654 5207 ultra
2675 5168 2907 5207 narrare
2955 5151 3345 5221 iniquissimos
3393 5149 3696 5202 hominum

1997 5260 2209 5313 mores,
2248 5257 2468 5296 veneno
2500 5241 2727 5295 invidia:
2789 5239 3055 5293 toxicatos
3108 5255 3171 5291 ac
3226 5238 3385 5291 nulla
3421 5237 3532 5291 fide
3581 5242 3698 5291 sta-

1610 5388 1837 5440 VARUE
1889 5385 2285 5442 LECTIONES.

265 5507 288 5538 ³
317 5506 556 5560 thermis
584 5507 803 5562 videtur
822 5508 1120 5576 legendum.
1161 5513 1206 5562 t.
1265 5511 1322 5562 in
1350 5524 1525 5576 marg.

1605 5514 1624 5546 ⁸
1658 5526 1701 5562 s.
1736 5515 1915 5576 tuam,
1954 5509 2436 5578 dilectionemque
2480 5509 2538 5559 1.

2619 5504 2641 5537 ⁵
2672 5519 2869 5556 sumus
2905 5505 2951 5556 t.
3028 5503 3051 5536 δ
3082 5503 3350 5573 plenius?
