3960 6192
292 255 386 307 5H
1307 249 1778 306 BURCHARDUS
1819 248 2349 306 WORMACIENSIS
2388 248 2779 305 EPISCOPUS.

3692 250 3795 301 5l2

290 374 505 439 bilitos,
564 388 780 444 ponam
838 371 925 426 ori
989 371 1258 444 digitum,
1317 377 1382 427 ut
1437 388 1553 426 non
1610 372 1878 443 loquatur
1917 376 2051 428 osA
2089 373 2384 442 ordinatis,
2418 374 2635 445 praedia
2676 377 2733 427 et
2788 372 3075 442 mancipia
3104 372 3307 441 multa,
3366 388 3495 443 quas
3552 374 3641 427 vel
3687 379 3801 426 tra-

294 479 484 516 meum
516 477 691 532 opera
741 462 1065 515 hominum.
1101 462 1249 531 Ergo
1289 460 1646 514 adulantium
1677 460 1792 514 sive
1824 460 1982 514 oblo-

296 550 601 622 quentium
657 550 935 603 invidiam
994 565 1111 603 non
1167 549 1455 613 timentes,
1500 548 1569 601 de
1629 548 1801 619 hujus
1842 548 1985 619 justi

294 639 532 704 actibus,
593 637 787 691 divina
816 637 1118 707 adjuvante
1171 636 1578 702 misericordia,
1630 637 1825 708 aliqua
1873 638 1983 691 sal-

258 736 409 783 'tem
488 742 754 780 enarrare
799 726 1219 795 aggrediamur.
1265 728 1531 778 Attamen
1577 724 1625 778 si
1682 741 1768 794 ea,
1856 742 1985 797 quae

294 816 544 870 vidimus
599 820 657 869 et
708 830 836 886 quin
892 814 1178 884 religiosis
1237 813 1372 866 viris
1403 814 1780 868 referentibus
1834 814 1987 869 bona

280 909 367 971 ide
388 908 486 962 illo
506 907 826 970 didicimus,
850 922 1117 959 enarrare
1139 905 1431 971 debemus,
1447 905 1599 958 diem
1622 910 1788 958 antea
1813 921 1984 976 quam

297 995 641 1049 sententiam
670 994 1000 1047 inclinatam
1030 993 1370 1047 videbimus.
1431 992 1647 1046 Idcirco
1697 1010 1731 1046 a
1782 993 1983 1047 nativi-

297 1088 411 1138 tate
457 1084 580 1151 ejus
637 1081 1025 1136 summitatem
1085 1081 1166 1134 rei
1224 1081 1533 1150 tangendo,
1593 1097 1724 1134 cum
1776 1080 1986 1135 auxilio

298 1172 488 1226 divino
540 1170 905 1241 incipiamus,
957 1175 1013 1223 et
1060 1170 1139 1223 ita
1180 1169 1429 1222 breviter
1479 1170 1603 1239 ejus
1660 1174 1818 1239 gesta
1861 1186 1988 1224 nar-

299 1260 478 1314 rando
509 1260 577 1313 ad
599 1259 775 1312 ﬁnem
808 1274 987 1329 usque
1018 1257 1314 1329 pervenire
1343 1258 1675 1328 probemus.

376 1351 419 1403 1.
454 1349 588 1401 Erat
615 1347 791 1418 igitur
835 1346 1193 1400 Burchardus
1247 1347 1268 1380 τ
1328 1344 1389 1398 in
1445 1345 1741 1415 provincia
1792 1346 1988 1401 Hassia

298 1436 523 1504 genitus
571 1436 904 1505 parentibus
932 1436 1245 1489 secundum
1277 1435 1450 1488 seculi
1481 1435 1818 1504 dignitatem
1874 1452 1988 1489 non

299 1523 532 1578 inﬁmis.
558 1525 658 1579 Hic
684 1542 891 1595 nempe
921 1524 945 1558 ⁸
974 1540 1116 1594 puer
1142 1524 1639 1577 commendatione
1686 1528 1989 1593 parentum

2096 462 2315 517 ditione
2344 469 2651 533 parentum
2674 461 2760 516 vel
2809 462 3078 516 donativo
3109 462 3271 531 regio
3315 462 3661 533 acquisierat
3692 464 3800 531 (8),

2095 550 2231 604 hnic
2259 551 2512 605 ecclesiae
2541 550 2600 604 in
2658 550 2961 620 proprium
3021 552 3358 604 contulerat.
3411 550 3618 621 Sicque
3686 550 3803 620 piis

2106 638 2211 693 viri
2247 640 2419 710 hujus
2472 638 2764 693 laboribus
2846 639 3041 692 laudes
3095 644 3149 692 et
3196 640 3512 708 gratiarum
3543 640 3805 692 actiones

2095 726 2281 781 ofﬁcio
2299 727 2587 781 cotidiano
2640 727 2701 781 in
2756 728 2881 780 loco
2907 726 3179 797 praedicto
3226 728 3337 781 Deo
3389 730 3585 781 nostro
3672 742 3804 798 per—

2093 818 2412 871 solvuntur.
2447 818 2590 888 Ergo
2621 815 2668 851 ²⁶
2723 816 3194 886 religiosissimus
3220 817 3526 887 Willigisus
3582 819 3627 853 τ’
3661 833 3797 871 san-

2095 910 2244 959 ctam
2301 905 2549 959 hominis
2611 905 2713 959 Dei
2768 905 3097 974 intelligens
3170 905 3626 971 meditationem,
3690 904 3806 958 sibi

2094 994 2607 1050 familiarissimum
2634 992 2682 1030 ²⁸
2737 992 2912 1064 elegit
2940 999 2998 1046 et
3028 1009 3145 1047 suae
3173 1009 3413 1047 camerae
3453 994 3803 1064 magistrum

2096 1101 2161 1138 ac
2190 1083 2430 1137 civitatis
2464 1082 2768 1154 primatem
2795 1081 3111 1135 constituit.
3166 1083 3231 1136 In
3260 1098 3375 1153 quo
3426 1082 3616 1136 ofﬁcio
3684 1098 3804 1135 non

2096 1174 2280 1227 solum
2315 1171 2464 1242 apud
2492 1171 2771 1238 homines,
2826 1170 2921 1223 sed
2977 1171 3151 1224 etiam
3209 1173 3361 1239 apud
3416 1172 3596 1224 Deum
3647 1186 3801 1241 pra:-

2098 1260 2213 1313 mia
2248 1257 2296 1294 ’9
2326 1260 2575 1313 lucratus
2598 1265 2683 1311 est
2713 1258 3083 1328 sempiterna,
3113 1257 3249 1327 quia
3302 1273 3490 1327 neque
3534 1259 3802 1311 muneri—

2096 1349 2202 1403 bus
2229 1364 2413 1418 neque
2434 1347 2599 1401 donis
2632 1363 2734 1401 nec
2759 1345 2809 1381 3°
2838 1346 3078 1417 alicujus
3126 1361 3387 1417 personae
3443 1346 3804 1416 respectione

2098 1454 2132 1490 a
2180 1434 2536 1489 rectitudinis
2583 1436 2721 1489 calle
2776 1435 2992 1488 reﬁecti
3050 1434 3254 1505 potuit,
3334 1434 3481 1488 sicut
3537 1434 3804 1505 quidam,

2099 1540 2242 1594 quos
2265 1523 2434 1575 modo
2475 1522 2814 1593 plerumque
2862 1528 2961 1574 aut
2987 1522 3031 1555 ³³
3087 1520 3337 1575 amicitia
3366 1526 3465 1573 aut
3510 1520 3732 1575 invidia
3775 1538 3807 1573 a

301 1612 452 1682 apud
520 1613 936 1667 Conﬂuentiam
994 1612 1264 1666 canonice
1340 1610 1592 1681 primum
1642 1610 1887 1664 nutritus
1940 1610 1985 1675 9,
2023 1652 2061 1704 Β
2094 1609 2312 1682 judicio
2343 1614 2494 1663 recto
2526 1610 2688 1663 facile
2717 1608 2833 1663 labi
2862 1608 3271 1679 conspicimus.
3319 1610 3389 1662 Ex
3439 1609 3527 1662 his
3557 1609 3806 1680 aliisque

300 1700 505 1754 deinde
527 1717 628 1770 per
658 1701 779 1754 loca
809 1700 1031 1754 diversa
1053 1715 1223 1753 causa
1246 1698 1419 1753 studii
1448 1699 1695 1752 directus
1712 1697 1761 1731 ¹⁰
1783 1704 1868 1753 est
1897 1700 1986 1768 (7).

304 1790 502 1841 Postea
565 1804 696 1841 vero
763 1787 1040 1858 Willigiso
1106 1789 1148 1824 ¹¹
1216 1787 1667 1856 Moguntinensis
1713 1785 1761 1821 ¹²
1841 1787 1993 1841 sedis

301 1875 612 1930 venerabili
668 1876 1093 1946 archiepiscopo
1140 1891 1197 1929 se
1244 1874 1523 1945 adjunxit,
1583 1874 1851 1944 illiusque
1897 1892 1991 1928 sa-

302 1963 474 2017 lutari
499 1963 776 2034 sapientia
808 1964 1080 2034 repletus,
1108 1967 1163 2016 et
1219 1963 1533 2017 secundum
1591 1978 1721 2016 suos
1774 1962 1991 2016 nobiles

302 2068 489 2105 mores
520 2052 794 2118 imbutus,
831 2067 1179 2121 quamquam
1229 2055 1365 2105 tetas
1419 2050 1748 2120 denegaret,
1789 2050 1992 2104 vitiosa

300 2141 446 2194 facta
471 2139 743 2210 fugiendo
797 2139 1030 2204 vitabat,
1085 2144 1140 2193 et
1168 2139 1237 2193 ad
1266 2138 1508 2192 meliora
1555 2138 1834 2209 paulatim
1861 2137 1993 2191 ani—

302 2244 462 2281 mum
518 2228 837 2298 torquebat.
892 2228 1033 2281 Nam
1107 2231 1231 2298 post
1281 2227 1617 2298 primaevam
1672 2225 1992 2297 juventutis

300 2316 499 2370 ﬂorem
521 2314 680 2368 omni
711 2315 965 2369 bonitate
996 2316 1219 2369 refulsit
1247 2316 1577 2385 praeclarus,
1631 2315 1692 2368 in
1748 2316 1793 2349 1³
1835 2316 1991 2385 justo

302 2404 542 2471 stabilis,
596 2403 655 2456 in
696 2404 1004 2457 commisso
1042 2403 1250 2468 ﬁdelis,
1290 2403 1349 2455 in
1406 2402 1645 2455 consilio
1700 2402 1991 2473 providus,

302 2491 362 2545 in
394 2491 684 2562 prosperis
740 2507 860 2544 non
898 2492 1102 2556 elatus,
1150 2490 1211 2543 in
1241 2490 1493 2544 adversis
1545 2506 1661 2544 non
1710 2491 1991 2557 turbatus,

303 2579 732 2633 sublimioribus
762 2578 1052 2647 obediens,
1088 2578 1283 2649 egenis
1340 2578 1713 2647 compatiens,
1769 2578 1994 2632 miseris

305 2668 567 2733 affabilis,
632 2667 956 2721 misericors
1007 2667 1268 2733 subditis,
1319 2667 1564 2720 multum
1621 2667 1836 2737 largus,
1869 2683 1995 2720 mo-

302 2754 461 2808 ribus
513 2754 970 2820 honestissimus,
1049 2760 1220 2825 atque
1275 2753 1334 2807 in
1393 2754 1551 2808 omni
1596 2770 1769 2823 opere
1826 2754 1995 2808 Dei“

284 2848 589 2895 strenuus.
624 2842 1042 2909 Patientiamin
1081 2859 1147 2896 eo
1192 2841 1426 2896 laudare
1454 2858 1684 2895 necesse
1733 2857 1848 2895 non
1888 2846 1992 2903 est,

2100 1697 2366 1768 plurimis
2414 1697 2643 1769 pietatis
2697 1696 2902 1751 studiis
2948 1704 3237 1751 crescente
3266 1697 3419 1750 fama
3466 1698 3621 1751 beati
3672 1698 3802 1762 viri,

2100 1787 2171 1841 ad
2194 1802 2359 1841 aures
2383 1785 2746 1855 imperatoris
2802 1786 3027 1842 Ottonis
3068 1785 3223 1840 tertii
3254 1785 3459 1840 notitia
3515 1788 3643 1856 ejus
3676 1801 3805 1857 per-

2101 1876 2284 1945 venit;
2318 1875 2417 1945 qui
2451 1875 2517 1942 3’,
2550 1880 2613 1927 ut
2639 1880 2762 1928 erat
2802 1874 3135 1945 piiissimus,
3168 1875 3333 1928 valde
3386 1875 3549 1927 illum
3603 1875 3807 1928 dilexit

2102 1967 2158 2015 et
2182 1978 2330 2033 saepe
2359 1962 2430 2016 ad
2458 1979 2516 2016 se
2564 1962 2612 1996 ³³
2641 1962 2968 2016 venientem
3025 1964 3338 2015 clementer
3393 1963 3661 2032 suscepit,
3744 1978 3808 2015 ac

2100 2049 2335 2105 diversis
2368 2050 2533 2105 donis
2588 2056 2857 2105 onustum
2898 2049 3212 2105 honoriﬁce
3261 2051 3501 2119 remisit,
3556 2050 3806 2122 gratiam

2102 2138 2208 2192 sibi
2230 2140 2578 2209 promittens
2607 2156 2728 2193 esse
2773 2139 3044 2194 futuram.

2172 2230 2223 2282 3.
2277 2223 2495 2281 [nterea
2537 2227 2794 2298 contigit,
2835 2230 2916 2281 ‘ut
2974 2226 3306 2283 Hildebalus
3358 2226 3809 2281 Wormaciensis

2102 2315 2354 2369 ecclesiae
2382 2315 2433 2351 ⁸⁸
2472 2317 2771 2387 episcopus
2824 2316 2976 2370 diem
3018 2317 3311 2370 clauderet
3354 2316 3622 2369 ultimum
3693 2316 3807 2385 (an.

2104 2406 2228 2471 998,
2262 2404 2407 2469 Aug.
2449 2405 2529 2472 4),
2563 2408 2620 2458 et
2646 2403 2766 2457 vice
2819 2404 2974 2458 illius
3014 2405 3251 2469 Franco,
3284 2403 3355 2469 ³⁸,
3408 2403 3672 2475 praedicti
3701 2403 3808 2457 do-

2103 2491 2247 2544 mini
2324 2492 2631 2546 Burchardi
2701 2492 2896 2560 frater,
2953 2492 3398 2545 constitueretur
3480 2493 3808 2562 episcopus.

2107 2581 2279 2635 Multa
2304 2581 2373 2635 de
2394 2581 2504 2634 hoc
2533 2580 2654 2634 viro
2685 2579 2736 2615 3‘
2774 2580 3061 2634 narranda
3110 2581 3455 2645 sufﬁcerent,
3507 2580 3556 2634 si
3585 2580 3813 2651 ingenii

2103 2667 2384 2739 exiguitas
2440 2684 2555 2722 non
2601 2668 2931 2738 impediret.
2982 2668 3091 2724 Sed
3139 2666 3187 2703 ³⁷
3217 2669 3351 2740 quia
3417 2669 3635 2723 mentio
3684 2670 3813 2741 ejus

2103 2755 2509 2811 nostrirationi
2537 2756 2868 2823 intervenit,
2925 2756 2973 2810 si
3025 2773 3141 2810 non
3180 2772 3482 2827 possumus
3536 2757 3610 2811 de
3632 2757 3814 2828 [factis

2103 2846 2258 2900 illius
2287 2845 2604 2915 majoribus
2646 2850 2841 2899 tamen
2897 2844 3092 2915 aliqua
3160 2844 3414 2899 dicamus
3468 2845 3537 2899 de
3568 2845 3812 2900 minori-

304 2946 433 2984 cum
478 2929 585 2983 sibi
634 2930 1030 2997 servientibus,
1083 2946 1434 3001 quamquam
1490 2932 1534 2965 ¹⁸
1590 2945 1741 2999 saepe
1797 2935 1995 2984 contra
2028 2924 2068 2977 C
2105 2934 2230 2988 bus.
2293 2937 2538 3002 Accepto
2597 2930 2647 2967 ³⁸
2707 2933 2885 3004 igitur
2961 2932 3311 3003 episcopatu,
3366 2933 3704 3004 aliquandiu
3753 2935 3811 2987 in

306 3019 470 3074 illum
523 3017 1013 3088 delinquentibus,
1050 3034 1153 3072 nec
1212 3020 1256 3054 ¹⁴
1302 3019 1484 3072 ullum
1554 3018 1993 3072 contradicendo

306 3107 617 3178 aliquando
647 3106 920 3177 objiceret
946 3106 1269 3160 verbulum.

376 3198 429 3249 2.
464 3193 592 3248 Istis
614 3192 826 3264 quippe
860 3190 904 3227 ¹⁷
964 3192 1169 3263 hisque
1201 3191 1486 3245 similibus
1545 3193 1771 3262 pollens
1817 3192 1994 3247 virtu-

308 3282 481 3347 tibus,
532 3296 633 3350 per
685 3280 944 3349 singulas
993 3280 1235 3348 gradum
1277 3279 1599 3333 scansiones
1649 3279 1695 3313 ¹⁸
1755 3280 1823 3334 ad
1878 3281 1997 3335 dia-

308 3372 545 3423 conatus
573 3368 835 3422 ordinem
866 3368 935 3422 ab
977 3367 1402 3438 archiepiscopo
1467 3366 1513 3401 ¹⁹
1562 3368 1904 3423 sublimatus
1949 3368 2000 3402 ³ο

310 3462 413 3523 est,
456 3462 512 3511 et
533 3458 655 3511 loco
715 3455 941 3510 cuidam
1000 3456 1370 3526 pauperrimo
1430 3456 1765 3527 prazpositus
1822 3452 1907 3511 est
1928 3456 1994 3510 ²¹.

312 3549 470 3601 Hunc
500 3561 637 3615 ergo
687 3545 898 3610 locum,
950 3543 1379 3614 archiepiscopo
1420 3544 1739 3615 adjuvante,
1772 3561 1999 3599 summo

308 3634 436 3688 nisu
497 3633 686 3687 statim
739 3632 973 3687 adauxit
1031 3632 1285 3703 totisque
1335 3632 1554 3687 viribus
1597 3633 1887 3687 decoravit
1929 3632 1997 3687 ³³.

311 3723 453 3776 Nam
501 3721 800 3791 egregium
871 3720 1281 3774 monasterium
1338 3720 1508 3775 simul
1564 3725 1621 3775 et
1689 3722 2001 3775 claustrum

308 3809 716 3864 canonicorum
769 3808 829 3863 in
884 3809 1104 3863 honore
1171 3809 1351 3863 sancti
1406 3808 1641 3863 Victoris
1698 3809 1910 3864 ibidem
1957 3811 2002 3846 ²³

310 3898 625 3953 construxit
680 3901 743 3951 ³⁸.
795 3897 1085 3968 Positique
1139 3894 1184 3931 ³⁵
1240 3897 1311 3951 ad
1371 3898 1711 3953 electionem
1761 3899 2001 3953 fratrum

311 3987 545 4041 claustri
585 3985 948 4056 primatibus,
1004 4001 1239 4039 cursum
1309 3985 1479 4040 certis
1532 3985 1890 4056 temporibus
1950 3993 2006 4041 et

312 4074 491 4145 signis
543 4073 832 4129 decantari
880 4072 1207 4144 servarique
1255 4073 1544 4144 praecepit.
1602 4075 1667 4128 Et
1715 4073 1795 4128 ita
1837 4074 2006 4129 rebus

313 4162 706 4217 ecclesiasticis
769 4162 1085 4216 secundum
1181 4160 1443 4232 regulam
1498 4162 1835 4216 canonicam
1898 4163 2004 4217 rite

2104 3020 2439 3075 Wormacias
2490 3020 2705 3074 ﬁnibus
2758 3021 3126 3087 morabatur;
3181 3021 3389 3075 deinde
3420 3021 3469 3055 ³9
3501 3022 3675 3074 rebus
3718 3039 3808 3076 ec-

2107 3106 2408 3161 clesiaticis
2456 3100 2876 3159 rationabiliter
2922 3104 3203 3159 ordinatis
3248 3103 3317 3171 δυ,
3366 3106 3427 3158 in
3484 3105 3809 3173 expeditio-

2106 3212 2240 3251 nem
2271 3194 2523 3249 Italicam
2553 3210 2683 3249 cnm
2713 3193 3059 3264 imperatore
3114 3195 3155 3230 “
3214 3193 3501 3262 profectus
3530 3198 3646 3259 est;
3698 3195 3806 3247 ibi-

2108 3300 2219 3354 que
2274 3281 2321 3319 "
2370 3283 2499 3351 plus
2549 3298 2721 3352 quam
2773 3281 2945 3335 unius
2972 3281 3107 3335 anni
3149 3282 3338 3352 spacio
3372 3280 3421 3315 ³³
3451 3282 3512 3335 in
3574 3283 3808 3335 servitio

2108 3371 2471 3441 imperatoris
2522 3369 2781 3439 vigilanti
2839 3369 3033 3423 animo
3084 3370 3365 3433 studebat,
3417 3370 3660 3440 ejusque
3716 3386 3807 3423 se-

2108 3458 2274 3513 cretis
2302 3474 2453 3528 saepe
2486 3462 2531 3495 “
2559 3457 2852 3524 intererat,
2885 3463 2943 3512 et
2991 3458 3222 3529 quando
3274 3455 3320 3494 ⁸⁵
3350 3459 3419 3512 de
3468 3458 3642 3511 rebus
3683 3475 3808 3512 ma-

2104 3547 2326 3618 joribus
2349 3546 2710 3600 tractandum
2765 3545 2981 3617 aliquid
3018 3550 3162 3611 erat,
3218 3550 3377 3600 tanta
3420 3546 3809 3600 familiaritate

2111 3640 2168 3689 et
2216 3634 2570 3701 auctoritate,
2641 3634 2902 3705 quamvis
2946 3632 3173 3704 juvenis
3226 3638 3391 3696 esset.
3440 3634 3509 3687 ad
3554 3634 3806 3703 impera-

2111 3730 2293 3777 torem
2325 3722 2663 3790 habebatur,
2700 3726 2764 3775 ut
2812 3722 2932 3776 sine
2962 3721 3141 3792 ipsius
3171 3721 3411 3776 consilio
3436 3738 3565 3776 raro
3591 3722 3807 3793 aliquid

2112 3815 2478 3865 statueretur.
2536 3810 2764 3866 Cunctis
2814 3810 3057 3865 affabilis
3107 3815 3229 3864 erat
3258 3808 3326 3878 ⁸⁸,
3382 3810 3603 3865 cunctis
3646 3811 3806 3865 beni-

2115 3915 2263 3969 gnus
2293 3899 2501 3965 extitit,
2534 3903 2590 3953 et
2620 3898 2872 3968 plurima
2889 3898 3157 3952 donando
3187 3898 3432 3969 gloriam
3476 3915 3597 3952 non
3625 3899 3806 3953 modi-

2113 4003 2239 4042 cam
2267 3987 2416 4058 apud
2456 3990 2692 4041 cunctos
2717 3986 3033 4057 acquisivit.
3073 3987 3231 4042 Unde
3286 3991 3343 4041 et
3386 4002 3588 4041 omnes
3629 3988 3803 4041 maxi-

2116 4092 2209 4130 mo
2256 4076 2470 4129 honore
2516 4092 2579 4129 ac
2627 4075 2933 4130 dilectione
2984 4075 3147 4128 illum
3192 4074 3501 4142 habebant,
3535 4082 3596 4129 et
3652 4076 3807 4146 quasi

2116 4169 2375 4218 sanctum
2403 4163 2525 4234 jam
2557 4163 2893 4218 divinabant
2920 4165 2984 4215 ⁸⁷.
3020 4164 3085 4217 Et
3113 4164 3325 4218 idcirco
3363 4164 3431 4217 ab
3464 4164 3807 4234 imperatore

1718 4287 1950 4340 VARIAE
2002 4286 2402 4342 LECTIONES.

386 4392 407 4424 ⁷
465 4391 598 4444 Erat
654 4406 907 4473 namque
938 4390 1318 4473 _Borchardus
1391 4388 1726 4473 incipit-2;
1771 4388 1795 4424 ⁸
1834 4391 2063 4473 quippe

324 4463 341 4513 l
363 4500 373 4512 .
422 4475 651 4529 semper,

639 4601 684 4635 ’ί
754 4602 900 4657 deest
984 4606 1036 4656 2.

318 4602 465 4654 latus
515 4604 561 4655 l.
639 4601 684 4635 ’ί
754 4602 900 4656 deest
984 4606 1036 4656 2.
1108 4600 1159 4635 "
1206 4600 1491 4656 decreavit
1556 4600 1615 4655 2.

725 4461 774 4496 "
813 4460 994 4515 ’arch.
1054 4477 1131 4515 m.
1211 4478 1261 4515 s.
1333 4476 1391 4514 se
1452 4460 1648 4531 junxit
1697 4465 1750 4515 2.
1833 4460 1877 4496 ¹³
1929 4460 2076 4516 inii.
2136 4481 2161 4515 ε
2209 4462 2402 4517 desunt
2455 4465 2512 4516 2.
2590 4460 2635 4499 ιδ
2688 4461 2835 4517 deest
2893 4465 2941 4516 l.
2996 4460 3067 4497 “¹¹
3123 4477 3320 4529 φιεως

725 4551 728 4566 .
787 4530 980 4566 Anum}
1027 4534 1059 4566 ι)
1156 4529 1201 4566 17
1259 4531 1495 4566 teriam...
1575 4548 1611 4566 η
1692 4548 1724 4566 11
1776 4537 1828 4566 οι
1886 4532 2167 4566 amntium
2222 4537 2253 4566 ε)
2355 4531 2400 4566 is
2456 4531 2726 4566 αιηθὶηηο.
2779 4535 2811 4566 ε)
2914 4530 2959 4566 t9
3017 4548 3042 4566 ο
3100 4532 3320 4566 “ﬁlum;

317 4560 385 4569 ——
432 4530 731 4586 verbqum
787 4530 980 4586 desunt
1027 4534 1080 4586 2.
1156 4530 1201 4569 ¹⁷
1259 4530 1495 4601 ἱεὶίεᾳυε
1575 4548 1630 4601 p.
1692 4548 1739 4583 v.
1776 4537 1832 4585 et
1886 4532 2169 4586 similibus
2222 4537 2275 4587 2.
2355 4531 2400 4567 ¹⁸
2456 4531 2728 4586 stationes
2779 4535 2833 4587 2.
2914 4530 2959 4566 ¹⁹
3014 4548 3066 4585 a.
3100 4532 3391 4599 Willegiso
3471 4535 3522 4585 2.
3600 4530 3649 4565 ²⁰
3686 4530 3807 4583 sub-

318 4602 465 4673 latus
515 4604 589 4673 l._
639 4601 684 4635 ²ί
754 4602 900 4657 deest
984 4606 1036 4656 2.
1108 4600 1159 4635 "
1206 4602 1491 4673 decreavit
1556 4604 1615 4655 2.
1698 4606 1743 4638 ’³
1788 4606 1957 4673 extra
2028 4620 2220 4658 muros
2289 4602 2636 4673 Moguntina:
2696 4601 2939 4657 civitatis
2968 4605 3020 4655 2.
3098 4602 3146 4635 ’δ
3202 4602 3303 4673 Est
3361 4605 3555 4655 autem
3623 4601 3807 4673 Victor

2120 4395 2172 4446 2.
2249 4389 2273 4425 9
2352 4390 2621 4461 eruditus
2663 4395 2717 4446 2.
2794 4390 2841 4428 ¹⁰
2922 4391 3169 4461 dejectus
3240 4394 3294 4443 2.
3344 4391 3428 4461 7“
3501 4390 3807 4461 Vnilligoso

3024 4462 3067 4497 ¹¹
3123 4460 3383 4529 quamvis
3458 4463 3510 4514 2.
3589 4460 3635 4496 ⁴⁸
3708 4475 3807 4513 nec

3600 4529 3649 4565 ²⁰
3686 4530 3809 4583 sub-

316 4672 449 4753 iste_
479 4671 665 4725 socius
708 4673 888 4753 sancti
962 4673 1236 4728 Gereonis
1266 4672 1638 4753 .in_Collonia
1670 4672 2059 4753 quiescentis,
2119 4673 2218 4753 qui
2275 4671 2406 4753 990'
2440 4673 2532 4727 die
2578 4673 2730 4742 passi
2774 4678 2946 4753 sunt,_
2973 4672 3362 4753 _sed__Vi_cto.r_.
3393 4688 3523 4725 cum
3606 4671 3697 4753 sui
3749 4671 3808 4753 in

313 4743 578 4824 gigantum,
638 4750 694 4797 et
738 4744 959 4824 Gereon
993 4742 1310 4824 ‘cummsuis
1367 4743 1428 4797 in
1485 4742 1737 4824 colonia.
1769 4744 1901 4797 add.
2053 4742 2678 4824 vgioauft'irsgqrteniis
2733 4744 3006 4824 monachi.

993 4811 1039 4849 ³⁷
1093 4813 1397 4883 willegisus
1437 4814 1899 4883 archiepiscopus
1951 4818 2003 4867 2.
2081 4813 2195 4869 υἱ.
2231 4815 2392 4868 illum
2458 4817 2512 4869 2.
2594 4813 2641 4848 ’9

1066 4885 1114 4921 ³³
1145 4885 1279 4939 auia
1311 4887 1370 4939 2.
1454 4885 1501 4919 ³³
1532 4884 1695 4939 illum
1718 4889 1770 4939 2.
1849 4885 1897 4920 ³⁸
1927 4885 2070 4938 ἀθεεὶ
2098 4888 2151 4938 2.
2227 4884 2278 4919 ³⁵
2318 4885 2551 4937 francko
2588 4888 2636 4939 l.

317 4811 365 4849 ³⁸
421 4814 542 4868 Bel.
593 4820 787 4867 autem
848 4817 904 4867 2.

315 4885 358 4917 ³⁸
402 4889 459 4937 et
488 4901 538 4939 a.
575 4885 661 4939 vel
705 4885 742 4939 i.
776 4884 899 4939 eti.
936 4888 988 4938 2.
1066 4885 1114 4921 ³³
1145 4885 1279 4955 quia
1311 4887 1370 4939 2.

3090 4741 3137 4776 ³⁵
3197 4742 3396 4796 Positis
3444 4758 3580 4810 ergo
3626 4742 3702 4795 ibi
3752 4743 3804 4792 2.

2682 4832 2822 4886 με.
2855 4818 2939 4867 est
2968 4818 3301 4886 consecutus
3345 4816 3397 4868 2.
3475 4811 3524 4847 3°
3579 4813 3726 4886 deest
3748 4814 3805 4886 2.Σ

2715 4884 2764 4918 3"
2795 4885 2864 4936 de
2899 4900 3011 4953 quo
3040 4883 3162 4936 viro
3188 4884 3365 4953 multa
3395 4900 3451 4936 n.
3484 4887 3536 4937 2.
3614 4880 3657 4916 ³⁷
3700 4880 3805 4935 Sed

316 4984 385 4995 -—
414 4955 736 5009 minoribus
774 4956 966 5010 desunt
993 4958 1045 5009 2.
1123 4952 1297 5010 38illic
1324 4971 1461 5025 ergo
1491 4957 1705 5010 Franco
1752 4960 1981 5025 accepto
2012 4972 2102 5025 ep.
2161 4960 2213 5010 2.
2291 4954 2339 4990 ³9
2374 4957 2630 5025 demum
2687 4958 2738 5009 2.
2817 4953 2863 4991 ⁸ο
2911 4952 3186 5024 expeditis
3215 4958 3270 5007 2.
3345 4952 3389 4991 ⁸⁸
3424 4953 3494 5008 0t
3522 4958 3805 5025 tone_ter—

315 5025 397 5099 t_i_o
428 5030 461 5099 2_
535 5026 583 5062 δ’
609 5026 805 5099 ibique
834 5042 1063 5097 quoque
1093 5029 1152 5081 2.

316 5095 581 5151 dicabant
610 5100 663 5152 2.

1236 5027 1281 5061 ⁸³
1329 5021 1580 5095 spatium
1610 5043 1661 5081 a.
1708 5029 1760 5081 2.
1838 5021 1900 5063 ⁸(
1927 5021 2189 5097 spissime
2217 5030 2268 5081 2.
2347 5024 2393 5062 ⁴⁵
2434 5042 2565 5080 cum
2619 5029 2668 5079 2.
2748 5024 2793 5061 ιδ
2839 5042 2889 5079 e.
2923 5021 3065 5090 a,'et
3114 5025 3397 5093 benignus
3441 5031 3498 5078 et
3523 5029 3577 5079 2.
3650 5021 3691 5059 ⁸⁷
3720 5023 3801 5075 in-

2001 5168 2219 5223 ΝΟΤᾸΞ.

393 5269 801 5339 (‘7)Canonicus
836 5271 1159 5327 Leodiensis
1193 5270 1251 5325 in
1290 5276 1440 5325 cont.
1493 5272 1644 5326 Gest.
1687 5272 1852 5326 abba.
1914 5273 2018 5327 Lo—

321 5339 628 5413 biensium,
662 5344 852 5413 nescio
884 5360 958 5398 an
993 5347 1164 5411 recte,
1222 5342 1574 5408 nominatur,
1624 5344 1878 5413 Dachery
1925 5343 2015 5396 ed.

327 5414 380 5475 2,
419 5411 489 5476 ll,
521 5428 586 5480 p.
618 5412 741 5465 744.

391 5484 466 5551 (8)
522 5482 744 5535 Ottonis
800 5484 873 5536 Ill
932 5483 1186 5537 diomata
1235 5485 1371 5551 duo,
1431 5482 1638 5554 quibus
1693 5483 2019 5538 Burchardo

2127 5273 2333 5345 clerico
2361 5270 2514 5345 bona
2572 5271 2834 5345 quaedam
2880 5270 3038 5326 dedit
3086 5271 3145 5345 in
3190 5286 3340 5340 pago
3399 5270 3610 5323 Hassias
3639 5268 3694 5322 in
3717 5282 3800 5345 co-

2127 5343 2333 5421 mitatnu
2355 5342 2710 5421 _Th_an_cmari
2742 5343 2886 5421 sita,
2913 5358 3043 5421 quae
3079 5344 3449 5421 _Herman_n_us
3500 5356 3693 5421 gemes

2126 5413 2405 5539 beiatgﬁcziso
2441 5413 2736 5481 habuerat,
2797 5408 2983 5468 edidit
3009 5413 3296 5468 Schannat
3324 5412 3463 5466 Hist.
3500 5413 3704 5464 Worm.
3737 5408 3796 5467 ll,

2127 5500 2183 5554 p.
2295 5526 2307 5551 ,
2381 5489 2428 5536 3.

2173 5526 2183 5537 0
2221 5524 2307 5551 νυ,
2345 5524 2428 5538 VU.
