4022 6190
248 317 358 370 513

1454 313 1820 372 ΡηοαςδιιΑ.
1864 347 1931 356 -
1978 319 2133 373 VITA
2176 316 2597 372 BURCIIARDI.

3675 324 3778 376 514

248 442 502 495 multum
547 439 869 492 honoratus
916 442 971 492 et
1000 452 1163 491 carus
1212 452 1331 507 pra:
1362 434 1499 489 aliis
1530 438 1780 506 habitus,
1815 440 1968 494 illius
1998 445 2044 496 Α
2082 438 2493 510 promittendo,
2527 438 2747 508 virgam
2795 439 3139 509 pastoralem
3181 440 3414 510 accepit.
3450 441 3555 504 Qui
3584 444 3776 497 statim

249 527 502 580 consilio
530 533 586 579 et
617 529 798 579 malos
833 525 1126 580 coercebat
1155 530 1214 577 et
1256 539 1375 577 rem
1412 525 1709 592 publicam
1739 528 1798 581 in
1836 544 1976 598 pace

250 615 498 687 regebat
549 613 616 668 ".
680 614 841 669 Unde
888 614 1145 683 contigit,
1198 623 1256 667 ut
1310 613 1638 683 imperator
1686 617 1973 671 abbatiam

254 702 776 759 Laurissatiensem
833 701 882 736 '9
926 702 1334 755 Wormaciensi
1388 703 1647 757 ecclesiae
1697 705 1975 759 concede-

255 798 347 845 ret
382 797 436 845 et
486 798 640 845 carta
689 807 753 843 ac
801 790 1097 860 privilegio
1148 797 1429 860 perpetuo
1480 792 1765 847 stabiliret
1812 798 1869 847 et
1915 793 1975 846 in

254 884 551 934 conventu
599 895 663 933 ac
709 879 944 932 consilio
974 877 1022 912 ⁸⁰
1070 880 1465 932 Romanorum
1515 878 1561 913 δ’
1593 880 1740 935 hanc
1791 881 1975 935 tradi-

256 970 489 1024 tionem
534 968 774 1022 recitare
806 984 869 1021 ac
906 968 1288 1038 pronunciare
1335 969 1705 1039 praecepisset
1733 972 1836 1038 (9).
1870 971 1975 1023 Eo-

256 1058 397 1112 dem
449 1064 708 1125 tempore
765 1056 1080 1125 imperator
1127 1060 1185 1108 et
1216 1056 1525 1126 praedictus
1571 1056 1874 1127 episcopus
1907 1059 1971 1126 5’,

257 1145 458 1198 induti
485 1143 696 1210 ciliciis,
731 1144 977 1213 pedibus
1009 1146 1053 1179 ⁵³
1080 1144 1315 1214 penitus
1343 1145 1654 1199 denudatis
1688 1145 1757 1211 ",
1791 1162 1975 1216 quan-

260 1234 402 1287 dam
468 1234 790 1303 speluncam
846 1232 1015 1302 juxta
1067 1232 1247 1285 sancti
1308 1232 1616 1287 Clementis
1676 1234 1974 1287 ecclesiam

259 1323 416 1377 clam
465 1320 677 1374 cunctis
722 1320 1102 1385 intraverunt,
1156 1320 1354 1391 ibique
1404 1322 1464 1375 in
1515 1322 1876 1375 orationibus
1920 1328 1976 1376 et

252 1410 494 1481 jejuniis
548 1425 762 1463 necnon
795 1409 861 1462 in
908 1408 1118 1477 vigiliis
1167 1410 1600 1479 quatuordecim
1650 1410 1773 1464 dies
1819 1409 1975 1464 531a-

260 1503 497 1552 tuerunt
552 1498 679 1567 (lO).
732 1498 954 1551 Ferunt
995 1497 1251 1567 quidam,
1307 1497 1621 1551 visionibus
1665 1503 1723 1550 et
1755 1500 1972 1551 allocu-

260 1586 514 1640 tionibus
561 1585 765 1640 divinis
813 1602 912 1639 eos
943 1587 1143 1639 crebro
1176 1586 1286 1639 hoc
1327 1587 1447 1639 loco
1502 1586 1677 1639 fuisse
1708 1588 1969 1639 consola-

262 1680 377 1728 tos.
426 1676 529 1728 Nos
585 1680 776 1728 autem
840 1674 989 1727 hanc
1044 1690 1167 1727 rem
1226 1690 1433 1743 parum
1485 1674 1653 1727 nobis
1709 1690 1969 1744 comper-
2005 1712 2043 1764 Β

264 1765 389 1813 tam
419 1759 463 1795 ⁵⁸
482 1760 906 1813 existimatione
928 1760 1083 1830 vulgi
1112 1760 1522 1813 ruminandam
1566 1759 1966 1829 relinquimus.

265 1847 379 1901 Sed
410 1853 593 1901 tamen
624 1850 731 1901 hoc
761 1864 869 1917 pro
900 1853 1051 1900 certo
1083 1848 1314 1913 scimus,
1358 1848 1509 1917 quod
1545 1847 1817 1917 episcopo
1851 1847 1972 1901 dies

264 1940 328 1988 et
368 1936 502 1989 hora
543 1937 732 1988 obitus
779 1936 869 1989 sui
915 1935 1191 1989 divinitus
1250 1941 1569 2004 praenotata
1618 1941 1730 1988 est.
1773 1936 1836 1988 Et
1866 1934 1974 1987 hoc

264 2024 390 2093 ipse
440 2020 503 2090 ⁵⁷,
533 2030 837 2093 postquam
884 2023 1119 2077 domum
1153 2021 1202 2055 ⁵⁸
1252 2022 1465 2076 reversi
1520 2028 1674 2088 sunt,
1728 2022 1975 2091 impera-

262 2112 381 2164 tori
432 2110 848 2179 pronunciavit.
909 2111 1093 2175 Quare
1152 2112 1471 2181 imperator
1523 2111 1774 2163 multum
1833 2126 1972 2164 con-

261 2200 535 2261 tristatus,
563 2215 737 2269 quem
769 2199 826 2251 in
858 2196 903 2234 ‘9
932 2201 1122 2252 locum
1158 2199 1339 2267 ipsius
1366 2198 1579 2252 habere
1610 2199 1701 2251 vel
1728 2197 1819 2251 cui
1850 2200 1972 2268 epi-

260 2293 551 2356 scopatum
618 2292 743 2355 ejus
807 2284 856 2319 ⁶⁰
920 2287 1283 2340 committere
1340 2287 1652 2353 debuisset,
1722 2287 1971 2339 multum

260 2375 612 2428 lacrimando
663 2375 735 2428 ab
764 2391 827 2428 eo
871 2375 1180 2444 exquisivit
1222 2373 1292 2426 σι.
1325 2374 1483 2427 Tunc
1532 2374 1767 2427 tandem
1808 2375 1973 2443 quasi

258 2470 478 2516 coactus
521 2464 603 2516 sic
647 2463 944 2531 respondit
976 2478 989 2516 :
1025 2463 1279 2516 Fratrem
1327 2478 1496 2516 unum
1542 2462 1740 2529 habeo;
1769 2464 1820 2514 si
1858 2462 1971 2515 Deo

251 2552 545 2621 placuisset
613 2554 683 2616 “,
750 2551 885 2605 hunc
948 2553 1088 2604 mihi
1154 2565 1514 2605 successorem
1574 2565 1850 2616 rogassem
1897 2549 1965 2605 5’.

251 2640 423 2709 Super
467 2641 577 2694 haec
619 2646 797 2693 autem
843 2642 1020 2693 omnia
1068 2642 1217 2693 Deus
1267 2655 1436 2692 unum
1483 2639 1773 2708 provideat
1812 2636 1877 2706 ⁸³,
1912 2642 1970 2693 in

254 2744 358 2797 quo
384 2728 492 2781 sibi
517 2729 651 2781 bene
700 2729 1039 2796 complaceat.
1092 2727 1253 2779 Tunc
1286 2725 1608 2796 imperator
1650 2725 1755 2779 sub
1798 2731 1969 2779 testa-

256 2821 448 2869 mento
500 2817 605 2869 Dei
663 2816 874 2885 juravit
923 2815 1284 2868 antedictum
1343 2816 1747 2885 episcopatum
1806 2814 1968 2868 fratri

254 2904 408 2958 illius
454 2921 512 2958 se
545 2903 838 2957 daturum.
891 2905 955 2957 Et
983 2908 1050 2957 ut
1080 2902 1289 2955 melius
1322 2917 1386 2955 ac
1426 2905 1475 2939 σι
1502 2902 1729 2956 facilius
1773 2917 1967 2956 recor-

259 2992 384 3046 dari
414 2992 716 3062 potuisset,
769 2992 1067 3061 epistolam
1120 2991 1582 3060 deprecatoriam
1613 3006 1718 3059 pro
1764 2991 1872 3044 hac
1903 3008 1963 3047 re
1997 2982 2037 3037 C

260 3081 335 3134 ab
383 3080 651 3151 episcopo
700 3080 932 3149 accepit,
988 3094 1167 3150 quam
1221 3078 1282 3131 in
1335 3080 1627 3133 sacculum
1678 3094 1848 3132 suum
1896 3080 1966 3134 ad

260 3172 669 3222 testamentum
700 3168 749 3202 ⁸⁸
792 3169 999 3238 posuit.
1046 3167 1196 3231 Quid
1228 3166 1443 3237 plura?
1468 3167 1679 3221 Eadem
1711 3164 1760 3199 σθ
1791 3168 1882 3221 die
1912 3174 1968 3222 et

261 3257 408 3311 hora
435 3273 547 3328 qua
572 3254 619 3290 ⁵⁷
645 3258 767 3326 ipse
798 3256 1059 3326 praedixit
1086 3253 1133 3291 ⁸³
1158 3259 1346 3308 morte
1376 3255 1695 3320 succubuit,
1731 3271 1965 3326 corpus-

263 3362 377 3417 que
411 3363 577 3399 suum
611 3348 806 3399 Romae
849 3362 975 3399 cum
1023 3359 1234 3413 magno
1266 3344 1488 3397 honore
1520 3344 1581 3396 in
1610 3358 1748 3413 pace
1776 3345 1966 3414 sepul-

262 3440 391 3489 tum
422 3439 506 3487 est
532 3435 644 3504 (an.
682 3437 804 3500 999,
835 3435 979 3499 Aug.
1012 3433 1124 3502 27).

331 3525 388 3576 4.
425 3523 695 3576 Defuncto
744 3528 936 3576 autem
978 3522 1273 3591 episcopo,
1324 3520 1520 3574 statim
1571 3519 1809 3573 aderant
1863 3535 1965 3572 va-

260 3612 334 3665 rii
363 3610 411 3647 ⁶⁹
437 3612 853 3681 deprecatores,
903 3611 1315 3681 imperatorem
1349 3625 1452 3679 pro
1500 3608 1840 3678 episcopatu
1870 3607 1964 3661 in-

257 3706 548 3754 vocantes.
600 3701 672 3753 Ex
719 3699 927 3769 quibus
967 3698 1205 3769 quidam
1254 3698 1441 3767 Erpho
1474 3694 1524 3730 7°
1554 3695 1827 3766 pastorali
1858 3712 1964 3749 no-

260 3789 419 3842 mine
468 3787 774 3858 insignitus
804 3785 849 3821 ⁷¹
882 3792 982 3840 est.
1016 3787 1124 3841 Sed
1158 3786 1248 3840 hic
1278 3791 1474 3855 postea
1506 3790 1779 3853 qunrtum
1810 3784 1965 3838 diem

258 3893 379 3931 non
431 3876 590 3941 vidit,
623 3876 757 3946 quia
791 3875 881 3929 die
927 3875 1095 3929 tertia
1126 3874 1350 3927 defecit.
1379 3873 1500 3937 Quo
1545 3872 1814 3938 extincto,
1859 3872 1962 3925 ad-

258 3965 499 4018 fuerunt
544 3964 753 4018 iterum
797 3980 912 4017 non
957 3962 1149 4033 pauci,
1180 3978 1349 4015 aures
1401 3960 1763 4032 imperatoris
1796 3960 1964 4013 variis

260 4053 658 4123 rogationibus
692 4051 1067 4122 pecuniaeque
1100 4048 1580 4120 promissionibus
1609 4065 1710 4119 pro
1742 4047 1964 4118 episco-

260 4147 402 4212 patu
480 4140 825 4193 incessanter
898 4140 1317 4203 adimplentes;
1397 4136 1550 4190 inter
1609 4154 1751 4207 quos
1814 4151 1963 4189 unus

265 4230 414 4283 Razo
444 4226 493 4261 ⁷²
523 4229 873 4293 nominatus,
923 4227 1174 4281 maxime
1205 4225 1521 4279 laborando
1555 4229 1611 4279 et
1639 4241 1753 4279 non
1780 4239 1961 4294 pauca

2085 545 2216 582 cum
2245 528 2453 598 gaudio
2486 527 2555 581 de
2584 528 2745 581 Italia
2774 543 3086 597 regressus,
3119 529 3188 582 ad
3224 529 3405 581 locum
3441 531 3540 598 qui
3572 531 3780 585 dicitur

2086 618 2234 671 Curo
2264 616 2310 651 ⁷³
2336 615 2615 685 pervenit,
2664 615 2859 686 ibique
2889 616 3065 669 vitam
3105 616 3305 671 ﬁnivit.
3357 616 3556 670 Nuncii
3587 624 3779 671 autem

2087 707 2452 767 revertentes,
2485 703 2753 758 baculum
2802 704 3135 774 imperatori
3174 706 3517 770 retulerunt,
3570 711 3627 760 et
3667 707 3779 759 hu-

2080 793 2175 862 jus
2226 792 2523 846 interitum
2574 790 2949 846 dixerunt".
2999 794 3154 847 Tunc
3204 794 3436 846 tandem
3469 794 3783 865 imperator

2084 897 2200 934 suae
2249 895 2471 933 memor
2514 879 2937 949 promissionis,
2990 897 3221 935 manum
3254 879 3301 915 ⁷⁵
3339 883 3542 936 clausit
3573 888 3630 937 et
3661 884 3785 954 epi-

2085 972 2382 1038 scopatum
2433 968 2589 1022 hunc
2639 967 2877 1034 nemini,
2928 969 3265 1038 priusquam
3297 968 3355 1022 in
3404 969 3647 1039 patriam
3697 987 3787 1024 re-

2085 1062 2425 1124 verteretur,
2474 1073 2532 1110 se
2563 1057 2833 1111 daturum
2878 1057 3159 1127 promisit.
3196 1056 3303 1120 Qui
3348 1058 3453 1111 hoc
3483 1059 3706 1112 meritis
3736 1058 3785 1093 ⁷⁸

2084 1146 2236 1199 beati
2283 1144 2461 1199 Patris
2494 1144 2675 1198 nostri
2703 1142 2749 1177 ⁷⁷
2782 1161 2898 1198 non
2929 1146 3311 1215 computabit,
3340 1146 3577 1217 ejusque
3606 1147 3787 1203 vitam

2085 1232 2144 1285 in
2174 1233 2283 1285 hoc
2335 1247 2442 1285 non
2494 1229 2542 1265 ’³⁸
2570 1231 2842 1297 laudabit,
2883 1233 3037 1303 quod
3084 1233 3163 1286 ita
3193 1249 3222 1285 a
3257 1234 3369 1286 Deo
3401 1240 3522 1287 erat
3550 1234 3782 1300 electus,

2088 1324 2148 1372 ut
2193 1319 2439 1372 istorum
2488 1318 2741 1372 virorum
2789 1320 3122 1374 ostenderet
3168 1320 3465 1375 defectus?
3512 1322 3648 1375 Mira
3694 1338 3786 1376 res

2085 1406 2450 1475 multumque
2506 1407 2807 1476 stupenda,
2861 1412 2926 1461 ut
2972 1424 3123 1461 unus
3175 1415 3303 1477 post
3347 1409 3683 1463 electionem
3728 1414 3786 1463 et

2085 1494 2444 1563 episcopatus
2492 1495 2877 1563 acceptionem
2907 1493 2957 1529 79
2984 1501 3253 1566 quartum
3300 1496 3584 1550 decimum
3626 1497 3782 1550 diem

2084 1598 2199 1635 non
2264 1582 2499 1635 vidisset
2561 1581 2634 1650 ⁸ο,
2705 1584 2849 1636 alter
2912 1599 3047 1637 vero
3112 1590 3383 1653 quartum
3448 1584 3601 1638 diem
3666 1601 3787 1638 non

2082 1669 2314 1723 vixisset
2340 1668 2415 1723 ιιι
2453 1670 2557 1723 Hic
2608 1669 2930 1741 intelligere
2976 1686 3198 1725 necnon
3249 1677 3304 1724 et
3348 1671 3634 1725 mirabilia
3682 1672 3787 1725 Dei

2086 1774 2394 1827 possumus
2424 1758 2633 1812 videre.
2686 1759 2811 1812 Non
2859 1764 2946 1812 est
2992 1759 3147 1811 enim
3195 1758 3477 1828 sapientia
3520 1775 3703 1829 neque
3737 1758 3787 1796 ⁸²

2084 1846 2392 1916 prudentia
2452 1863 2555 1900 nec
2606 1848 2788 1900 ullum
2842 1847 3145 1900 consilium
3198 1853 3398 1900 contra
3450 1847 3779 1903 Dominum.

2084 1934 2245 1996 Quod
2279 1936 2434 1988 enim
2485 1934 2812 1989 hominibus
2842 1935 3075 2005 placuit,
3109 1936 3224 1989 Deo
3270 1934 3596 2005 displicuit;
3631 1938 3782 2006 quod

2084 2021 2399 2090 imperator
2446 2023 2636 2090 elegit,
2693 2024 2838 2075 Deus
2870 2023 3087 2091 rejecit,
3122 2027 3176 2075 et
3220 2023 3395 2089 elegit
3437 2022 3688 2090 inﬁrma,
3723 2030 3787 2078 ut

2084 2107 2457 2163 confunderet
2504 2108 2552 2144 ⁸³
2599 2108 2789 2164 fortia.
2838 2110 3060 2164 Sciebat
3108 2110 3263 2163 enim
3313 2108 3361 2145 ⁸⁸
3403 2126 3569 2164 suum
3601 2128 3659 2165 se
3713 2114 3784 2165 ti-

2084 2203 2359 2264 mentem,
2395 2214 2453 2251 se
2501 2198 2834 2268 diligentem
2866 2195 2936 2263 ⁸⁵,
2970 2214 3028 2251 se
3057 2198 3189 2251 totis
3218 2198 3432 2251 viribus
3462 2199 3738 2253 colentem
3769 2219 3781 2265 ;

2082 2285 2237 2339 hunc
2279 2287 2753 2355 prmdestinatum
2804 2286 3026 2339 vocavit
3070 2284 3140 2353 ³⁸⁵,
3174 2290 3229 2338 et
3274 2290 3539 2339 vocatum
3571 2286 3783 2355 justiﬁ-

2083 2373 2248 2437 cavit,
2282 2380 2337 2428 et
2376 2375 2755 2444 justilicatum
2804 2390 2925 2428 non
2954 2374 3120 2428 laude
3172 2374 3497 2440 hominum,
3550 2376 3651 2429 sed
3682 2393 3786 2429 sua

2082 2462 2476 2517 misericordia
2502 2463 2906 2533 magniﬁcavit.

2156 2554 2205 2604 5.
2238 2551 2557 2621 Imperator
2584 2552 2739 2606 enim
2768 2552 2838 2606 de
2868 2549 2914 2585 ⁸⁷
2946 2551 3105 2606 Italia
3135 2566 3426 2621 regressus
3457 2551 3572 2620 (an.
3602 2552 3782 2623 lOOO),

2081 2638 2381 2693 Saxoniam
2415 2640 2756 2710 ingreditur,
2790 2645 2845 2694 et
2874 2640 2934 2694 in
2964 2641 3150 2693 locum
3183 2641 3281 2709 qui
3324 2639 3532 2693 dicitur
3562 2640 3782 2694 Kirich-

2078 2726 2225 2797 berg
2267 2725 2316 2760 ⁸⁸
2357 2727 2470 2799 (ll)
2518 2728 2800 2798 pervenit.
2855 2728 2996 2781 llluc
3043 2728 3345 2798 episcopus
3391 2728 3787 2797 Moguntinus,

2081 2819 2138 2869 et
2162 2832 2293 2869 cum
2339 2833 2407 2869 eo
2455 2817 2816 2870 venerandus
2858 2817 3219 2870 Burchardus
3264 2817 3331 2869 ad
3371 2816 3785 2885 imperatorem

2079 2905 2258 2958 venit.
2314 2906 2632 2976 Imperator
2689 2904 3177 2975 archiepiscopum
3238 2904 3548 2958 honoriﬁce
3605 2905 3781 2958 susci-

2076 2993 2264 3064 piens,
2309 3008 2538 3047 causam
2587 2992 3021 3047 Wormaciensis
3071 2994 3429 3063 episcopatus
3480 2992 3564 3045 illi
3614 2991 3664 3026 99
3694 3010 3787 3046 ex-

2077 3081 2289 3152 posuit,
2323 3081 2689 3151 duorumque
2725 3082 2975 3135 virorum
3021 3080 3314 3135 mirabiles
3353 3081 3620 3133 interitus
3658 3097 3783 3134 om-

2078 3169 2215 3222 nino
2245 3170 2522 3224 narravit.
2561 3170 2624 3222 Et
2653 3173 2782 3238 post
2828 3171 3035 3222 multas
3066 3167 3558 3221 confabulationes
3599 3168 3782 3238 impe-

2075 3261 2232 3309 rator
2271 3252 2323 3289 9°
2369 3272 2471 3325 per
2524 3256 2831 3310 fenestram
2881 3255 3234 3326 prospiciens
3273 3252 3341 3322 9‘,
3392 3256 3782 3310 Burchardum

2077 3342 2238 3408 vidit,
2271 3359 2445 3413 quem
2496 3343 2689 3397 statim
2738 3344 3002 3397 celeriter
3043 3344 3114 3397 ad
3164 3358 3221 3396 se
3267 3344 3508 3398 vocavit.
3543 3345 3609 3397 Et
3636 3345 3783 3397 arri-

2073 3431 2238 3501 piens
2308 3448 2545 3485 manum
2602 3429 2669 3497 9’,
2736 3448 2994 3485 seorsum
3064 3432 3231 3485 duxit
3268 3428 3339 3494 93,
3399 3432 3540 3503 quid
3608 3433 3786 3487 frater

2075 3520 2198 3589 ejus
2223 3516 2271 3555 9‘
2301 3535 2406 3588 pro
2463 3536 2530 3574 eo
2581 3520 2804 3586 rogarit
2833 3516 2881 3553 95
2906 3520 3115 3590 quidve
3164 3518 3275 3572 sibi
3319 3521 3684 3576 demandarit
3710 3520 3778 3589 9°,

2074 3606 2379 3675 diligenter
2433 3607 2712 3677 exposuit.
2767 3611 2842 3663 Ac
2875 3608 3083 3661 deinde
3139 3607 3458 3676 epistolam,
3503 3624 3675 3677 quam
3722 3610 3783 3664 in

2074 3695 2295 3748 sacculo
2352 3694 2677 3755 reservavit,
2734 3695 2819 3748 illi
2876 3695 3143 3766 aperuit;
3198 3694 3390 3764 sicque
3433 3692 3480 3729 97
3524 3698 3781 3752 Worma-

2073 3782 2261 3836 ciense
2312 3781 2692 3836 sacerdotium
2747 3782 2833 3836 illi
2887 3782 3090 3836 offerre
3138 3782 3328 3851 coepit.
3385 3783 3645 3854 Cumque
3696 3786 3780 3839 illi

2073 3868 2317 3921 multum
2349 3868 2713 3934 reniteretur,
2743 3884 2917 3939 seque
2948 3868 3251 3938 indignum
3284 3883 3405 3922 esse
3452 3870 3781 3939 pontiﬁcale

2072 3956 2324 4010 ofﬁcium
2376 3956 2662 4026 suscipere
2707 3956 3081 4010 contenderet
3130 3953 3197 4022 9⁸,
3240 3956 3556 4027 imperator
3600 3959 3780 4013 vehe-

2071 4049 2294 4099 menter
2352 4045 2570 4099 instans
2624 4040 2674 4077 99
2723 4045 2887 4114 quasi
2946 4046 3001 4099 vi
3050 4044 3120 4098 ad
3171 4045 3604 4115 suscipiendum
3648 4065 3780 4103 eum

2070 4133 2428 4203 compulerat
2484 4129 2577 4186 ⁶⁰⁰.
2630 4133 2887 4187 Tandem
2935 4133 3294 4203 conspiciens
3344 4132 3438 4201 ὀί,
3490 4136 3626 4206 quia
3678 4153 3776 4207 po-

2070 4221 2213 4275 tenti
2250 4222 2514 4276 resistere
2565 4236 2683 4274 non
2740 4227 2952 4292 posset,
3008 4226 3070 4275 ut
3106 4218 3174 4258 ⁴⁰²
3216 4237 3346 4276 cum
3402 4224 3629 4279 seniore
3675 4240 3778 4278 suo

1686 4355 1912 4410 VARI/I3
1950 4353 2349 4408 LECTIONES.

333 4481 381 4515 ⁸⁸
432 4480 793 4551 gubernabat
844 4481 893 4531 2.
912 4546 931 4551 ,Α
968 4476 1016 4512 “9
1090 4478 1527 4551 Laurissam.....
1580 4480 1639 4551 2.

259 4551 308 4586 5'
380 4544 465 4605 ei
491 4553 700 4605 Franco
782 4552 831 4603 2.
910 4546 960 4584 ⁸³
1010 4550 1368 4618 pedibusque
1418 4551 1471 4602 2.
1549 4548 1599 4583 ⁸⁸³
1656 4549 1884 4602 nudatis
1914 4551 1966 4603 2.
2002 4544 2112 4618 "5‘7
2147 4546 2369 4599 dierum
2412 4550 2483 4618 _2.
2561 4544 2608 4581 ⁵⁸

1369 4635 1422 4689 p.
1458 4620 1511 4689 2.
1591 4618 1637 4655 ³⁸
1682 4620 1838 4689 domi
1868 4621 1921 4671 2.
2001 4615 2049 4689 5A9
2079 4617 2223 4671 deest
2276 4621 2329 4671 2.
2408 4614 2458 4651 ⁶⁰
2489 4618 2634 4689 deest
2676 4614 2731 4689 2.
2807 4621 2850 4655 σί

256 4622 563 4692 episcopus
615 4620 952 4692 imperatori
1004 4636 1068 4688 p.
1112 4621 1249 4692 d_.»r.
1287 4636 1332 4672 s.

257 4708 524 4761 rogarem
554 4694 607 4745 2.

1720 4476 1769 4511 δυ
1822 4476 2092 4549 consilio_
2124 4479 2197 4549 2._
2256 4474 2304 4513 δι
2373 4466 2763 4549 Remanarum
2839 4478 3256 4548 provintiarum
3321 4479 3661 4549 praeciperet
3720 4483 3772 4534 2.

2675 4564 2914 4617 parvam
2963 4566 3021 4605 n.
3078 4556 3467 4617 comparatam
3499 4554 3552 4604 2.
3634 4549 3680 4586 ⁸⁷
3737 4553 3776 4605 i.

2882 4619 3145 4691 qugasivit
3193 4622 3246 4672 2.
3325 4618 3679 4691 “’"placeret
3711 4651 3779 4663 —

711 4692 733 4724 ³
765 4692 949 4743 virum
982 4686 1289 4760 praevideat
1326 4686 1390 4742 2:
1458 4687 1505 4724 “
1536 4696 1594 4745 et
1638 4693 1690 4743 2.
1768 4687 1816 4725 ⁸³
1842 4687 2206 4760 testationem
2249 4689 2349 4742 tali
2378 4690 2432 4742 2.
2509 4686 2789 4760 “eodem
2819 4686 2916 4760 2f
2949 4687 2999 4722 (⁵⁷
3030 4705 3205 4759 quam
3238 4692 3289 4744 2.
3370 4686 3503 4760 δεῖ).
3542 4694 3775 4760 Franco,

253 4758 356 4816 vir
382 4761 725 4816 venerabilis
779 4766 835 4814 et
865 4758 1248 4814 Deo‘dilectus
1279 4760 1581 4829 episcopus
1632 4758 2091 4829 iWormatiensis,
2138 4764 2360 4829 natura:
2392 4758 2690 4829 succubuit
2720 4764 2778 4812 et
2807 4758 3066 4829 debitum
3122 4762 3321 4829 mortis
3375 4758 3539 4815 solvit
3571 4768 3627 4816 et
3658 4758 3778 4816 cor-

252 4849 366 4937 pus
398 4835 522 4901 ejus
552 4833 745 4886 Romae
797 4832 868 4884 ab
917 4831 1263 4900 imperatore
1293 4826 1423 4884 cum
1470 4826 1523 4885 2.
1602 4828 1648 4868 ⁸9
1705 4831 1941 4901 quidam
1986 4829 2055 4882 ad
2110 4832 2164 4882 2.
2244 4827 2293 4864 7°
2322 4830 2470 4900 epho
2516 4831 2568 4881 2.
2647 4826 2691 4863 ⁷¹
2726 4828 3047 4897 assignatus
3094 4834 3137 4883 l.

280 4903 304 4936 3
380 4904 523 4937 olun-
549 4905 581 4937 ε)
680 4899 726 4937 7c
756 4902 1163 4937 nnntinuunnnt
1199 4904 1228 4937 τ)
1326 4898 1374 4934 ⁸15
1411 4916 1461 4937 m
1522 4918 1681 4937 annm
1713 4905 1745 4937 0
1844 4900 1894 4935 το
1937 4900 2207 4937 maritum
2240 4903 2271 4937 ί)
2371 4897 2418 4933 77
2465 4914 2497 4937 n
2554 4899 2859 4937 hnrnhnmh
2896 4903 2927 4937 ⁶)
3028 4898 3076 4933 78
3120 4918 3137 4937 ι

3220 4828 3270 4863 ⁷²
3297 4832 3447 4885 raizo
3482 4836 3530 4885 l.
3566 4849 3692 4886 raso
3719 4838 3772 4887 2.

280 4903 304 4936 ³
380 4897 523 4956 clior
549 4905 601 4955 2.
680 4899 726 4937 7‘
756 4897 1166 4971 nuntiaverunt
1199 4904 1229 4955 2
1326 4898 1484 4971 “Hm.
1522 4918 1682 4956 suam
1713 4897 1785 4971 2._
1844 4900 1894 4935 ’⁸⁸
1937 4900 2209 4953 meritum
2240 4897 2418 4971 2.!"
2465 4914 2522 4951 η.
2554 4899 2950 4971 burcbarul_i__2.
3028 4898 3076 4933 ⁷⁸
3119 4901 3265 4955 deest
3297 4905 3348 4955 2.
3428 4898 3476 4935 79
3517 4909 3774 4971 accepta-

255 4974 476 5027 tionem
532 4977 583 5026 2.
661 4971 713 5007 ⁸ο
746 4972 904 5026 vidit.
983 4970 1029 5008 ⁸¹
1075 4972 1214 5026 vixit
1239 4975 1293 5027 2.
1372 4970 1422 5004 θ’
1453 4988 1555 5024 nec
1607 4975 1660 5026 2.
1736 4969 1788 5005 ⁸⁵
1816 4970 2129 5041 confundat
2162 4974 2229 5041 2.
2306 4969 2356 5004 ⁸⁸
2403 4985 2650 5041 namque
2696 4973 2748 5023 2.
2910 4972 3215 5035 colentem,
3251 4989 3309 5041 se.
3352 4980 3391 5025 t.
3428 4988 3485 5026 v.
3524 4968 3773 5041 diligen-

254 5050 373 5097 tem
406 5048 461 5097 2.
538 5042 584 5076 ⁸⁶
630 5060 678 5096 ν.
713 5049 772 5096 et
820 5060 869 5096 v.
921 5042 959 5097 i.

1020 5043 1143 5096 eti.
1180 5044 1374 5096 desunt
1421 5046 1473 5096 2.
1550 5041 1597 5075 ⁸⁷
1632 5043 1701 5096 ab
1748 5045 1797 5095 2.
1880 5039 1929 5074 ⁸⁸
1965 5040 2299 5109 Kyritzberg
2328 5044 2385 5095 2.

2470 5036 2639 5092 89ille
2687 5043 2740 5094 2.
2817 5038 3020 5111 90ipse
3082 5042 3116 5094 i.
3147 5044 3199 5095 2.
3278 5040 3325 5075 9⁸
3383 5036 3662 5111 aspiciens
3719 5047 3771 5097 2.

255 5111 304 5182 9?
338 5130 469 5168 eum
526 5129 697 5167 manu
751 5117 805 5167 2.
885 5111 932 5147 9³
982 5114 1125 5167 dixit
1153 5117 1204 5167 2.
1283 5110 1333 5147 9⁸
1385 5130 1433 5165 e.
1471 5114 1666 5182 franco
1697 5116 1751 5167 2.
1828 5109 1880 5146 9⁵
1909 5108 2149 5182 rogavit.
2227 5108 2285 5144 9‘
2328 5112 2693 5182 demandavit
2747 5114 2800 5164 2.
2881 5108 2939 5144 9⁷
2960 5112 3041 5165 sic
3070 5128 3301 5182 quoque
3331 5114 3382 5166 2.
3446 5108 3687 5182 79'7deest
3719 5117 3772 5167 2.

256 5181 306 5218 99
342 5184 734 5239 vehementius
785 5184 1031 5237 instabat
1085 5191 1141 5238 et
1172 5201 1226 5255 q.
1282 5187 1334 5237 2.
1414 5181 1491 5217 ¹⁰⁰
1537 5183 1819 5255 compulit
1846 5184 1900 5238 2.
1980 5180 2047 5219 ¹⁰¹
2080 5182 2142 5235 Τ.
2200 5182 2285 5235 vir
2332 5181 2673 5236 venerabilis
2715 5180 3105 5237 Burchardus‘
3136 5180 3333 5237 videns
3361 5185 3414 5237 2.

259 5262 317 5307 ut
351 5260 402 5310 2.

3500 5181 3571 5219 ⁶⁰²
3607 5184 3778 5254 petiit

1909 5355 2131 5411 NOTAE.

332 5473 410 5541 (9)
439 5472 700 5541 Diploma
734 5490 848 5527 non
880 5472 1103 5542 reperio

336 5542 451 5613 (t0)
484 5545 609 5599 Haec
639 5546 842 5600 eodem
886 5545 1002 5599 tere
1036 5550 1293 5613 tempore
1319 5547 1437 5612 egit
1470 5557 1583 5612 quo
1622 5543 1950 5611 Garganum

2064 5473 2320 5523 montem
2353 5468 2498 5523 adiit
2524 5474 2580 5522 et
2699 5469 2886 5523 Nilum
2917 5469 3182 5525 visitavit.

2130 5543 2176 5608 (l
2200 5546 2212 5594 l
2233 5546 2246 5607 )
2280 5539 2614 5603 Kircliberg.
