  <div class='ocr_page' id='page_1' title='image "/cluster/home/n/w/nwhite01/storage/ocr_20150623/140/hvd.32044054760004/263.png"; bbox 0 0 4022 6190; ppageno 0'>
   <div class='ocr_carea' id='block_1_1' title="bbox 419 317 522 368">
    <p class='ocr_par' dir='ltr' id='par_1_1' title="bbox 419 317 522 368">
     <span class='ocr_line' id='line_1_1' title="bbox 419 317 522 368; baseline -0.01 0"><span class='ocrx_word' id='word_1_1' title='bbox 419 317 522 368; x_wconf 79' lang='grc'><strong>515</strong></span> 
     </span>
    </p>
   </div>
   <div class='ocr_carea' id='block_1_2' title="bbox 1434 306 3870 373">
    <p class='ocr_par' dir='ltr' id='par_1_2' title="bbox 1434 306 3870 373">
     <span class='ocr_line' id='line_1_2' title="bbox 1434 306 3870 373; baseline 0.004 -9"><span class='ocrx_word' id='word_1_2' title='bbox 1434 306 1903 364; x_wconf 77' lang='lat' dir='ltr'><strong>BURCHARDUS</strong></span> <span class='ocrx_word' id='word_1_3' title='bbox 1945 307 2473 366; x_wconf 79' lang='lat' dir='ltr'><strong>WORMACIENSIS</strong></span> <span class='ocrx_word' id='word_1_4' title='bbox 2516 309 2911 367; x_wconf 82' lang='lat' dir='ltr'><strong>EPISCOPUS.</strong></span> <span class='ocrx_word' id='word_1_5' title='bbox 3294 322 3301 335; x_wconf 95' lang='lat'>&#39;</span> <span class='ocrx_word' id='word_1_6' title='bbox 3787 323 3870 373; x_wconf 84' lang='lat' dir='ltr'><strong>5l6</strong></span> 
     </span>
    </p>
   </div>
   <div class='ocr_carea' id='block_1_3' title="bbox 421 428 3873 506">
    <p class='ocr_par' dir='ltr' id='par_1_3' title="bbox 421 428 3873 506">
     <span class='ocr_line' id='line_1_3' title="bbox 421 428 3873 506; baseline 0.001 -16"><span class='ocrx_word' id='word_1_7' title='bbox 421 435 851 506; x_wconf 83' lang='lat' dir='ltr'><strong>archiepiscopo</strong></span> <span class='ocrx_word' id='word_1_8' title='bbox 903 449 1134 488; x_wconf 82' lang='lat' dir='ltr'><strong>causam</strong></span> <span class='ocrx_word' id='word_1_9' title='bbox 1178 432 1521 487; x_wconf 82' lang='lat' dir='ltr'><strong>deliberaret</strong></span> <span class='ocrx_word' id='word_1_10' title='bbox 1568 430 1824 501; x_wconf 83' lang='lat' dir='ltr'><strong>exposcit</strong></span> <span class='ocrx_word' id='word_1_11' title='bbox 1850 428 1944 485; x_wconf 68' lang='lat'><strong>‘0’.</strong></span> <span class='ocrx_word' id='word_1_12' title='bbox 1995 432 2117 495; x_wconf 86' lang='lat' dir='ltr'><strong>Quo</strong></span> <span class='ocrx_word' id='word_1_13' title='bbox 2147 434 2194 486; x_wconf 83' lang='lat' dir='ltr'><strong>A</strong></span> <span class='ocrx_word' id='word_1_14' title='bbox 2232 438 2353 487; x_wconf 91' lang='lat' dir='ltr'><strong>tare</strong></span> <span class='ocrx_word' id='word_1_15' title='bbox 2401 432 2694 503; x_wconf 71' lang='lat' dir='ltr'><strong>praecepit.</strong></span> <span class='ocrx_word' id='word_1_16' title='bbox 2752 433 2835 486; x_wconf 92' lang='lat' dir='ltr'><strong>Ita</strong></span> <span class='ocrx_word' id='word_1_17' title='bbox 2892 431 3106 504; x_wconf 88' lang='lat' dir='ltr'><strong>quippe</strong></span> <span class='ocrx_word' id='word_1_18' title='bbox 3154 432 3212 487; x_wconf 92' lang='lat' dir='ltr'><strong>in</strong></span> <span class='ocrx_word' id='word_1_19' title='bbox 3260 432 3513 505; x_wconf 90' lang='lat' dir='ltr'><strong>quinque</strong></span> <span class='ocrx_word' id='word_1_20' title='bbox 3559 452 3696 506; x_wconf 89' lang='lat' dir='ltr'><strong>pene</strong></span> <span class='ocrx_word' id='word_1_21' title='bbox 3738 441 3873 494; x_wconf 88' lang='lat' dir='ltr'><strong>anuis</strong></span> 
     </span>
    </p>
   </div>
   <div class='ocr_carea' id='block_1_4' title="bbox 423 518 2119 594">
    <p class='ocr_par' dir='ltr' id='par_1_4' title="bbox 423 518 2119 594">
     <span class='ocr_line' id='line_1_4' title="bbox 423 518 2119 594; baseline -0.005 -15"><span class='ocrx_word' id='word_1_22' title='bbox 423 526 731 594; x_wconf 90' lang='lat' dir='ltr'><strong>impetrato</strong></span> <span class='ocrx_word' id='word_1_23' title='bbox 778 528 835 576; x_wconf 90' lang='lat' dir='ltr'><strong>et</strong></span> <span class='ocrx_word' id='word_1_24' title='bbox 865 523 933 576; x_wconf 90' lang='lat' dir='ltr'><strong>ab</strong></span> <span class='ocrx_word' id='word_1_25' title='bbox 983 520 1054 559; x_wconf 73' lang='grc'><strong>¹⁰⁸</strong></span> <span class='ocrx_word' id='word_1_26' title='bbox 1101 520 1529 590; x_wconf 81' lang='lat' dir='ltr'><strong>archiepiscopo</strong></span> <span class='ocrx_word' id='word_1_27' title='bbox 1570 523 1803 588; x_wconf 90' lang='lat' dir='ltr'><strong>accepto</strong></span> <span class='ocrx_word' id='word_1_28' title='bbox 1860 518 2119 585; x_wconf 90' lang='lat' dir='ltr'><strong>consilio,</strong></span> 
     </span>
    </p>
   </div>
   <div class='ocr_carea' id='block_1_5' title="bbox 420 605 2117 683">
    <p class='ocr_par' dir='ltr' id='par_1_5' title="bbox 420 605 2117 683">
     <span class='ocr_line' id='line_1_5' title="bbox 420 605 2117 683; baseline -0.005 -16"><span class='ocrx_word' id='word_1_29' title='bbox 420 612 578 683; x_wconf 87' lang='lat' dir='ltr'><strong>quod</strong></span> <span class='ocrx_word' id='word_1_30' title='bbox 610 610 679 646; x_wconf 73' lang='grc'><strong>¹⁰⁵</strong></span> <span class='ocrx_word' id='word_1_31' title='bbox 726 611 1041 682; x_wconf 80' lang='lat' dir='ltr'><strong>imperator</strong></span> <span class='ocrx_word' id='word_1_32' title='bbox 1074 607 1336 678; x_wconf 87' lang='lat' dir='ltr'><strong>jussisset</strong></span> <span class='ocrx_word' id='word_1_33' title='bbox 1383 625 1442 661; x_wconf 91' lang='lat' dir='ltr'><strong>se</strong></span> <span class='ocrx_word' id='word_1_34' title='bbox 1484 622 1790 676; x_wconf 89' lang='lat' dir='ltr'><strong>passurum</strong></span> <span class='ocrx_word' id='word_1_35' title='bbox 1829 605 2117 677; x_wconf 89' lang='lat' dir='ltr'><strong>promisit.</strong></span> 
     </span>
    </p>
   </div>
   <div class='ocr_carea' id='block_1_6' title="bbox 423 693 2122 765">
    <p class='ocr_par' dir='ltr' id='par_1_6' title="bbox 423 693 2122 765">
     <span class='ocr_line' id='line_1_6' title="bbox 423 693 2122 765; baseline -0.005 -10"><span class='ocrx_word' id='word_1_36' title='bbox 423 704 540 758; x_wconf 85' lang='lat' dir='ltr'><strong>Hoc</strong></span> <span class='ocrx_word' id='word_1_37' title='bbox 569 715 699 753; x_wconf 90' lang='lat' dir='ltr'><strong>cum</strong></span> <span class='ocrx_word' id='word_1_38' title='bbox 732 699 966 762; x_wconf 87' lang='lat' dir='ltr'><strong>diceret,</strong></span> <span class='ocrx_word' id='word_1_39' title='bbox 1017 697 1278 750; x_wconf 91' lang='lat' dir='ltr'><strong>omnium</strong></span> <span class='ocrx_word' id='word_1_40' title='bbox 1311 693 1407 729; x_wconf 77' lang='grc'><strong>¹⁰⁵³</strong></span> <span class='ocrx_word' id='word_1_41' title='bbox 1445 696 1545 765; x_wconf 87' lang='lat' dir='ltr'><strong>qui</strong></span> <span class='ocrx_word' id='word_1_42' title='bbox 1591 694 1831 747; x_wconf 90' lang='lat' dir='ltr'><strong>aderant</strong></span> <span class='ocrx_word' id='word_1_43' title='bbox 1875 693 2122 747; x_wconf 81' lang='lat' dir='ltr'><strong>lacrimis</strong></span> 
     </span>
    </p>
   </div>
   <div class='ocr_carea' id='block_1_7' title="bbox 419 782 2123 855">
    <p class='ocr_par' dir='ltr' id='par_1_7' title="bbox 419 782 2123 855">
     <span class='ocr_line' id='line_1_7' title="bbox 419 782 2123 855; baseline -0.005 -11"><span class='ocrx_word' id='word_1_44' title='bbox 419 788 636 844; x_wconf 76' lang='lat' dir='ltr'><strong>obortis</strong></span> <span class='ocrx_word' id='word_1_45' title='bbox 700 786 794 852; x_wconf 73' lang='lat'><strong>‘0‘,</strong></span> <span class='ocrx_word' id='word_1_46' title='bbox 858 786 1012 839; x_wconf 90' lang='lat' dir='ltr'><strong>illius</strong></span> <span class='ocrx_word' id='word_1_47' title='bbox 1088 782 1440 855; x_wconf 78' lang='lat' dir='ltr'><strong>dignissimis</strong></span> <span class='ocrx_word' id='word_1_48' title='bbox 1488 782 1708 836; x_wconf 90' lang='lat' dir='ltr'><strong>meritis</strong></span> <span class='ocrx_word' id='word_1_49' title='bbox 1737 782 2123 837; x_wconf 80' lang='lat' dir='ltr'><strong>committitur</strong></span> 
     </span>
    </p>
   </div>
   <div class='ocr_carea' id='block_1_8' title="bbox 420 877 932 949">
    <p class='ocr_par' dir='ltr' id='par_1_8' title="bbox 420 877 932 949">
     <span class='ocr_line' id='line_1_8' title="bbox 420 877 932 949; baseline -0.008 -16"><span class='ocrx_word' id='word_1_50' title='bbox 420 881 580 949; x_wconf 84' lang='lat' dir='ltr'><strong>virga</strong></span> <span class='ocrx_word' id='word_1_51' title='bbox 610 877 932 947; x_wconf 81' lang='lat' dir='ltr'><strong>pastoralis.</strong></span> 
     </span>
    </p>
   </div>
   <div class='ocr_carea' id='block_1_9' title="bbox 492 960 2121 1034">
    <p class='ocr_par' dir='ltr' id='par_1_9' title="bbox 492 960 2121 1034">
     <span class='ocr_line' id='line_1_9' title="bbox 492 960 2121 1034; baseline -0.004 -13"><span class='ocrx_word' id='word_1_52' title='bbox 492 971 543 1021; x_wconf 84' lang='lat'><strong>6.</strong></span> <span class='ocrx_word' id='word_1_53' title='bbox 578 968 710 1020; x_wconf 91' lang='lat' dir='ltr'><strong>Post</strong></span> <span class='ocrx_word' id='word_1_54' title='bbox 742 966 962 1034; x_wconf 85' lang='lat' dir='ltr'><strong>aliquos</strong></span> <span class='ocrx_word' id='word_1_55' title='bbox 986 960 1083 995; x_wconf 74' lang='grc'><strong>¹⁰⁶⁸</strong></span> <span class='ocrx_word' id='word_1_56' title='bbox 1116 966 1305 1015; x_wconf 90' lang='lat' dir='ltr'><strong>autem</strong></span> <span class='ocrx_word' id='word_1_57' title='bbox 1332 961 1473 1027; x_wconf 88' lang='lat' dir='ltr'><strong>dies,</strong></span> <span class='ocrx_word' id='word_1_58' title='bbox 1507 960 1743 1015; x_wconf 83' lang='lat' dir='ltr'><strong>licentia</strong></span> <span class='ocrx_word' id='word_1_59' title='bbox 1769 960 1839 1014; x_wconf 86' lang='lat' dir='ltr'><strong>ab</strong></span> <span class='ocrx_word' id='word_1_60' title='bbox 1870 962 2121 1031; x_wconf 84' lang='lat' dir='ltr'><strong>impera-</strong></span> 
     </span>
    </p>
   </div>
   <div class='ocr_carea' id='block_1_10' title="bbox 418 1047 2122 1123">
    <p class='ocr_par' dir='ltr' id='par_1_10' title="bbox 418 1047 2122 1123">
     <span class='ocr_line' id='line_1_10' title="bbox 418 1047 2122 1123; baseline -0.004 -14"><span class='ocrx_word' id='word_1_61' title='bbox 418 1060 543 1109; x_wconf 87' lang='lat' dir='ltr'><strong>tore</strong></span> <span class='ocrx_word' id='word_1_62' title='bbox 582 1058 829 1123; x_wconf 88' lang='lat' dir='ltr'><strong>accepta,</strong></span> <span class='ocrx_word' id='word_1_63' title='bbox 880 1068 1009 1105; x_wconf 90' lang='lat' dir='ltr'><strong>cum</strong></span> <span class='ocrx_word' id='word_1_64' title='bbox 1041 1050 1470 1120; x_wconf 85' lang='lat' dir='ltr'><strong>archiepiscopo</strong></span> <span class='ocrx_word' id='word_1_65' title='bbox 1504 1050 1565 1103; x_wconf 91' lang='lat' dir='ltr'><strong>in</strong></span> <span class='ocrx_word' id='word_1_66' title='bbox 1598 1047 1669 1083; x_wconf 80' lang='grc'><strong>¹⁰⁷</strong></span> <span class='ocrx_word' id='word_1_67' title='bbox 1700 1050 1890 1103; x_wconf 89' lang='lat' dir='ltr'><strong>locum</strong></span> <span class='ocrx_word' id='word_1_68' title='bbox 1923 1049 2122 1104; x_wconf 82' lang='lat' dir='ltr'><strong>Belin-</strong></span> 
     </span>
    </p>
   </div>
   <div class='ocr_carea' id='block_1_11' title="bbox 420 1136 2121 1212">
    <p class='ocr_par' dir='ltr' id='par_1_11' title="bbox 420 1136 2121 1212">
     <span class='ocr_line' id='line_1_11' title="bbox 420 1136 2121 1212; baseline -0.003 -17"><span class='ocrx_word' id='word_1_69' title='bbox 420 1147 653 1212; x_wconf 86' lang='lat' dir='ltr'><strong>gunstat</strong></span> <span class='ocrx_word' id='word_1_70' title='bbox 685 1141 781 1178; x_wconf 71' lang='grc'>¹⁰⁷²</span> <span class='ocrx_word' id='word_1_71' title='bbox 831 1140 945 1209; x_wconf 87' lang='grc'>(12)</span> <span class='ocrx_word' id='word_1_72' title='bbox 993 1140 1253 1209; x_wconf 85' lang='lat' dir='ltr'><strong>pervenit</strong></span> <span class='ocrx_word' id='word_1_73' title='bbox 1287 1139 1486 1209; x_wconf 88' lang='lat' dir='ltr'><strong>ibique</strong></span> <span class='ocrx_word' id='word_1_74' title='bbox 1540 1136 1905 1191; x_wconf 85' lang='lat' dir='ltr'><strong>sacerdotalis</strong></span> <span class='ocrx_word' id='word_1_75' title='bbox 1948 1137 2121 1191; x_wconf 84' lang='lat' dir='ltr'><strong>ofﬁcii</strong></span> 
     </span>
    </p>
   </div>
   <div class='ocr_carea' id='block_1_12' title="bbox 417 1224 2119 1298">
    <p class='ocr_par' dir='ltr' id='par_1_12' title="bbox 417 1224 2119 1298">
     <span class='ocr_line' id='line_1_12' title="bbox 417 1224 2119 1298; baseline -0.004 -14"><span class='ocrx_word' id='word_1_76' title='bbox 417 1231 660 1284; x_wconf 88' lang='lat' dir='ltr'><strong>infulam</strong></span> <span class='ocrx_word' id='word_1_77' title='bbox 714 1228 933 1298; x_wconf 84' lang='lat' dir='ltr'><strong>accepit</strong></span> <span class='ocrx_word' id='word_1_78' title='bbox 963 1225 1052 1281; x_wconf 84' lang='grc'><strong>¹⁰⁸.</strong></span> <span class='ocrx_word' id='word_1_79' title='bbox 1099 1226 1372 1296; x_wconf 83' lang='lat' dir='ltr'><strong>Sequenti</strong></span> <span class='ocrx_word' id='word_1_80' title='bbox 1416 1224 1509 1263; x_wconf 68' lang='grc' dir='ltr'><strong>¹⁰⁸υ</strong></span> <span class='ocrx_word' id='word_1_81' title='bbox 1556 1231 1748 1279; x_wconf 91' lang='lat' dir='ltr'><strong>autem</strong></span> <span class='ocrx_word' id='word_1_82' title='bbox 1781 1225 1851 1278; x_wconf 88' lang='lat' dir='ltr'><strong>de</strong></span> <span class='ocrx_word' id='word_1_83' title='bbox 1883 1225 2119 1295; x_wconf 89' lang='lat' dir='ltr'><strong>pontiﬁ-</strong></span> 
     </span>
    </p>
   </div>
   <div class='ocr_carea' id='block_1_13' title="bbox 417 1314 2121 1371">
    <p class='ocr_par' dir='ltr' id='par_1_13' title="bbox 417 1314 2121 1371">
     <span class='ocr_line' id='line_1_13' title="bbox 417 1314 2121 1371; baseline -0.002 0"><span class='ocrx_word' id='word_1_84' title='bbox 417 1318 553 1371; x_wconf 91' lang='lat' dir='ltr'><strong>calis</strong></span> <span class='ocrx_word' id='word_1_85' title='bbox 604 1316 1021 1371; x_wconf 86' lang='lat' dir='ltr'><strong>benedictionis</strong></span> <span class='ocrx_word' id='word_1_86' title='bbox 1068 1316 1340 1369; x_wconf 90' lang='lat' dir='ltr'><strong>unctione</strong></span> <span class='ocrx_word' id='word_1_87' title='bbox 1384 1314 1785 1369; x_wconf 82' lang='lat' dir='ltr'><strong>venerabiliter</strong></span> <span class='ocrx_word' id='word_1_88' title='bbox 1832 1329 2121 1369; x_wconf 87' lang='lat' dir='ltr'><strong>consecra-</strong></span> 
     </span>
    </p>
   </div>
   <div class='ocr_carea' id='block_1_14' title="bbox 418 1402 2118 1473">
    <p class='ocr_par' dir='ltr' id='par_1_14' title="bbox 418 1402 2118 1473">
     <span class='ocr_line' id='line_1_14' title="bbox 418 1402 2118 1473; baseline -0.001 -16"><span class='ocrx_word' id='word_1_89' title='bbox 418 1410 509 1458; x_wconf 92' lang='lat' dir='ltr'><strong>tus</strong></span> <span class='ocrx_word' id='word_1_90' title='bbox 558 1411 659 1459; x_wconf 92' lang='lat' dir='ltr'><strong>est.</strong></span> <span class='ocrx_word' id='word_1_91' title='bbox 713 1405 931 1458; x_wconf 89' lang='lat' dir='ltr'><strong>Deinde</strong></span> <span class='ocrx_word' id='word_1_92' title='bbox 982 1408 1113 1473; x_wconf 88' lang='lat' dir='ltr'><strong>post</strong></span> <span class='ocrx_word' id='word_1_93' title='bbox 1160 1404 1369 1456; x_wconf 91' lang='lat' dir='ltr'><strong>multas</strong></span> <span class='ocrx_word' id='word_1_94' title='bbox 1425 1403 1793 1456; x_wconf 84' lang='lat' dir='ltr'><strong>salutationes</strong></span> <span class='ocrx_word' id='word_1_95' title='bbox 1843 1402 2118 1456; x_wconf 88' lang='lat' dir='ltr'><strong>diversas-</strong></span> 
     </span>
    </p>
   </div>
   <div class='ocr_carea' id='block_1_15' title="bbox 420 1488 2119 1563">
    <p class='ocr_par' dir='ltr' id='par_1_15' title="bbox 420 1488 2119 1563">
     <span class='ocr_line' id='line_1_15' title="bbox 420 1488 2119 1563; baseline -0.001 -18"><span class='ocrx_word' id='word_1_96' title='bbox 420 1509 532 1563; x_wconf 88' lang='lat' dir='ltr'><strong>que</strong></span> <span class='ocrx_word' id='word_1_97' title='bbox 563 1490 636 1526; x_wconf 80' lang='grc'><strong>⁴⁰⁹</strong></span> <span class='ocrx_word' id='word_1_98' title='bbox 667 1492 1057 1561; x_wconf 88' lang='lat' dir='ltr'><strong>amplexiones</strong></span> <span class='ocrx_word' id='word_1_99' title='bbox 1104 1492 1174 1544; x_wconf 93' lang='lat' dir='ltr'><strong>ab</strong></span> <span class='ocrx_word' id='word_1_100' title='bbox 1206 1491 1634 1561; x_wconf 89' lang='lat' dir='ltr'><strong>archiepiscopo</strong></span> <span class='ocrx_word' id='word_1_101' title='bbox 1681 1488 1771 1523; x_wconf 79' lang='grc'><strong>¹⁰⁹⁶</strong></span> <span class='ocrx_word' id='word_1_102' title='bbox 1803 1490 2119 1544; x_wconf 90' lang='lat' dir='ltr'><strong>honoriﬁce</strong></span> 
     </span>
    </p>
   </div>
   <div class='ocr_carea' id='block_1_16' title="bbox 422 1578 2117 1648">
    <p class='ocr_par' dir='ltr' id='par_1_16' title="bbox 422 1578 2117 1648">
     <span class='ocr_line' id='line_1_16' title="bbox 422 1578 2117 1648; baseline -0.001 -14"><span class='ocrx_word' id='word_1_103' title='bbox 422 1580 693 1634; x_wconf 88' lang='lat' dir='ltr'><strong>dimissus</strong></span> <span class='ocrx_word' id='word_1_104' title='bbox 730 1578 819 1645; x_wconf 75' lang='lat'><strong>“0,</strong></span> <span class='ocrx_word' id='word_1_105' title='bbox 866 1580 974 1633; x_wconf 91' lang='lat' dir='ltr'><strong>sibi</strong></span> <span class='ocrx_word' id='word_1_106' title='bbox 1006 1580 1375 1632; x_wconf 90' lang='lat' dir='ltr'><strong>commissum</strong></span> <span class='ocrx_word' id='word_1_107' title='bbox 1425 1579 1817 1648; x_wconf 87' lang='lat' dir='ltr'><strong>episcopatum</strong></span> <span class='ocrx_word' id='word_1_108' title='bbox 1850 1578 2117 1640; x_wconf 88' lang='lat' dir='ltr'><strong>visitavit,</strong></span> 
     </span>
    </p>
   </div>
   <div class='ocr_carea' id='block_1_17' title="bbox 422 1667 2118 1738">
    <p class='ocr_par' dir='ltr' id='par_1_17' title="bbox 422 1667 2118 1738">
     <span class='ocr_line' id='line_1_17' title="bbox 422 1667 2118 1738; baseline 0 -18"><span class='ocrx_word' id='word_1_109' title='bbox 422 1669 918 1738; x_wconf 85' lang='lat' dir='ltr'><strong>Wormaciamque</strong></span> <span class='ocrx_word' id='word_1_110' title='bbox 970 1668 1146 1731; x_wconf 87' lang='lat' dir='ltr'><strong>venit,</strong></span> <span class='ocrx_word' id='word_1_111' title='bbox 1205 1682 1381 1736; x_wconf 90' lang='lat' dir='ltr'><strong>quam</strong></span> <span class='ocrx_word' id='word_1_112' title='bbox 1446 1667 1793 1721; x_wconf 90' lang='lat' dir='ltr'><strong>destructam</strong></span> <span class='ocrx_word' id='word_1_113' title='bbox 1857 1683 1920 1720; x_wconf 92' lang='lat' dir='ltr'><strong>ac</strong></span> <span class='ocrx_word' id='word_1_114' title='bbox 1972 1682 2118 1738; x_wconf 89' lang='lat' dir='ltr'><strong>pene</strong></span> 
     </span>
    </p>
   </div>
   <div class='ocr_carea' id='block_1_18' title="bbox 422 1753 2119 1821">
    <p class='ocr_par' dir='ltr' id='par_1_18' title="bbox 422 1753 2119 1821">
     <span class='ocr_line' id='line_1_18' title="bbox 422 1753 2119 1821; baseline -0.001 -13"><span class='ocrx_word' id='word_1_115' title='bbox 422 1755 735 1809; x_wconf 87' lang='lat' dir='ltr'><strong>desolatam</strong></span> <span class='ocrx_word' id='word_1_116' title='bbox 793 1753 1028 1808; x_wconf 82' lang='lat' dir='ltr'><strong>invenit.</strong></span> <span class='ocrx_word' id='word_1_117' title='bbox 1086 1754 1225 1807; x_wconf 90' lang='lat' dir='ltr'><strong>Nam</strong></span> <span class='ocrx_word' id='word_1_118' title='bbox 1288 1770 1405 1807; x_wconf 91' lang='lat' dir='ltr'><strong>non</strong></span> <span class='ocrx_word' id='word_1_119' title='bbox 1456 1754 1589 1808; x_wconf 88' lang='lat' dir='ltr'><strong>usui</strong></span> <span class='ocrx_word' id='word_1_120' title='bbox 1644 1753 1970 1821; x_wconf 91' lang='lat' dir='ltr'><strong>hominum,</strong></span> <span class='ocrx_word' id='word_1_121' title='bbox 2022 1754 2119 1807; x_wconf 92' lang='lat' dir='ltr'><strong>sed</strong></span> 
     </span>
    </p>
   </div>
   <div class='ocr_carea' id='block_1_19' title="bbox 421 1842 2116 1912">
    <p class='ocr_par' dir='ltr' id='par_1_19' title="bbox 421 1842 2116 1912">
     <span class='ocr_line' id='line_1_19' title="bbox 421 1842 2116 1912; baseline 0.001 -16"><span class='ocrx_word' id='word_1_122' title='bbox 421 1843 673 1896; x_wconf 85' lang='lat' dir='ltr'><strong>ferarum</strong></span> <span class='ocrx_word' id='word_1_123' title='bbox 707 1848 766 1896; x_wconf 91' lang='lat' dir='ltr'><strong>et</strong></span> <span class='ocrx_word' id='word_1_124' title='bbox 795 1843 1038 1896; x_wconf 82' lang='lat' dir='ltr'><strong>maxime</strong></span> <span class='ocrx_word' id='word_1_125' title='bbox 1065 1843 1337 1911; x_wconf 91' lang='lat' dir='ltr'><strong>luporum</strong></span> <span class='ocrx_word' id='word_1_126' title='bbox 1370 1842 1621 1895; x_wconf 88' lang='lat' dir='ltr'><strong>latibulis</strong></span> <span class='ocrx_word' id='word_1_127' title='bbox 1650 1842 1947 1912; x_wconf 88' lang='lat' dir='ltr'><strong>aptissima</strong></span> <span class='ocrx_word' id='word_1_128' title='bbox 1976 1848 2116 1897; x_wconf 90' lang='lat' dir='ltr'><strong>erat.</strong></span> 
     </span>
    </p>
   </div>
   <div class='ocr_carea' id='block_1_20' title="bbox 422 1930 2121 1985">
    <p class='ocr_par' dir='ltr' id='par_1_20' title="bbox 422 1930 2121 1985">
     <span class='ocr_line' id='line_1_20' title="bbox 422 1930 2121 1985; baseline -0.001 0"><span class='ocrx_word' id='word_1_129' title='bbox 422 1932 694 1985; x_wconf 88' lang='lat' dir='ltr'><strong>Planities</strong></span> <span class='ocrx_word' id='word_1_130' title='bbox 724 1932 878 1984; x_wconf 89' lang='lat' dir='ltr'><strong>enim</strong></span> <span class='ocrx_word' id='word_1_131' title='bbox 926 1930 1056 1983; x_wconf 85' lang='lat' dir='ltr'><strong>valli</strong></span> <span class='ocrx_word' id='word_1_132' title='bbox 1086 1936 1141 1984; x_wconf 85' lang='lat' dir='ltr'><strong>et</strong></span> <span class='ocrx_word' id='word_1_133' title='bbox 1172 1930 1480 1985; x_wconf 86' lang='lat' dir='ltr'><strong>destructio</strong></span> <span class='ocrx_word' id='word_1_134' title='bbox 1516 1930 1665 1983; x_wconf 89' lang='lat' dir='ltr'><strong>muri</strong></span> <span class='ocrx_word' id='word_1_135' title='bbox 1720 1930 2038 1984; x_wconf 89' lang='lat' dir='ltr'><strong>latronibus</strong></span> <span class='ocrx_word' id='word_1_136' title='bbox 2064 1936 2121 1984; x_wconf 91' lang='lat' dir='ltr'><strong>et</strong></span> 
     </span>
    </p>
   </div>
   <div class='ocr_carea' id='block_1_21' title="bbox 420 2018 2119 2087">
    <p class='ocr_par' dir='ltr' id='par_1_21' title="bbox 420 2018 2119 2087">
     <span class='ocr_line' id='line_1_21' title="bbox 420 2018 2119 2087; baseline -0.001 -15"><span class='ocrx_word' id='word_1_137' title='bbox 420 2020 557 2073; x_wconf 88' lang='lat' dir='ltr'><strong>feris</strong></span> <span class='ocrx_word' id='word_1_138' title='bbox 595 2019 933 2072; x_wconf 88' lang='lat' dir='ltr'><strong>facillimum</strong></span> <span class='ocrx_word' id='word_1_139' title='bbox 982 2018 1275 2087; x_wconf 65' lang='lat' dir='ltr'><strong>prmbebat</strong></span> <span class='ocrx_word' id='word_1_140' title='bbox 1322 2018 1643 2071; x_wconf 87' lang='lat' dir='ltr'><strong>introitum.</strong></span> <span class='ocrx_word' id='word_1_141' title='bbox 1697 2019 1906 2071; x_wconf 85' lang='lat' dir='ltr'><strong>Ferunt</strong></span> <span class='ocrx_word' id='word_1_142' title='bbox 1951 2034 2119 2071; x_wconf 89' lang='lat' dir='ltr'><strong>nam-</strong></span> 
     </span>
    </p>
   </div>
   <div class='ocr_carea' id='block_1_22' title="bbox 421 2106 2121 2178">
    <p class='ocr_par' dir='ltr' id='par_1_22' title="bbox 421 2106 2121 2178">
     <span class='ocr_line' id='line_1_22' title="bbox 421 2106 2121 2178; baseline 0 -18"><span class='ocrx_word' id='word_1_143' title='bbox 421 2124 552 2178; x_wconf 89' lang='lat' dir='ltr'><strong>que,</strong></span> <span class='ocrx_word' id='word_1_144' title='bbox 592 2108 747 2177; x_wconf 89' lang='lat' dir='ltr'><strong>quod</strong></span> <span class='ocrx_word' id='word_1_145' title='bbox 799 2107 915 2177; x_wconf 90' lang='lat' dir='ltr'><strong>lupi</strong></span> <span class='ocrx_word' id='word_1_146' title='bbox 948 2107 1260 2176; x_wconf 68' lang='lat' dir='ltr'><strong>smpissime</strong></span> <span class='ocrx_word' id='word_1_147' title='bbox 1313 2106 1531 2159; x_wconf 89' lang='lat' dir='ltr'><strong>cunctis</strong></span> <span class='ocrx_word' id='word_1_148' title='bbox 1559 2106 1883 2160; x_wconf 88' lang='lat' dir='ltr'><strong>videntibus</strong></span> <span class='ocrx_word' id='word_1_149' title='bbox 1915 2123 2121 2177; x_wconf 87' lang='lat' dir='ltr'><strong>pecora</strong></span> 
     </span>
    </p>
   </div>
   <div class='ocr_carea' id='block_1_23' title="bbox 420 2193 2118 2265">
    <p class='ocr_par' dir='ltr' id='par_1_23' title="bbox 420 2193 2118 2265">
     <span class='ocr_line' id='line_1_23' title="bbox 420 2193 2118 2265; baseline -0.001 -17"><span class='ocrx_word' id='word_1_150' title='bbox 420 2196 636 2249; x_wconf 90' lang='lat' dir='ltr'><strong>ibidem</strong></span> <span class='ocrx_word' id='word_1_151' title='bbox 692 2195 1059 2248; x_wconf 88' lang='lat' dir='ltr'><strong>devorassent</strong></span> <span class='ocrx_word' id='word_1_152' title='bbox 1100 2193 1219 2259; x_wconf 68' lang='lat'><strong>“9*,</strong></span> <span class='ocrx_word' id='word_1_153' title='bbox 1262 2200 1319 2248; x_wconf 91' lang='lat' dir='ltr'><strong>et</strong></span> <span class='ocrx_word' id='word_1_154' title='bbox 1349 2195 1613 2248; x_wconf 89' lang='lat' dir='ltr'><strong>homines</strong></span> <span class='ocrx_word' id='word_1_155' title='bbox 1661 2194 1770 2248; x_wconf 90' lang='lat' dir='ltr'><strong>hoc</strong></span> <span class='ocrx_word' id='word_1_156' title='bbox 1812 2194 2118 2265; x_wconf 91' lang='lat' dir='ltr'><strong>prohibere</strong></span> 
     </span>
    </p>
   </div>
   <div class='ocr_carea' id='block_1_24' title="bbox 420 2282 2117 2337">
    <p class='ocr_par' dir='ltr' id='par_1_24' title="bbox 420 2282 2117 2337">
     <span class='ocr_line' id='line_1_24' title="bbox 420 2282 2117 2337; baseline 0.001 -2"><span class='ocrx_word' id='word_1_157' title='bbox 420 2285 676 2337; x_wconf 89' lang='lat' dir='ltr'><strong>volentes</strong></span> <span class='ocrx_word' id='word_1_158' title='bbox 733 2283 976 2337; x_wconf 91' lang='lat' dir='ltr'><strong>assiduis</strong></span> <span class='ocrx_word' id='word_1_159' title='bbox 1037 2283 1504 2336; x_wconf 90' lang='lat' dir='ltr'><strong>insultationibus</strong></span> <span class='ocrx_word' id='word_1_160' title='bbox 1558 2282 1828 2336; x_wconf 88' lang='lat' dir='ltr'><strong>audacter</strong></span> <span class='ocrx_word' id='word_1_161' title='bbox 1880 2282 2117 2336; x_wconf 87' lang='lat' dir='ltr'><strong>terruis-</strong></span> 
     </span>
    </p>
   </div>
   <div class='ocr_carea' id='block_1_25' title="bbox 421 2369 2114 2440">
    <p class='ocr_par' dir='ltr' id='par_1_25' title="bbox 421 2369 2114 2440">
     <span class='ocr_line' id='line_1_25' title="bbox 421 2369 2114 2440; baseline -0.001 -15"><span class='ocrx_word' id='word_1_162' title='bbox 421 2378 549 2429; x_wconf 85' lang='lat' dir='ltr'><strong>sent</strong></span> <span class='ocrx_word' id='word_1_163' title='bbox 580 2371 671 2437; x_wconf 70' lang='grc' dir='ltr'><strong>ιιι,</strong></span> <span class='ocrx_word' id='word_1_164' title='bbox 703 2376 761 2425; x_wconf 90' lang='lat' dir='ltr'><strong>et</strong></span> <span class='ocrx_word' id='word_1_165' title='bbox 804 2371 1059 2436; x_wconf 88' lang='lat' dir='ltr'><strong>tandem,</strong></span> <span class='ocrx_word' id='word_1_166' title='bbox 1094 2370 1354 2440; x_wconf 87' lang='lat' dir='ltr'><strong>quamvis</strong></span> <span class='ocrx_word' id='word_1_167' title='bbox 1392 2369 1609 2424; x_wconf 87' lang='lat' dir='ltr'><strong>cunctis</strong></span> <span class='ocrx_word' id='word_1_168' title='bbox 1661 2370 2114 2440; x_wconf 76' lang='lat' dir='ltr'><strong>insequentibus,</strong></span> 
     </span>
    </p>
   </div>
   <div class='ocr_carea' id='block_1_26' title="bbox 418 2459 2116 2513">
    <p class='ocr_par' dir='ltr' id='par_1_26' title="bbox 418 2459 2116 2513">
     <span class='ocr_line' id='line_1_26' title="bbox 418 2459 2116 2513; baseline 0.001 -1"><span class='ocrx_word' id='word_1_169' title='bbox 418 2459 582 2513; x_wconf 64' lang='lat' dir='ltr'><strong>illaesi</strong></span> <span class='ocrx_word' id='word_1_170' title='bbox 628 2461 939 2513; x_wconf 86' lang='lat' dir='ltr'><strong>evasissent</strong></span> <span class='ocrx_word' id='word_1_171' title='bbox 969 2460 1088 2511; x_wconf 67' lang='grc' dir='ltr'><strong>ιη’.</strong></span> <span class='ocrx_word' id='word_1_172' title='bbox 1139 2460 1410 2513; x_wconf 87' lang='lat' dir='ltr'><strong>Latrones</strong></span> <span class='ocrx_word' id='word_1_173' title='bbox 1442 2475 1573 2512; x_wconf 83' lang='lat' dir='ltr'><strong>vero</strong></span> <span class='ocrx_word' id='word_1_174' title='bbox 1603 2459 1755 2512; x_wconf 89' lang='lat' dir='ltr'><strong>hunc</strong></span> <span class='ocrx_word' id='word_1_175' title='bbox 1808 2460 1998 2512; x_wconf 92' lang='lat' dir='ltr'><strong>locum</strong></span> <span class='ocrx_word' id='word_1_176' title='bbox 2048 2460 2116 2513; x_wconf 91' lang='lat' dir='ltr'><strong>ad</strong></span> 
     </span>
    </p>
   </div>
   <div class='ocr_carea' id='block_1_27' title="bbox 417 2546 2117 2619">
    <p class='ocr_par' dir='ltr' id='par_1_27' title="bbox 417 2546 2117 2619">
     <span class='ocr_line' id='line_1_27' title="bbox 417 2546 2117 2619; baseline 0.001 -19"><span class='ocrx_word' id='word_1_177' title='bbox 417 2546 831 2615; x_wconf 90' lang='lat' dir='ltr'><strong>perﬁciendam</strong></span> <span class='ocrx_word' id='word_1_178' title='bbox 881 2563 999 2600; x_wconf 70' lang='lat' dir='ltr'><strong>sum</strong></span> <span class='ocrx_word' id='word_1_179' title='bbox 1043 2549 1356 2602; x_wconf 89' lang='lat' dir='ltr'><strong>voluntatis</strong></span> <span class='ocrx_word' id='word_1_180' title='bbox 1410 2548 1729 2619; x_wconf 90' lang='lat' dir='ltr'><strong>nequitiam</strong></span> <span class='ocrx_word' id='word_1_181' title='bbox 1756 2548 2117 2618; x_wconf 90' lang='lat' dir='ltr'><strong>aptissimum</strong></span> 
     </span>
    </p>
   </div>
   <div class='ocr_carea' id='block_1_28' title="bbox 419 2634 2117 2706">
    <p class='ocr_par' dir='ltr' id='par_1_28' title="bbox 419 2634 2117 2706">
     <span class='ocr_line' id='line_1_28' title="bbox 419 2634 2117 2706; baseline 0 -19"><span class='ocrx_word' id='word_1_182' title='bbox 419 2651 541 2688; x_wconf 90' lang='lat' dir='ltr'><strong>esse</strong></span> <span class='ocrx_word' id='word_1_183' title='bbox 584 2634 881 2703; x_wconf 89' lang='lat' dir='ltr'><strong>jactabant</strong></span> <span class='ocrx_word' id='word_1_184' title='bbox 933 2634 1023 2701; x_wconf 82' lang='grc'>¹¹²,</span> <span class='ocrx_word' id='word_1_185' title='bbox 1075 2636 1213 2705; x_wconf 85' lang='lat' dir='ltr'><strong>quia</strong></span> <span class='ocrx_word' id='word_1_186' title='bbox 1258 2651 1448 2706; x_wconf 90' lang='lat' dir='ltr'><strong>neque</strong></span> <span class='ocrx_word' id='word_1_187' title='bbox 1479 2636 1721 2689; x_wconf 89' lang='lat' dir='ltr'><strong>munitio</strong></span> <span class='ocrx_word' id='word_1_188' title='bbox 1767 2635 1899 2688; x_wconf 89' lang='lat' dir='ltr'><strong>valli</strong></span> <span class='ocrx_word' id='word_1_189' title='bbox 1929 2650 2117 2704; x_wconf 88' lang='lat' dir='ltr'><strong>neque</strong></span> 
     </span>
    </p>
   </div>
   <div class='ocr_carea' id='block_1_29' title="bbox 419 2722 2119 2793">
    <p class='ocr_par' dir='ltr' id='par_1_29' title="bbox 419 2722 2119 2793">
     <span class='ocr_line' id='line_1_29' title="bbox 419 2722 2119 2793; baseline 0 -18"><span class='ocrx_word' id='word_1_190' title='bbox 419 2722 777 2776; x_wconf 90' lang='lat' dir='ltr'><strong>obstaculum</strong></span> <span class='ocrx_word' id='word_1_191' title='bbox 829 2723 979 2776; x_wconf 91' lang='lat' dir='ltr'><strong>muri</strong></span> <span class='ocrx_word' id='word_1_192' title='bbox 1020 2724 1273 2793; x_wconf 89' lang='lat' dir='ltr'><strong>aliquam</strong></span> <span class='ocrx_word' id='word_1_193' title='bbox 1321 2722 1715 2777; x_wconf 82' lang='lat' dir='ltr'><strong>difﬁcultatem</strong></span> <span class='ocrx_word' id='word_1_194' title='bbox 1755 2722 2119 2793; x_wconf 80' lang='lat' dir='ltr'><strong>ingrediendi</strong></span> 
     </span>
    </p>
   </div>
   <div class='ocr_carea' id='block_1_30' title="bbox 418 2810 2116 2882">
    <p class='ocr_par' dir='ltr' id='par_1_30' title="bbox 418 2810 2116 2882">
     <span class='ocr_line' id='line_1_30' title="bbox 418 2810 2116 2882; baseline 0 -19"><span class='ocrx_word' id='word_1_195' title='bbox 418 2810 533 2864; x_wconf 91' lang='lat' dir='ltr'><strong>illis</strong></span> <span class='ocrx_word' id='word_1_196' title='bbox 584 2812 894 2881; x_wconf 88' lang='lat' dir='ltr'><strong>aliquando</strong></span> <span class='ocrx_word' id='word_1_197' title='bbox 944 2811 1219 2866; x_wconf 71' lang='lat' dir='ltr'><strong>afferebat</strong></span> <span class='ocrx_word' id='word_1_198' title='bbox 1254 2812 1368 2865; x_wconf 75' lang='grc'>¹¹²“.</span> <span class='ocrx_word' id='word_1_199' title='bbox 1419 2812 1475 2866; x_wconf 91' lang='lat' dir='ltr'><strong>Si</strong></span> <span class='ocrx_word' id='word_1_200' title='bbox 1507 2812 1637 2882; x_wconf 90' lang='lat' dir='ltr'><strong>quis</strong></span> <span class='ocrx_word' id='word_1_201' title='bbox 1669 2816 1859 2865; x_wconf 90' lang='lat' dir='ltr'><strong>autem</strong></span> <span class='ocrx_word' id='word_1_202' title='bbox 1908 2810 2116 2864; x_wconf 87' lang='lat' dir='ltr'><strong>civium</strong></span> 
     </span>
    </p>
   </div>
   <div class='ocr_carea' id='block_1_31' title="bbox 416 2898 2117 2969">
    <p class='ocr_par' dir='ltr' id='par_1_31' title="bbox 416 2898 2117 2969">
     <span class='ocr_line' id='line_1_31' title="bbox 416 2898 2117 2969; baseline 0 -18"><span class='ocrx_word' id='word_1_203' title='bbox 416 2898 701 2952; x_wconf 84' lang='lat' dir='ltr'><strong>voluntati</strong></span> <span class='ocrx_word' id='word_1_204' title='bbox 733 2916 933 2953; x_wconf 88' lang='lat' dir='ltr'><strong>eorum</strong></span> <span class='ocrx_word' id='word_1_205' title='bbox 977 2898 1196 2969; x_wconf 90' lang='lat' dir='ltr'><strong>aliquid</strong></span> <span class='ocrx_word' id='word_1_206' title='bbox 1244 2900 1602 2966; x_wconf 78' lang='lat' dir='ltr'><strong>contradixit,</strong></span> <span class='ocrx_word' id='word_1_207' title='bbox 1635 2900 1789 2954; x_wconf 91' lang='lat' dir='ltr'><strong>hunc</strong></span> <span class='ocrx_word' id='word_1_208' title='bbox 1823 2898 2117 2952; x_wconf 85' lang='lat' dir='ltr'><strong>nocturnis</strong></span> 
     </span>
    </p>
   </div>
   <div class='ocr_carea' id='block_1_32' title="bbox 2233 520 3874 593">
    <p class='ocr_par' dir='ltr' id='par_1_32' title="bbox 2233 520 3874 593">
     <span class='ocr_line' id='line_1_32' title="bbox 2233 520 3874 593; baseline 0.005 -19"><span class='ocrx_word' id='word_1_209' title='bbox 2233 521 2381 575; x_wconf 90' lang='lat' dir='ltr'><strong>cives</strong></span> <span class='ocrx_word' id='word_1_210' title='bbox 2412 522 2678 590; x_wconf 87' lang='lat' dir='ltr'><strong>expulsos</strong></span> <span class='ocrx_word' id='word_1_211' title='bbox 2706 520 3011 588; x_wconf 87' lang='lat' dir='ltr'><strong>revocavit,</strong></span> <span class='ocrx_word' id='word_1_212' title='bbox 3059 537 3373 593; x_wconf 89' lang='lat' dir='ltr'><strong>pacemque</strong></span> <span class='ocrx_word' id='word_1_213' title='bbox 3412 521 3482 556; x_wconf 80' lang='grc'>¹¹⁸</span> <span class='ocrx_word' id='word_1_214' title='bbox 3510 523 3568 578; x_wconf 91' lang='lat' dir='ltr'><strong>in</strong></span> <span class='ocrx_word' id='word_1_215' title='bbox 3592 525 3674 578; x_wconf 92' lang='lat' dir='ltr'><strong>his</strong></span> <span class='ocrx_word' id='word_1_216' title='bbox 3701 526 3874 582; x_wconf 87' lang='lat' dir='ltr'><strong>ﬁnibus</strong></span> 
     </span>
    </p>
   </div>
   <div class='ocr_carea' id='block_1_33' title="bbox 2231 605 3872 675">
    <p class='ocr_par' dir='ltr' id='par_1_33' title="bbox 2231 605 3872 675">
     <span class='ocr_line' id='line_1_33' title="bbox 2231 605 3872 675; baseline 0.004 -13"><span class='ocrx_word' id='word_1_217' title='bbox 2231 608 2502 675; x_wconf 90' lang='lat' dir='ltr'><strong>ﬁrmavit,</strong></span> <span class='ocrx_word' id='word_1_218' title='bbox 2536 613 2592 662; x_wconf 90' lang='lat' dir='ltr'><strong>et</strong></span> <span class='ocrx_word' id='word_1_219' title='bbox 2638 605 2710 645; x_wconf 79' lang='lat'><strong>“9</strong></span> <span class='ocrx_word' id='word_1_220' title='bbox 2756 608 3043 663; x_wconf 91' lang='lat' dir='ltr'><strong>civitatem</strong></span> <span class='ocrx_word' id='word_1_221' title='bbox 3076 610 3310 663; x_wconf 91' lang='lat' dir='ltr'><strong>omnino</strong></span> <span class='ocrx_word' id='word_1_222' title='bbox 3342 611 3644 664; x_wconf 86' lang='lat' dir='ltr'><strong>desolatam</strong></span> <span class='ocrx_word' id='word_1_223' title='bbox 3686 613 3776 666; x_wconf 87' lang='lat' dir='ltr'><strong>rite</strong></span> <span class='ocrx_word' id='word_1_224' title='bbox 3801 631 3872 669; x_wconf 88' lang='lat' dir='ltr'><strong>re-</strong></span> 
     </span>
    </p>
   </div>
   <div class='ocr_carea' id='block_1_34' title="bbox 2232 696 3874 767">
    <p class='ocr_par' dir='ltr' id='par_1_34' title="bbox 2232 696 3874 767">
     <span class='ocr_line' id='line_1_34' title="bbox 2232 696 3874 767; baseline 0.003 -17"><span class='ocrx_word' id='word_1_225' title='bbox 2232 697 2533 750; x_wconf 89' lang='lat' dir='ltr'><strong>stauravit.</strong></span> <span class='ocrx_word' id='word_1_226' title='bbox 2584 696 2689 751; x_wconf 87' lang='lat' dir='ltr'><strong>Sed</strong></span> <span class='ocrx_word' id='word_1_227' title='bbox 2719 697 2843 750; x_wconf 69' lang='lat' dir='ltr'><strong>haec</strong></span> <span class='ocrx_word' id='word_1_228' title='bbox 2871 713 2986 749; x_wconf 85' lang='lat' dir='ltr'><strong>una</strong></span> <span class='ocrx_word' id='word_1_229' title='bbox 3012 713 3102 750; x_wconf 90' lang='lat' dir='ltr'><strong>res</strong></span> <span class='ocrx_word' id='word_1_230' title='bbox 3132 696 3241 767; x_wconf 87' lang='lat' dir='ltr'><strong>piis</strong></span> <span class='ocrx_word' id='word_1_231' title='bbox 3286 698 3460 767; x_wconf 89' lang='lat' dir='ltr'><strong>hujus</strong></span> <span class='ocrx_word' id='word_1_232' title='bbox 3489 697 3592 752; x_wconf 89' lang='lat' dir='ltr'><strong>viri</strong></span> <span class='ocrx_word' id='word_1_233' title='bbox 3627 699 3874 755; x_wconf 81' lang='lat' dir='ltr'><strong>laboribus</strong></span> 
     </span>
    </p>
   </div>
   <div class='ocr_carea' id='block_1_35' title="bbox 2231 785 3219 855">
    <p class='ocr_par' dir='ltr' id='par_1_35' title="bbox 2231 785 3219 855">
     <span class='ocr_line' id='line_1_35' title="bbox 2231 785 3219 855; baseline 0 -17"><span class='ocrx_word' id='word_1_234' title='bbox 2231 786 2340 838; x_wconf 81' lang='lat' dir='ltr'><strong>fuit</strong></span> <span class='ocrx_word' id='word_1_235' title='bbox 2370 785 2684 838; x_wconf 86' lang='lat' dir='ltr'><strong>maximum</strong></span> <span class='ocrx_word' id='word_1_236' title='bbox 2716 785 3219 855; x_wconf 88' lang='lat' dir='ltr'><strong>impedimentum.</strong></span> 
     </span>
    </p>
   </div>
   <div class='ocr_carea' id='block_1_36' title="bbox 2298 871 3875 944">
    <p class='ocr_par' dir='ltr' id='par_1_36' title="bbox 2298 871 3875 944">
     <span class='ocr_line' id='line_1_36' title="bbox 2298 871 3875 944; baseline 0.002 -17"><span class='ocrx_word' id='word_1_237' title='bbox 2298 878 2354 927; x_wconf 90' lang='grc'><strong>7.</strong></span> <span class='ocrx_word' id='word_1_238' title='bbox 2384 874 2512 928; x_wconf 88' lang='lat' dir='ltr'><strong>Otto</strong></span> <span class='ocrx_word' id='word_1_239' title='bbox 2570 871 2640 909; x_wconf 85' lang='grc'><strong>⁴²⁰</strong></span> <span class='ocrx_word' id='word_1_240' title='bbox 2690 873 2800 927; x_wconf 83' lang='lat' dir='ltr'><strong>dux</strong></span> <span class='ocrx_word' id='word_1_241' title='bbox 2856 873 2967 943; x_wconf 89' lang='lat' dir='ltr'><strong>(l3)</strong></span> <span class='ocrx_word' id='word_1_242' title='bbox 3015 889 3267 944; x_wconf 90' lang='lat' dir='ltr'><strong>suusque</strong></span> <span class='ocrx_word' id='word_1_243' title='bbox 3310 871 3380 910; x_wconf 82' lang='grc'><strong>¹²¹</strong></span> <span class='ocrx_word' id='word_1_244' title='bbox 3430 873 3579 927; x_wconf 90' lang='lat' dir='ltr'><strong>ﬁlius</strong></span> <span class='ocrx_word' id='word_1_245' title='bbox 3625 875 3875 931; x_wconf 87' lang='lat' dir='ltr'><strong>Conradus</strong></span> 
     </span>
    </p>
   </div>
   <div class='ocr_carea' id='block_1_37' title="bbox 2229 961 3874 1017">
    <p class='ocr_par' dir='ltr' id='par_1_37' title="bbox 2229 961 3874 1017">
     <span class='ocr_line' id='line_1_37' title="bbox 2229 961 3874 1017; baseline 0.001 -2"><span class='ocrx_word' id='word_1_246' title='bbox 2229 962 2384 1015; x_wconf 90' lang='lat' dir='ltr'><strong>intra</strong></span> <span class='ocrx_word' id='word_1_247' title='bbox 2412 962 2695 1015; x_wconf 86' lang='lat' dir='ltr'><strong>civitatem</strong></span> <span class='ocrx_word' id='word_1_248' title='bbox 2728 961 3019 1015; x_wconf 88' lang='lat' dir='ltr'><strong>habebant</strong></span> <span class='ocrx_word' id='word_1_249' title='bbox 3063 962 3451 1015; x_wconf 89' lang='lat' dir='ltr'><strong>munitionem</strong></span> <span class='ocrx_word' id='word_1_250' title='bbox 3479 961 3547 998; x_wconf 73' lang='grc'><strong>⁸³³</strong></span> <span class='ocrx_word' id='word_1_251' title='bbox 3583 964 3807 1017; x_wconf 87' lang='lat' dir='ltr'><strong>turribus</strong></span> <span class='ocrx_word' id='word_1_252' title='bbox 3832 973 3874 1017; x_wconf 83' lang='lat' dir='ltr'><strong>et</strong></span> 
     </span>
    </p>
   </div>
   <div class='ocr_carea' id='block_1_38' title="bbox 2227 1049 3875 1120">
    <p class='ocr_par' dir='ltr' id='par_1_38' title="bbox 2227 1049 3875 1120">
     <span class='ocr_line' id='line_1_38' title="bbox 2227 1049 3875 1120; baseline 0.002 -18"><span class='ocrx_word' id='word_1_253' title='bbox 2227 1050 2399 1104; x_wconf 88' lang='lat' dir='ltr'><strong>variis</strong></span> <span class='ocrx_word' id='word_1_254' title='bbox 2446 1049 2704 1104; x_wconf 69' lang='lat' dir='ltr'><strong>aediﬁciis</strong></span> <span class='ocrx_word' id='word_1_255' title='bbox 2752 1050 3168 1103; x_wconf 87' lang='lat' dir='ltr'><strong>ﬁrmissimam.</strong></span> <span class='ocrx_word' id='word_1_256' title='bbox 3219 1050 3303 1103; x_wconf 83' lang='lat' dir='ltr'><strong>Ad</strong></span> <span class='ocrx_word' id='word_1_257' title='bbox 3352 1066 3527 1120; x_wconf 91' lang='lat' dir='ltr'><strong>quam</strong></span> <span class='ocrx_word' id='word_1_258' title='bbox 3574 1050 3783 1105; x_wconf 89' lang='lat' dir='ltr'><strong>domum</strong></span> <span class='ocrx_word' id='word_1_259' title='bbox 3824 1056 3875 1089; x_wconf 76' lang='grc'><strong>¹²³</strong></span> 
     </span>
    </p>
   </div>
   <div class='ocr_carea' id='block_1_39' title="bbox 2230 1135 3874 1209">
    <p class='ocr_par' dir='ltr' id='par_1_39' title="bbox 2230 1135 3874 1209">
     <span class='ocr_line' id='line_1_39' title="bbox 2230 1135 3874 1209; baseline 0 -16"><span class='ocrx_word' id='word_1_260' title='bbox 2230 1143 2485 1209; x_wconf 83' lang='lat' dir='ltr'><strong>raptores</strong></span> <span class='ocrx_word' id='word_1_261' title='bbox 2526 1144 2582 1193; x_wconf 89' lang='lat' dir='ltr'><strong>et</strong></span> <span class='ocrx_word' id='word_1_262' title='bbox 2613 1138 2765 1195; x_wconf 84' lang='lat' dir='ltr'><strong>fures</strong></span> <span class='ocrx_word' id='word_1_263' title='bbox 2796 1142 2853 1191; x_wconf 89' lang='lat' dir='ltr'><strong>et</strong></span> <span class='ocrx_word' id='word_1_264' title='bbox 2882 1154 3080 1192; x_wconf 90' lang='lat' dir='ltr'><strong>omnes</strong></span> <span class='ocrx_word' id='word_1_265' title='bbox 3120 1135 3193 1171; x_wconf 70' lang='grc'><strong>⁸³⁵</strong></span> <span class='ocrx_word' id='word_1_266' title='bbox 3230 1144 3431 1192; x_wconf 86' lang='lat' dir='ltr'><strong>contra</strong></span> <span class='ocrx_word' id='word_1_267' title='bbox 3461 1138 3769 1209; x_wconf 89' lang='lat' dir='ltr'><strong>episcopum</strong></span> <span class='ocrx_word' id='word_1_268' title='bbox 3794 1141 3874 1193; x_wconf 86' lang='lat' dir='ltr'><strong>de-</strong></span> 
     </span>
    </p>
   </div>
   <div class='ocr_carea' id='block_1_40' title="bbox 2227 1225 3873 1298">
    <p class='ocr_par' dir='ltr' id='par_1_40' title="bbox 2227 1225 3873 1298">
     <span class='ocr_line' id='line_1_40' title="bbox 2227 1225 3873 1298; baseline 0.001 -18"><span class='ocrx_word' id='word_1_269' title='bbox 2227 1227 2557 1298; x_wconf 85' lang='lat' dir='ltr'><strong>linquentes</strong></span> <span class='ocrx_word' id='word_1_270' title='bbox 2604 1225 2897 1297; x_wconf 74' lang='lat' dir='ltr'><strong>refugium</strong></span> <span class='ocrx_word' id='word_1_271' title='bbox 2941 1226 3295 1280; x_wconf 90' lang='lat' dir='ltr'><strong>tutissimum</strong></span> <span class='ocrx_word' id='word_1_272' title='bbox 3343 1226 3644 1281; x_wconf 87' lang='lat' dir='ltr'><strong>habebant.</strong></span> <span class='ocrx_word' id='word_1_273' title='bbox 3692 1226 3741 1281; x_wconf 89' lang='lat' dir='ltr'><strong>Si</strong></span> <span class='ocrx_word' id='word_1_274' title='bbox 3774 1229 3873 1298; x_wconf 86' lang='lat' dir='ltr'><strong>quis</strong></span> 
     </span>
    </p>
   </div>
   <div class='ocr_carea' id='block_1_41' title="bbox 2228 1313 3869 1386">
    <p class='ocr_par' dir='ltr' id='par_1_41' title="bbox 2228 1313 3869 1386">
     <span class='ocr_line' id='line_1_41' title="bbox 2228 1313 3869 1386; baseline 0 -17"><span class='ocrx_word' id='word_1_275' title='bbox 2228 1315 2383 1369; x_wconf 91' lang='lat' dir='ltr'><strong>enim</strong></span> <span class='ocrx_word' id='word_1_276' title='bbox 2436 1320 2633 1369; x_wconf 88' lang='lat' dir='ltr'><strong>contra</strong></span> <span class='ocrx_word' id='word_1_277' title='bbox 2688 1315 3021 1386; x_wconf 86' lang='lat' dir='ltr'><strong>episcopum</strong></span> <span class='ocrx_word' id='word_1_278' title='bbox 3069 1330 3315 1385; x_wconf 91' lang='lat' dir='ltr'><strong>suosque</strong></span> <span class='ocrx_word' id='word_1_279' title='bbox 3362 1313 3561 1368; x_wconf 89' lang='lat' dir='ltr'><strong>ﬁdeles</strong></span> <span class='ocrx_word' id='word_1_280' title='bbox 3611 1315 3778 1369; x_wconf 84' lang='lat' dir='ltr'><strong>verbis</strong></span> <span class='ocrx_word' id='word_1_281' title='bbox 3806 1319 3869 1369; x_wconf 81' lang='lat' dir='ltr'><strong>vel</strong></span> 
     </span>
    </p>
   </div>
   <div class='ocr_carea' id='block_1_42' title="bbox 2228 1402 3870 1473">
    <p class='ocr_par' dir='ltr' id='par_1_42' title="bbox 2228 1402 3870 1473">
     <span class='ocr_line' id='line_1_42' title="bbox 2228 1402 3870 1473; baseline -0.001 -16"><span class='ocrx_word' id='word_1_282' title='bbox 2228 1403 2391 1457; x_wconf 84' lang='lat' dir='ltr'><strong>factis</strong></span> <span class='ocrx_word' id='word_1_283' title='bbox 2440 1403 2661 1473; x_wconf 89' lang='lat' dir='ltr'><strong>aliquid</strong></span> <span class='ocrx_word' id='word_1_284' title='bbox 2713 1403 2977 1473; x_wconf 89' lang='lat' dir='ltr'><strong>deliquit,</strong></span> <span class='ocrx_word' id='word_1_285' title='bbox 3032 1402 3107 1456; x_wconf 87' lang='lat' dir='ltr'><strong>ad</strong></span> <span class='ocrx_word' id='word_1_286' title='bbox 3153 1403 3297 1457; x_wconf 86' lang='lat' dir='ltr'><strong>hanc</strong></span> <span class='ocrx_word' id='word_1_287' title='bbox 3342 1408 3568 1473; x_wconf 90' lang='lat' dir='ltr'><strong>partem</strong></span> <span class='ocrx_word' id='word_1_288' title='bbox 3622 1406 3789 1456; x_wconf 86' lang='lat' dir='ltr'><strong>statim</strong></span> <span class='ocrx_word' id='word_1_289' title='bbox 3828 1421 3870 1456; x_wconf 88' lang='lat' dir='ltr'><strong>se</strong></span> 
     </span>
    </p>
   </div>
   <div class='ocr_carea' id='block_1_43' title="bbox 2229 1490 3871 1561">
    <p class='ocr_par' dir='ltr' id='par_1_43' title="bbox 2229 1490 3871 1561">
     <span class='ocr_line' id='line_1_43' title="bbox 2229 1490 3871 1561; baseline -0.001 -16"><span class='ocrx_word' id='word_1_290' title='bbox 2229 1492 2462 1561; x_wconf 85' lang='lat' dir='ltr'><strong>recepit,</strong></span> <span class='ocrx_word' id='word_1_291' title='bbox 2497 1497 2552 1545; x_wconf 90' lang='lat' dir='ltr'><strong>et</strong></span> <span class='ocrx_word' id='word_1_292' title='bbox 2582 1492 2653 1546; x_wconf 90' lang='lat' dir='ltr'><strong>ob</strong></span> <span class='ocrx_word' id='word_1_293' title='bbox 2686 1492 2796 1545; x_wconf 91' lang='lat' dir='ltr'><strong>hoc</strong></span> <span class='ocrx_word' id='word_1_294' title='bbox 2826 1491 3287 1545; x_wconf 83' lang='lat' dir='ltr'><strong>obtruncationes</strong></span> <span class='ocrx_word' id='word_1_295' title='bbox 3311 1496 3368 1545; x_wconf 93' lang='lat' dir='ltr'><strong>et</strong></span> <span class='ocrx_word' id='word_1_296' title='bbox 3396 1490 3697 1545; x_wconf 90' lang='lat' dir='ltr'><strong>homicidia</strong></span> <span class='ocrx_word' id='word_1_297' title='bbox 3733 1493 3871 1544; x_wconf 84' lang='lat' dir='ltr'><strong>multa</strong></span> 
     </span>
    </p>
   </div>
   <div class='ocr_carea' id='block_1_44' title="bbox 2230 1579 3869 1650">
    <p class='ocr_par' dir='ltr' id='par_1_44' title="bbox 2230 1579 3869 1650">
     <span class='ocr_line' id='line_1_44' title="bbox 2230 1579 3869 1650; baseline -0.001 -18"><span class='ocrx_word' id='word_1_298' title='bbox 2230 1595 2296 1633; x_wconf 91' lang='lat' dir='ltr'><strong>ex</strong></span> <span class='ocrx_word' id='word_1_299' title='bbox 2330 1584 2572 1650; x_wconf 89' lang='lat' dir='ltr'><strong>utraque</strong></span> <span class='ocrx_word' id='word_1_300' title='bbox 2620 1584 2779 1650; x_wconf 89' lang='lat' dir='ltr'><strong>parte</strong></span> <span class='ocrx_word' id='word_1_301' title='bbox 2832 1579 3069 1633; x_wconf 89' lang='lat' dir='ltr'><strong>ﬁebant.</strong></span> <span class='ocrx_word' id='word_1_302' title='bbox 3102 1580 3221 1634; x_wconf 85' lang='lat' dir='ltr'><strong>Hoc</strong></span> <span class='ocrx_word' id='word_1_303' title='bbox 3263 1580 3482 1650; x_wconf 86' lang='lat' dir='ltr'><strong>quippe</strong></span> <span class='ocrx_word' id='word_1_304' title='bbox 3529 1579 3752 1633; x_wconf 87' lang='lat' dir='ltr'><strong>dedecus</strong></span> <span class='ocrx_word' id='word_1_305' title='bbox 3773 1580 3869 1632; x_wconf 85' lang='lat' dir='ltr'><strong>has-</strong></span> 
     </span>
    </p>
   </div>
   <div class='ocr_carea' id='block_1_45' title="bbox 2229 1664 3868 1738">
    <p class='ocr_par' dir='ltr' id='par_1_45' title="bbox 2229 1664 3868 1738">
     <span class='ocr_line' id='line_1_45' title="bbox 2229 1664 3868 1738; baseline 0 -18"><span class='ocrx_word' id='word_1_306' title='bbox 2229 1683 2341 1738; x_wconf 90' lang='lat' dir='ltr'><strong>que</strong></span> <span class='ocrx_word' id='word_1_307' title='bbox 2396 1668 2568 1721; x_wconf 88' lang='lat' dir='ltr'><strong>duras</strong></span> <span class='ocrx_word' id='word_1_308' title='bbox 2610 1665 2679 1701; x_wconf 80' lang='grc'><strong>¹²³</strong></span> <span class='ocrx_word' id='word_1_309' title='bbox 2732 1667 3083 1721; x_wconf 88' lang='lat' dir='ltr'><strong>calamitates</strong></span> <span class='ocrx_word' id='word_1_310' title='bbox 3127 1666 3297 1721; x_wconf 92' lang='lat' dir='ltr'><strong>homo</strong></span> <span class='ocrx_word' id='word_1_311' title='bbox 3346 1667 3449 1721; x_wconf 91' lang='lat' dir='ltr'><strong>Dei</strong></span> <span class='ocrx_word' id='word_1_312' title='bbox 3490 1664 3561 1702; x_wconf 77' lang='grc'><strong>¹²⁸</strong></span> <span class='ocrx_word' id='word_1_313' title='bbox 3606 1667 3868 1733; x_wconf 80' lang='lat' dir='ltr'><strong>tolerabat;</strong></span> 
     </span>
    </p>
   </div>
   <div class='ocr_carea' id='block_1_46' title="bbox 2232 1755 3869 1826">
    <p class='ocr_par' dir='ltr' id='par_1_46' title="bbox 2232 1755 3869 1826">
     <span class='ocr_line' id='line_1_46' title="bbox 2232 1755 3869 1826; baseline 0 -17"><span class='ocrx_word' id='word_1_314' title='bbox 2232 1756 2328 1809; x_wconf 91' lang='lat' dir='ltr'><strong>sed</strong></span> <span class='ocrx_word' id='word_1_315' title='bbox 2359 1756 2493 1810; x_wconf 87' lang='lat' dir='ltr'><strong>forti</strong></span> <span class='ocrx_word' id='word_1_316' title='bbox 2524 1761 2753 1826; x_wconf 89' lang='lat' dir='ltr'><strong>pectore</strong></span> <span class='ocrx_word' id='word_1_317' title='bbox 2782 1755 3097 1809; x_wconf 89' lang='lat' dir='ltr'><strong>audacibus</strong></span> <span class='ocrx_word' id='word_1_318' title='bbox 3126 1771 3328 1809; x_wconf 89' lang='lat' dir='ltr'><strong>eorum</strong></span> <span class='ocrx_word' id='word_1_319' title='bbox 3374 1755 3594 1809; x_wconf 86' lang='lat' dir='ltr'><strong>actibus</strong></span> <span class='ocrx_word' id='word_1_320' title='bbox 3622 1756 3765 1825; x_wconf 90' lang='lat' dir='ltr'><strong>quasi</strong></span> <span class='ocrx_word' id='word_1_321' title='bbox 3788 1757 3869 1809; x_wconf 87' lang='lat' dir='ltr'><strong>im-</strong></span> 
     </span>
    </p>
   </div>
   <div class='ocr_carea' id='block_1_47' title="bbox 2231 1842 3869 1914">
    <p class='ocr_par' dir='ltr' id='par_1_47' title="bbox 2231 1842 3869 1914">
     <span class='ocr_line' id='line_1_47' title="bbox 2231 1842 3869 1914; baseline -0.001 -18"><span class='ocrx_word' id='word_1_322' title='bbox 2231 1844 2565 1914; x_wconf 89' lang='lat' dir='ltr'><strong>perterritus</strong></span> <span class='ocrx_word' id='word_1_323' title='bbox 2624 1859 2851 1913; x_wconf 89' lang='lat' dir='ltr'><strong>semper</strong></span> <span class='ocrx_word' id='word_1_324' title='bbox 2892 1848 3086 1896; x_wconf 90' lang='lat' dir='ltr'><strong>tamen</strong></span> <span class='ocrx_word' id='word_1_325' title='bbox 3139 1842 3458 1897; x_wconf 87' lang='lat' dir='ltr'><strong>resistebat.</strong></span> <span class='ocrx_word' id='word_1_326' title='bbox 3512 1843 3663 1897; x_wconf 88' lang='lat' dir='ltr'><strong>Unde</strong></span> <span class='ocrx_word' id='word_1_327' title='bbox 3692 1849 3740 1895; x_wconf 90' lang='lat' dir='ltr'><strong>et</strong></span> <span class='ocrx_word' id='word_1_328' title='bbox 3770 1859 3869 1895; x_wconf 86' lang='lat' dir='ltr'><strong>cou-</strong></span> 
     </span>
    </p>
   </div>
   <div class='ocr_carea' id='block_1_48' title="bbox 2229 1929 3871 2001">
    <p class='ocr_par' dir='ltr' id='par_1_48' title="bbox 2229 1929 3871 2001">
     <span class='ocr_line' id='line_1_48' title="bbox 2229 1929 3871 2001; baseline -0.001 -17"><span class='ocrx_word' id='word_1_329' title='bbox 2229 1932 2380 2001; x_wconf 90' lang='lat' dir='ltr'><strong>tigit,</strong></span> <span class='ocrx_word' id='word_1_330' title='bbox 2415 1936 2478 1985; x_wconf 93' lang='lat' dir='ltr'><strong>ut</strong></span> <span class='ocrx_word' id='word_1_331' title='bbox 2525 1931 2679 1985; x_wconf 90' lang='lat' dir='ltr'><strong>idem</strong></span> <span class='ocrx_word' id='word_1_332' title='bbox 2727 1930 2815 1984; x_wconf 91' lang='lat' dir='ltr'><strong>vir</strong></span> <span class='ocrx_word' id='word_1_333' title='bbox 2866 1929 2933 1967; x_wconf 82' lang='grc'>¹²⁷</span> <span class='ocrx_word' id='word_1_334' title='bbox 2987 1931 3087 1984; x_wconf 92' lang='lat' dir='ltr'><strong>Dei</strong></span> <span class='ocrx_word' id='word_1_335' title='bbox 3138 1931 3245 1984; x_wconf 93' lang='lat' dir='ltr'><strong>hoc</strong></span> <span class='ocrx_word' id='word_1_336' title='bbox 3292 1947 3476 2000; x_wconf 89' lang='lat' dir='ltr'><strong>genus</strong></span> <span class='ocrx_word' id='word_1_337' title='bbox 3524 1929 3871 1984; x_wconf 66' lang='lat' dir='ltr'><strong>hominum“ﬂ</strong></span> 
     </span>
    </p>
   </div>
   <div class='ocr_carea' id='block_1_49' title="bbox 2230 2018 3868 2088">
    <p class='ocr_par' dir='ltr' id='par_1_49' title="bbox 2230 2018 3868 2088">
     <span class='ocr_line' id='line_1_49' title="bbox 2230 2018 3868 2088; baseline -0.001 -16"><span class='ocrx_word' id='word_1_338' title='bbox 2230 2020 2495 2073; x_wconf 88' lang='lat' dir='ltr'><strong>omnibus</strong></span> <span class='ocrx_word' id='word_1_339' title='bbox 2525 2019 2655 2073; x_wconf 68' lang='lat' dir='ltr'><strong>vita:</strong></span> <span class='ocrx_word' id='word_1_340' title='bbox 2684 2036 2798 2072; x_wconf 79' lang='lat' dir='ltr'><strong>suae</strong></span> <span class='ocrx_word' id='word_1_341' title='bbox 2832 2019 3031 2073; x_wconf 91' lang='lat' dir='ltr'><strong>diebus</strong></span> <span class='ocrx_word' id='word_1_342' title='bbox 3080 2035 3307 2073; x_wconf 84' lang='lat' dir='ltr'><strong>exosum</strong></span> <span class='ocrx_word' id='word_1_343' title='bbox 3340 2019 3631 2073; x_wconf 90' lang='lat' dir='ltr'><strong>habuisset</strong></span> <span class='ocrx_word' id='word_1_344' title='bbox 3674 2025 3724 2073; x_wconf 88' lang='lat' dir='ltr'><strong>et</strong></span> <span class='ocrx_word' id='word_1_345' title='bbox 3747 2018 3868 2088; x_wconf 82' lang='lat' dir='ltr'><strong>quasi</strong></span> 
     </span>
    </p>
   </div>
   <div class='ocr_carea' id='block_1_50' title="bbox 2230 2108 3869 2177">
    <p class='ocr_par' dir='ltr' id='par_1_50' title="bbox 2230 2108 3869 2177">
     <span class='ocr_line' id='line_1_50' title="bbox 2230 2108 3869 2177; baseline -0.001 -17"><span class='ocrx_word' id='word_1_346' title='bbox 2230 2108 2481 2161; x_wconf 73' lang='lat' dir='ltr'><strong>ecclesite</strong></span> <span class='ocrx_word' id='word_1_347' title='bbox 2530 2108 2627 2161; x_wconf 93' lang='lat' dir='ltr'><strong>Dei</strong></span> <span class='ocrx_word' id='word_1_348' title='bbox 2677 2108 2968 2161; x_wconf 89' lang='lat' dir='ltr'><strong>invasores</strong></span> <span class='ocrx_word' id='word_1_349' title='bbox 3017 2123 3216 2160; x_wconf 90' lang='lat' dir='ltr'><strong>omnes</strong></span> <span class='ocrx_word' id='word_1_350' title='bbox 3258 2108 3604 2177; x_wconf 83' lang='lat' dir='ltr'><strong>respuisset;</strong></span> <span class='ocrx_word' id='word_1_351' title='bbox 3635 2123 3743 2160; x_wconf 90' lang='lat' dir='ltr'><strong>uno</strong></span> <span class='ocrx_word' id='word_1_352' title='bbox 3776 2114 3869 2159; x_wconf 85' lang='lat' dir='ltr'><strong>tau-</strong></span> 
     </span>
    </p>
   </div>
   <div class='ocr_carea' id='block_1_51' title="bbox 2228 2194 3868 2266">
    <p class='ocr_par' dir='ltr' id='par_1_51' title="bbox 2228 2194 3868 2266">
     <span class='ocr_line' id='line_1_51' title="bbox 2228 2194 3868 2266; baseline -0.001 -18"><span class='ocrx_word' id='word_1_353' title='bbox 2228 2196 2529 2249; x_wconf 88' lang='lat' dir='ltr'><strong>tummodo</strong></span> <span class='ocrx_word' id='word_1_354' title='bbox 2561 2196 2773 2265; x_wconf 88' lang='lat' dir='ltr'><strong>juvene</strong></span> <span class='ocrx_word' id='word_1_355' title='bbox 2809 2201 3067 2266; x_wconf 88' lang='lat' dir='ltr'><strong>excepto,</strong></span> <span class='ocrx_word' id='word_1_356' title='bbox 3101 2211 3271 2266; x_wconf 91' lang='lat' dir='ltr'><strong>quem</strong></span> <span class='ocrx_word' id='word_1_357' title='bbox 3321 2201 3591 2266; x_wconf 90' lang='lat' dir='ltr'><strong>parentes</strong></span> <span class='ocrx_word' id='word_1_358' title='bbox 3619 2194 3868 2265; x_wconf 60' lang='lat' dir='ltr'><strong>ceterique</strong></span> 
     </span>
    </p>
   </div>
   <div class='ocr_carea' id='block_1_52' title="bbox 2229 2282 3869 2354">
    <p class='ocr_par' dir='ltr' id='par_1_52' title="bbox 2229 2282 3869 2354">
     <span class='ocr_line' id='line_1_52' title="bbox 2229 2282 3869 2354; baseline -0.002 -17"><span class='ocrx_word' id='word_1_359' title='bbox 2229 2284 2479 2354; x_wconf 81' lang='lat' dir='ltr'><strong>cognati,</strong></span> <span class='ocrx_word' id='word_1_360' title='bbox 2515 2285 2648 2354; x_wconf 90' lang='lat' dir='ltr'><strong>quia</strong></span> <span class='ocrx_word' id='word_1_361' title='bbox 2679 2283 2948 2353; x_wconf 89' lang='lat' dir='ltr'><strong>paciﬁcus</strong></span> <span class='ocrx_word' id='word_1_362' title='bbox 2994 2289 3116 2337; x_wconf 91' lang='lat' dir='ltr'><strong>erat</strong></span> <span class='ocrx_word' id='word_1_363' title='bbox 3160 2288 3215 2337; x_wconf 90' lang='lat' dir='ltr'><strong>et</strong></span> <span class='ocrx_word' id='word_1_364' title='bbox 3257 2284 3645 2337; x_wconf 90' lang='lat' dir='ltr'><strong>innocentiam</strong></span> <span class='ocrx_word' id='word_1_365' title='bbox 3673 2285 3784 2336; x_wconf 64' lang='lat' dir='ltr'><strong>vitae</strong></span> <span class='ocrx_word' id='word_1_366' title='bbox 3810 2282 3869 2335; x_wconf 88' lang='lat' dir='ltr'><strong>di-</strong></span> 
     </span>
    </p>
   </div>
   <div class='ocr_carea' id='block_1_53' title="bbox 2228 2369 3871 2442">
    <p class='ocr_par' dir='ltr' id='par_1_53' title="bbox 2228 2369 3871 2442">
     <span class='ocr_line' id='line_1_53' title="bbox 2228 2369 3871 2442; baseline -0.001 -18"><span class='ocrx_word' id='word_1_367' title='bbox 2228 2372 2458 2441; x_wconf 89' lang='lat' dir='ltr'><strong>ligebat,</strong></span> <span class='ocrx_word' id='word_1_368' title='bbox 2517 2372 2868 2441; x_wconf 90' lang='lat' dir='ltr'><strong>indignando</strong></span> <span class='ocrx_word' id='word_1_369' title='bbox 2925 2377 3271 2442; x_wconf 89' lang='lat' dir='ltr'><strong>respuerunt</strong></span> <span class='ocrx_word' id='word_1_370' title='bbox 3327 2369 3420 2425; x_wconf 72' lang='lat'><strong>“9.</strong></span> <span class='ocrx_word' id='word_1_371' title='bbox 3487 2373 3638 2425; x_wconf 83' lang='lat' dir='ltr'><strong>Hunc</strong></span> <span class='ocrx_word' id='word_1_372' title='bbox 3688 2371 3761 2423; x_wconf 89' lang='lat' dir='ltr'><strong>vir</strong></span> <span class='ocrx_word' id='word_1_373' title='bbox 3800 2370 3871 2423; x_wconf 84' lang='lat' dir='ltr'><strong>Dei</strong></span> 
     </span>
    </p>
   </div>
   <div class='ocr_carea' id='block_1_54' title="bbox 2228 2459 3873 2530">
    <p class='ocr_par' dir='ltr' id='par_1_54' title="bbox 2228 2459 3873 2530">
     <span class='ocr_line' id='line_1_54' title="bbox 2228 2459 3873 2530; baseline -0.001 -19"><span class='ocrx_word' id='word_1_374' title='bbox 2228 2459 2567 2513; x_wconf 88' lang='lat' dir='ltr'><strong>venerabilis</strong></span> <span class='ocrx_word' id='word_1_375' title='bbox 2612 2461 2681 2513; x_wconf 91' lang='lat' dir='ltr'><strong>ad</strong></span> <span class='ocrx_word' id='word_1_376' title='bbox 2734 2476 2792 2513; x_wconf 91' lang='lat' dir='ltr'><strong>se</strong></span> <span class='ocrx_word' id='word_1_377' title='bbox 2822 2465 3109 2525; x_wconf 87' lang='lat' dir='ltr'><strong>vocatum,</strong></span> <span class='ocrx_word' id='word_1_378' title='bbox 3163 2460 3265 2513; x_wconf 89' lang='lat' dir='ltr'><strong>Dei</strong></span> <span class='ocrx_word' id='word_1_379' title='bbox 3310 2459 3583 2514; x_wconf 88' lang='lat' dir='ltr'><strong>timorem</strong></span> <span class='ocrx_word' id='word_1_380' title='bbox 3631 2460 3811 2530; x_wconf 88' lang='lat' dir='ltr'><strong>pariter</strong></span> <span class='ocrx_word' id='word_1_381' title='bbox 3834 2464 3873 2509; x_wconf 87' lang='lat' dir='ltr'><strong>et</strong></span> 
     </span>
    </p>
   </div>
   <div class='ocr_carea' id='block_1_55' title="bbox 2230 2546 3871 2618">
    <p class='ocr_par' dir='ltr' id='par_1_55' title="bbox 2230 2546 3871 2618">
     <span class='ocr_line' id='line_1_55' title="bbox 2230 2546 3871 2618; baseline -0.002 -18"><span class='ocrx_word' id='word_1_382' title='bbox 2230 2564 2486 2602; x_wconf 89' lang='lat' dir='ltr'><strong>amorem</strong></span> <span class='ocrx_word' id='word_1_383' title='bbox 2517 2546 2588 2583; x_wconf 84' lang='grc'><strong>¹³⁰</strong></span> <span class='ocrx_word' id='word_1_384' title='bbox 2625 2548 2817 2601; x_wconf 90' lang='lat' dir='ltr'><strong>docuit</strong></span> <span class='ocrx_word' id='word_1_385' title='bbox 2847 2553 2901 2601; x_wconf 92' lang='lat' dir='ltr'><strong>et</strong></span> <span class='ocrx_word' id='word_1_386' title='bbox 2945 2548 3110 2618; x_wconf 90' lang='lat' dir='ltr'><strong>quasi</strong></span> <span class='ocrx_word' id='word_1_387' title='bbox 3164 2547 3502 2617; x_wconf 88' lang='lat' dir='ltr'><strong>adoptivum</strong></span> <span class='ocrx_word' id='word_1_388' title='bbox 3554 2548 3617 2583; x_wconf 86' lang='grc'><strong>¹³¹</strong></span> <span class='ocrx_word' id='word_1_389' title='bbox 3665 2546 3871 2599; x_wconf 85' lang='lat' dir='ltr'><strong>nutrivit.</strong></span> 
     </span>
    </p>
   </div>
   <div class='ocr_carea' id='block_1_56' title="bbox 2229 2635 3872 2705">
    <p class='ocr_par' dir='ltr' id='par_1_56' title="bbox 2229 2635 3872 2705">
     <span class='ocr_line' id='line_1_56' title="bbox 2229 2635 3872 2705; baseline -0.001 -17"><span class='ocrx_word' id='word_1_390' title='bbox 2229 2636 2294 2688; x_wconf 89' lang='lat' dir='ltr'><strong>Et</strong></span> <span class='ocrx_word' id='word_1_391' title='bbox 2320 2635 2455 2705; x_wconf 91' lang='lat' dir='ltr'><strong>quia</strong></span> <span class='ocrx_word' id='word_1_392' title='bbox 2503 2635 2871 2689; x_wconf 89' lang='lat' dir='ltr'><strong>stabilitatem</strong></span> <span class='ocrx_word' id='word_1_393' title='bbox 2904 2636 3083 2689; x_wconf 90' lang='lat' dir='ltr'><strong>animi</strong></span> <span class='ocrx_word' id='word_1_394' title='bbox 3116 2636 3175 2689; x_wconf 92' lang='lat' dir='ltr'><strong>in</strong></span> <span class='ocrx_word' id='word_1_395' title='bbox 3205 2652 3271 2689; x_wconf 92' lang='lat' dir='ltr'><strong>eo</strong></span> <span class='ocrx_word' id='word_1_396' title='bbox 3318 2636 3623 2698; x_wconf 79' lang='lat' dir='ltr'><strong>intellexit,</strong></span> <span class='ocrx_word' id='word_1_397' title='bbox 3666 2650 3768 2703; x_wconf 71' lang='lat' dir='ltr'><strong>pra:</strong></span> <span class='ocrx_word' id='word_1_398' title='bbox 3791 2649 3872 2686; x_wconf 71' lang='lat' dir='ltr'><strong>caa-</strong></span> 
     </span>
    </p>
   </div>
   <div class='ocr_carea' id='block_1_57' title="bbox 2227 2720 3874 2793">
    <p class='ocr_par' dir='ltr' id='par_1_57' title="bbox 2227 2720 3874 2793">
     <span class='ocr_line' id='line_1_57' title="bbox 2227 2720 3874 2793; baseline -0.002 -17"><span class='ocrx_word' id='word_1_399' title='bbox 2227 2723 2363 2776; x_wconf 89' lang='lat' dir='ltr'><strong>teris</strong></span> <span class='ocrx_word' id='word_1_400' title='bbox 2408 2725 2654 2777; x_wconf 88' lang='lat' dir='ltr'><strong>multum</strong></span> <span class='ocrx_word' id='word_1_401' title='bbox 2705 2723 2869 2777; x_wconf 93' lang='lat' dir='ltr'><strong>illum</strong></span> <span class='ocrx_word' id='word_1_402' title='bbox 2925 2724 3147 2778; x_wconf 86' lang='lat' dir='ltr'><strong>dilexit.</strong></span> <span class='ocrx_word' id='word_1_403' title='bbox 3196 2724 3378 2793; x_wconf 86' lang='lat' dir='ltr'><strong>Quem</strong></span> <span class='ocrx_word' id='word_1_404' title='bbox 3434 2727 3577 2777; x_wconf 90' lang='lat' dir='ltr'><strong>Deus</strong></span> <span class='ocrx_word' id='word_1_405' title='bbox 3626 2728 3799 2792; x_wconf 89' lang='lat' dir='ltr'><strong>postea</strong></span> <span class='ocrx_word' id='word_1_406' title='bbox 3830 2720 3874 2772; x_wconf 90' lang='lat' dir='ltr'><strong>in</strong></span> 
     </span>
    </p>
   </div>
   <div class='ocr_carea' id='block_1_58' title="bbox 2228 2808 3874 2881">
    <p class='ocr_par' dir='ltr' id='par_1_58' title="bbox 2228 2808 3874 2881">
     <span class='ocr_line' id='line_1_58' title="bbox 2228 2808 3874 2881; baseline -0.002 -18"><span class='ocrx_word' id='word_1_407' title='bbox 2228 2811 2437 2864; x_wconf 88' lang='lat' dir='ltr'><strong>solium</strong></span> <span class='ocrx_word' id='word_1_408' title='bbox 2481 2810 2553 2845; x_wconf 77' lang='grc'><strong>’³⁸</strong></span> <span class='ocrx_word' id='word_1_409' title='bbox 2606 2812 2771 2881; x_wconf 90' lang='lat' dir='ltr'><strong>regni</strong></span> <span class='ocrx_word' id='word_1_410' title='bbox 2804 2812 3119 2865; x_wconf 90' lang='lat' dir='ltr'><strong>clementer</strong></span> <span class='ocrx_word' id='word_1_411' title='bbox 3159 2812 3425 2865; x_wconf 86' lang='lat' dir='ltr'><strong>exaltavit</strong></span> <span class='ocrx_word' id='word_1_412' title='bbox 3479 2809 3564 2865; x_wconf 66' lang='grc' dir='ltr'><strong>ηδ.</strong></span> <span class='ocrx_word' id='word_1_413' title='bbox 3613 2811 3740 2865; x_wconf 88' lang='lat' dir='ltr'><strong>Cum</strong></span> <span class='ocrx_word' id='word_1_414' title='bbox 3781 2808 3874 2878; x_wconf 88' lang='lat' dir='ltr'><strong>epi-</strong></span> 
     </span>
    </p>
   </div>
   <div class='ocr_carea' id='block_1_59' title="bbox 2228 2897 3873 2969">
    <p class='ocr_par' dir='ltr' id='par_1_59' title="bbox 2228 2897 3873 2969">
     <span class='ocr_line' id='line_1_59' title="bbox 2228 2897 3873 2969; baseline -0.002 -18"><span class='ocrx_word' id='word_1_415' title='bbox 2228 2915 2434 2969; x_wconf 90' lang='lat' dir='ltr'><strong>scopus</strong></span> <span class='ocrx_word' id='word_1_416' title='bbox 2483 2897 2552 2935; x_wconf 77' lang='grc'><strong>¹³⁸</strong></span> <span class='ocrx_word' id='word_1_417' title='bbox 2598 2899 2924 2969; x_wconf 90' lang='lat' dir='ltr'><strong>potentium</strong></span> <span class='ocrx_word' id='word_1_418' title='bbox 2956 2899 3173 2953; x_wconf 88' lang='lat' dir='ltr'><strong>viribus</strong></span> <span class='ocrx_word' id='word_1_419' title='bbox 3205 2900 3369 2953; x_wconf 87' lang='lat' dir='ltr'><strong>aliter</strong></span> <span class='ocrx_word' id='word_1_420' title='bbox 3422 2899 3677 2953; x_wconf 88' lang='lat' dir='ltr'><strong>resistere</strong></span> <span class='ocrx_word' id='word_1_421' title='bbox 3705 2898 3873 2966; x_wconf 81' lang='lat' dir='ltr'><strong>despe-</strong></span> 
     </span>
    </p>
   </div>
   <div class='ocr_carea' id='block_1_60' title="bbox 417 2984 3874 3058">
    <p class='ocr_par' dir='ltr' id='par_1_60' title="bbox 417 2984 3874 3058">
     <span class='ocr_line' id='line_1_60' title="bbox 417 2984 3874 3058; baseline -0.001 -18"><span class='ocrx_word' id='word_1_422' title='bbox 417 2987 886 3057; x_wconf 89' lang='lat' dir='ltr'><strong>aggressionibus</strong></span> <span class='ocrx_word' id='word_1_423' title='bbox 937 2988 1247 3057; x_wconf 91' lang='lat' dir='ltr'><strong>petierunt,</strong></span> <span class='ocrx_word' id='word_1_424' title='bbox 1282 2993 1339 3041; x_wconf 90' lang='lat' dir='ltr'><strong>et</strong></span> <span class='ocrx_word' id='word_1_425' title='bbox 1366 2994 1569 3041; x_wconf 89' lang='lat' dir='ltr'><strong>cuncta</strong></span> <span class='ocrx_word' id='word_1_426' title='bbox 1606 3004 1735 3058; x_wconf 67' lang='lat' dir='ltr'><strong>quas</strong></span> <span class='ocrx_word' id='word_1_427' title='bbox 1778 2987 1976 3041; x_wconf 89' lang='lat' dir='ltr'><strong>habuit</strong></span> <span class='ocrx_word' id='word_1_428' title='bbox 2019 3003 2111 3040; x_wconf 89' lang='lat' dir='ltr'><strong>ra-</strong></span> <span class='ocrx_word' id='word_1_429' title='bbox 2148 2984 2189 3038; x_wconf 90' lang='lat' dir='ltr'><strong><em>C</em></strong></span> <span class='ocrx_word' id='word_1_430' title='bbox 2229 2991 2425 3053; x_wconf 91' lang='lat' dir='ltr'><strong>rasset,</strong></span> <span class='ocrx_word' id='word_1_431' title='bbox 2477 2988 2680 3040; x_wconf 91' lang='lat' dir='ltr'><strong>curtim</strong></span> <span class='ocrx_word' id='word_1_432' title='bbox 2734 3003 2897 3041; x_wconf 90' lang='lat' dir='ltr'><strong>suam</strong></span> <span class='ocrx_word' id='word_1_433' title='bbox 2952 3004 3141 3053; x_wconf 85' lang='lat' dir='ltr'><strong>muro,</strong></span> <span class='ocrx_word' id='word_1_434' title='bbox 3189 2988 3479 3042; x_wconf 85' lang='lat' dir='ltr'><strong>civitatem</strong></span> <span class='ocrx_word' id='word_1_435' title='bbox 3529 2986 3599 3024; x_wconf 71' lang='grc'><strong>⁸³³</strong></span> <span class='ocrx_word' id='word_1_436' title='bbox 3634 2986 3697 3040; x_wconf 88' lang='lat' dir='ltr'><strong>ad</strong></span> <span class='ocrx_word' id='word_1_437' title='bbox 3732 2985 3874 3038; x_wconf 85' lang='lat' dir='ltr'><strong>instar</strong></span> 
     </span>
    </p>
   </div>
   <div class='ocr_carea' id='block_1_61' title="bbox 415 3075 2117 3146">
    <p class='ocr_par' dir='ltr' id='par_1_61' title="bbox 415 3075 2117 3146">
     <span class='ocr_line' id='line_1_61' title="bbox 415 3075 2117 3146; baseline 0 -18"><span class='ocrx_word' id='word_1_438' title='bbox 415 3075 640 3145; x_wconf 88' lang='lat' dir='ltr'><strong>pientes</strong></span> <span class='ocrx_word' id='word_1_439' title='bbox 669 3092 860 3129; x_wconf 80' lang='lat' dir='ltr'><strong>secum</strong></span> <span class='ocrx_word' id='word_1_440' title='bbox 891 3081 1347 3146; x_wconf 89' lang='lat' dir='ltr'><strong>asportaverunt,</strong></span> <span class='ocrx_word' id='word_1_441' title='bbox 1376 3076 1565 3145; x_wconf 88' lang='lat' dir='ltr'><strong>ipsum</strong></span> <span class='ocrx_word' id='word_1_442' title='bbox 1596 3092 1698 3129; x_wconf 92' lang='lat' dir='ltr'><strong>seu</strong></span> <span class='ocrx_word' id='word_1_443' title='bbox 1724 3081 2017 3129; x_wconf 89' lang='lat' dir='ltr'><strong>mortuum</strong></span> <span class='ocrx_word' id='word_1_444' title='bbox 2051 3077 2117 3111; x_wconf 85' lang='grc'><strong>¹¹³</strong></span> 
     </span>
    </p>
   </div>
   <div class='ocr_carea' id='block_1_62' title="bbox 416 3163 2114 3234">
    <p class='ocr_par' dir='ltr' id='par_1_62' title="bbox 416 3163 2114 3234">
     <span class='ocr_line' id='line_1_62' title="bbox 416 3163 2114 3234; baseline -0.001 -17"><span class='ocrx_word' id='word_1_445' title='bbox 416 3164 502 3217; x_wconf 85' lang='lat' dir='ltr'><strong>vel</strong></span> <span class='ocrx_word' id='word_1_446' title='bbox 534 3163 872 3218; x_wconf 86' lang='lat' dir='ltr'><strong>semivivum</strong></span> <span class='ocrx_word' id='word_1_447' title='bbox 903 3163 1313 3234; x_wconf 89' lang='lat' dir='ltr'><strong>relinquentes.</strong></span> <span class='ocrx_word' id='word_1_448' title='bbox 1347 3164 1467 3217; x_wconf 89' lang='lat' dir='ltr'><strong>Tali</strong></span> <span class='ocrx_word' id='word_1_449' title='bbox 1499 3180 1656 3234; x_wconf 87' lang='lat' dir='ltr'><strong>pace,</strong></span> <span class='ocrx_word' id='word_1_450' title='bbox 1692 3164 1790 3217; x_wconf 91' lang='lat' dir='ltr'><strong>tali</strong></span> <span class='ocrx_word' id='word_1_451' title='bbox 1838 3166 1928 3200; x_wconf 77' lang='grc'><strong>¹¹³⁶</strong></span> <span class='ocrx_word' id='word_1_452' title='bbox 1955 3180 2114 3216; x_wconf 90' lang='lat' dir='ltr'><strong>secu-</strong></span> 
     </span>
    </p>
   </div>
   <div class='ocr_carea' id='block_1_63' title="bbox 414 3251 2115 3318">
    <p class='ocr_par' dir='ltr' id='par_1_63' title="bbox 414 3251 2115 3318">
     <span class='ocr_line' id='line_1_63' title="bbox 414 3251 2115 3318; baseline 0 -14"><span class='ocrx_word' id='word_1_453' title='bbox 414 3252 603 3318; x_wconf 89' lang='lat' dir='ltr'><strong>ritate,</strong></span> <span class='ocrx_word' id='word_1_454' title='bbox 638 3268 862 3306; x_wconf 89' lang='lat' dir='ltr'><strong>necnon</strong></span> <span class='ocrx_word' id='word_1_455' title='bbox 894 3253 965 3288; x_wconf 78' lang='grc'><strong>¹¹⁸</strong></span> <span class='ocrx_word' id='word_1_456' title='bbox 993 3252 1093 3304; x_wconf 91' lang='lat' dir='ltr'><strong>tali</strong></span> <span class='ocrx_word' id='word_1_457' title='bbox 1137 3251 1457 3304; x_wconf 90' lang='lat' dir='ltr'><strong>munitione</strong></span> <span class='ocrx_word' id='word_1_458' title='bbox 1488 3252 1636 3304; x_wconf 90' lang='lat' dir='ltr'><strong>cives</strong></span> <span class='ocrx_word' id='word_1_459' title='bbox 1666 3251 2115 3305; x_wconf 89' lang='lat' dir='ltr'><strong>Wormacienses</strong></span> 
     </span>
    </p>
   </div>
   <div class='ocr_carea' id='block_1_64' title="bbox 412 3337 2117 3409">
    <p class='ocr_par' dir='ltr' id='par_1_64' title="bbox 412 3337 2117 3409">
     <span class='ocr_line' id='line_1_64' title="bbox 412 3337 2117 3409; baseline 0 -17"><span class='ocrx_word' id='word_1_460' title='bbox 412 3340 526 3393; x_wconf 91' lang='lat' dir='ltr'><strong>illis</strong></span> <span class='ocrx_word' id='word_1_461' title='bbox 556 3339 756 3392; x_wconf 90' lang='lat' dir='ltr'><strong>diebus</strong></span> <span class='ocrx_word' id='word_1_462' title='bbox 779 3340 870 3393; x_wconf 91' lang='lat' dir='ltr'><strong>usi</strong></span> <span class='ocrx_word' id='word_1_463' title='bbox 900 3343 1052 3394; x_wconf 90' lang='lat' dir='ltr'><strong>sunt.</strong></span> <span class='ocrx_word' id='word_1_464' title='bbox 1086 3340 1169 3393; x_wconf 82' lang='lat' dir='ltr'><strong>Ad</strong></span> <span class='ocrx_word' id='word_1_465' title='bbox 1204 3339 1469 3392; x_wconf 89' lang='lat' dir='ltr'><strong>ultimum</strong></span> <span class='ocrx_word' id='word_1_466' title='bbox 1500 3355 1633 3393; x_wconf 88' lang='lat' dir='ltr'><strong>vero</strong></span> <span class='ocrx_word' id='word_1_467' title='bbox 1666 3337 1759 3373; x_wconf 65' lang='lat'><strong>‘1&#39;“</strong></span> <span class='ocrx_word' id='word_1_468' title='bbox 1792 3340 2117 3409; x_wconf 88' lang='lat' dir='ltr'><strong>relinquen-</strong></span> 
     </span>
    </p>
   </div>
   <div class='ocr_carea' id='block_1_65' title="bbox 413 3426 2114 3493">
    <p class='ocr_par' dir='ltr' id='par_1_65' title="bbox 413 3426 2114 3493">
     <span class='ocr_line' id='line_1_65' title="bbox 413 3426 2114 3493; baseline 0 -12"><span class='ocrx_word' id='word_1_469' title='bbox 413 3433 499 3481; x_wconf 90' lang='lat' dir='ltr'><strong>tes</strong></span> <span class='ocrx_word' id='word_1_470' title='bbox 530 3427 816 3481; x_wconf 89' lang='lat' dir='ltr'><strong>civitatem</strong></span> <span class='ocrx_word' id='word_1_471' title='bbox 870 3427 1207 3493; x_wconf 88' lang='lat' dir='ltr'><strong>desolatam,</strong></span> <span class='ocrx_word' id='word_1_472' title='bbox 1240 3432 1395 3480; x_wconf 86' lang='lat' dir='ltr'><strong>extra</strong></span> <span class='ocrx_word' id='word_1_473' title='bbox 1444 3443 1678 3481; x_wconf 90' lang='lat' dir='ltr'><strong>murum</strong></span> <span class='ocrx_word' id='word_1_474' title='bbox 1731 3443 1931 3480; x_wconf 90' lang='lat' dir='ltr'><strong>omnes</strong></span> <span class='ocrx_word' id='word_1_475' title='bbox 1960 3426 2114 3481; x_wconf 90' lang='lat' dir='ltr'><strong>abie-</strong></span> 
     </span>
    </p>
   </div>
   <div class='ocr_carea' id='block_1_66' title="bbox 414 3514 2117 3586">
    <p class='ocr_par' dir='ltr' id='par_1_66' title="bbox 414 3514 2117 3586">
     <span class='ocr_line' id='line_1_66' title="bbox 414 3514 2117 3586; baseline -0.001 -17"><span class='ocrx_word' id='word_1_476' title='bbox 414 3521 572 3580; x_wconf 88' lang='lat' dir='ltr'><strong>runt,</strong></span> <span class='ocrx_word' id='word_1_477' title='bbox 605 3514 799 3586; x_wconf 90' lang='lat' dir='ltr'><strong>ibique</strong></span> <span class='ocrx_word' id='word_1_478' title='bbox 848 3514 1053 3568; x_wconf 92' lang='lat' dir='ltr'><strong>domus</strong></span> <span class='ocrx_word' id='word_1_479' title='bbox 1104 3515 1175 3549; x_wconf 54' lang='lat'>“5</span> <span class='ocrx_word' id='word_1_480' title='bbox 1213 3518 1269 3568; x_wconf 89' lang='lat' dir='ltr'><strong>et</strong></span> <span class='ocrx_word' id='word_1_481' title='bbox 1311 3514 1553 3568; x_wconf 74' lang='lat' dir='ltr'><strong>aediﬁcia</strong></span> <span class='ocrx_word' id='word_1_482' title='bbox 1584 3514 1655 3569; x_wconf 91' lang='lat' dir='ltr'><strong>ad</strong></span> <span class='ocrx_word' id='word_1_483' title='bbox 1697 3531 1827 3568; x_wconf 90' lang='lat' dir='ltr'><strong>suos</strong></span> <span class='ocrx_word' id='word_1_484' title='bbox 1857 3530 1993 3569; x_wconf 90' lang='lat' dir='ltr'><strong>usus</strong></span> <span class='ocrx_word' id='word_1_485' title='bbox 2022 3531 2117 3568; x_wconf 90' lang='lat' dir='ltr'><strong>ne-</strong></span> 
     </span>
    </p>
   </div>
   <div class='ocr_carea' id='block_1_67' title="bbox 413 3601 2115 3674">
    <p class='ocr_par' dir='ltr' id='par_1_67' title="bbox 413 3601 2115 3674">
     <span class='ocr_line' id='line_1_67' title="bbox 413 3601 2115 3674; baseline -0.001 -16"><span class='ocrx_word' id='word_1_486' title='bbox 413 3601 659 3658; x_wconf 83' lang='lat' dir='ltr'><strong>cessaria</strong></span> <span class='ocrx_word' id='word_1_487' title='bbox 701 3602 1103 3669; x_wconf 90' lang='lat' dir='ltr'><strong>condiderunt,</strong></span> <span class='ocrx_word' id='word_1_488' title='bbox 1130 3606 1187 3656; x_wconf 91' lang='lat' dir='ltr'><strong>et</strong></span> <span class='ocrx_word' id='word_1_489' title='bbox 1225 3603 1453 3672; x_wconf 88' lang='lat' dir='ltr'><strong>sepibus</strong></span> <span class='ocrx_word' id='word_1_490' title='bbox 1481 3619 1544 3656; x_wconf 91' lang='lat' dir='ltr'><strong>ac</strong></span> <span class='ocrx_word' id='word_1_491' title='bbox 1588 3602 1843 3657; x_wconf 90' lang='lat' dir='ltr'><strong>trabibus</strong></span> <span class='ocrx_word' id='word_1_492' title='bbox 1876 3604 2115 3674; x_wconf 89' lang='lat' dir='ltr'><strong>aliisque</strong></span> 
     </span>
    </p>
   </div>
   <div class='ocr_carea' id='block_1_68' title="bbox 411 3690 2115 3762">
    <p class='ocr_par' dir='ltr' id='par_1_68' title="bbox 411 3690 2115 3762">
     <span class='ocr_line' id='line_1_68' title="bbox 411 3690 2115 3762; baseline -0.001 -17"><span class='ocrx_word' id='word_1_493' title='bbox 411 3691 585 3762; x_wconf 89' lang='lat' dir='ltr'><strong>lignis</strong></span> <span class='ocrx_word' id='word_1_494' title='bbox 614 3695 809 3744; x_wconf 89' lang='lat' dir='ltr'><strong>contra</strong></span> <span class='ocrx_word' id='word_1_495' title='bbox 866 3694 1126 3760; x_wconf 89' lang='lat' dir='ltr'><strong>raptores</strong></span> <span class='ocrx_word' id='word_1_496' title='bbox 1179 3694 1236 3744; x_wconf 90' lang='lat' dir='ltr'><strong>et</strong></span> <span class='ocrx_word' id='word_1_497' title='bbox 1264 3690 1433 3756; x_wconf 91' lang='lat' dir='ltr'><strong>feras,</strong></span> <span class='ocrx_word' id='word_1_498' title='bbox 1480 3690 1540 3743; x_wconf 91' lang='lat' dir='ltr'><strong>in</strong></span> <span class='ocrx_word' id='word_1_499' title='bbox 1582 3695 1865 3761; x_wconf 86' lang='lat' dir='ltr'><strong>quantum</strong></span> <span class='ocrx_word' id='word_1_500' title='bbox 1908 3694 2115 3759; x_wconf 86' lang='lat' dir='ltr'><strong>potue-</strong></span> 
     </span>
    </p>
   </div>
   <div class='ocr_carea' id='block_1_69' title="bbox 412 3776 2116 3849">
    <p class='ocr_par' dir='ltr' id='par_1_69' title="bbox 412 3776 2116 3849">
     <span class='ocr_line' id='line_1_69' title="bbox 412 3776 2116 3849; baseline -0.001 -16"><span class='ocrx_word' id='word_1_501' title='bbox 412 3784 568 3846; x_wconf 91' lang='lat' dir='ltr'><strong>runt,</strong></span> <span class='ocrx_word' id='word_1_502' title='bbox 620 3795 678 3833; x_wconf 88' lang='lat' dir='ltr'><strong>se</strong></span> <span class='ocrx_word' id='word_1_503' title='bbox 735 3795 984 3849; x_wconf 91' lang='lat' dir='ltr'><strong>suosque</strong></span> <span class='ocrx_word' id='word_1_504' title='bbox 1034 3779 1388 3832; x_wconf 90' lang='lat' dir='ltr'><strong>munierunt.</strong></span> <span class='ocrx_word' id='word_1_505' title='bbox 1456 3778 1641 3847; x_wconf 87' lang='lat' dir='ltr'><strong>Igitur</strong></span> <span class='ocrx_word' id='word_1_506' title='bbox 1693 3776 1763 3814; x_wconf 80' lang='grc'>¹¹⁶</span> <span class='ocrx_word' id='word_1_507' title='bbox 1816 3778 2116 3849; x_wconf 90' lang='lat' dir='ltr'><strong>episcopus</strong></span> 
     </span>
    </p>
   </div>
   <div class='ocr_carea' id='block_1_70' title="bbox 414 3864 2116 3933">
    <p class='ocr_par' dir='ltr' id='par_1_70' title="bbox 414 3864 2116 3933">
     <span class='ocr_line' id='line_1_70' title="bbox 414 3864 2116 3933; baseline -0.002 -12"><span class='ocrx_word' id='word_1_508' title='bbox 414 3867 773 3921; x_wconf 89' lang='lat' dir='ltr'><strong>Burchardus</strong></span> <span class='ocrx_word' id='word_1_509' title='bbox 804 3868 1002 3921; x_wconf 89' lang='lat' dir='ltr'><strong>videns</strong></span> <span class='ocrx_word' id='word_1_510' title='bbox 1044 3867 1357 3921; x_wconf 87' lang='lat' dir='ltr'><strong>desolatam</strong></span> <span class='ocrx_word' id='word_1_511' title='bbox 1389 3866 1700 3933; x_wconf 87' lang='lat' dir='ltr'><strong>civitatem,</strong></span> <span class='ocrx_word' id='word_1_512' title='bbox 1732 3867 1980 3919; x_wconf 87' lang='lat' dir='ltr'><strong>multum</strong></span> <span class='ocrx_word' id='word_1_513' title='bbox 2012 3864 2116 3919; x_wconf 93' lang='lat' dir='ltr'><strong>do-</strong></span> 
     </span>
    </p>
   </div>
   <div class='ocr_carea' id='block_1_71' title="bbox 410 3952 2115 4026">
    <p class='ocr_par' dir='ltr' id='par_1_71' title="bbox 410 3952 2115 4026">
     <span class='ocr_line' id='line_1_71' title="bbox 410 3952 2115 4026; baseline -0.002 -15"><span class='ocrx_word' id='word_1_514' title='bbox 410 3957 538 4021; x_wconf 90' lang='lat' dir='ltr'><strong>luit,</strong></span> <span class='ocrx_word' id='word_1_515' title='bbox 595 3960 942 4026; x_wconf 90' lang='lat' dir='ltr'><strong>acceptoque</strong></span> <span class='ocrx_word' id='word_1_516' title='bbox 1005 3970 1038 4007; x_wconf 94' lang='lat' dir='ltr'><strong>a</strong></span> <span class='ocrx_word' id='word_1_517' title='bbox 1093 3955 1210 4008; x_wconf 89' lang='lat' dir='ltr'><strong>suis</strong></span> <span class='ocrx_word' id='word_1_518' title='bbox 1267 3954 1524 4020; x_wconf 92' lang='lat' dir='ltr'><strong>consilio,</strong></span> <span class='ocrx_word' id='word_1_519' title='bbox 1583 3953 1732 4007; x_wconf 86' lang='lat' dir='ltr'><strong>vallo</strong></span> <span class='ocrx_word' id='word_1_520' title='bbox 1787 3952 2115 4007; x_wconf 90' lang='lat' dir='ltr'><strong>ﬁrmissimo</strong></span> 
     </span>
    </p>
   </div>
   <div class='ocr_carea' id='block_1_72' title="bbox 410 4039 2110 4111">
    <p class='ocr_par' dir='ltr' id='par_1_72' title="bbox 410 4039 2110 4111">
     <span class='ocr_line' id='line_1_72' title="bbox 410 4039 2110 4111; baseline -0.002 -15"><span class='ocrx_word' id='word_1_521' title='bbox 410 4043 783 4097; x_wconf 90' lang='lat' dir='ltr'><strong>circumdedit</strong></span> <span class='ocrx_word' id='word_1_522' title='bbox 816 4042 1124 4096; x_wconf 90' lang='lat' dir='ltr'><strong>civitatem.</strong></span> <span class='ocrx_word' id='word_1_523' title='bbox 1166 4041 1429 4111; x_wconf 89' lang='lat' dir='ltr'><strong>Undique</strong></span> <span class='ocrx_word' id='word_1_524' title='bbox 1459 4039 1830 4095; x_wconf 70' lang='lat' dir='ltr'><strong>reaadiﬁcavit</strong></span> <span class='ocrx_word' id='word_1_525' title='bbox 1859 4055 2110 4107; x_wconf 89' lang='lat' dir='ltr'><strong>murum,</strong></span> 
     </span>
    </p>
   </div>
   <div class='ocr_carea' id='block_1_73' title="bbox 412 4125 2110 4184">
    <p class='ocr_par' dir='ltr' id='par_1_73' title="bbox 412 4125 2110 4184">
     <span class='ocr_line' id='line_1_73' title="bbox 412 4125 2110 4184; baseline -0.002 0"><span class='ocrx_word' id='word_1_526' title='bbox 412 4136 466 4184; x_wconf 91' lang='lat' dir='ltr'><strong>et</strong></span> <span class='ocrx_word' id='word_1_527' title='bbox 495 4131 646 4184; x_wconf 91' lang='lat' dir='ltr'><strong>cives</strong></span> <span class='ocrx_word' id='word_1_528' title='bbox 693 4130 844 4184; x_wconf 92' lang='lat' dir='ltr'><strong>intra</strong></span> <span class='ocrx_word' id='word_1_529' title='bbox 889 4144 1120 4183; x_wconf 88' lang='lat' dir='ltr'><strong>murum</strong></span> <span class='ocrx_word' id='word_1_530' title='bbox 1159 4128 1443 4183; x_wconf 69' lang='lat' dir='ltr'><strong>aediﬁcare</strong></span> <span class='ocrx_word' id='word_1_531' title='bbox 1491 4142 1718 4183; x_wconf 89' lang='lat' dir='ltr'><strong>necnon</strong></span> <span class='ocrx_word' id='word_1_532' title='bbox 1759 4125 1827 4162; x_wconf 80' lang='lat'><strong>“7</strong></span> <span class='ocrx_word' id='word_1_533' title='bbox 1858 4132 1916 4181; x_wconf 90' lang='lat' dir='ltr'><strong>et</strong></span> <span class='ocrx_word' id='word_1_534' title='bbox 1948 4128 2110 4181; x_wconf 89' lang='lat' dir='ltr'><strong>habi-</strong></span> 
     </span>
    </p>
   </div>
   <div class='ocr_carea' id='block_1_74' title="bbox 2227 3072 3870 3141">
    <p class='ocr_par' dir='ltr' id='par_1_74' title="bbox 2227 3072 3870 3141">
     <span class='ocr_line' id='line_1_74' title="bbox 2227 3072 3870 3141; baseline -0.002 -13"><span class='ocrx_word' id='word_1_535' title='bbox 2227 3076 2442 3129; x_wconf 89' lang='lat' dir='ltr'><strong>castelli</strong></span> <span class='ocrx_word' id='word_1_536' title='bbox 2494 3075 2889 3141; x_wconf 88' lang='lat' dir='ltr'><strong>circumdedit,</strong></span> <span class='ocrx_word' id='word_1_537' title='bbox 2938 3081 2996 3130; x_wconf 90' lang='lat' dir='ltr'><strong>et</strong></span> <span class='ocrx_word' id='word_1_538' title='bbox 3048 3076 3310 3136; x_wconf 87' lang='lat' dir='ltr'><strong>interius,</strong></span> <span class='ocrx_word' id='word_1_539' title='bbox 3361 3076 3616 3130; x_wconf 89' lang='lat' dir='ltr'><strong>turribus</strong></span> <span class='ocrx_word' id='word_1_540' title='bbox 3651 3080 3701 3129; x_wconf 91' lang='lat' dir='ltr'><strong>et</strong></span> <span class='ocrx_word' id='word_1_541' title='bbox 3745 3072 3870 3126; x_wconf 88' lang='lat' dir='ltr'><strong>habi-</strong></span> 
     </span>
    </p>
   </div>
   <div class='ocr_carea' id='block_1_75' title="bbox 2227 3160 3869 3235">
    <p class='ocr_par' dir='ltr' id='par_1_75' title="bbox 2227 3160 3869 3235">
     <span class='ocr_line' id='line_1_75' title="bbox 2227 3160 3869 3235; baseline -0.003 -18"><span class='ocrx_word' id='word_1_542' title='bbox 2227 3164 2428 3218; x_wconf 90' lang='lat' dir='ltr'><strong>taculis</strong></span> <span class='ocrx_word' id='word_1_543' title='bbox 2459 3165 2527 3218; x_wconf 93' lang='lat' dir='ltr'><strong>ad</strong></span> <span class='ocrx_word' id='word_1_544' title='bbox 2560 3165 2939 3235; x_wconf 86' lang='lat' dir='ltr'><strong>pugnandum</strong></span> <span class='ocrx_word' id='word_1_545' title='bbox 2970 3164 3194 3219; x_wconf 90' lang='lat' dir='ltr'><strong>idoneis</strong></span> <span class='ocrx_word' id='word_1_546' title='bbox 3224 3181 3336 3219; x_wconf 90' lang='lat' dir='ltr'><strong>non</strong></span> <span class='ocrx_word' id='word_1_547' title='bbox 3368 3165 3617 3235; x_wconf 88' lang='lat' dir='ltr'><strong>segniter</strong></span> <span class='ocrx_word' id='word_1_548' title='bbox 3642 3160 3869 3223; x_wconf 82' lang='lat' dir='ltr'><strong>excitatis,</strong></span> 
     </span>
    </p>
   </div>
   <div class='ocr_carea' id='block_1_76' title="bbox 2225 3252 3870 3319">
    <p class='ocr_par' dir='ltr' id='par_1_76' title="bbox 2225 3252 3870 3319">
     <span class='ocr_line' id='line_1_76' title="bbox 2225 3252 3870 3319; baseline -0.004 -13"><span class='ocrx_word' id='word_1_549' title='bbox 2225 3252 2617 3306; x_wconf 86' lang='lat' dir='ltr'><strong>munitionem</strong></span> <span class='ocrx_word' id='word_1_550' title='bbox 2645 3253 2779 3307; x_wconf 84' lang='lat' dir='ltr'><strong>satis</strong></span> <span class='ocrx_word' id='word_1_551' title='bbox 2804 3252 3032 3306; x_wconf 89' lang='lat' dir='ltr'><strong>ﬁrmam</strong></span> <span class='ocrx_word' id='word_1_552' title='bbox 3061 3253 3397 3307; x_wconf 85' lang='lat' dir='ltr'><strong>construxit.</strong></span> <span class='ocrx_word' id='word_1_553' title='bbox 3448 3252 3679 3307; x_wconf 89' lang='lat' dir='ltr'><strong>Castello</strong></span> <span class='ocrx_word' id='word_1_554' title='bbox 3717 3253 3870 3319; x_wconf 85' lang='lat' dir='ltr'><strong>itaque</strong></span> 
     </span>
    </p>
   </div>
   <div class='ocr_carea' id='block_1_77' title="bbox 2225 3336 3873 3408">
    <p class='ocr_par' dir='ltr' id='par_1_77' title="bbox 2225 3336 3873 3408">
     <span class='ocr_line' id='line_1_77' title="bbox 2225 3336 3873 3408; baseline -0.004 -14"><span class='ocrx_word' id='word_1_555' title='bbox 2225 3340 2559 3395; x_wconf 89' lang='lat' dir='ltr'><strong>conﬁrmato</strong></span> <span class='ocrx_word' id='word_1_556' title='bbox 2610 3340 2677 3377; x_wconf 73' lang='grc'><strong>⁸³⁵</strong></span> <span class='ocrx_word' id='word_1_557' title='bbox 2717 3345 2775 3395; x_wconf 91' lang='lat' dir='ltr'><strong>et</strong></span> <span class='ocrx_word' id='word_1_558' title='bbox 2818 3345 3161 3408; x_wconf 90' lang='lat' dir='ltr'><strong>constructo,</strong></span> <span class='ocrx_word' id='word_1_559' title='bbox 3217 3341 3584 3395; x_wconf 88' lang='lat' dir='ltr'><strong>inimicorum</strong></span> <span class='ocrx_word' id='word_1_560' title='bbox 3638 3336 3700 3373; x_wconf 83' lang='grc'><strong>¹³⁷</strong></span> <span class='ocrx_word' id='word_1_561' title='bbox 3738 3336 3873 3390; x_wconf 83' lang='lat' dir='ltr'><strong>auda-</strong></span> 
     </span>
    </p>
   </div>
   <div class='ocr_carea' id='block_1_78' title="bbox 2225 3422 3870 3498">
    <p class='ocr_par' dir='ltr' id='par_1_78' title="bbox 2225 3422 3870 3498">
     <span class='ocr_line' id='line_1_78' title="bbox 2225 3422 3870 3498; baseline -0.004 -17"><span class='ocrx_word' id='word_1_562' title='bbox 2225 3429 2382 3481; x_wconf 92' lang='lat' dir='ltr'><strong>cibus</strong></span> <span class='ocrx_word' id='word_1_563' title='bbox 2414 3429 2575 3483; x_wconf 90' lang='lat' dir='ltr'><strong>factis</strong></span> <span class='ocrx_word' id='word_1_564' title='bbox 2617 3426 2687 3465; x_wconf 76' lang='grc' dir='ltr'><strong>¹δ⁸</strong></span> <span class='ocrx_word' id='word_1_565' title='bbox 2711 3429 2938 3483; x_wconf 87' lang='lat' dir='ltr'><strong>fortiter</strong></span> <span class='ocrx_word' id='word_1_566' title='bbox 2966 3429 3265 3483; x_wconf 87' lang='lat' dir='ltr'><strong>resistebat</strong></span> <span class='ocrx_word' id='word_1_567' title='bbox 3296 3433 3351 3483; x_wconf 92' lang='lat' dir='ltr'><strong>et</strong></span> <span class='ocrx_word' id='word_1_568' title='bbox 3383 3445 3548 3498; x_wconf 91' lang='lat' dir='ltr'><strong>spem</strong></span> <span class='ocrx_word' id='word_1_569' title='bbox 3577 3427 3687 3482; x_wconf 89' lang='lat' dir='ltr'><strong>suis</strong></span> <span class='ocrx_word' id='word_1_570' title='bbox 3712 3422 3771 3459; x_wconf 74' lang='lat'><strong>&quot;9</strong></span> <span class='ocrx_word' id='word_1_571' title='bbox 3794 3439 3870 3476; x_wconf 86' lang='lat' dir='ltr'><strong>au-</strong></span> 
     </span>
    </p>
   </div>
   <div class='ocr_carea' id='block_1_79' title="bbox 2226 3512 3872 3588">
    <p class='ocr_par' dir='ltr' id='par_1_79' title="bbox 2226 3512 3872 3588">
     <span class='ocr_line' id='line_1_79' title="bbox 2226 3512 3872 3588; baseline -0.006 -18"><span class='ocrx_word' id='word_1_572' title='bbox 2226 3518 2437 3586; x_wconf 88' lang='lat' dir='ltr'><strong>gebat;</strong></span> <span class='ocrx_word' id='word_1_573' title='bbox 2487 3517 2831 3588; x_wconf 90' lang='lat' dir='ltr'><strong>plerumque</strong></span> <span class='ocrx_word' id='word_1_574' title='bbox 2888 3516 3063 3570; x_wconf 88' lang='lat' dir='ltr'><strong>etiam</strong></span> <span class='ocrx_word' id='word_1_575' title='bbox 3112 3517 3267 3588; x_wconf 91' lang='lat' dir='ltr'><strong>ipsos</strong></span> <span class='ocrx_word' id='word_1_576' title='bbox 3314 3514 3386 3554; x_wconf 78' lang='grc'><strong>¹⁸⁰</strong></span> <span class='ocrx_word' id='word_1_577' title='bbox 3430 3517 3623 3571; x_wconf 87' lang='lat' dir='ltr'><strong>hostes</strong></span> <span class='ocrx_word' id='word_1_578' title='bbox 3670 3512 3872 3567; x_wconf 85' lang='lat' dir='ltr'><strong>dictiset</strong></span> 
     </span>
    </p>
   </div>
   <div class='ocr_carea' id='block_1_80' title="bbox 2223 3604 3043 3674">
    <p class='ocr_par' dir='ltr' id='par_1_80' title="bbox 2223 3604 3043 3674">
     <span class='ocr_line' id='line_1_80' title="bbox 2223 3604 3043 3674; baseline 0 -16"><span class='ocrx_word' id='word_1_579' title='bbox 2223 3604 2387 3658; x_wconf 85' lang='lat' dir='ltr'><strong>factis</strong></span> <span class='ocrx_word' id='word_1_580' title='bbox 2421 3604 2745 3674; x_wconf 88' lang='lat' dir='ltr'><strong>intrepidus</strong></span> <span class='ocrx_word' id='word_1_581' title='bbox 2774 3605 3043 3659; x_wconf 91' lang='lat' dir='ltr'><strong>terrebat.</strong></span> 
     </span>
    </p>
   </div>
   <div class='ocr_carea' id='block_1_81' title="bbox 2295 3685 3869 3761">
    <p class='ocr_par' dir='ltr' id='par_1_81' title="bbox 2295 3685 3869 3761">
     <span class='ocr_line' id='line_1_81' title="bbox 2295 3685 3869 3761; baseline -0.006 -15"><span class='ocrx_word' id='word_1_582' title='bbox 2295 3695 2347 3746; x_wconf 92' lang='lat'><strong>8.</strong></span> <span class='ocrx_word' id='word_1_583' title='bbox 2383 3694 2585 3748; x_wconf 90' lang='lat' dir='ltr'><strong>Postea</strong></span> <span class='ocrx_word' id='word_1_584' title='bbox 2632 3708 2767 3747; x_wconf 89' lang='lat' dir='ltr'><strong>vero</strong></span> <span class='ocrx_word' id='word_1_585' title='bbox 2800 3692 2868 3729; x_wconf 77' lang='grc'><strong>¹⁸¹</strong></span> <span class='ocrx_word' id='word_1_586' title='bbox 2910 3692 3127 3746; x_wconf 87' lang='lat' dir='ltr'><strong>sedatis</strong></span> <span class='ocrx_word' id='word_1_587' title='bbox 3173 3691 3555 3747; x_wconf 87' lang='lat' dir='ltr'><strong>seditionibus</strong></span> <span class='ocrx_word' id='word_1_588' title='bbox 3582 3695 3634 3745; x_wconf 90' lang='lat' dir='ltr'><strong>et</strong></span> <span class='ocrx_word' id='word_1_589' title='bbox 3660 3703 3781 3761; x_wconf 90' lang='lat' dir='ltr'><strong>pace</strong></span> <span class='ocrx_word' id='word_1_590' title='bbox 3803 3685 3869 3738; x_wconf 86' lang='lat' dir='ltr'><strong>in-</strong></span> 
     </span>
    </p>
   </div>
   <div class='ocr_carea' id='block_1_82' title="bbox 2225 3779 3869 3852">
    <p class='ocr_par' dir='ltr' id='par_1_82' title="bbox 2225 3779 3869 3852">
     <span class='ocr_line' id='line_1_82' title="bbox 2225 3779 3869 3852; baseline -0.003 -17"><span class='ocrx_word' id='word_1_591' title='bbox 2225 3786 2312 3835; x_wconf 89' lang='lat' dir='ltr'><strong>ter</strong></span> <span class='ocrx_word' id='word_1_592' title='bbox 2340 3781 2468 3834; x_wconf 91' lang='lat' dir='ltr'><strong>illos</strong></span> <span class='ocrx_word' id='word_1_593' title='bbox 2512 3780 2601 3833; x_wconf 89' lang='lat' dir='ltr'><strong>vix</strong></span> <span class='ocrx_word' id='word_1_594' title='bbox 2632 3781 2859 3835; x_wconf 88' lang='lat' dir='ltr'><strong>ﬁrmata</strong></span> <span class='ocrx_word' id='word_1_595' title='bbox 2908 3780 2998 3847; x_wconf 81' lang='grc'><strong>¹⁴²,</strong></span> <span class='ocrx_word' id='word_1_596' title='bbox 3029 3782 3195 3851; x_wconf 90' lang='lat' dir='ltr'><strong>jussu</strong></span> <span class='ocrx_word' id='word_1_597' title='bbox 3227 3781 3586 3852; x_wconf 88' lang='lat' dir='ltr'><strong>imperatoris</strong></span> <span class='ocrx_word' id='word_1_598' title='bbox 3623 3779 3869 3849; x_wconf 79' lang='lat' dir='ltr'><strong>episcopus</strong></span> 
     </span>
    </p>
   </div>
   <div class='ocr_carea' id='block_1_83' title="bbox 2224 3860 3870 3940">
    <p class='ocr_par' dir='ltr' id='par_1_83' title="bbox 2224 3860 3870 3940">
     <span class='ocr_line' id='line_1_83' title="bbox 2224 3860 3870 3940; baseline -0.004 -19"><span class='ocrx_word' id='word_1_599' title='bbox 2224 3884 2353 3922; x_wconf 91' lang='lat' dir='ltr'><strong>cum</strong></span> <span class='ocrx_word' id='word_1_600' title='bbox 2415 3875 2696 3939; x_wconf 89' lang='lat' dir='ltr'><strong>apparatu</strong></span> <span class='ocrx_word' id='word_1_601' title='bbox 2740 3885 2951 3940; x_wconf 90' lang='lat' dir='ltr'><strong>magno</strong></span> <span class='ocrx_word' id='word_1_602' title='bbox 3006 3874 3061 3923; x_wconf 90' lang='lat' dir='ltr'><strong>et</strong></span> <span class='ocrx_word' id='word_1_603' title='bbox 3097 3870 3303 3923; x_wconf 91' lang='lat' dir='ltr'><strong>milites</strong></span> <span class='ocrx_word' id='word_1_604' title='bbox 3361 3860 3870 3940; x_wconf 67' lang='lat' dir='ltr'><strong>Moguntinenses‘&quot;</strong></span> 
     </span>
    </p>
   </div>
   <div class='ocr_carea' id='block_1_84' title="bbox 2225 3953 3865 4028">
    <p class='ocr_par' dir='ltr' id='par_1_84' title="bbox 2225 3953 3865 4028">
     <span class='ocr_line' id='line_1_84' title="bbox 2225 3953 3865 4028; baseline -0.004 -19"><span class='ocrx_word' id='word_1_605' title='bbox 2225 3972 2447 4010; x_wconf 87' lang='lat' dir='ltr'><strong>necnon</strong></span> <span class='ocrx_word' id='word_1_606' title='bbox 2476 3961 2532 4010; x_wconf 92' lang='lat' dir='ltr'><strong>et</strong></span> <span class='ocrx_word' id='word_1_607' title='bbox 2560 3957 2737 4011; x_wconf 88' lang='lat' dir='ltr'><strong>abbas</strong></span> <span class='ocrx_word' id='word_1_608' title='bbox 2768 3957 3064 4011; x_wconf 89' lang='lat' dir='ltr'><strong>Fuldensis</strong></span> <span class='ocrx_word' id='word_1_609' title='bbox 3092 3963 3264 4028; x_wconf 91' lang='lat' dir='ltr'><strong>atque</strong></span> <span class='ocrx_word' id='word_1_610' title='bbox 3299 3955 3366 3993; x_wconf 73' lang='grc'><strong>¹⁸⁴</strong></span> <span class='ocrx_word' id='word_1_611' title='bbox 3395 3958 3688 4027; x_wconf 89' lang='lat' dir='ltr'><strong>episcopus</strong></span> <span class='ocrx_word' id='word_1_612' title='bbox 3712 3953 3865 4006; x_wconf 82' lang='lat' dir='ltr'><strong>Wirtz-</strong></span> 
     </span>
    </p>
   </div>
   <div class='ocr_carea' id='block_1_85' title="bbox 2222 4040 3867 4114">
    <p class='ocr_par' dir='ltr' id='par_1_85' title="bbox 2222 4040 3867 4114">
     <span class='ocr_line' id='line_1_85' title="bbox 2222 4040 3867 4114; baseline -0.005 -16"><span class='ocrx_word' id='word_1_613' title='bbox 2222 4043 2522 4114; x_wconf 90' lang='lat' dir='ltr'><strong>burgensis</strong></span> <span class='ocrx_word' id='word_1_614' title='bbox 2568 4059 2699 4098; x_wconf 92' lang='lat' dir='ltr'><strong>cum</strong></span> <span class='ocrx_word' id='word_1_615' title='bbox 2746 4060 2865 4100; x_wconf 90' lang='lat' dir='ltr'><strong>non</strong></span> <span class='ocrx_word' id='word_1_616' title='bbox 2922 4045 3148 4099; x_wconf 90' lang='lat' dir='ltr'><strong>modica</strong></span> <span class='ocrx_word' id='word_1_617' title='bbox 3192 4044 3562 4099; x_wconf 88' lang='lat' dir='ltr'><strong>multitudine</strong></span> <span class='ocrx_word' id='word_1_618' title='bbox 3599 4044 3656 4097; x_wconf 91' lang='lat' dir='ltr'><strong>in</strong></span> <span class='ocrx_word' id='word_1_619' title='bbox 3693 4040 3867 4096; x_wconf 83' lang='lat' dir='ltr'><strong>Italiam</strong></span> 
     </span>
    </p>
   </div>
   <div class='ocr_carea' id='block_1_86' title="bbox 2223 4127 3867 4204">
    <p class='ocr_par' dir='ltr' id='par_1_86' title="bbox 2223 4127 3867 4204">
     <span class='ocr_line' id='line_1_86' title="bbox 2223 4127 3867 4204; baseline -0.005 -19"><span class='ocrx_word' id='word_1_620' title='bbox 2223 4132 2463 4203; x_wconf 84' lang='lat' dir='ltr'><strong>profecti</strong></span> <span class='ocrx_word' id='word_1_621' title='bbox 2519 4137 2652 4186; x_wconf 90' lang='lat' dir='ltr'><strong>sunt</strong></span> <span class='ocrx_word' id='word_1_622' title='bbox 2698 4131 2812 4201; x_wconf 87' lang='lat' dir='ltr'><strong>(an.</strong></span> <span class='ocrx_word' id='word_1_623' title='bbox 2868 4133 3045 4199; x_wconf 90' lang='grc'>1001).</span> <span class='ocrx_word' id='word_1_624' title='bbox 3101 4133 3359 4204; x_wconf 86' lang='lat' dir='ltr'><strong>Cumque</strong></span> <span class='ocrx_word' id='word_1_625' title='bbox 3408 4133 3659 4187; x_wconf 88' lang='lat' dir='ltr'><strong>maximo</strong></span> <span class='ocrx_word' id='word_1_626' title='bbox 3703 4127 3867 4183; x_wconf 85' lang='lat' dir='ltr'><strong>sudore</strong></span> 
     </span>
    </p>
   </div>
   <div class='ocr_carea' id='block_1_87' title="bbox 1835 4283 2498 4341">
    <p class='ocr_par' dir='ltr' id='par_1_87' title="bbox 1835 4283 2498 4341">
     <span class='ocr_line' id='line_1_87' title="bbox 1835 4283 2498 4341; baseline 0.006 -6"><span class='ocrx_word' id='word_1_627' title='bbox 1835 4284 1917 4337; x_wconf 79' lang='lat' dir='ltr'><strong>VA</strong></span> <span class='ocrx_word' id='word_1_628' title='bbox 1927 4283 2062 4337; x_wconf 71' lang='lat' dir='ltr'><strong>RI/E</strong></span> <span class='ocrx_word' id='word_1_629' title='bbox 2102 4284 2397 4341; x_wconf 86' lang='lat' dir='ltr'><strong>LECTION</strong></span> <span class='ocrx_word' id='word_1_630' title='bbox 2407 4286 2498 4341; x_wconf 87' lang='lat' dir='ltr'><strong>ES.</strong></span> 
     </span>
    </p>
   </div>
   <div class='ocr_carea' id='block_1_88' title="bbox 483 4388 1565 4457">
    <p class='ocr_par' dir='ltr' id='par_1_88' title="bbox 483 4388 1565 4457">
     <span class='ocr_line' id='line_1_88' title="bbox 483 4388 1565 4457; baseline -0.005 -10"><span class='ocrx_word' id='word_1_631' title='bbox 483 4391 554 4427; x_wconf 77' lang='grc'><strong>⁸0³</strong></span> <span class='ocrx_word' id='word_1_632' title='bbox 610 4394 754 4447; x_wconf 85' lang='lat' dir='ltr'><strong>deest</strong></span> <span class='ocrx_word' id='word_1_633' title='bbox 810 4396 863 4445; x_wconf 93' lang='lat'><strong>2.</strong></span> <span class='ocrx_word' id='word_1_634' title='bbox 980 4388 1051 4426; x_wconf 66' lang='grc'><strong>¹⁰²⁶</strong></span> <span class='ocrx_word' id='word_1_635' title='bbox 1108 4391 1145 4444; x_wconf 90' lang='lat' dir='ltr'><strong>i.</strong></span> <span class='ocrx_word' id='word_1_636' title='bbox 1208 4395 1347 4444; x_wconf 73' lang='lat' dir='ltr'><strong>aetas</strong></span> <span class='ocrx_word' id='word_1_637' title='bbox 1412 4388 1479 4457; x_wconf 74' lang='lat'><strong>(‘?)</strong></span> <span class='ocrx_word' id='word_1_638' title='bbox 1532 4394 1565 4443; x_wconf 98' lang='lat'><strong>2</strong></span> 
     </span>
    </p>
   </div>
   <div class='ocr_carea' id='block_1_89' title="bbox 1714 4388 2753 4448">
    <p class='ocr_par' dir='ltr' id='par_1_89' title="bbox 1714 4388 2753 4448">
     <span class='ocr_line' id='line_1_89' title="bbox 1714 4388 2753 4448; baseline 0.003 -5"><span class='ocrx_word' id='word_1_639' title='bbox 1714 4388 1786 4423; x_wconf 72' lang='grc'><strong>⁸0⁵</strong></span> <span class='ocrx_word' id='word_1_640' title='bbox 1844 4408 1892 4444; x_wconf 93' lang='lat' dir='ltr'><strong>c.</strong></span> <span class='ocrx_word' id='word_1_641' title='bbox 1954 4392 2187 4446; x_wconf 89' lang='lat' dir='ltr'><strong>tandem</strong></span> <span class='ocrx_word' id='word_1_642' title='bbox 2247 4410 2306 4447; x_wconf 91' lang='lat' dir='ltr'><strong>se</strong></span> <span class='ocrx_word' id='word_1_643' title='bbox 2363 4394 2649 4448; x_wconf 86' lang='lat' dir='ltr'><strong>facturum</strong></span> <span class='ocrx_word' id='word_1_644' title='bbox 2701 4396 2753 4447; x_wconf 88' lang='lat'><strong>2.</strong></span> 
     </span>
    </p>
   </div>
   <div class='ocr_carea' id='block_1_90' title="bbox 2870 4391 3866 4449">
    <p class='ocr_par' dir='ltr' id='par_1_90' title="bbox 2870 4391 3866 4449">
     <span class='ocr_line' id='line_1_90' title="bbox 2870 4391 3866 4449; baseline -0.006 -2"><span class='ocrx_word' id='word_1_645' title='bbox 2870 4393 2965 4430; x_wconf 77' lang='grc' dir='ltr'><strong>⁴⁰⁸ο</strong></span> <span class='ocrx_word' id='word_1_646' title='bbox 3029 4411 3231 4449; x_wconf 89' lang='lat' dir='ltr'><strong>omnes</strong></span> <span class='ocrx_word' id='word_1_647' title='bbox 3288 4398 3343 4449; x_wconf 91' lang='lat'><strong>2.</strong></span> <span class='ocrx_word' id='word_1_648' title='bbox 3460 4394 3533 4432; x_wconf 83' lang='grc'><strong>¹⁰⁶</strong></span> <span class='ocrx_word' id='word_1_649' title='bbox 3588 4391 3779 4448; x_wconf 71' lang='lat' dir='ltr'><strong>aborti:</strong></span> <span class='ocrx_word' id='word_1_650' title='bbox 3830 4392 3866 4441; x_wconf 89' lang='grc'><strong>1.</strong></span> 
     </span>
    </p>
   </div>
   <div class='ocr_carea' id='block_1_91' title="bbox 411 4431 3864 4537">
    <p class='ocr_par' dir='ltr' id='par_1_91' title="bbox 411 4431 3864 4537">
     <span class='ocr_line' id='line_1_91' title="bbox 411 4431 3864 4537; baseline -0.003 -20"><span class='ocrx_word' id='word_1_651' title='bbox 411 4462 504 4537; x_wconf 60' lang='grc' dir='ltr'><strong>¹Ῠξ⁶</strong></span> <span class='ocrx_word' id='word_1_652' title='bbox 554 4464 773 4537; x_wconf 79' lang='lat' dir='ltr'><strong>aliquot</strong></span> <span class='ocrx_word' id='word_1_653' title='bbox 822 4466 873 4517; x_wconf 92' lang='lat'><strong>2.</strong></span> <span class='ocrx_word' id='word_1_654' title='bbox 954 4459 1024 4537; x_wconf 55' lang='lat'><strong>{0&quot;</strong></span> <span class='ocrx_word' id='word_1_655' title='bbox 1079 4462 1258 4537; x_wconf 33' lang='lat' dir='ltr'><strong>a_d__._2_.</strong></span> <span class='ocrx_word' id='word_1_656' title='bbox 1323 4431 1880 4537; x_wconf 26' lang='lat' dir='ltr'><strong>_1°7)‘:Heil‘eg&#39;enstat</strong></span> <span class='ocrx_word' id='word_1_657' title='bbox 1936 4465 1987 4537; x_wconf 66' lang='lat' dir='ltr'><strong>l.</strong></span> <span class='ocrx_word' id='word_1_658' title='bbox 2064 4460 2133 4497; x_wconf 76' lang='grc'><strong>³0⁸</strong></span> <span class='ocrx_word' id='word_1_659' title='bbox 2186 4465 2250 4519; x_wconf 87' lang='grc' dir='ltr'><strong>Η.</strong></span> <span class='ocrx_word' id='word_1_660' title='bbox 2308 4465 2541 4518; x_wconf 91' lang='lat' dir='ltr'><strong>accessit</strong></span> <span class='ocrx_word' id='word_1_661' title='bbox 2595 4468 2647 4537; x_wconf 88' lang='lat'><strong>2.</strong></span> <span class='ocrx_word' id='word_1_662' title='bbox 2724 4462 2823 4498; x_wconf 69' lang='lat'><strong>‘0&quot;</strong></span> <span class='ocrx_word' id='word_1_663' title='bbox 2891 4431 3343 4536; x_wconf 53' lang='lat' dir='ltr'><strong>Sequentew2.m</strong></span> <span class='ocrx_word' id='word_1_664' title='bbox 3375 4463 3446 4502; x_wconf 76' lang='lat'><strong>“’9</strong></span> <span class='ocrx_word' id='word_1_665' title='bbox 3503 4431 3784 4537; x_wconf 45' lang='lat' dir='ltr'><strong>que-deest</strong></span> 
     </span>
    </p>
   </div>
   <div class='ocr_carea' id='block_1_92' title="bbox 411 4530 3560 4604">
    <p class='ocr_par' dir='ltr' id='par_1_92' title="bbox 411 4530 3560 4604">
     <span class='ocr_line' id='line_1_92' title="bbox 411 4530 3560 4604; baseline 0.001 -17"><span class='ocrx_word' id='word_1_666' title='bbox 411 4532 505 4571; x_wconf 66' lang='lat'><strong>“’9&#39;</strong></span> <span class='ocrx_word' id='word_1_667' title='bbox 601 4530 669 4587; x_wconf 56' lang='lat' dir='ltr'><strong>af</strong></span> <span class='ocrx_word' id='word_1_668' title='bbox 720 4532 1054 4603; x_wconf 85' lang='lat' dir='ltr'><strong>Moguntino</strong></span> <span class='ocrx_word' id='word_1_669' title='bbox 1114 4530 1404 4601; x_wconf 90' lang='lat' dir='ltr'><strong>Willegiso</strong></span> <span class='ocrx_word' id='word_1_670' title='bbox 1457 4532 1507 4604; x_wconf 83' lang='lat'><strong>2.</strong></span> <span class='ocrx_word' id='word_1_671' title='bbox 1583 4530 1656 4604; x_wconf 57' lang='grc' dir='ltr'><strong>ξίο</strong></span> <span class='ocrx_word' id='word_1_672' title='bbox 1711 4531 1767 4604; x_wconf 83' lang='lat' dir='ltr'><strong>d.</strong></span> <span class='ocrx_word' id='word_1_673' title='bbox 1826 4537 1912 4586; x_wconf 88' lang='lat' dir='ltr'><strong>est</strong></span> <span class='ocrx_word' id='word_1_674' title='bbox 1943 4535 2019 4604; x_wconf 17' lang='lat'><strong>72.</strong></span> <span class='ocrx_word' id='word_1_675' title='bbox 2098 4536 2195 4601; x_wconf 81' lang='lat' dir='ltr'><strong>qui</strong></span> <span class='ocrx_word' id='word_1_676' title='bbox 2242 4550 2439 4589; x_wconf 82' lang='lat' dir='ltr'><strong>novum</strong></span> <span class='ocrx_word' id='word_1_677' title='bbox 2504 4536 2774 4604; x_wconf 70' lang='lat' dir='ltr'><strong>incipiens</strong></span> <span class='ocrx_word' id='word_1_678' title='bbox 2831 4530 3002 4604; x_wconf 59' lang='lat' dir='ltr'><strong>caput</strong></span> <span class='ocrx_word' id='word_1_679' title='bbox 3052 4536 3277 4590; x_wconf 87' lang='lat' dir='ltr'><strong>rubram</strong></span> <span class='ocrx_word' id='word_1_680' title='bbox 3331 4530 3560 4590; x_wconf 60' lang='lat' dir='ltr'><strong>addit&#39;:</strong></span> 
     </span>
    </p>
   </div>
   <div class='ocr_carea' id='block_1_93' title="bbox 3617 4529 3867 4599">
    <p class='ocr_par' dir='ltr' id='par_1_93' title="bbox 3617 4529 3867 4599">
     <span class='ocr_line' id='line_1_93' title="bbox 3617 4529 3867 4599; baseline -0.032 -12"><span class='ocrx_word' id='word_1_681' title='bbox 3617 4529 3867 4599; x_wconf 88' lang='lat' dir='ltr'><strong>Quomodo</strong></span> 
     </span>
    </p>
   </div>
   <div class='ocr_carea' id='block_1_94' title="bbox 416 4600 3869 4675">
    <p class='ocr_par' dir='ltr' id='par_1_94' title="bbox 416 4600 3869 4675">
     <span class='ocr_line' id='line_1_94' title="bbox 416 4600 3869 4675; baseline -0.002 -16"><span class='ocrx_word' id='word_1_682' title='bbox 416 4604 769 4659; x_wconf 89' lang='lat' dir='ltr'><strong>Burchardus</strong></span> <span class='ocrx_word' id='word_1_683' title='bbox 818 4600 1135 4675; x_wconf 56' lang='lat' dir='ltr'><strong>&#39;episcopus</strong></span> <span class='ocrx_word' id='word_1_684' title='bbox 1207 4601 1633 4675; x_wconf 80' lang='lat' dir='ltr'><strong>Wormatiensis</strong></span> <span class='ocrx_word' id='word_1_685' title='bbox 1678 4600 2308 4675; x_wconf 84' lang='lat' dir='ltr'><strong>_factus_Wormatiam</strong></span> <span class='ocrx_word' id='word_1_686' title='bbox 2370 4600 2636 4668; x_wconf 61' lang='lat' dir='ltr'><strong>visitavit:</strong></span> <span class='ocrx_word' id='word_1_687' title='bbox 2694 4600 2911 4675; x_wconf 52' lang='lat' dir='ltr'><strong>quam&#39;</strong></span> <span class='ocrx_word' id='word_1_688' title='bbox 2943 4606 3262 4660; x_wconf 91' lang='lat' dir='ltr'><strong>desolatam</strong></span> <span class='ocrx_word' id='word_1_689' title='bbox 3314 4606 3555 4673; x_wconf 91' lang='lat' dir='ltr'><strong>invenit,</strong></span> <span class='ocrx_word' id='word_1_690' title='bbox 3603 4612 3717 4659; x_wconf 81' lang='lat' dir='ltr'><strong>tunc</strong></span> <span class='ocrx_word' id='word_1_691' title='bbox 3772 4613 3869 4655; x_wconf 78' lang='lat' dir='ltr'><strong>vero</strong></span> 
     </span>
    </p>
   </div>
   <div class='ocr_carea' id='block_1_95' title="bbox 449 4671 3868 4746">
    <p class='ocr_par' dir='ltr' id='par_1_95' title="bbox 449 4671 3868 4746">
     <span class='ocr_line' id='line_1_95' title="bbox 449 4671 3868 4746; baseline -0.002 -16"><span class='ocrx_word' id='word_1_692' title='bbox 449 4679 588 4740; x_wconf 75' lang='lat' dir='ltr'><strong>ergit</strong></span> <span class='ocrx_word' id='word_1_693' title='bbox 620 4692 633 4729; x_wconf 90' lang='lat'><strong>:</strong></span> <span class='ocrx_word' id='word_1_694' title='bbox 669 4671 1041 4729; x_wconf 79' lang='lat' dir='ltr'><strong>Burchardus</strong></span> <span class='ocrx_word' id='word_1_695' title='bbox 1066 4673 1259 4743; x_wconf 90' lang='lat' dir='ltr'><strong>itaque</strong></span> <span class='ocrx_word' id='word_1_696' title='bbox 1318 4671 1590 4746; x_wconf 79' lang='lat' dir='ltr'><strong>recedens</strong></span> <span class='ocrx_word' id='word_1_697' title='bbox 1645 4671 1715 4725; x_wconf 91' lang='lat' dir='ltr'><strong>ab</strong></span> <span class='ocrx_word' id='word_1_698' title='bbox 1770 4672 2197 4746; x_wconf 73' lang='lat' dir='ltr'><strong>archiepiscopo</strong></span> <span class='ocrx_word' id='word_1_699' title='bbox 2252 4676 2625 4729; x_wconf 87' lang='lat' dir='ltr'><strong>Wormatiam</strong></span> <span class='ocrx_word' id='word_1_700' title='bbox 2678 4671 2853 4746; x_wconf 75' lang='lat' dir='ltr'><strong>venit,</strong></span> <span class='ocrx_word' id='word_1_701' title='bbox 2913 4691 3087 4746; x_wconf 91' lang='lat' dir='ltr'><strong>quam</strong></span> <span class='ocrx_word' id='word_1_702' title='bbox 3126 4677 3497 4731; x_wconf 86' lang='lat' dir='ltr'><strong>destructam.</strong></span> <span class='ocrx_word' id='word_1_703' title='bbox 3543 4671 3647 4709; x_wconf 66' lang='lat'><strong>“0&#39;</strong></span> <span class='ocrx_word' id='word_1_704' title='bbox 3680 4675 3868 4746; x_wconf 61' lang='lat' dir='ltr'><strong>devora-</strong></span> 
     </span>
    </p>
   </div>
   <div class='ocr_carea' id='block_1_96' title="bbox 407 4692 3861 4802">
    <p class='ocr_par' dir='ltr' id='par_1_96' title="bbox 407 4692 3861 4802">
     <span class='ocr_line' id='line_1_96' title="bbox 449 4692 3861 4746; baseline -0.003 -16"><span class='ocrx_word' id='word_1_705' title='bbox 449 4692 588 4740; x_wconf 64' lang='lat' dir='ltr'><strong>erm:</strong></span> <span class='ocrx_word' id='word_1_706' title='bbox 620 4692 633 4729; x_wconf 72' lang='grc' dir='ltr'><strong>ἶ</strong></span> <span class='ocrx_word' id='word_1_707' title='bbox 669 4692 1029 4729; x_wconf 67' lang='grc' dir='ltr'><strong>υυῑοιιαταιιε</strong></span> <span class='ocrx_word' id='word_1_708' title='bbox 1066 4692 1259 4743; x_wconf 79' lang='lat' dir='ltr'><strong>itaque</strong></span> <span class='ocrx_word' id='word_1_709' title='bbox 1318 4692 1590 4725; x_wconf 71' lang='grc' dir='ltr'><strong>τεεθαεῑιδ</strong></span> <span class='ocrx_word' id='word_1_710' title='bbox 1645 4692 1715 4725; x_wconf 69' lang='lat' dir='ltr'><strong>RD</strong></span> <span class='ocrx_word' id='word_1_711' title='bbox 1770 4692 2197 4743; x_wconf 80' lang='lat' dir='ltr'><strong>arcnleplscopo</strong></span> <span class='ocrx_word' id='word_1_712' title='bbox 2260 4692 2625 4729; x_wconf 82' lang='lat' dir='ltr'><strong>wormauam</strong></span> <span class='ocrx_word' id='word_1_713' title='bbox 2678 4692 2853 4736; x_wconf 79' lang='lat' dir='ltr'><strong>venit,</strong></span> <span class='ocrx_word' id='word_1_714' title='bbox 2913 4692 3087 4746; x_wconf 86' lang='lat' dir='ltr'><strong>quam</strong></span> <span class='ocrx_word' id='word_1_715' title='bbox 3126 4692 3497 4731; x_wconf 68' lang='lat' dir='ltr'><strong>uesuuctam.</strong></span> <span class='ocrx_word' id='word_1_716' title='bbox 3550 4692 3644 4709; x_wconf 71' lang='grc'><em>³““¹“</em></span> <span class='ocrx_word' id='word_1_717' title='bbox 3680 4692 3861 4728; x_wconf 72' lang='grc' dir='ltr'><strong>αενοη·</strong></span> 
     </span>
     <span class='ocr_line' id='line_1_97' title="bbox 407 4692 3861 4802; baseline -0.002 -1"><span class='ocrx_word' id='word_1_718' title='bbox 407 4692 550 4801; x_wconf 55' lang='lat' dir='ltr'><strong>Eant</strong></span> <span class='ocrx_word' id='word_1_719' title='bbox 579 4750 631 4802; x_wconf 91' lang='lat'><strong>2.</strong></span> <span class='ocrx_word' id='word_1_720' title='bbox 712 4746 779 4782; x_wconf 86' lang='grc'>¹¹¹</span> <span class='ocrx_word' id='word_1_721' title='bbox 831 4749 1160 4798; x_wconf 89' lang='lat' dir='ltr'><strong>terruerunt</strong></span> <span class='ocrx_word' id='word_1_722' title='bbox 1190 4760 1254 4797; x_wconf 91' lang='lat' dir='ltr'><strong>ac</strong></span> <span class='ocrx_word' id='word_1_723' title='bbox 1284 4746 1337 4797; x_wconf 91' lang='lat'><strong>2.</strong></span> <span class='ocrx_word' id='word_1_724' title='bbox 1416 4739 1510 4778; x_wconf 78' lang='grc'>¹¹¹·</span> <span class='ocrx_word' id='word_1_725' title='bbox 1554 4748 1859 4796; x_wconf 87' lang='lat' dir='ltr'><strong>evaserunt</strong></span> <span class='ocrx_word' id='word_1_726' title='bbox 1886 4746 1939 4796; x_wconf 91' lang='lat'><strong>2.</strong></span> <span class='ocrx_word' id='word_1_727' title='bbox 2016 4742 2093 4779; x_wconf 81' lang='grc'>¹¹²</span> <span class='ocrx_word' id='word_1_728' title='bbox 2146 4745 2377 4799; x_wconf 86' lang='lat' dir='ltr'><strong>aiebant</strong></span> <span class='ocrx_word' id='word_1_729' title='bbox 2428 4749 2480 4799; x_wconf 91' lang='lat'><strong>2.</strong></span> <span class='ocrx_word' id='word_1_730' title='bbox 2558 4746 2649 4783; x_wconf 65' lang='lat'><strong>“1°</strong></span> <span class='ocrx_word' id='word_1_731' title='bbox 2691 4745 2729 4799; x_wconf 92' lang='lat' dir='ltr'><strong>i.</strong></span> <span class='ocrx_word' id='word_1_732' title='bbox 2786 4746 3015 4800; x_wconf 74' lang='lat' dir='ltr'><strong>offerret</strong></span> <span class='ocrx_word' id='word_1_733' title='bbox 3042 4750 3091 4801; x_wconf 96' lang='lat'><strong>2.</strong></span> <span class='ocrx_word' id='word_1_734' title='bbox 3175 4748 3242 4784; x_wconf 75' lang='lat'><strong>“3</strong></span> <span class='ocrx_word' id='word_1_735' title='bbox 3296 4747 3332 4800; x_wconf 91' lang='lat' dir='ltr'><strong>i.</strong></span> <span class='ocrx_word' id='word_1_736' title='bbox 3390 4748 3801 4801; x_wconf 88' lang='lat' dir='ltr'><strong>semimortuum</strong></span> <span class='ocrx_word' id='word_1_737' title='bbox 3823 4742 3861 4791; x_wconf 77' lang='lat'><strong>‘2.</strong></span> 
     </span>
    </p>
   </div>
   <div class='ocr_carea' id='block_1_97' title="bbox 408 4810 3869 4888">
    <p class='ocr_par' dir='ltr' id='par_1_97' title="bbox 408 4810 3869 4888">
     <span class='ocr_line' id='line_1_98' title="bbox 408 4810 3869 4888; baseline -0.001 -17"><span class='ocrx_word' id='word_1_738' title='bbox 408 4816 504 4852; x_wconf 65' lang='lat'><strong>“3&#39;</strong></span> <span class='ocrx_word' id='word_1_739' title='bbox 561 4817 774 4887; x_wconf 90' lang='lat' dir='ltr'><strong>talique</strong></span> <span class='ocrx_word' id='word_1_740' title='bbox 816 4820 869 4869; x_wconf 88' lang='lat'><strong>2.</strong></span> <span class='ocrx_word' id='word_1_741' title='bbox 949 4812 1023 4848; x_wconf 80' lang='grc'><strong>¹¹⁴</strong></span> <span class='ocrx_word' id='word_1_742' title='bbox 1078 4831 1133 4869; x_wconf 90' lang='lat' dir='ltr'><strong>n.</strong></span> <span class='ocrx_word' id='word_1_743' title='bbox 1179 4819 1237 4888; x_wconf 79' lang='lat' dir='ltr'><strong>et</strong></span> <span class='ocrx_word' id='word_1_744' title='bbox 1283 4816 1334 4869; x_wconf 88' lang='lat'><strong>2.</strong></span> <span class='ocrx_word' id='word_1_745' title='bbox 1417 4810 1510 4888; x_wconf 71' lang='lat'><strong>“_&quot;</strong></span> <span class='ocrx_word' id='word_1_746' title='bbox 1540 4813 1805 4888; x_wconf 73' lang='lat' dir='ltr'><strong>v.___¢:ives</strong></span> <span class='ocrx_word' id='word_1_747' title='bbox 1851 4817 1903 4866; x_wconf 91' lang='lat'><strong>2.</strong></span> <span class='ocrx_word' id='word_1_748' title='bbox 1984 4813 2058 4888; x_wconf 63' lang='grc' dir='ltr'><strong>ξίδ</strong></span> <span class='ocrx_word' id='word_1_749' title='bbox 2085 4814 2287 4888; x_wconf 75' lang='lat' dir='ltr'><strong>domos</strong></span> <span class='ocrx_word' id='word_1_750' title='bbox 2339 4820 2385 4869; x_wconf 88' lang='lat' dir='ltr'><strong>l.</strong></span> <span class='ocrx_word' id='word_1_751' title='bbox 2446 4816 2516 4852; x_wconf 79' lang='grc'><strong>¹¹⁶</strong></span> <span class='ocrx_word' id='word_1_752' title='bbox 2546 4819 2600 4869; x_wconf 93' lang='lat'><strong>2.</strong></span> <span class='ocrx_word' id='word_1_753' title='bbox 2629 4816 2760 4888; x_wconf 64' lang='lat' dir='ltr'><strong>add.</strong></span> <span class='ocrx_word' id='word_1_754' title='bbox 2794 4817 3018 4871; x_wconf 78' lang='lat' dir='ltr'><strong>rubrum</strong></span> <span class='ocrx_word' id='word_1_755' title='bbox 3049 4834 3061 4871; x_wconf 89' lang='lat'><strong>:</strong></span> <span class='ocrx_word' id='word_1_756' title='bbox 3097 4818 3395 4881; x_wconf 87' lang='lat' dir='ltr'><strong>Quomodo</strong></span> <span class='ocrx_word' id='word_1_757' title='bbox 3441 4819 3727 4888; x_wconf 82' lang='lat' dir='ltr'><strong>episcopus</strong></span> <span class='ocrx_word' id='word_1_758' title='bbox 3751 4814 3869 4888; x_wconf 59' lang='lat' dir='ltr'><strong>byr-</strong></span> 
     </span>
    </p>
   </div>
   <div class='ocr_carea' id='block_1_98' title="bbox 408 4883 2269 4954">
    <p class='ocr_par' dir='ltr' id='par_1_98' title="bbox 408 4883 2269 4954">
     <span class='ocr_line' id='line_1_99' title="bbox 408 4883 2269 4954; baseline -0.001 -13"><span class='ocrx_word' id='word_1_759' title='bbox 408 4883 987 4943; x_wconf 53' lang='lat' dir='ltr'><strong>chardusbivitatem</strong></span> <span class='ocrx_word' id='word_1_760' title='bbox 1048 4885 1274 4939; x_wconf 91' lang='lat' dir='ltr'><strong>munire</strong></span> <span class='ocrx_word' id='word_1_761' title='bbox 1326 4883 1517 4954; x_wconf 83' lang='lat' dir='ltr'><strong>ccepit.</strong></span> <span class='ocrx_word' id='word_1_762' title='bbox 1599 4885 1664 4920; x_wconf 65' lang='grc' dir='ltr'><strong>ἰτ</strong></span> <span class='ocrx_word' id='word_1_763' title='bbox 1725 4884 1928 4937; x_wconf 89' lang='lat' dir='ltr'><strong>domos</strong></span> <span class='ocrx_word' id='word_1_764' title='bbox 1981 4886 2028 4936; x_wconf 89' lang='lat'><strong>2.</strong></span> <span class='ocrx_word' id='word_1_765' title='bbox 2108 4884 2179 4921; x_wconf 70' lang='lat'><strong>“9</strong></span> <span class='ocrx_word' id='word_1_766' title='bbox 2213 4892 2269 4940; x_wconf 90' lang='lat' dir='ltr'><strong>et</strong></span> 
     </span>
    </p>
   </div>
   <div class='ocr_carea' id='block_1_99' title="bbox 2367 4880 3865 4957">
    <p class='ocr_par' dir='ltr' id='par_1_99' title="bbox 2367 4880 3865 4957">
     <span class='ocr_line' id='line_1_100' title="bbox 2367 4880 3865 4957; baseline -0.001 -17"><span class='ocrx_word' id='word_1_767' title='bbox 2367 4902 2523 4940; x_wconf 90' lang='lat' dir='ltr'><strong>acem</strong></span> <span class='ocrx_word' id='word_1_768' title='bbox 2553 4890 2604 4940; x_wconf 90' lang='lat'><strong>2.</strong></span> <span class='ocrx_word' id='word_1_769' title='bbox 2642 4886 2717 4957; x_wconf 16' lang='grc' dir='ltr'><strong>⁴λ¹⁰ν</strong></span> <span class='ocrx_word' id='word_1_770' title='bbox 2772 4894 2944 4957; x_wconf 91' lang='lat' dir='ltr'><strong>atque</strong></span> <span class='ocrx_word' id='word_1_771' title='bbox 2997 4903 3043 4941; x_wconf 93' lang='lat' dir='ltr'><strong>c.</strong></span> <span class='ocrx_word' id='word_1_772' title='bbox 3106 4880 3578 4942; x_wconf 54' lang='lat' dir='ltr'><strong>Wormatiens&#39;em</strong></span> <span class='ocrx_word' id='word_1_773' title='bbox 3607 4880 3653 4941; x_wconf 45' lang='lat'><strong>2..</strong></span> <span class='ocrx_word' id='word_1_774' title='bbox 3746 4880 3806 4916; x_wconf 84' lang='grc'><strong>¹¹⁰</strong></span> <span class='ocrx_word' id='word_1_775' title='bbox 3828 4882 3865 4931; x_wconf 79' lang='lat'><strong>‘2-</strong></span> 
     </span>
    </p>
   </div>
   <div class='ocr_carea' id='block_1_100' title="bbox 411 4954 3866 5038">
    <p class='ocr_par' dir='ltr' id='par_1_100' title="bbox 411 4954 3866 5038">
     <span class='ocr_line' id='line_1_101' title="bbox 411 4954 3866 5038; baseline -0.002 -25"><span class='ocrx_word' id='word_1_776' title='bbox 411 4960 543 5013; x_wconf 85' lang='lat' dir='ltr'><strong>add.</strong></span> <span class='ocrx_word' id='word_1_777' title='bbox 567 4959 799 5038; x_wconf 57' lang='lat' dir='ltr'><strong>fabrum</strong></span> <span class='ocrx_word' id='word_1_778' title='bbox 832 4977 847 5011; x_wconf 92' lang='lat'><strong><em>:</em></strong></span> <span class='ocrx_word' id='word_1_779' title='bbox 880 4956 1157 5038; x_wconf 59' lang='lat' dir='ltr'><strong>Sequitur&quot;</strong></span> <span class='ocrx_word' id='word_1_780' title='bbox 1203 4955 1273 5038; x_wconf 81' lang='lat' dir='ltr'><strong>de</strong></span> <span class='ocrx_word' id='word_1_781' title='bbox 1294 4956 1513 5038; x_wconf 72' lang='lat' dir='ltr'><strong>ptto_n_e</strong></span> <span class='ocrx_word' id='word_1_782' title='bbox 1565 4954 1793 5034; x_wconf 82' lang='lat' dir='ltr'><strong>duce_et</strong></span> <span class='ocrx_word' id='word_1_783' title='bbox 1843 4954 1913 5008; x_wconf 91' lang='lat' dir='ltr'><strong>de</strong></span> <span class='ocrx_word' id='word_1_784' title='bbox 1966 4955 2251 5038; x_wconf 43' lang='lat' dir='ltr'><strong>Qonradoﬂ</strong></span> <span class='ocrx_word' id='word_1_785' title='bbox 2277 4954 2398 5038; x_wconf 74' lang='lat' dir='ltr'><strong>ﬁlio</strong></span> <span class='ocrx_word' id='word_1_786' title='bbox 2428 4958 2572 5027; x_wconf 87' lang='lat' dir='ltr'><strong>ejus.</strong></span> <span class='ocrx_word' id='word_1_787' title='bbox 2639 4955 2722 5038; x_wconf 46' lang='lat' dir='ltr'><strong>n‘“</strong></span> <span class='ocrx_word' id='word_1_788' title='bbox 2754 4954 3077 5038; x_wconf 74' lang='lat' dir='ltr'><strong>ejusque</strong></span> <span class='ocrx_word' id='word_1_789' title='bbox 3124 4958 3227 5038; x_wconf 38' lang='grc' dir='ltr'><strong>ᾖξ’</strong></span> <span class='ocrx_word' id='word_1_790' title='bbox 3256 4975 3329 5012; x_wconf 91' lang='lat' dir='ltr'><strong>m.</strong></span> <span class='ocrx_word' id='word_1_791' title='bbox 3365 4959 3591 5038; x_wconf 83' lang='lat' dir='ltr'><strong>ﬁrmam</strong></span> <span class='ocrx_word' id='word_1_792' title='bbox 3622 4963 3660 5011; x_wconf 92' lang='lat' dir='ltr'><strong>t.</strong></span> <span class='ocrx_word' id='word_1_793' title='bbox 3686 4959 3736 5009; x_wconf 87' lang='lat' dir='ltr'><strong>et</strong></span> <span class='ocrx_word' id='word_1_794' title='bbox 3760 4964 3866 5038; x_wconf 54' lang='lat' dir='ltr'><strong>v.3.</strong></span> 
     </span>
    </p>
   </div>
   <div class='ocr_carea' id='block_1_101' title="bbox 416 5023 1577 5083">
    <p class='ocr_par' dir='ltr' id='par_1_101' title="bbox 416 5023 1577 5083">
     <span class='ocr_line' id='line_1_102' title="bbox 416 5023 1577 5083; baseline -0.006 1"><span class='ocrx_word' id='word_1_795' title='bbox 416 5030 860 5083; x_wconf 89' lang='lat' dir='ltr'><strong>munitissimam</strong></span> <span class='ocrx_word' id='word_1_796' title='bbox 892 5031 945 5081; x_wconf 88' lang='lat'><strong>2.</strong></span> <span class='ocrx_word' id='word_1_797' title='bbox 970 5023 988 5026; x_wconf 70' lang='grc'><strong><em>“</em></strong></span> <span class='ocrx_word' id='word_1_798' title='bbox 1025 5029 1091 5063; x_wconf 84' lang='grc'><strong>¹²³</strong></span> <span class='ocrx_word' id='word_1_799' title='bbox 1119 5027 1265 5081; x_wconf 79' lang='lat' dir='ltr'><strong>deest</strong></span> <span class='ocrx_word' id='word_1_800' title='bbox 1293 5028 1346 5078; x_wconf 91' lang='lat'><strong>2.</strong></span> <span class='ocrx_word' id='word_1_801' title='bbox 1428 5023 1496 5061; x_wconf 73' lang='grc'><strong>¹²⁸</strong></span> <span class='ocrx_word' id='word_1_802' title='bbox 1526 5042 1577 5078; x_wconf 93' lang='grc' dir='ltr'><strong>ο.</strong></span> 
     </span>
    </p>
   </div>
   <div class='ocr_carea' id='block_1_102' title="bbox 1630 5021 3869 5098">
    <p class='ocr_par' dir='ltr' id='par_1_102' title="bbox 1630 5021 3869 5098">
     <span class='ocr_line' id='line_1_103' title="bbox 1630 5021 3869 5098; baseline 0.003 -21"><span class='ocrx_word' id='word_1_803' title='bbox 1630 5024 1731 5098; x_wconf 88' lang='lat' dir='ltr'><strong>qui</strong></span> <span class='ocrx_word' id='word_1_804' title='bbox 1760 5040 1807 5078; x_wconf 91' lang='lat' dir='ltr'><strong>c.</strong></span> <span class='ocrx_word' id='word_1_805' title='bbox 1830 5041 1895 5098; x_wconf 56' lang='grc' dir='ltr'><strong>ε.</strong></span> <span class='ocrx_word' id='word_1_806' title='bbox 1940 5024 2193 5098; x_wconf 84' lang='lat' dir='ltr'><strong>ejusque</strong></span> <span class='ocrx_word' id='word_1_807' title='bbox 2218 5021 2512 5098; x_wconf 71' lang='lat' dir='ltr'><strong>ﬁdele_s_v.</strong></span> <span class='ocrx_word' id='word_1_808' title='bbox 2549 5045 2599 5081; x_wconf 91' lang='lat' dir='ltr'><strong>v.</strong></span> <span class='ocrx_word' id='word_1_809' title='bbox 2633 5027 2670 5080; x_wconf 89' lang='lat' dir='ltr'><strong>f.</strong></span> <span class='ocrx_word' id='word_1_810' title='bbox 2707 5046 2758 5082; x_wconf 92' lang='lat' dir='ltr'><strong>a.</strong></span> <span class='ocrx_word' id='word_1_811' title='bbox 2780 5021 3050 5098; x_wconf 56' lang='lat' dir='ltr'><strong>&#39;deliquit</strong></span> <span class='ocrx_word' id='word_1_812' title='bbox 3075 5028 3143 5082; x_wconf 94' lang='lat' dir='ltr'><strong>ad</strong></span> <span class='ocrx_word' id='word_1_813' title='bbox 3180 5029 3333 5083; x_wconf 89' lang='lat' dir='ltr'><strong>hunc</strong></span> <span class='ocrx_word' id='word_1_814' title='bbox 3362 5035 3569 5083; x_wconf 88' lang='lat' dir='ltr'><strong>statum</strong></span> <span class='ocrx_word' id='word_1_815' title='bbox 3594 5043 3650 5081; x_wconf 89' lang='lat' dir='ltr'><strong>se</strong></span> <span class='ocrx_word' id='word_1_816' title='bbox 3676 5021 3869 5098; x_wconf 61' lang='lat' dir='ltr'><strong>recgpil,</strong></span> 
     </span>
    </p>
   </div>
   <div class='ocr_carea' id='block_1_103' title="bbox 412 5094 3867 5165">
    <p class='ocr_par' dir='ltr' id='par_1_103' title="bbox 412 5094 3867 5165">
     <span class='ocr_line' id='line_1_104' title="bbox 412 5094 3867 5165; baseline -0.001 -11"><span class='ocrx_word' id='word_1_817' title='bbox 412 5107 468 5153; x_wconf 90' lang='lat' dir='ltr'><strong>et</strong></span> <span class='ocrx_word' id='word_1_818' title='bbox 499 5102 579 5153; x_wconf 92' lang='lat' dir='ltr'><strong>sic</strong></span> <span class='ocrx_word' id='word_1_819' title='bbox 628 5100 977 5154; x_wconf 88' lang='lat' dir='ltr'><strong>tutissimum</strong></span> <span class='ocrx_word' id='word_1_820' title='bbox 1008 5097 1086 5151; x_wconf 92' lang='lat' dir='ltr'><strong>ibi</strong></span> <span class='ocrx_word' id='word_1_821' title='bbox 1121 5096 1437 5165; x_wconf 15' lang='lat' dir='ltr'><strong>habebant,</strong></span> <span class='ocrx_word' id='word_1_822' title='bbox 1465 5094 1774 5165; x_wconf 85' lang='lat' dir='ltr'><strong>refugium.</strong></span> <span class='ocrx_word' id='word_1_823' title='bbox 1829 5095 1987 5149; x_wconf 89' lang='lat' dir='ltr'><strong>Unde</strong></span> <span class='ocrx_word' id='word_1_824' title='bbox 2018 5094 2192 5165; x_wconf 26' lang='lat' dir='ltr'><strong>et_fob</strong></span> <span class='ocrx_word' id='word_1_825' title='bbox 2244 5099 2297 5151; x_wconf 88' lang='lat'><strong>2.</strong></span> <span class='ocrx_word' id='word_1_826' title='bbox 2378 5095 2453 5134; x_wconf 81' lang='grc'><strong>⁴²⁵</strong></span> <span class='ocrx_word' id='word_1_827' title='bbox 2497 5098 2642 5152; x_wconf 82' lang='lat' dir='ltr'><strong>deest</strong></span> <span class='ocrx_word' id='word_1_828' title='bbox 2671 5101 2722 5153; x_wconf 90' lang='lat'><strong>2.</strong></span> <span class='ocrx_word' id='word_1_829' title='bbox 2801 5098 2875 5133; x_wconf 80' lang='grc'><strong>¹²⁶</strong></span> <span class='ocrx_word' id='word_1_830' title='bbox 2904 5094 2961 5152; x_wconf 60' lang='grc' dir='ltr'><strong>ἀ.</strong></span> <span class='ocrx_word' id='word_1_831' title='bbox 2996 5099 3357 5153; x_wconf 89' lang='lat' dir='ltr'><strong>Burchardus</strong></span> <span class='ocrx_word' id='word_1_832' title='bbox 3397 5100 3496 5154; x_wconf 91' lang='lat' dir='ltr'><strong>diu</strong></span> <span class='ocrx_word' id='word_1_833' title='bbox 3538 5102 3585 5153; x_wconf 88' lang='grc'><strong>1.</strong></span> <span class='ocrx_word' id='word_1_834' title='bbox 3631 5099 3680 5150; x_wconf 92' lang='lat'><strong>2.</strong></span> <span class='ocrx_word' id='word_1_835' title='bbox 3752 5094 3808 5129; x_wconf 80' lang='grc'><strong>¹²⁷</strong></span> <span class='ocrx_word' id='word_1_836' title='bbox 3830 5104 3867 5165; x_wconf 69' lang='lat'><strong>9-</strong></span> 
     </span>
    </p>
   </div>
   <div class='ocr_carea' id='block_1_104' title="bbox 410 5163 3527 5239">
    <p class='ocr_par' dir='ltr' id='par_1_104' title="bbox 410 5163 3527 5239">
     <span class='ocr_line' id='line_1_105' title="bbox 410 5163 3527 5239; baseline -0.001 -15"><span class='ocrx_word' id='word_1_837' title='bbox 410 5171 627 5225; x_wconf 87' lang='lat' dir='ltr'><strong>eisdem</strong></span> <span class='ocrx_word' id='word_1_838' title='bbox 661 5176 723 5223; x_wconf 90' lang='lat' dir='ltr'><strong>ut</strong></span> <span class='ocrx_word' id='word_1_839' title='bbox 749 5171 837 5223; x_wconf 90' lang='lat' dir='ltr'><strong>vir</strong></span> <span class='ocrx_word' id='word_1_840' title='bbox 862 5171 917 5225; x_wconf 87' lang='lat'><strong>2.</strong></span> <span class='ocrx_word' id='word_1_841' title='bbox 978 5166 1072 5239; x_wconf 68' lang='lat' dir='ltr'><strong>_f”</strong></span> <span class='ocrx_word' id='word_1_842' title='bbox 1117 5168 1262 5239; x_wconf 76' lang='lat' dir='ltr'><strong>deest</strong></span> <span class='ocrx_word' id='word_1_843' title='bbox 1292 5170 1343 5221; x_wconf 90' lang='lat'><strong>2.</strong></span> <span class='ocrx_word' id='word_1_844' title='bbox 1426 5163 1875 5239; x_wconf 68' lang='lat' dir='ltr'><strong>‘_”_respu_ebant</strong></span> <span class='ocrx_word' id='word_1_845' title='bbox 1915 5168 1968 5239; x_wconf 88' lang='lat'><strong>2_.</strong></span> <span class='ocrx_word' id='word_1_846' title='bbox 2048 5163 2124 5200; x_wconf 80' lang='grc'><strong>⁴⁸⁰</strong></span> <span class='ocrx_word' id='word_1_847' title='bbox 2166 5183 2219 5221; x_wconf 91' lang='lat' dir='ltr'><strong>a.</strong></span> <span class='ocrx_word' id='word_1_848' title='bbox 2252 5168 2464 5222; x_wconf 89' lang='lat' dir='ltr'><strong>habere</strong></span> <span class='ocrx_word' id='word_1_849' title='bbox 2502 5168 2565 5239; x_wconf 19' lang='grc' dir='ltr'><strong>ὁ..</strong></span> <span class='ocrx_word' id='word_1_850' title='bbox 2604 5170 2657 5239; x_wconf 80' lang='grc'>2.</span> <span class='ocrx_word' id='word_1_851' title='bbox 2734 5169 2803 5205; x_wconf 83' lang='grc'><strong>¹³¹</strong></span> <span class='ocrx_word' id='word_1_852' title='bbox 2854 5169 2922 5223; x_wconf 86' lang='lat' dir='ltr'><strong>ad</strong></span> <span class='ocrx_word' id='word_1_853' title='bbox 2954 5169 3241 5238; x_wconf 87' lang='lat' dir='ltr'><strong>optimum</strong></span> <span class='ocrx_word' id='word_1_854' title='bbox 3270 5175 3322 5224; x_wconf 96' lang='lat'><strong>2.</strong></span> <span class='ocrx_word' id='word_1_855' title='bbox 3399 5168 3527 5239; x_wconf 56' lang='lat' dir='ltr'><strong>&quot;{p</strong></span> 
     </span>
    </p>
   </div>
   <div class='ocr_carea' id='block_1_105' title="bbox 412 5235 2215 5308">
    <p class='ocr_par' dir='ltr' id='par_1_105' title="bbox 412 5235 2215 5308">
     <span class='ocr_line' id='line_1_106' title="bbox 412 5235 2215 5308; baseline -0.001 -15"><span class='ocrx_word' id='word_1_856' title='bbox 412 5241 485 5278; x_wconf 67' lang='grc'><strong>1³³</strong></span> <span class='ocrx_word' id='word_1_857' title='bbox 516 5241 812 5294; x_wconf 89' lang='lat' dir='ltr'><strong>collocavit</strong></span> <span class='ocrx_word' id='word_1_858' title='bbox 837 5243 892 5293; x_wconf 91' lang='lat'><strong>2.</strong></span> <span class='ocrx_word' id='word_1_859' title='bbox 972 5235 1043 5274; x_wconf 78' lang='grc'><strong>⁸³⁸</strong></span> <span class='ocrx_word' id='word_1_860' title='bbox 1074 5238 1412 5308; x_wconf 88' lang='lat' dir='ltr'><strong>Episcopus__</strong></span> <span class='ocrx_word' id='word_1_861' title='bbox 1431 5235 1651 5308; x_wconf 35' lang='lat' dir='ltr'><strong>igitur:</strong></span> <span class='ocrx_word' id='word_1_862' title='bbox 1678 5235 2035 5308; x_wconf 80' lang='lat' dir='ltr'><strong>Burchardus</strong></span> <span class='ocrx_word' id='word_1_863' title='bbox 2084 5252 2215 5291; x_wconf 91' lang='lat' dir='ltr'><strong>cum</strong></span> 
     </span>
    </p>
   </div>
   <div class='ocr_carea' id='block_1_106' title="bbox 411 5303 2160 5365">
    <p class='ocr_par' dir='ltr' id='par_1_106' title="bbox 411 5303 2160 5365">
     <span class='ocr_line' id='line_1_107' title="bbox 411 5303 2160 5365; baseline -0.001 -1"><span class='ocrx_word' id='word_1_864' title='bbox 411 5310 574 5365; x_wconf 86' lang='lat' dir='ltr'><strong>fortis</strong></span> <span class='ocrx_word' id='word_1_865' title='bbox 602 5313 655 5365; x_wconf 85' lang='lat'><strong>2.</strong></span> <span class='ocrx_word' id='word_1_866' title='bbox 736 5308 805 5345; x_wconf 74' lang='lat'><strong>&quot;9</strong></span> <span class='ocrx_word' id='word_1_867' title='bbox 836 5326 881 5364; x_wconf 91' lang='lat' dir='ltr'><strong>s.</strong></span> <span class='ocrx_word' id='word_1_868' title='bbox 917 5313 973 5363; x_wconf 91' lang='lat' dir='ltr'><strong>et</strong></span> <span class='ocrx_word' id='word_1_869' title='bbox 1004 5303 1221 5364; x_wconf 85' lang='lat' dir='ltr'><strong>civibus</strong></span> <span class='ocrx_word' id='word_1_870' title='bbox 1246 5303 1300 5363; x_wconf 57' lang='lat'><strong>2&#39;.</strong></span> <span class='ocrx_word' id='word_1_871' title='bbox 1381 5304 1452 5340; x_wconf 74' lang='lat'><strong>“0</strong></span> <span class='ocrx_word' id='word_1_872' title='bbox 1471 5303 1609 5360; x_wconf 72' lang='lat' dir='ltr'><strong>suos</strong></span> <span class='ocrx_word' id='word_1_873' title='bbox 1636 5306 1675 5360; x_wconf 93' lang='lat' dir='ltr'><strong>i.</strong></span> <span class='ocrx_word' id='word_1_874' title='bbox 1705 5309 1757 5361; x_wconf 89' lang='lat'><strong>2.</strong></span> <span class='ocrx_word' id='word_1_875' title='bbox 1840 5303 1908 5341; x_wconf 79' lang='grc'><strong>¹⁸¹</strong></span> <span class='ocrx_word' id='word_1_876' title='bbox 1947 5321 2079 5362; x_wconf 88' lang='lat' dir='ltr'><strong>vera</strong></span> <span class='ocrx_word' id='word_1_877' title='bbox 2112 5310 2160 5362; x_wconf 93' lang='grc'><strong>1.</strong></span> 
     </span>
    </p>
   </div>
   <div class='ocr_carea' id='block_1_107' title="bbox 2266 5161 3871 5342">
    <p class='ocr_par' dir='ltr' id='par_1_107' title="bbox 2266 5161 3871 5342">
     <span class='ocr_line' id='line_1_108' title="bbox 2266 5161 3865 5240; baseline -0.003 -19"><span class='ocrx_word' id='word_1_878' title='bbox 2266 5168 2464 5222; x_wconf 80' lang='lat' dir='ltr'><strong>1abere</strong></span> <span class='ocrx_word' id='word_1_879' title='bbox 2502 5168 2565 5221; x_wconf 93' lang='lat' dir='ltr'><strong>d.</strong></span> <span class='ocrx_word' id='word_1_880' title='bbox 2604 5170 2657 5221; x_wconf 87' lang='grc'>2.</span> <span class='ocrx_word' id='word_1_881' title='bbox 2734 5169 2803 5205; x_wconf 83' lang='grc'><strong>¹³¹</strong></span> <span class='ocrx_word' id='word_1_882' title='bbox 2854 5169 2922 5223; x_wconf 86' lang='lat' dir='ltr'><strong>ad</strong></span> <span class='ocrx_word' id='word_1_883' title='bbox 2954 5169 3241 5238; x_wconf 87' lang='lat' dir='ltr'><strong>optimum</strong></span> <span class='ocrx_word' id='word_1_884' title='bbox 3270 5175 3322 5224; x_wconf 96' lang='lat'><strong>2.</strong></span> <span class='ocrx_word' id='word_1_885' title='bbox 3399 5168 3472 5207; x_wconf 80' lang='grc'><strong>¹³²</strong></span> <span class='ocrx_word' id='word_1_886' title='bbox 3494 5186 3547 5239; x_wconf 89' lang='lat' dir='ltr'><strong>p.</strong></span> <span class='ocrx_word' id='word_1_887' title='bbox 3583 5166 3803 5240; x_wconf 89' lang='lat' dir='ltr'><strong>spolium</strong></span> <span class='ocrx_word' id='word_1_888' title='bbox 3827 5161 3865 5209; x_wconf 67' lang='grc'>2.</span> 
     </span>
     <span class='ocr_line' id='line_1_109' title="bbox 2266 5225 3871 5342; baseline 0 0"><span class='ocrx_word' id='word_1_889' title='bbox 2266 5235 2565 5342; x_wconf 54' lang='grc' dir='ltr'><strong>θέληίῖξ</strong></span> <span class='ocrx_word' id='word_1_890' title='bbox 2614 5238 2890 5342; x_wconf 45' lang='lat'><strong>“$13.82;-</strong></span> <span class='ocrx_word' id='word_1_891' title='bbox 2917 5238 2990 5342; x_wconf 71' lang='lat'><strong>‘2‘</strong></span> <span class='ocrx_word' id='word_1_892' title='bbox 3027 5239 3345 5342; x_wconf 60' lang='grc' dir='ltr'><strong>θςεξιξεοέο</strong></span> <span class='ocrx_word' id='word_1_893' title='bbox 3520 5243 3578 5294; x_wconf 70' lang='grc' dir='ltr'>ίιι</span> <span class='ocrx_word' id='word_1_894' title='bbox 3625 5240 3662 5292; x_wconf 72' lang='grc' dir='ltr'><strong>ίο</strong></span> <span class='ocrx_word' id='word_1_895' title='bbox 3697 5236 3744 5289; x_wconf 62' lang='grc' dir='ltr'><strong>²υ</strong></span> 
     </span>
    </p>
   </div>
   <div class='ocr_carea' id='block_1_108' title="bbox 2244 5306 3319 5380">
    <p class='ocr_par' dir='ltr' id='par_1_108' title="bbox 2244 5306 3319 5380">
     <span class='ocr_line' id='line_1_110' title="bbox 2244 5306 3319 5380; baseline 0.003 -17"><span class='ocrx_word' id='word_1_896' title='bbox 2244 5306 2316 5342; x_wconf 65' lang='grc' dir='ltr'><strong>’δ’</strong></span> <span class='ocrx_word' id='word_1_897' title='bbox 2344 5308 2495 5363; x_wconf 86' lang='lat' dir='ltr'><strong>facta</strong></span> <span class='ocrx_word' id='word_1_898' title='bbox 2521 5311 2573 5364; x_wconf 90' lang='lat'><strong>2.</strong></span> <span class='ocrx_word' id='word_1_899' title='bbox 2655 5309 2725 5345; x_wconf 72' lang='grc'><strong>³⁸⁸</strong></span> <span class='ocrx_word' id='word_1_900' title='bbox 2754 5325 2908 5380; x_wconf 90' lang='lat' dir='ltr'><strong>mag.</strong></span> <span class='ocrx_word' id='word_1_901' title='bbox 2946 5313 2993 5364; x_wconf 93' lang='grc'>1.</span> <span class='ocrx_word' id='word_1_902' title='bbox 3076 5310 3146 5348; x_wconf 69' lang='lat'><strong>1“</strong></span> <span class='ocrx_word' id='word_1_903' title='bbox 3173 5326 3235 5365; x_wconf 91' lang='lat' dir='ltr'><strong>ac</strong></span> <span class='ocrx_word' id='word_1_904' title='bbox 3264 5312 3319 5366; x_wconf 88' lang='lat'><strong>2.</strong></span> 
     </span>
    </p>
   </div>
   <div class='ocr_carea' id='block_1_109' title="bbox 2018 5435 2287 5497">
    <p class='ocr_par' dir='ltr' id='par_1_109' title="bbox 2018 5435 2287 5497">
     <span class='ocr_line' id='line_1_111' title="bbox 2018 5435 2287 5497; baseline -0.022 0"><span class='ocrx_word' id='word_1_905' title='bbox 2018 5492 2027 5497; x_wconf 69' lang='lat'><strong><em>,</em></strong></span> <span class='ocrx_word' id='word_1_906' title='bbox 2065 5435 2287 5493; x_wconf 72' lang='grc' dir='ltr'><strong>ΝΟΤᾸΞ.</strong></span> 
     </span>
    </p>
   </div>
   <div class='ocr_carea' id='block_1_110' title="bbox 486 5549 1045 5625">
    <p class='ocr_par' dir='ltr' id='par_1_110' title="bbox 486 5549 1045 5625">
     <span class='ocr_line' id='line_1_112' title="bbox 486 5549 1045 5625; baseline -0.009 -16"><span class='ocrx_word' id='word_1_907' title='bbox 486 5554 600 5625; x_wconf 85' lang='grc'>(12)</span> <span class='ocrx_word' id='word_1_908' title='bbox 634 5549 1045 5622; x_wconf 88' lang='lat' dir='ltr'><strong>Heiligenstadt</strong></span> 
     </span>
    </p>
   </div>
   <div class='ocr_carea' id='block_1_111' title="bbox 2298 5540 3868 5622">
    <p class='ocr_par' dir='ltr' id='par_1_111' title="bbox 2298 5540 3868 5622">
     <span class='ocr_line' id='line_1_113' title="bbox 2298 5540 3868 5622; baseline -0.004 -19"><span class='ocrx_word' id='word_1_909' title='bbox 2298 5546 2411 5618; x_wconf 81' lang='lat' dir='ltr'><strong>(l3)</strong></span> <span class='ocrx_word' id='word_1_910' title='bbox 2449 5548 2620 5603; x_wconf 84' lang='lat' dir='ltr'><strong>Filius</strong></span> <span class='ocrx_word' id='word_1_911' title='bbox 2654 5548 2920 5619; x_wconf 87' lang='lat' dir='ltr'><strong>Conradi,</strong></span> <span class='ocrx_word' id='word_1_912' title='bbox 2966 5549 3261 5622; x_wconf 87' lang='lat' dir='ltr'><strong>quondam</strong></span> <span class='ocrx_word' id='word_1_913' title='bbox 3308 5550 3466 5606; x_wconf 87' lang='lat' dir='ltr'><strong>ducis</strong></span> <span class='ocrx_word' id='word_1_914' title='bbox 3512 5540 3868 5611; x_wconf 62' lang='lat' dir='ltr'><strong>Lotharingiae.</strong></span> 
     </span>
    </p>
   </div>
  </div>
