3960 6192
159 322 262 372 517

1349 316 1712 370 ιιΡιοΟΕΜιΑ.
1753 345 1823 355 -
1865 318 2018 372 VI'I‘A
2061 319 2481 373 BURCHARDI.

3561 330 3668 382 518

157 432 500 485 Tuscaniam
532 429 602 467 "‘5
630 429 1073 500 pertransissent
1121 427 1210 490 ⁸⁸³⁸,
1245 429 1560 500 imperator
1599 434 1859 483 mortuus
1887 433 1931 483 A
1971 432 2136 485 nensi
2168 449 2391 485 necnon
2421 436 2478 486 et
2522 432 2929 486 Wormaciensi
2961 434 3028 487 de
3070 435 3157 488 his
3212 433 3278 468 ¹⁷¹
3341 437 3508 491 rebus
3533 455 3670 492 con-

157 520 270 572 illis
327 520 651 573 nunciatur.
696 519 823 582 Qui,
873 523 936 571 ut
972 534 1199 571 necesse
1250 523 1390 583 erat,
1441 517 1604 571 valde
1653 518 1860 571 contri-

155 609 307 672 stati,
341 608 488 661 viam
539 623 640 677 per
690 622 863 676 quam
911 610 1183 659 venerant
1223 603 1294 641 “7
1336 607 1544 658 reversi
1577 609 1708 658 sunt
1740 606 1853 672 (an.

163 696 348 756 1002).
384 697 539 748 Tunc
581 695 783 747 urbani
832 695 901 748 de
951 696 1098 747 Luca
1137 693 1209 726 “'3
1240 698 1295 746 et
1342 694 1412 747 de
1455 693 1859 763 circumjacen—

156 785 310 836 tibus
340 784 510 849 villis,
535 789 881 853 congregata
909 780 978 818 “‘9
1015 783 1259 835 maxima
1308 782 1672 835 multitudine
1695 783 1856 852 equi-

154 877 278 925 tum
310 879 369 925 et
400 873 680 942 peditum,
705 871 820 924 vias
844 872 1096 942 undique
1139 872 1560 938 concluserunt,
1599 874 1653 924 et
1695 871 1856 940 quasi

154 960 220 1013 ad
253 961 473 1014 bellum
507 960 792 1026 instructi,
825 965 1152 1013 nostrorum
1201 961 1509 1013 adventum
1547 959 1751 1011 armati
1788 957 1857 994 ¹⁵⁰

153 1053 619 1118 expectaverunt.
690 1053 762 1102 At
809 1046 874 1084 ¹⁵¹
929 1048 1131 1114 nostri,
1181 1049 1298 1101 visa
1349 1052 1466 1101 tam
1520 1063 1730 1117 magna
1790 1046 1858 1084 ⁸⁵2

151 1138 552 1205 multitudine,
587 1137 961 1191 turbabantur
1013 1138 1081 1172 “3
1139 1142 1192 1190 et
1239 1137 1350 1190 illis
1388 1137 1578 1190 invitis
1609 1153 1710 1205 per
1735 1142 1856 1190 ter-

152 1227 342 1279 minos
373 1242 572 1280 eorum
606 1226 847 1279 transire
881 1225 1234 1279 difﬁdebant.
1287 1225 1431 1278 Inito
1469 1225 1698 1278 tandem
1734 1225 1855 1294 epi-

150 1315 312 1384 scopi
363 1314 619 1378 consilio,
667 1315 882 1383 legatos
932 1313 1198 1380 mittunt;
1243 1319 1306 1366 ut
1351 1313 1501 1383 ipsos
1553 1329 1657 1382 per
1710 1312 1856 1366 ﬁnes

149 1419 355 1456 eorum
387 1420 515 1456 cum
557 1419 692 1472 pace
744 1402 986 1456 transire
1031 1401 1430 1471 permitterent
1463 1400 1548 1468 15‘,
1583 1401 1854 1471 supplici-

149 1500 237 1544 ter
271 1493 670 1562 precabantur.
708 1493 828 1555 Quo
863 1491 953 1543 vix
984 1491 1309 1560 impetrato,
1341 1491 1439 1543 illo
1473 1490 1561 1544 die
1602 1491 1688 1544 usi
1721 1498 1856 1544 sunt

147 1597 310 1650 pace.
349 1581 680 1634 Intermissa
728 1580 908 1632 noctis
939 1580 1149 1648 spacio,
1179 1579 1342 1632 valde
1374 1579 1624 1632 diluculo
1664 1581 1853 1633 hostes

149 1670 208 1721 in
256 1683 436 1722 unum
497 1667 904 1738 conglomerati
961 1683 1168 1736 magno
1226 1667 1472 1720 clamore
1521 1673 1576 1720 et
1636 1668 1853 1721 levibus

149 1756 368 1826 przrliis
421 1756 634 1826 primos
684 1757 752 1810 de
812 1756 1018 1809 nostris
1086 1757 1359 1809 lacescere
1431 1762 1744 1825 cceperunt,
1800 1763 1856 1809 et

150 1845 446 1915 utrimque
475 1845 668 1914 paucis
694 1850 793 1897 aut
826 1843 895 1877 ¹⁵⁵
919 1844 1228 1897 vulneratis
1269 1849 1367 1896 aut
1393 1844 1608 1911 occisis,
1641 1845 1857 1897 clamor

150 1934 220 1986 ab
242 1934 369 1987 aliis
408 1935 655 1987 auditur.
707 1935 902 2003 Itaque
933 1949 1132 1986 omnes
1163 1933 1423 1986 celeriter
1451 1941 1855 2000 consurgentes

149 2038 313 2074 arma
341 2024 593 2092 capiunt,
628 2027 684 2075 et
731 2038 928 2074 omnes
960 2022 1019 2074 in
1055 2037 1231 2074 unum
1281 2024 1647 2075 conveniunt.
1707 2023 1857 2074 Inter

151 2127 296 2178 quos
329 2118 453 2163 erat
482 2108 550 2142 ¹⁵⁶
590 2109 825 2180 quidam
875 2109 1211 2162 Thiemarus
1246 2106 1335 2174 ‘57,
1390 2109 1552 2162 miles
1602 2109 1855 2178 episcopi

151 2198 608 2262 \Vormaciensis,
670 2198 754 2250 vir
801 2203 1068 2250 strenuus
1099 2203 1156 2250 et
1204 2197 1358 2250 omni
1410 2197 1661 2250 bonitate
1703 2214 1851 2265 pree—

147 2286 373 2355 cipuus,
407 2286 503 2355 qui
531 2286 588 2338 in
626 2285 734 2338 hoc
766 2287 1014 2338 exercitu
1067 2286 1126 2338 in
1158 2285 1393 2338 militari
1443 2301 1500 2338 re
1535 2285 1856 2355 opinatissi-

148 2389 278 2425 mus
312 2372 382 2413 153
411 2374 745 2426 habebatur.
783 2375 944 2427 Hunc
976 2375 1272 2443 episcopus
1304 2374 1371 2426 ad
1405 2390 1461 2426 se
1491 2379 1754 2426 vocatum
1789 2372 1854 2411 ¹⁵⁹

146 2463 368 2531 rogavit
401 2459 486 2527 ¹⁶⁰,
522 2467 604 2527 ut,
639 2461 684 2514 si
732 2462 858 2514 ﬁeri
912 2467 1118 2531 posset,
1173 2477 1296 2514 rem
1351 2461 1516 2513 istam
1573 2463 1694 2514 sine
1751 2463 1855 2515 hu-

147 2567 319 2603 mano
366 2551 642 2619 sanguine
704 2549 860 2602 ﬁniri
905 2550 1217 2619 adjuvaret.
1270 2549 1376 2612 Qui
1434 2566 1491 2602 se
1533 2550 1654 2617 ejus
1694 2551 1853 2618 jussa

150 2640 436 2692 facturum
496 2638 835 2708 promittens
891 2639 1167 2703 discessit,
1210 2638 1644 2707 convocatisque
1704 2638 1849 2698 aliis,

151 2727 303 2796 quod
344 2727 537 2779 animo
588 2727 787 2780 habuit
841 2724 932 2792 '5‘,
967 2727 1134 2778 tacite
1167 2725 1408 2795 aperuit.
1452 2726 1663 2778 Deinde
1692 2741 1854 2778 mon-

149 2822 264 2868 tem
338 2816 410 2868 ad
471 2815 890 2868 ascendentium
947 2814 1496 2884 periculosissimum
1537 2830 1664 2866 cum
1738 2815 1854 2867 suis

152 2903 408 2956 maximo
438 2905 630 2956 labore
685 2920 748 2956 ac
775 2904 979 2956 sudore
1014 2919 1128 2955 non
1183 2903 1434 2971 segniter
1477 2903 1748 2967 ascendit,
1801 2907 1855 2955 et

151 2992 448 3045 inimicam
477 2990 544 3032 ι⁶²
596 3008 826 3044 manum
859 2993 1002 3044 clam
1053 2991 1327 3044 circuivit.
1393 2992 1586 3060 Itaque
1643 2991 1854 3055 hostes,

152 3079 285 3132 visis
341 3080 554 3132 nostris
594 3085 649 3131 et
706 3079 954 3131 mirabili
998 3095 1194 3131 eorum
1244 3079 1490 3131 adventu
1545 3078 1852 3147 perterriti,

151 3168 349 3219 animo
381 3167 640 3220 dissoluti
672 3173 822 3230 sunt,
849 3184 911 3219 ac
941 3167 1259 3237 praecipites
1288 3183 1345 3218 se
1379 3166 1526 3235 fugae
1554 3165 1852 3219 dederunt.

150 3255 339 3307 Nostri
394 3255 778 3324 insequentes,
813 3259 897 3307 tot
941 3256 998 3307 in
1057 3271 1122 3306 ea
1170 3254 1304 3323 fuga
1372 3258 1741 3323 peremerunt
1793 3270 1856 3306 ac

150 3347 566 3395 truncaverunt
617 3349 759 3412 quot
802 3342 869 3376 ¹⁶³
912 3343 1182 3412 consequi
1240 3346 1572 3411 potuerunt.
1625 3342 1699 3394 Ex
1749 3342 1856 3395 hac

152 3431 306 3483 cmde
365 3432 666 3500 episcopus
734 3435 799 3470 1“
852 3431 1243 3496 conturbatus,
1294 3430 1556 3483 lacrimas
1602 3430 1750 3483 fudit
1799 3435 1855 3482 et

151 3521 521 3573 Thiemarum
555 3521 798 3572 multum
833 3518 903 3553 ¹⁶⁵
941 3535 1039 3588 pro
1068 3519 1172 3572 hac
1223 3535 1280 3570 re
1319 3519 1527 3588 arguit,
1588 3517 1851 3570 tandem-

151 3624 263 3678 que
289 3624 406 3661 non
439 3623 651 3676 paucos
674 3608 937 3660 denarios
960 3607 1121 3676 quasi
1151 3623 1254 3676 pro
1285 3606 1609 3676 expiatione
1637 3606 1852 3658 civibus

147 3697 395 3750 remisit.
436 3697 632 3766 Itaque
669 3693 759 3762 “5°,
791 3696 887 3749 Dei
919 3695 1109 3765 gratia
1158 3697 1480 3764 adjuvante,
1517 3695 1576 3747 in
1604 3695 1849 3765 patriam

118 3803 124 3810 ·
149 3786 368 3839 reversi
398 3790 548 3838 sunt.

222 3878 255 3928 9
291 3872 380 3926 ‘57.
440 3875 660 3926 Interea
703 3872 999 3927 IIeinricus
1056 3870 1125 3905 ¹⁶⁸
1181 3873 1525 3924 Bavarorum
1571 3870 1703 3935 dux,
1748 3887 1852 3924 un-

150 3964 326 4033 dique
384 3962 634 4015 collectis
714 3961 950 4025 viribus,
1014 3961 1391 4013 Wormaciam
1462 3960 1618 4013 venit
1692 3961 1845 4028 (Mai.

149 4056 328 4115 Jun),
387 4055 445 4104 et
499 4055 558 4102 ut
587 4053 807 4118 sceptra
860 4047 928 4082 ¹⁶⁹
961 4049 1122 4118 regni
1163 4047 1504 4118 acquireret,
1565 4063 1682 4099 non
1726 4063 1849 4099 mo-

151 4141 351 4193 dicum
387 4137 684 4191 laboravit.
731 4137 928 4207 Ibique
961 4135 1030 4172 ¹⁷⁰
1082 4152 1212 4190 cum
1252 4136 1516 4206 episcopo
1567 4135 1850 4204 Mogunti-

1967 520 2156 575 silium
2188 521 2333 574 iniit.
2381 521 2557 590 Igitur
2611 538 2838 576 causam
2882 523 3157 577 adventus
3210 524 3297 577 sui
3354 525 3466 577 illis
3498 543 3668 597 expo-

1968 608 2070 662 nit.
2116 610 2328 663 Deinde
2379 609 2574 662 omnia
2619 626 2747 679 qute
2794 611 3130 675 voluissent,
3183 612 3228 665 si
3285 613 3565 667 voluntati
3600 613 3669 655 ¹⁷²

1967 699 2377 764 consentirent,
2459 715 2516 752 se
2583 697 2869 752 facturum
2953 701 3235 768 promisit.
3319 703 3668 758 Promiserat

1967 786 2122 837 enim
2144 801 2202 838 se
2253 786 2534 839 munitam
2587 787 2822 840 domum
2857 787 3078 840 Ottonis
3126 786 3194 822 ¹⁷³
3252 790 3670 859 acquisiturum

1966 879 2023 926 et
2046 873 2105 925 in
2128 879 2468 942 potestatem
2517 875 2771 944 episcopi
2804 877 3236 930 Wormaciensis
3269 878 3660 945 redditurum;

1966 961 2157 1032 sicque
2186 963 2367 1016 multa
2420 963 2610 1018 dando
2657 969 2712 1016 et
2742 966 3149 1034 promittendo,
3200 967 3270 1020 ad
3315 968 3664 1022 voluntatem

1965 1052 2260 1104 sententias
2290 1067 2405 1104 suae
2461 1051 2566 1104 hos
2623 1052 2768 1104 viros
2808 1054 3092 1121 perduxit.
3161 1056 3373 1109 Deinde
3433 1058 3665 1126 Mogun-

1965 1137 2099 1190 tiam
2133 1155 2264 1192 cum
2318 1139 2430 1192 illis
2477 1138 2631 1192 venit
2673 1142 2818 1208 (Jun.
2879 1140 2958 1206 6),
3019 1141 3215 1212 ibique
3281 1143 3659 1200 collaudanti-

1964 1223 2072 1277 bus
2103 1227 2168 1264 ττι
2198 1227 2415 1280 cunctis
2471 1227 2570 1296 qui
2623 1228 2878 1293 aderant,
2930 1236 3223 1299 sceptrum
3252 1229 3321 1269 1⁷⁵
3350 1234 3516 1302 regni
3576 1251 3664 1287 ac-

1965 1313 2135 1381 cepit.
2168 1314 2275 1366 Ubi
2316 1331 2448 1367 vero
2510 1315 2805 1369 Heinricus
2856 1315 2924 1350 ¹⁷⁵
2979 1318 3038 1370 in
3097 1320 3306 1373 solium
3362 1321 3523 1390 regni
3580 1327 3667 1375 est

1965 1402 2242 1454 exaltatus
2277 1404 2363 1469 177,
2398 1403 2760 1456 Burchardus
2793 1404 3093 1473 episcopus
3128 1405 3194 1445 I73
3243 1423 3361 1460 suae
3404 1425 3519 1462 non
3561 1409 3667 1462 im-

1967 1503 2186 1541 memor
2215 1489 2636 1558 promissionis,
2671 1491 2763 1544 die
2793 1497 3080 1561 noctuque
3111 1493 3184 1546 ob
3234 1490 3302 1535 179
3342 1495 3661 1549 libertatem

1964 1592 2078 1628 suae
2112 1577 2352 1630 civitatis
2408 1593 2605 1648 regem
2636 1579 2988 1632 incessanter
3036 1580 3350 1634 admonuit.
3414 1584 3662 1636 Tandem

1967 1680 2096 1717 vero
2132 1663 2200 1700 ¹⁸⁰
2256 1681 2350 1718 rex
2400 1665 2666 1720 Ottonem
2715 1667 2917 1720 ducem
2974 1667 3042 1720 ad
3073 1685 3130 1721 se
3178 1685 3402 1732 vocans,
3463 1671 3532 1724 de
3577 1673 3664 1725 his

1967 1752 2136 1805 rebus
2192 1753 2535 1808 sententiam
2583 1770 2714 1807 cum
2763 1770 2829 1807 eo
2866 1755 3086 1818 habuit,
3118 1773 3181 1809 ac
3237 1758 3491 1811 studium
3549 1775 3667 1813 suae

1964 1842 2274 1894 voluntatis
2305 1843 2532 1911 aperuit
2562 1840 2648 1894 ‘3'.
2680 1843 2808 1906 Qui,
2837 1848 2900 1896 ut
2930 1849 3052 1896 erat
3072 1844 3159 1896 vir
3182 1845 3455 1914 prudens,
3493 1847 3572 1899 sic
3595 1846 3671 1886 1"

1965 1931 2280 2000 prudenter
2333 1930 2669 2000 respondit:
2733 1950 2760 1979 (ι
2798 1933 2983 1996 Pater,
3056 1932 3160 1985 etsi
3213 1949 3334 1986 rem
3390 1936 3668 2003 grandem

1966 2019 2107 2072 mihi
2160 2019 2416 2084 dixisses,
2463 2024 2613 2071 certe
2668 2016 2740 2055 1⁸³
2793 2020 2975 2072 facere
3035 2021 3341 2075 voluissem
3400 2022 3487 2075 ⁸⁸³.
3551 2025 3669 2077 Hoc

1965 2113 2156 2159 autem
2177 2113 2232 2160 te
2262 2123 2364 2176 pro
2395 2113 2550 2160 certo
2582 2106 2723 2160 scire
2781 2108 2969 2176 cupio,
3002 2109 3148 2177 quod
3211 2125 3314 2177 pro
3376 2111 3464 2163 his
3499 2113 3667 2164 rebus

1963 2194 2023 2248 in
2050 2201 2261 2248 zeterno
2295 2194 2393 2248 Dei
2425 2211 2602 2265 regno
2660 2195 2979 2248 mercedem
3027 2198 3437 2266 sempiternam
3480 2204 3666 2253 tecum

1965 2299 2056 2335 me
2087 2283 2420 2336 habiturum
2470 2281 2716 2335 lirmiter
2769 2298 3020 2350 spero.»
3061 2284 3186 2336 Istis
3239 2285 3440 2355 hisque
3507 2288 3664 2340 simi-

1964 2372 2114 2424 libus
2144 2372 2440 2424 sententiis
2484 2369 2549 2410 ιεα
2604 2371 2712 2424 ista
2768 2378 2853 2424 est
2918 2373 3079 2426 ﬁnita
3135 2372 3223 2442 ‘35,
3282 2380 3337 2427 et
3401 2378 3665 2445 quaedam

1963 2460 2097 2512 villa
2145 2476 2272 2530 quae
2303 2460 2508 2514 dicitur
2542 2461 2868 2513 Bruchsella
2909 2461 3019 2527 (14)
3079 2478 3208 2515 cum
3263 2465 3528 2517 omnibus
3565 2468 3667 2519 uti-

1963 2549 2218 2601 litatibus
2253 2556 2308 2602 et
2367 2550 2714 2619 appenditiis
2760 2566 2862 2619 pro
2893 2550 2996 2604 hac
3046 2551 3217 2604 domo
3266 2553 3322 2605 in
3351 2561 3666 2608 commuta-

1964 2637 2179 2690 tionem
2213 2637 2342 2691 duci
2374 2638 2578 2692 tradita
2624 2642 2707 2691 est
2752 2639 2981 2705 (Octob.)
3014 2679 3025 2690 .
3087 2641 3169 2692 Ita
3233 2657 3461 2711 quoque
3513 2645 3665 2697 Wor-

1966 2725 2145 2777 macia
2181 2725 2380 2795 iniquo
2411 2725 2641 2778 servitio
2689 2726 2784 2778 diu
2821 2725 3050 2780 subacta
3092 2727 3198 2794 piis
3227 2729 3475 2800 episcopi
3513 2731 3666 2785 labo-

1966 2813 2122 2865 ribus
2152 2814 2387 2866 liberata
2417 2819 2500 2866 est
2547 2815 2675 2880 (15).
2715 2815 2858 2883 Ergo
2916 2812 2983 2846 ’⁸⁵
3036 2816 3233 2868 eadem
3267 2817 3356 2869 die
3389 2834 3501 2888 qua
3555 2821 3666 2874 dux

1963 2901 2031 2953 de
2065 2901 2168 2954 hac
2201 2903 2515 2954 munitione
2542 2899 2609 2936 ¹⁸⁷
2654 2902 2925 2968 discessit,
2980 2904 3282 2973 episcopus
3310 2907 3503 2958 multis
3540 2911 3667 2974 icon

1888 2990 1927 3043 C
1965 2989 2215 3057 gregatis
2249 2991 2509 3042 eamdem
2542 2989 2776 3042 domum
2814 2987 2883 3023 ¹⁸⁸
2904 2991 3044 3043 duce
3073 2991 3412 3060 inspiciente
3437 2994 3663 3062 invasit,

1968 3081 2024 3130 et
2095 3093 2274 3147 usque
2337 3078 2404 3130 ad
2474 3078 2919 3131 fundamentum
2968 3078 3130 3132 avida
3195 3097 3369 3134 manu
3426 3084 3663 3138 omnino

1963 3165 2241 3218 destruxit
2297 3164 2385 3219 1⁸9.
2442 3165 2653 3220 Deinde
2711 3183 2942 3236 quoque
3008 3183 3139 3221 cum
3178 3170 3376 3223 eadem
3427 3173 3665 3227 materia

1963 3253 2295 3323 eisdemque
2321 3254 2608 3323 lapidibus
2632 3255 3047 3309 monasterium
3074 3262 3129 3309 et
3157 3257 3467 3310 claustrum
3489 3259 3548 3311 in
3568 3259 3664 3313 ho-

1964 3357 2166 3396 norem
2195 3342 2375 3396 sancti
2402 3342 2559 3395 Pauli
2588 3343 2924 3409 construxit,
2952 3344 3292 3413 consignans
3323 3347 3427 3399 hoc
3447 3348 3614 3401 titulo
3644 3367 3656 3402 :

1961 3430 2258 3483 ecclesiam
2290 3430 2362 3483 ob
2410 3431 2736 3484 libertatem
2783 3432 3044 3485 civitatis.
3083 3434 3229 3502 Ergo
3272 3436 3489 3488 cunctis
3531 3453 3660 3506 quas

1962 3520 2031 3571 ad
2063 3518 2394 3571 canonicam
2426 3519 2682 3587 regulam
2717 3520 3083 3588 pertinebant
3136 3521 3552 3577 rationabiliter
3583 3525 3662 3578 ibi

1960 3606 2289 3674 compositis
2320 3606 2521 3674 viginti
2546 3607 2748 3659 fratres
2786 3607 2885 3676 qui
2915 3623 3147 3660 cursum
3194 3611 3362 3662 certis
3389 3613 3662 3681 tempori-

1963 3693 2067 3746 bus
2098 3709 2162 3746 ac
2192 3694 2367 3762 signis
2399 3701 2822 3759 conservarent,
2851 3694 3065 3748 ibidem
3109 3696 3357 3750 instituit
3402 3701 3532 3768 (l6).
3568 3701 3662 3754 His

1960 3782 2142 3835 modis
2170 3782 2256 3834 vir
2288 3782 2386 3834 Dei
2419 3783 2656 3835 domum
2685 3783 3020 3851 belligeram
3062 3785 3456 3838 mutaveratin
3497 3787 3659 3840 Chri-

1960 3871 2030 3923 sti
2049 3870 2363 3936 ecclesiam,
2401 3875 2456 3923 et
2503 3886 2632 3939 qua).
2664 3875 2788 3922 erat
2841 3871 3047 3923 domus
3103 3872 3487 3926 contentionis
3515 3874 3661 3929 facta

1959 3963 2042 4011 est
2077 3957 2281 4011 domus
2327 3957 2824 4022 reconciliationis,
2861 3974 2976 4028 qua
3020 3957 3092 3991 ¹⁹⁰
3136 3960 3251 4013 Deo
3285 3967 3478 4014 nostro
3535 3964 3658 4016 lau-

1959 4047 2058 4101 des
2085 4051 2140 4099 et
2160 4045 2222 4086 1‘“
2260 4046 2571 4115 gratiarum
2607 4047 2856 4100 actiones
2907 4047 2998 4101 die
3023 4053 3309 4118 noctuque
3341 4050 3656 4106 solvuntur.

2032 4138 2113 4188 10.
2163 4136 2425 4189 Forestus
2483 4135 2621 4189 silva
2678 4133 2746 4171 ¹⁹¹
2800 4140 2883 4190 est
2930 4135 3151 4190 duobus
3192 4137 3660 4194 miliaribusma

1579 4214 1806 4266 VARIIE
1845 4213 2239 4267 LECTIONES.

224 4288 296 4323 ⁸⁸⁵
364 4286 676 4340 tussaniam
737 4289 786 4338 1.

153 4359 362 4411 urbem
447 4358 654 4410 Deluca
721 4359 774 4409 2.

863 4285 1179 4354 justamani
1243 4285 1326 4337 vel
1388 4285 1676 4354 nstamani
1735 4287 1785 4338 2.

872 4352 940 4393 “9
1003 4356 1148 4409 deest
1215 4358 1268 4408 2.
1345 4352 1413 4388 ¹⁵⁰
1472 4354 1618 4408 deest
1683 4358 1732 4407 2.

153 4434 414 4481 tarentur
473 4429 526 4479 2.
605 4425 673 4463 1⁵⁵
736 4432 792 4479 et
854 4442 904 4479 v.
979 4432 1032 4479 et
1090 4443 1141 4479 ο.
1199 4424 1401 4492 2.,¹⁵⁶
1457 4425 1602 4478 deest
1661 4429 1711 4478 2.

149 4503 324 4552 cati.
431 4497 499 4539 ι⁶⁰
537 4503 698 4566 rogat
742 4500 794 4550 2.
901 4494 964 4535 ¹⁶¹
1034 4496 1278 4549 habebat
1337 4498 1388 4549 2.
1498 4496 1575 4566 “‘f
1624 4495 1682 4547 in
1741 4495 1777 4548 i.
1812 4498 1862 4547 2.

150 4575 245 4623 tus
301 4572 356 4621 2.
468 4566 537 4610 1⁸⁵
606 4563 849 4622 militem
922 4567 1314 4636 supradictum
1353 4569 1405 4619 2.
1511 4563 1582 4607 15°
1631 4567 1715 4618 Ita
1771 4581 2014 4636 quoque
2062 4563 2114 4618 1.

149 4644 382 4692 sanctus
448 4639 814 4691 Wormatiam
863 4634 1018 4690 venit
1081 4644 1139 4690 et
1196 4637 1266 4690 de
1334 4636 1735 4689 sublimatione
1790 4634 1920 4704 ejus
2003 4634 2062 4688 in
2135 4635 2569 4704 imperatorem,
2636 4642 2686 4688 et
2750 4639 2825 4691 sic

149 4712 358 4742 ntinno
403 4710 570 4742 {autin
627 4711 898 4742 "anu-Enna
997 4705 1067 4742 168
1108 4708 1373 4742 luant-inn:
1409 4710 1425 4742 Ι
1492 4710 1521 4742 ς)
1578 4722 1782 4742 comnot-
1814 4710 1830 4742 4
1944 4703 2013 4740 169
2053 4722 2274 4742 cnme
2309 4722 2333 4742 ι·
2390 4705 2674 4742 ρτῖιιιιηηοηὶ
2715 4709 2746 4742 ε)

783 4711 918 4761 icus.
997 4708 1067 4742 ¹⁶⁸
1108 4708 1374 4760 henricus
1409 4710 1454 4759 1.
1492 4710 1542 4759 2.
1574 4722 1782 4775 semper
1814 4710 1862 4759 1.
1944 4708 2013 4740 ¹⁶⁹
2053 4722 2280 4759 summa
2309 4722 2351 4757 r.
2389 4708 2608 4758 adhaere

780 4776 848 4817 1⁷³
910 4777 973 4831 Ο.
1024 4777 1345 4848 supradict_i_
1385 4777 1567 4841 ducis,
1613 4777 1901 4848 quam__in
1925 4776 2520 4848 Wormatiahabebat
2557 4777 2608 4828 2.

455 4847 520 4885 ¹⁷⁶
541 4852 601 4902 Η.
627 4850 941 4918 imperator
971 4844 1149 4901 factus
1170 4851 1232 4918 Δ2.
1281 4844 1345 4918 ι7⁷
1370 4844 1710 4901 elevatus—2.
1750 4844 1841 4918 _‘78
1871 4863 1926 4899 e.
1988 4847 2418 4918 Wormatiensis
2456 4862 2510 4918 a_.
2545 4848 2594 4898 2.

1727 4916 1798 4958 1⁸⁸
1827 4917 2103 4986 exemplis
2129 4919 2180 4971 2.

147 4712 358 4764 Ottone
403 4710 590 4773 tertio,
627 4711 918 4762 Henricus.

153 4786 198 4832 1.
283 4778 355 4818 ¹τ²
387 4797 439 4832 v.
485 4795 602 4832 suae
651 4783 701 4832 2.

145 4852 279 4905 dem
319 4854 372 4903 2.

147 4925 196 4974 2.
279 4920 345 4961 ιε’
399 4920 545 4973 illia
583 4922 635 4972 2.
711 4914 782 4957 ἶ⁸²
831 4919 974 4972 deest
1013 4921 1064 4972 2.
1145 4914 1215 4958 ’⁸³
1238 4917 1561 4970 debuissem
1592 4920 1643 4970 2.

1883 4282 1950 4318 166

1813 4352 1877 4389 ¹⁵¹
1911 4355 1976 4407 Et
2030 4357 2082 4406 2.

1796 4422 1863 4457 ¹⁵⁷
1928 4426 2228 4478 'I‘remarus
2275 4428 2326 4478 2.
2383 4431 2433 4478 et
2487 4427 2661 4491 infra.

1944 4703 2013 4740 ¹⁶⁹
2053 4703 2280 4759 summa
2309 4722 2351 4757 r.
2389 4705 2678 4758 adhaereat
2715 4709 2774 4758 2.

3331 4284 3404 4320 ius
3475 4286 3655 4350 Quam

2776 4354 2843 4428 if”
2908 4357 3214 4428 turbantur
3269 4360 3324 4410 2.
3428 4355 3512 4428 ¹⁵Ῠη
3559 4376 3659 4428 Pu’

2740 4425 2808 4462 ¹⁸⁸
2848 4427 3246 4480 ornatissimus
3307 4431 3353 4481 1.
3455 4426 3516 4465 ¹⁵⁹
3558 4425 3654 4482 vo-

1977 4497 2043 4529 ¹⁶³
2075 4495 2227 4564 quod
2273 4498 2315 4564 t.
2415 4493 2484 4532 1⁵⁸
2549 4496 2886 4548 venerabilis
2949 4513 2998 4550 e.
3067 4498 3422 4551 Burchardus
3468 4500 3657 4553 turba-

2228 4563 2297 4597 ¹⁶⁷
2357 4568 2412 4616 2.
2471 4565 2601 4618 add.
2640 4567 2862 4620 rubrum
2911 4583 2922 4620 :
3002 4568 3302 4630 Quomodo
3361 4568 3654 4624 Heinricus

2930 4640 3070 4710 ergit
3106 4654 3118 4691 :
3200 4640 3417 4692 Mortuo
3459 4641 3653 4710 itaque

2860 4707 2937 4740 ¹⁷⁰
2960 4709 3044 4760 lbi
3069 4725 3297 4778 quoque
3341 4713 3388 4763 1.
3471 4707 3654 4763 ¹⁷¹·”ἱὶε

2689 4773 2757 4810 ¹⁷⁴
2781 4793 2912 4830 eum
2942 4773 3307 4832 laudantibus
3328 4782 3380 4832 2.
3464 4778 3533 4812 ¹⁷⁵
3566 4797 3652 4833 se-

2677 4843 2744 4882 197
2812 4847 2881 4900 ad
2915 4851 2965 4900 2.
3038 4846 3108 4889 ¹⁸⁰
3168 4851 3236 4902 Et
3291 4849 3371 4901 sic
3421 4850 3652 4903 tandem

2263 4916 2344 4989 13?
2377 4917 2455 4969 ita
2485 4915 2522 4969 f.
2552 4920 2648 4989 est
2686 4917 2785 4989 tali
2830 4917 3019 4970 modo.
3071 4918 3343 4981 Quasdam
3403 4935 3652 4989 namque

2024 4283 2486 4352 pertransierunt
2555 4286 2610 4338 2.
2676 4283 2744 4323 1’"
2827 4293 3106 4340 venerunt
3170 4287 3221 4340 2.

2164 4353 2232 4391 ¹⁵²
2311 4371 2360 4407 v.
2431 4359 2586 4408 tanta
2640 4357 2693 4409 2.

149 5009 195 5041 v.
228 5007 361 5045 cum
395 5008 450 5042 ο.
485 5007 542 5043 u'
577 4995 634 5043 et
658 5007 708 5042 a.
739 5006 843 5058 pro
864 4995 1047 5042 castro
1070 4989 1228 5041 ducis
1263 4988 1508 5040 Conradi
1549 4987 1608 5039 in
1636 4987 1946 5042 Wormatia
1990 5003 2090 5056 pro
2125 4989 2180 5041 h.
2233 4988 2288 5040 d.
2333 4987 2390 5040 in
2421 4987 2710 5040 cambium
2750 4988 2805 5040 d.
2838 4993 2877 5040 t.
2911 4993 2996 5041 est
3019 5004 3167 5058 quae
3201 4988 3408 5041 dicitur
3439 4987 3651 5044 Bruch-

145 5064 284 5115 sella
333 5062 563 5128 Reliqua
603 5057 825 5124 desunt;
857 5062 1132 5126 sequitur;
1175 5074 1298 5112 vero
1341 5059 1549 5128 rubra:
1607 5058 1900 5121 Quomodo
1959 5058 2659 5128 episcopusBurchardus
2700 5057 3274 5128 castrumddestruxit
3323 5063 3379 5111 et
3436 5060 3652 5116 ibidem

145 5127 478 5186 ecclesiam,
507 5131 684 5183 sancti
746 5130 901 5184 Pauli
951 5129 1270 5183 aediﬁcavit.
1351 5127 1418 5163 ¹⁸⁶
1451 5129 1629 5197 Igitur
1653 5132 1704 5182 2.

1786 5127 1850 5164 ¹⁸⁷
1893 5128 1963 5181 de
1997 5126 2079 5181 7m.
2115 5126 2215 5181 sua
2247 5127 2362 5181 sive
2401 5128 2469 5180 de
2491 5133 2675 5181 castro
2710 5129 2766 5182 d.
2818 5133 2877 5182 2.
2929 5126 2996 5163 138
3029 5129 3084 5181 d.
3127 5129 3242 5181 sive
3293 5135 3542 5185 castrum
3593 5135 3645 5187 2.

151 5201 220 5235 ‘89
256 5204 312 5254 d.
345 5219 415 5255 ne
457 5203 698 5271 amplius
727 5201 943 5254 civibus
995 5201 1053 5253 in
1087 5201 1377 5270 laqueum.
1442 5196 1657 5253 Dehinc
1695 5199 1764 5254 de
1823 5199 2022 5253 eadem
2052 5202 2105 5252 2.
2143 5197 2215 5232 ¹⁹⁰
2272 5214 2328 5269 q.
2365 5198 2534 5252 modo
2569 5199 2623 5251 d.
2689 5199 2728 5252 l.
2777 5202 2830 5253 2.
2888 5196 2951 5232 ‘9'
2986 5203 3042 5252 et
3096 5214 3157 5269 ε.
3225 5215 3258 5253 o
3316 5200 3545 5269 desunt;
3595 5206 3646 5256 2.

1794 5337 2022 5394 NOTIE.

151 5272 220 5306 ‘9’
251 5289 368 5326 una
398 5275 451 5325 2.
495 5270 570 5305 '93
597 5272 848 5325 millibus
877 5274 930 5325 2.

216 5423 233 5482 (δ
246 5418 260 5466 1
275 5413 325 5476 4)
362 5412 645 5466 Bruchsal.

220 5480 336 5550 (15)
383 5485 444 5539 V.
514 5481 762 5536 Heinrici
830 5480 1085 5551 diploma
1131 5483 1184 5535 d.
1219 5481 1336 5543 Oct,
1371 5484 1399 5533 3
1457 5496 1506 5532 a.
1547 5482 1700 5545 1002,
1748 5496 1840 5549 ap.

145 5554 436 5608 Schannat
465 5554 606 5608 Hist.
645 5553 855 5606 Worm.
911 5551 984 5620 II,
1034 5569 1089 5622 p.
1127 5556 1221 5617 35;
1257 5558 1314 5604 et
1365 5553 1435 5604 cf.
1478 5567 1605 5621 quae
1639 5551 1708 5605 de
1739 5551 1846 5605 hac

1952 5410 2214 5462 libertate
2243 5408 2603 5464 Thietmarus
2634 5410 2786 5464 canit
2815 5427 2865 5463 v.
2909 5408 3009 5463 ﬁn.

2023 5480 2136 5545 (16)
2175 5480 2294 5552 in.
2345 5480 2567 5535 chartas
2627 5481 2936 5535 Burchardi
2991 5497 3080 5552 ap.
3127 5481 3412 5538 Schannat
3459 5484 3496 5539 l.
3577 5489 3648 5552 1.,

1951 5567 2008 5620 Ρ.
2043 5552 2132 5616 41,
2161 5551 2250 5605 42.
