4022 6190
429 288 532 340 519
1449 279 1917 338 BURCHARDUS
1957 277 2496 336 WORMACIENSIS
2537 277 2937 334 EPISCOPUS.
3805 287 3892 338 520

429 400 748 457 Wormacia
803 400 1039 466 distans,
1118 399 1397 457 abietibus
1466 400 1785 466 abundans,
1853 405 1911 453 et
1982 399 2130 452 hanc
2170 403 2213 454 Α
2246 414 2404 453 rores
2497 396 2660 468 quasi
2745 412 2862 451 uno
2957 412 3056 450 ore
3146 395 3475 468 episcopum
3567 398 3894 471 deprecantes

426 491 592 560 palus
637 491 839 544 limosa
867 507 932 544 ex
994 506 1106 544 una
1138 495 1296 560 parte
1347 488 1650 542 ambiendo
1709 487 2126 558 circumcingit.
2243 492 2414 541 orant
2437 485 2534 554 ³³⁸,
2561 491 2623 540 ut
2661 485 2847 540 eidem
2887 485 3072 539 sorori
3106 502 3222 539 sua:
3267 485 3550 540 abbatiam
3597 487 3806 544 donaret
3851 499 3897 548 et

428 580 490 634 In
523 579 686 648 cujus
735 578 1038 632 medietate
1059 578 1215 632 collis
1262 577 1680 648 pulcherrimus
1733 575 2012 642 consistit,
2059 575 2131 629 ad
2242 591 2438 630 curam
2468 591 2562 628 eas
2591 574 2948 628 custodiendi
2996 574 3376 628 committeret
3421 575 3514 628 “7.
3568 575 3658 629 Vir
3701 594 3896 650 quoque

428 683 602 738 quem
640 667 726 720 vir
781 666 881 720 Dei
935 683 994 719 se
1063 665 1356 720 transferri
1410 664 1682 736 praecepit
1721 663 1817 730 ‘9‘;
1876 668 1932 718 et
1993 663 2132 734 quia
2241 663 2584 718 venerabilis
2633 678 2832 716 earum
2875 660 2951 695 ³³⁸
2997 661 3365 732 petitionibus
3421 663 3780 732 consentiens,
3828 684 3899 722 so-

425 755 746 811 mundanos
793 755 1075 808 tumultus
1130 754 1380 808 devitare
1436 754 1630 817 voluit,
1705 752 2007 807 arboribus
2065 748 2131 788 '9‘
2245 767 2433 805 rorem
2459 767 2625 805 suam
2663 749 2735 804 ad
2780 767 2836 804 se
2897 750 3136 812 vocavit,
3177 767 3240 803 ac
3295 749 3531 803 diversis
3572 750 3901 810 circumlocu-

429 844 843 914 fruticibusque
883 843 1115 897 succisis
1149 840 1246 909 “’6,
1278 843 1480 897 collem
1521 843 1872 913 explanavit;
1933 841 2130 911 ibique
2241 839 2496 894 tionibus
2523 839 2683 892 illam
2713 840 3045 902 exhortans,
3093 838 3320 892 tandem
3353 837 3434 891 sic
3467 838 3546 891 ait
3576 851 3588 893 :
3626 861 3647 887 ι
3684 840 3900 895 Dilectis-

435 932 503 968 ¹⁹⁷
528 934 776 1005 primum
807 933 938 986 fecit
966 929 1037 965 ¹⁹⁸
1082 932 1417 999 oratorium,
1467 932 1673 987 deinde
1714 929 1786 966 ¹⁹⁹
1827 931 1955 985 aliis
2003 929 2126 984 offi-
2239 928 2407 990 sima,
2487 927 2696 999 inquit,
2769 943 2929 982 soror
3019 943 3166 993 mea,
3243 927 3401 981 vides
3446 943 3536 981 res
3593 929 3898 997 mundanas,

431 1021 574 1076 cinis
601 1020 858 1092 peractis,
893 1021 1092 1074 cellam
1125 1021 1414 1090 egregiam
1441 1020 1779 1076 construxit.
1817 1019 1937 1074 Illic
1968 1034 2026 1072 se
2055 1016 2132 1054 ²⁰⁰
2239 1033 2414 1088 quam
2487 1017 2718 1086 fragiles
2769 1032 2832 1070 ac
2897 1016 3250 1070 defectibiles
3325 1019 3481 1080 sunt,
3534 1031 3698 1086 quam
3743 1019 3900 1086 plenae

431 1115 562 1180 post
589 1109 830 1163 concilia
856 1108 1140 1179 jregiaque
1187 1109 1474 1179 colloquia
1513 1113 1569 1162 et
1609 1112 1739 1178 post
1795 1123 1988 1161 curam
2035 1123 2128 1176 sy-
2239 1105 2398 1159 omni
2443 1104 2750 1174 iniquitate
2792 1105 3128 1158 consistunt.
3186 1105 3329 1158 Nam
3382 1119 3591 1157 aurum
3637 1109 3689 1158 et
3734 1103 3800 1138 ²²⁹
3827 1124 3899 1160 ar-

436 1197 697 1253 nodalem
739 1197 1107 1267 diversosque
1145 1197 1347 1251 mundi
1391 1196 1662 1266 strepitus
1690 1199 1999 1266 {receperat
2027 1193 2130 1262 ²⁰¹;
2239 1199 2476 1264 gentum
2512 1193 2838 1264 lapidesque
2868 1190 2964 1258 ’30,
3000 1193 3098 1264 qui
3173 1191 3340 1246 nobis
3379 1191 3647 1246 videntur
3673 1194 3895 1262 preciosi,

433 1285 628 1356 ibique
660 1283 733 1319 ²⁰²
773 1285 1025 1355 negociis
1083 1284 1433 1338 secularibus
1489 1289 1618 1356 post
1673 1289 1897 1354 tergum
1942 1283 2130 1354 proje-
2240 1281 2380 1352 quid
2401 1281 2556 1335 aliud
2578 1296 2753 1352 quam
2783 1281 2978 1334 sordes
3007 1284 3414 1349 computantur
3441 1279 3590 1349 apud
3639 1280 3799 1334 Deum
3823 1279 3892 1335 ²³¹.

431 1375 534 1428 ctis
561 1371 655 1440 ²⁰³,
683 1375 817 1427 totis
868 1373 1082 1426 viribus
1127 1373 1184 1426 in
1246 1371 1522 1444 obsequio
1579 1372 1678 1426 Dei
1722 1372 1989 1426 studebat
2031 1369 2124 1425 ’0‘.
2241 1369 2397 1423 Nihil
2426 1369 2486 1422 in
2514 1369 2602 1423 his
2632 1369 2784 1422 aliud
2833 1368 3058 1438 agimus
3087 1369 3182 1434 ²³²,
3227 1368 3346 1422 nisi
3392 1368 3701 1439 cupiditate
3744 1385 3894 1424 rerum

433 1463 642 1516 Eodem
691 1460 905 1531 quippe
938 1458 1012 1494 ²⁰³
1054 1465 1312 1531 tempore
1351 1461 1411 1513 in
1459 1460 1787 1514 collectario
1833 1458 1909 1493 ²⁰⁶
1955 1476 2127 1513 cauo-
2237 1458 2649 1528 temporalium
2695 1455 2765 1492 ³³³
2823 1458 3059 1510 miseras
3104 1457 3324 1511 animas
3385 1456 3717 1527 decipimus.
3773 1458 3895 1522 Quo-

432 1565 570 1602 num
624 1549 680 1600 in
722 1548 827 1601 hac
875 1547 1014 1600 cella
1065 1543 1138 1579 ²⁰⁷
1205 1563 1320 1600 non
1370 1547 1658 1599 modicum
1710 1546 1990 1599 laboravit
2055 1544 2129 1579 ²⁰⁸
2238 1561 2485 1617 cumque
2527 1548 2682 1600 enim
2707 1545 3028 1616 gradimur,
3053 1545 3253 1600 mortis
3281 1545 3489 1599 umbra
3522 1561 3625 1598 nos
3653 1548 3892 1616 sequitur;

431 1636 572 1689 Nam
625 1633 698 1669 ²⁰⁹
763 1635 996 1689 domino
1061 1634 1330 1688 Walterio
1405 1631 1480 1669 ²ι⁰
1543 1633 1797 1704 Spirensi
1857 1634 2126 1705 episcopo
2165 1677 2206 1732 Β
2242 1638 2299 1688 et
2319 1635 2418 1705 qui
2449 1635 2723 1688 securiter
2765 1635 2838 1670 ’³⁸
2895 1634 3064 1688 hodie
3115 1633 3176 1688 in
3220 1634 3438 1687 deliciis
3497 1633 3654 1697 vivit,
3696 1635 3892 1687 erasin-

430 1723 735 1793 adjuvante
785 1722 896 1792 (17)
939 1728 996 1775 et
1047 1721 1405 1775 Brunichone
1455 1721 1523 1754 ²¹¹
1571 1721 1880 1791 praeposito
1929 1723 2131 1776 exhor-
2165 1719 2205 1732 ”
2241 1722 2482 1776 feliciter
2503 1722 2672 1776 morti
2704 1719 2775 1756 ³³⁵
2825 1722 3166 1777 succumbit.
3228 1723 3433 1776 Beatus
3490 1726 3679 1775 autem
3712 1723 3794 1775 ille
3815 1730 3890 1785 est,

429 1815 589 1864 tante
631 1815 687 1864 et
752 1815 1098 1880 suggerente
1158 1809 1295 1880 (18),
1364 1825 1613 1862 canones
1665 1809 1726 1862 in
1771 1825 1952 1863 unum
2009 1826 2132 1863 cor-
2244 1811 2342 1882 qui
2389 1817 2602 1865 rectam
2650 1810 2789 1880 justi
2823 1809 3046 1864 itineris
3103 1810 3367 1881 sequitur
3419 1809 3682 1863 semitam
3719 1816 3768 1862 et
3809 1811 3892 1880 glo-

428 1915 536 1970 pus
565 1898 822 1968 collegit;
857 1913 973 1951 non
1004 1913 1105 1967 pro
1137 1898 1255 1951 ulla
1285 1897 1632 1966 arrogantia,
1667 1897 1787 1964 sed,
1816 1903 1878 1951 ut
1910 1898 2033 1968 ipse
2061 1897 2134 1932 ²¹²
2241 1901 2387 1954 riam
2417 1900 2586 1970 hujus
2626 1899 2828 1953 mundi
2858 1899 3079 1969 respuit
3107 1904 3168 1953 et
3200 1915 3329 1970 quae
3363 1899 3465 1952 Dei
3494 1904 3626 1952 sunt
3663 1899 3796 1952 intra
3817 1899 3889 1952 do-

427 1985 588 2054 dixit,
620 1986 754 2057 quia
793 2001 1078 2040 canonum
1103 1984 1239 2054 jura
1282 1985 1803 2056 paenitentiumque
1834 1985 2046 2055 judicia
2068 1986 2125 2038 in
2243 1988 2519 2042 micilium
2571 1987 2697 2057 puri
2738 1986 2924 2041 cordis
2966 1986 3188 2057 recipit.
3242 1987 3408 2055 Ergo,
3449 1985 3736 2039 carissima
3772 2002 3892 2038 soror

427 2074 734 2145 epicopatu
780 2091 882 2127 suo
934 2073 1171 2128 omnino
1220 2073 1448 2126 fuerant
1493 2071 1565 2109 ²¹³
1621 2075 1884 2143 neglecta
1941 2090 2006 2127 ac
2059 2073 2132 2115 ²ι⁴

427 2161 729 2216 destructa.
787 2162 899 2215 [loc
974 2177 1106 2215 vero
1155 2176 1362 2231 corpus
1429 2160 1543 2214 sive
1618 2161 2006 2215 collectarium
2061 2159 2133 2197 ²¹⁵

426 2249 687 2304 distinxit
715 2254 772 2303 et
800 2251 859 2303 in
889 2249 1092 2320 viginti
1123 2249 1299 2303 libros
1341 2249 1632 2303 distribuit
1663 2246 1750 2302 ²¹⁶.

502 2341 584 2392 11.
623 2339 904 2391 Ρτωὶθτθει
930 2353 1064 2390 vero
1115 2337 1200 2390 vir
1227 2337 1329 2391 Dei
1381 2335 1451 2372 ²¹⁷
1481 2353 1515 2391 a
1558 2335 1629 2372 ²¹⁸
1675 2337 1786 2407 piis
1843 2337 2133 2393 laboribus

425 2442 542 2480 non
583 2441 827 2492 cessans,
885 2425 1183 2480 ecclesiam
1230 2425 1410 2480 sancti
1465 2424 1616 2479 Petri
1672 2425 1742 2479 ad
1803 2426 1998 2479 sedem
2039 2424 2130 2493 =19,

429 2515 565 2586 quia
611 2515 761 2568 ultra
816 2514 1053 2568 modum
1114 2514 1320 2583 exigua
1364 2511 1648 2582 fuerat’”,
1696 2513 1980 2583 deposuit,
2029 2531 2128 2585 po-

427 2618 684 2673 nensque
713 2602 1179 2669 fundamentum,
1212 2602 1570 2672 consignavit
1621 2602 1781 2655 mirae
1832 2604 2126 2672 magnitu-

427 2690 578 2745 dinis
607 2690 1044 2756 monasterium,
1093 2690 1245 2761 quod
1303 2689 1540 2760 quidem
1587 2704 1798 2758 magna
1840 2689 2130 2744 celeritate

426 2779 623 2850 paucis
652 2779 818 2833 annis
857 2795 1003 2848 pene
1033 2779 1103 2833 ad
1147 2777 1559 2849 perfectionem
1607 2777 1894 2848 perduxit,
1926 2782 1992 2832 ut
2015 2795 2132 2832 non

427 2867 716 2921 videretur
769 2866 1101 2921 aedificando
1159 2870 1551 2920 constructum
1608 2881 1750 2933 esse,
1811 2865 1909 2920 sed
1966 2865 2132 2937 quasi

427 2954 746 3025 exoptando
774 2955 961 3009 subito
993 2954 1073 3008 ibi
1130 2954 1466 3008 constitisse.

504 3047 568 3097 12
607 3039 674 3075 ²²¹
706 3043 831 3097 Istis
862 3043 1077 3114 quippe
1127 3042 1326 3096 diebus
1373 3057 1630 3097 sororem
1677 3057 1839 3096 suam
1891 3042 2126 3097 nomine

2243 2092 2390 2142 mea,
2422 2075 2676 2129 armillas
2728 2079 2785 2128 et
2840 2075 3072 2129 inaures
3121 2079 3420 2145 vestesque
3465 2074 3752 2128 deliciosas
3799 2076 3890 2127 volo

2239 2169 2304 2218 ut
2343 2164 2614 2234 deponas,
2667 2167 2725 2218 et
2773 2165 3032 2218 velamen
3083 2167 3342 2216 sanctum
3419 2161 3681 2232 accipias,
3741 2161 3890 2230 sicque

2241 2253 2364 2322 regi
2403 2254 2752 2322 sempiterno
2783 2257 2837 2306 te
2868 2251 3147 2322 adjungas
3174 2251 3268 2303 ³³⁸.
3309 2272 3329 2298 ι
3377 2251 3512 2304 Hzec
3559 2265 3683 2303 cum
3713 2248 3795 2302 illa
3818 2265 3890 2302 au-

2239 2340 2432 2405 disset,
2465 2339 2833 2394 vehementer
2885 2340 3127 2410 expavit,
3158 2345 3214 2392 et
3241 2337 3395 2392 ultra
3427 2353 3603 2408 quam
3651 2337 3751 2391 dici
3795 2353 3888 2406 pos-

2242 2429 2317 2482 sit
2369 2427 2681 2494 admirans,
2731 2428 2810 2482 ait
2841 2444 2907 2482 :c
2946 2427 3239 2498 Numquid
3287 2426 3416 2493 scis,
3490 2426 3679 2480 senior
3723 2429 3891 2487 sancte,

2239 2516 2504 2571 omnibus
2534 2515 2736 2570 diebus
2777 2517 2908 2570 vitae
2939 2517 3187 2590 mezein
3236 2513 3588 2570 secularibus
3619 2529 3703 2567 me
3746 2529 3894 2566 versa-

2239 2613 2378 2672 tam,
2412 2606 2574 2660 istius
2612 2606 3050 2660 ofticiiomnino
3094 2622 3217 2660 esse
3256 2605 3548 2660 insciam?
3602 2606 3753 2670 Nam,
3794 2608 3894 2657 tau-

2240 2701 2364 2750 tum
2395 2693 2666 2765 psalterio
2698 2700 2954 2764 excepto,
2988 2694 3164 2749 libros
3192 2694 3424 2765 penitus
3451 2693 3680 2764 ignoro;
3727 2692 3781 2746 in
3811 2692 3895 2744 hoc

2241 2782 2428 2836 officio
2491 2781 2706 2836 versari
2764 2783 2984 2850 nescio;
3051 2787 3110 2837 et
3161 2781 3459 2854 quomodo
3530 2787 3663 2835 tunc
3699 2781 3752 2834 in
3817 2779 3896 2832 hac

2239 2870 2374 2934 vita,
2407 2870 2643 2926 domine
2679 2869 2776 2940 ⁸³⁷,
2818 2869 2941 2924 sine
2979 2870 3325 2925 offendicula
3370 2869 3563 2924 vivere
3609 2869 3828 2940 potero?
3877 2889 3892 2912 ι

2165 2961 2207 3015 C
2243 2960 2485 3014 Econtra
2506 2959 2592 3012 vir
2619 2959 2756 3014 Dei:
2799 2981 2820 3008 ι
2883 2959 3108 3026 Desine,
3158 2959 3365 3030 inquit,
3404 2964 3469 3012 ut
3512 2957 3600 3012 his
3629 2957 3795 3010 verbis
3817 2955 3893 3006 ali-

2237 3047 2377 3119 quid
2429 3045 2501 3082 ’³⁸
2557 3046 2751 3112 addas,
2792 3051 2848 3101 et
2896 3046 3357 3101 exhortationem
3421 3063 3609 3101 meam
3658 3044 3890 3099 citissime

2236 3135 2552 3206 adimplere
2588 3137 2679 3202 [ne
2710 3131 2802 3206 "9]
2831 3135 3081 3190 differas.
3137 3134 3285 3200 Quid
3337 3135 3446 3189 tibi
3496 3133 3744 3188 obsistit?
3781 3131 3890 3194 Quid

2237 3223 2514 3294 impedit?
2555 3223 2902 3278 Felicissima
2945 3227 3029 3278 est
3066 3222 3445 3277 commutatio
3488 3221 3583 3289 "0,
3625 3237 3709 3275 res
3744 3227 3890 3274 trans-

2236 3311 2434 3366 itorias
2472 3311 2874 3382 derelinquere
2905 3316 2959 3364 et
3007 3316 3252 3365 internas
3283 3309 3512 3364 divitias
3554 3309 3818 3378 vitamque
3836 3305 3887 3339 ²⁸¹

2237 3405 2574 3470 perpetuam
2605 3398 2847 3453 feliciter
2872 3398 3186 3470 acquirere.
3214 3419 3242 3448 »
3295 3399 3390 3453 His
3444 3397 3680 3468 aliisque
3721 3395 3891 3449 exhor-

430 3129 735 3184 Mahildam
777 3129 868 3197 ²²¹,
919 3131 1224 3184 mulierem
1271 3129 1736 3185 honestissimam
1789 3135 1846 3182 et
1891 3130 2126 3185 nomine

428 3219 684 3273 claritate
741 3219 1160 3288 dignissimam,
1243 3219 1311 3272 ad
1388 3233 1447 3272 se
1500 3219 1719 3274 vocavit
1769 3223 1825 3271 et
1871 3217 2127 3273 fraterna

427 3310 732 3364 dilectione
770 3326 962 3364 secum
1014 3309 1268 3363 nutrivit.
1323 3311 1453 3363 Erat
1494 3311 1649 3363 enim
1696 3309 1816 3363 haec
1857 3309 1980 3380 ipsa
2030 3311 2127 3365 do-

427 3398 586 3452 mina
629 3400 697 3451 ad
741 3414 918 3468 opera
967 3397 1268 3451 muliebria
1318 3413 1528 3468 magno
1578 3396 1811 3467 ingenio
1849 3398 2122 3452 sollertis-

427 3486 616 3552 sima,
675 3493 732 3540 et
779 3486 1024 3540 feminas
1081 3486 1150 3539 ad
1209 3501 1402 3539 rerum
1461 3485 1746 3539 textilium
1827 3485 2122 3540 diversita-

425 3578 542 3628 tem
573 3574 642 3609 ³³³
671 3574 866 3628 doctas
920 3573 1121 3627 habuit
1151 3571 1242 3640 ³³⁸,
1275 3581 1332 3628 et
1361 3573 1419 3627 in
1464 3573 1831 3640 conficiendis
1876 3574 2122 3628 vestibus

425 3661 698 3732 preciosis
755 3661 1024 3716 mulieres
1074 3662 1284 3716 multas
1342 3662 1631 3732 superavit
1668 3661 1737 3697 ³³³
1779 3663 1910 3732 (19).
1939 3663 2120 3717 Inter-

424 3765 489 3803 ea
542 3749 801 3821 contigit,
880 3755 942 3803 ut
993 3749 1277 3804 abbatissa
1350 3749 1410 3803 in
1471 3749 1822 3804 monasterio
1907 3751 2120 3804 sancti-

422 3839 782 3904 monialium,
854 3838 1069 3892 ibidem
1134 3839 1248 3892 Deo
1299 3838 1670 3892 servientium
1749 3838 1903 3894 diem
1970 3840 2122 3893 clau-

423 3927 582 3982 deret
666 3927 957 3982 ultimum.
1018 3927 1154 3981 Post
1233 3927 1396 3998 cujus
1476 3926 1697 3980 obitum
1777 3943 1975 3980 omnes
2031 3943 2120 3979 so-

2235 3487 2548 3542 tationibus
2597 3487 2862 3558 plurimis
2906 3503 3162 3541 sororem
3201 3502 3364 3540 suam
3413 3485 3498 3540 ita
3531 3483 3816 3555 superavit,
3846 3486 3890 3532 ut

2234 3577 2465 3632 tandem
2523 3575 2794 3646 quicquid
2871 3575 3141 3629 voluisset
3210 3591 3269 3629 se
3329 3575 3612 3629 facturam
3687 3570 3888 3626 devovis-

2233 3670 2320 3719 set
2346 3663 2440 3716 ³⁸³.
2475 3664 2592 3719 Hoc
2621 3663 2695 3699 ³⁸³
2726 3679 2858 3717 cum
2921 3663 3021 3717 Dei
3050 3679 3246 3716 servus
3294 3663 3544 3727 audiret,
3579 3660 3774 3732 gratias
3803 3659 3886 3711 Deo

2231 3757 2348 3806 toto
2405 3752 2574 3806 corde
2619 3751 2942 3821 rependens
2972 3750 3262 3804 exultavit.
3309 3750 3630 3820 Statimque
3675 3746 3884 3819 regulae!

2230 3838 2566 3893 canonicam
2635 3838 2806 3891 simul
2854 3842 2910 3892 et
2963 3842 3318 3907 computum,
3369 3829 3597 3891 necnon
3651 3842 3704 3889 et
3752 3834 3885 3885 vitam

2233 3928 2468 3982 Patrum
2533 3941 2597 3979 ac
2666 3925 2959 3996 dialogum
3027 3927 3284 3996 aliosque
3339 3923 3522 3979 libros
3602 3922 3727 3978 huic
3785 3934 3882 3972 con-

1833 4037 2069 4092 VARle
2113 4037 2510 4092 LECTIONES.

498 4148 568 4185 ‘9'
651 4152 960 4206 transferre
1023 4149 1157 4205 fecit

422 4219 626 4292 2.77197
686 4222 763 4276 ibi
802 4237 1049 4292 quoque
1112 4225 1160 4274 1.
1241 4219 1314 4256 '9'
1368 4221 1630 4292 deest}.

421 4291 556 4362 tulit
627 4295 687 4345 2.
770 4287 852 4326 ὀῖ
919 4287 1045 4362 ibj__
1071 4306 1301 4362 quoque
1379 4295 1427 4344 1.
1505 4287 1577 4324 ὀδ

422 4358 496 4394 ²⁰⁷
528 4360 635 4414 hoc
667 4362 811 4417 colle
841 4365 894 4416 2.
971 4359 1047 4394 ³⁰⁸
1072 4358 1106 4414 Ιῖ

1717 4217 1818 4300 is?”
1843 4221 1977 4300 dei.“
2036 4225 2081 4300 ¹;

1653 4291 1851 4360 positis

425 4430 784 4504 Burchardus
837 4428 1332 4504 canones_elegit.
1409 4428 1483 4504 '9’
1550 4433 1671 4485 Jam
1728 4434 1782 4485 2.
1861 4431 1937 4466 ³¹⁰
1986 4433 2262 4504 )Valthero
2311 4435 2360 4488 2.
2417 4433 2486 4467 ²¹¹
2548 4432 2986 4504 brunrechonne
3048 4437 3096 4487 1.

1237 4149 1468 4222 quando
1535 4165 1611 4204 m.
1687 4153 1784 4222 2.__
1821 4147 1889 4188 ¹⁹⁵
1924 4150 2287 4222 νάυἰηάθυδ.
2356 4154 2408 4204 2.
2493 4149 2560 4185 ¹⁹⁶
2645 4151 3037 4222 fructibusque
3103 4150 3304 4222 excisis
3383 4166 3432 4204 c.
3507 4149 3724 4222 plauari
3784 4145 3884 4201 fecit

2161 4219 2237 4256 ²⁰⁰
2293 4237 2340 4276 c.
2414 4227 2585 4292 atque
2642 4221 2776 4275 illuc
2832 4219 3042 4292 saep—ius
3111 4225 3171 4276 2.

1924 4295 1978 4345 2.
2057 4288 2133 4325 ²⁰¹⁸
2203 4309 2261 4345 se
2337 4288 2638 4346 exercebat
2707 4293 2762 4346 2.
2839 4288 2932 4326 ¹⁰⁵’
2987 4293 3132 4346 deest
3208 4297 3255 4346 2.
3334 4289 3410 4326 ²⁰⁶

1138 4361 1274 4432 quia
1329 4378 1362 4415 a
1413 4361 1758 4432 tumultibus
1834 4362 2057 4432 alienus
2131 4361 2286 4416 locus
2343 4367 2466 4415 erat
2522 4366 2574 4415 2.
2611 4367 2660 4416 et
2725 4361 2860 4416 add.
2929 4364 3200 4416 rubrum:
3257 4361 3565 4427 Quomodo
3629 4361 3884 4432 episcopus

3253 4220 3324 4255 ²⁰¹
3356 4220 3575 4291 saepius
3630 4237 3688 4274 se
3740 4226 3881 4291 trans-

3485 4289 3792 4346 collectario
3845 4291 3882 4337 2.

3175 4433 3249 4467 ²¹²
3311 4449 3464 4502 smpe
3514 4437 3568 4486 2.
3663 4429 3886 4502 "‘_fue'

423 4505 562 4574 runt
584 4505 665 4574 2.7
716 4503 790 4538 ³³⁸
839 4508 896 4557 et
924 4505 1021 4574 2.77
1057 4500 1158 4574 "5A
1197 4499 1311 4574 seu,
1348 4502 1737 4556 collectorium
1801 4506 1852 4556 2.
1930 4502 2002 4539 ²¹⁶
2061 4503 2197 4574 Sed,
2231 4503 2336 4574 hoc
2387 4519 2531 4573 opus
2593 4502 2899 4574 adhucin
2952 4502 3355 4557 Franckendaal
3394 4499 3622 4574 'majori
3683 4499 3884 4574 habetur

428 4572 488 4644 in
519 4573 910 4642 pulcherrima
963 4572 1219 4639 libraria,
1279 4573 1410 4627 licet
1451 4575 1621 4626 modo
1676 4579 1804 4644 post
1858 4590 2002 4644 opus
2051 4573 2303 4644 Gratiani
2359 4569 2474 4626 no'n
2528 4577 2765 4627 utantur
2786 4573 3012 4643 juristae
3046 4574 3178 4627 add.
3213 4575 3265 4626 2.
3295 4575 3460 4626 verba
3507 4569 3883 4644 Kirsgartensis',

424 4643 611 4711 ibique
647 4645 817 4698 rubra
855 4645 1104 4713 sequitur
1143 4660 1156 4698 :
1195 4645 1269 4697 De
1301 4643 1722 4698 constructione
1778 4643 1942 4697 novae
2000 4643 2252 4696 ecclesia
2279 4645 2458 4696 sancti
2513 4644 2684 4707 Petri,

425 4714 659 4747 unnlncin
759 4712 835 4747 217
865 4717 901 4747 D
957 4713 1045 4747 «υἱ-ι
1093 4714 1124 4747 Α
1183 4715 1598 4747 Πιινηιτιιι-Αηαε)
1698 4711 1773 4747 118
1820 4715 1964 4747 Annal
1998 4718 2014 4747 Ι
2124 4711 2198 4747 119
2229 4730 2265 4747 n
2337 4714 2572 4747 nuncin“
2650 4715 2684 4747 21

759 4715 835 4749 ²¹⁷
863 4717 922 4769 Ρ.
957 4715 1045 4768 vir
1093 4715 1147 4768 d.
1183 4715 1542 4767 Burchardus
1567 4716 1620 4768 2.
1698 4715 1773 4794 ’ξε
1820 4715 1964 4768 deest
1998 4718 2044 4767 1.
2124 4715 2198 4747 ²¹⁹
2229 4730 2292 4784 p.
2335 4715 2575 4784 apostoli
2650 4715 2738 4792 ²²⁰·
2765 4716 2818 4767 2.
2863 4718 2985 4794 erat
3025 4716 3076 4768 2.

804 4783 1315 4908 deserar?"
1338 4785 1789 4908 εισξέξέιίξαυ
1813 4785 2452 4908 .“°“:::'::.‘;::s:..‘:
2504 4783 3091 4908 eritsi?)

865 4858 1158 4910 versitates
1209 4858 1260 4908 2.
1338 4858 1411 4890 ”‘
1443 4869 1637 4909 secum
1694 4858 1750 4907 h.
1813 4858 1871 4909 2.
1956 4858 2028 4889 ³³⁵
2071 4858 2378 4924 superabat
2418 4858 2472 4910 2.
2549 4858 2621 4890 ³³⁵
2673 4859 2839 4907 erant
2879 4858 2934 4908 1.
3018 4858 3091 4888 ²²⁷
3151 4858 3204 4907 ei
3261 4871 3308 4907 c.
3369 4858 3422 4908 2.
3502 4858 3576 4888 ³²⁸
3641 4863 3818 4906 eorum
3848 4858 3879 4896 1.

861 4925 936 4962 ²³⁰
983 4927 1200 4996 lapides
1248 4925 1488 4995 pretiosi
1541 4928 1596 4979 2.
1673 4923 1741 4958 ²³¹
1805 4929 2145 4995 reputantur
2199 4928 2249 4978 2.
2330 4925 2400 4958 ²³³
2452 4929 2630 4994 agunt
2674 4927 2729 4978 2.
2808 4921 2882 4958 ³³³
2937 4925 3278 4978 secularium
3336 4927 3387 4977 2.
3451 4923 3528 4958 ³³⁸
3558 4938 3742 4977 secure
3795 4918 3881 4971 huc

861 4999 918 5034 ’3'
983 5003 1165 5051 morte
1214 5000 1260 5049 1.
1340 4995 1412 5030 m
1454 4996 1768 5066 conjungas
1802 4997 1854 5048 2.
1933 4991 2007 5028 ’³⁷
2067 4995 2180 5048 vita
2225 4996 2453 5048 Domini
2505 4996 2630 5048 sine
2666 4998 2720 5066 2‘.
2800 4992 3073 5064 malique.
3127 4999 3183 5050 2.
3261 4991 3334 5029 ⁸⁵9
3385 4995 3528 5048 deest
3586 4999 3631 5049 1.
3710 4989 3780 5025 ²¹⁸⁰
3820 4989 3880 5040 fe-

425 4714 682 4768 ecclesia.
759 4712 835 4749 ²¹⁷
863 4711 934 4769 Ρ.
957 4713 1045 4768 vir
1093 4714 1147 4768 d.
1183 4715 1542 4767 Burchardus
1567 4716 1620 4768 2.
1698 4711 1773 4747 ²¹⁸
1820 4715 1964 4768 deest
1998 4718 2044 4767 1.

423 4800 619 4838 sorore
649 4784 698 4888 ej

423 4855 454 4888 Α
465 4870 490 4888 α
500 4871 554 4888 m
571 4855 599 4888 9

423 4855 599 4910 dam?
675 4853 749 4890 m
804 4853 1158 4911 diversitates
1209 4857 1260 4908 2.
1338 4853 1411 4890 ²²⁴
1443 4869 1637 4909 secum
1694 4855 1750 4907 h.
1813 4857 1871 4909 2.

422 4924 498 4959 ²²⁹
524 4926 671 4980 deest
717 4929 751 4980 2
765 4969 778 4984 .

420 4997 512 5049 die
543 5002 601 5050 et
629 4997 684 5050 d.
711 5002 764 5051 2.
845 4999 918 5034 ’3‘
983 5003 1165 5051 morte
1214 5000 1260 5049 1.

2727 4640 2855 4714 quae
2887 4645 3058 4698 modo
3113 4659 3337 4697 summa
3361 4643 3575 4697 dicitur
3602 4644 3711 4697 sive
3738 4640 3886 4714 majgr

2650 4707 2818 4785 τήθη.
2863 4718 2985 4767 erat
3025 4716 3076 4768 2.
3155 4714 3228 4785 3}}
3277 4716 3327 4766 2.
3361 4714 3494 4768 add.
3526 4715 3740 4767 rubrum
3773 4723 3788 4785 ἱ
3816 4707 3884 4785 Pe

3133 4783 3212 4816 ⁸³³
3242 4785 3536 4838 mahillam
3584 4787 3636 4838 2.
3692 4778 3878 4835 mahtil-

3151 4854 3204 4907 ei
3261 4871 3308 4907 c.
3369 4857 3422 4908 2.
3502 4853 3576 4888 m
3641 4863 3818 4906 eorum
3848 4851 3879 4896 l.

3710 4989 3780 5025 ιω
3820 4989 3880 5040 fe-

422 5067 760 5123 licissimum
792 5072 877 5122 est
900 5067 1298 5123 concambium
1326 5069 1378 5120 2.
1453 5064 1526 5101 ²⁸¹
1561 5063 1620 5120 et
1648 5063 1705 5137 p7.
1737 5066 1982 5120 salutem
2016 5068 2070 5119 2.
2148 5066 2220 5100 ³⁸³
2249 5067 2498 5120 novisset
2533 5067 2587 5120 2.
2665 5063 2742 5102 '“
2783 5066 2912 5120 Hmc
2949 5063 3004 5119 2’.

2068 5178 2292 5232 ΝΟΤλΕ.

495 5285 617 5354 (17)
655 5283 974 5350 Olbertum,
1019 5282 1122 5354 qui
1165 5286 1362 5353 postea
1409 5283 1583 5354 abbas
1648 5283 2008 5337 comstitutus
2038 5287 2122 5336 est

423 5351 869 5426 Gemblacensis,
900 5351 1189 5426 praecipue
1223 5353 1549 5426 Burchardg
1572 5369 1739 5426 opem
1766 5353 2120 5426 praestitisse,

423 5422 878 5563 gestéreferunt
901 5422 1334 5480 _abb.'Gembl.
1393 5441 1486 5496 ap.
1521 5422 1785 5480 Dacherf
1815 5427 1908 5481 ed.
1937 5427 1996 5493 2,
2054 5425 2116 5486 ll,

467 5534 479 5546 .
513 5519 526 5547 ι
617 5533 630 5546 .

467 5534 479 5546 ο
513 5519 630 5547 [Udo

2301 5283 2415 5352 (l8)
2443 5281 2525 5336 Cl‘.
2573 5281 2884 5336 Bnrchardi
2917 5281 3083 5351 epist.
3136 5281 3206 5337 ad
3260 5281 3675 5338 Brunichonem
3720 5278 3878 5333 decre-

2227 5356 2420 5424 torum
2448 5352 2766 5424 collectioni
2788 5355 3161 5424 praemissam.

2301 5422 2412 5492 (l9)
2440 5424 2528 5478 Cf.
2553 5422 2853 5494 Alpertu‘m
2887 5441 2923 5491 ι,
2942 5427 2995 5492 2,
3019 5440 3216 5494 supra.
