  <div class='ocr_page' id='page_1' title='image "/cluster/home/n/w/nwhite01/storage/ocr_20150623/140/hvd.32044054760004/266.png"; bbox 0 0 3960 6192; ppageno 0'>
   <div class='ocr_carea' id='block_1_1' title="bbox 91 267 2398 327">
    <p class='ocr_par' dir='ltr' id='par_1_1' title="bbox 91 267 2398 327">
     <span class='ocr_line' id='line_1_1' title="bbox 91 267 2398 327; baseline -0.003 0"><span class='ocrx_word' id='word_1_1' title='bbox 91 278 171 327; x_wconf 67' lang='grc'><strong>521</strong></span> <span class='ocrx_word' id='word_1_2' title='bbox 323 267 328 270; x_wconf 66' lang='grc'><em>’</em></span> <span class='ocrx_word' id='word_1_3' title='bbox 1266 269 1633 325; x_wconf 76' lang='grc' dir='ltr'><strong>ΡΒΟΟΕΜΙΑ.</strong></span> <span class='ocrx_word' id='word_1_4' title='bbox 1675 298 1742 307; x_wconf 93' lang='lat'><strong><em>—</em></strong></span> <span class='ocrx_word' id='word_1_5' title='bbox 1783 269 1938 326; x_wconf 81' lang='lat' dir='ltr'><strong>VITA</strong></span> <span class='ocrx_word' id='word_1_6' title='bbox 1979 267 2398 324; x_wconf 80' lang='lat' dir='ltr'><strong>BURCHARDI.</strong></span> 
     </span>
    </p>
   </div>
   <div class='ocr_carea' id='block_1_2' title="bbox 3475 275 3579 328">
    <p class='ocr_par' dir='ltr' id='par_1_2' title="bbox 3475 275 3579 328">
     <span class='ocr_line' id='line_1_2' title="bbox 3475 275 3579 328; baseline -0.01 0"><span class='ocrx_word' id='word_1_7' title='bbox 3475 275 3579 328; x_wconf 80' lang='lat'><strong>522</strong></span> 
     </span>
    </p>
   </div>
   <div class='ocr_carea' id='block_1_3' title="bbox 90 389 3578 461">
    <p class='ocr_par' dir='ltr' id='par_1_3' title="bbox 90 389 3578 461">
     <span class='ocr_line' id='line_1_3' title="bbox 90 389 3578 461; baseline 0 -11"><span class='ocrx_word' id='word_1_8' title='bbox 90 396 375 450; x_wconf 81' lang='lat' dir='ltr'><strong>venientes</strong></span> <span class='ocrx_word' id='word_1_9' title='bbox 458 408 586 448; x_wconf 87' lang='lat' dir='ltr'><strong>eam</strong></span> <span class='ocrx_word' id='word_1_10' title='bbox 644 391 859 446; x_wconf 77' lang='lat' dir='ltr'><strong>discere</strong></span> <span class='ocrx_word' id='word_1_11' title='bbox 938 390 1226 460; x_wconf 85' lang='lat' dir='ltr'><strong>pracepit.</strong></span> <span class='ocrx_word' id='word_1_12' title='bbox 1287 392 1426 456; x_wconf 84' lang='lat' dir='ltr'><strong>Qua</strong></span> <span class='ocrx_word' id='word_1_13' title='bbox 1503 391 1777 445; x_wconf 90' lang='lat' dir='ltr'><strong>continuo</strong></span> <span class='ocrx_word' id='word_1_14' title='bbox 1815 393 1862 446; x_wconf 79' lang='grc' dir='ltr'><strong>Α</strong></span> <span class='ocrx_word' id='word_1_15' title='bbox 1893 389 2062 446; x_wconf 79' lang='lat' dir='ltr'><strong>ditis?</strong></span> <span class='ocrx_word' id='word_1_16' title='bbox 2108 391 2241 445; x_wconf 87' lang='lat' dir='ltr'><strong>Ecce</strong></span> <span class='ocrx_word' id='word_1_17' title='bbox 2291 390 2480 461; x_wconf 87' lang='lat' dir='ltr'><strong>puella</strong></span> <span class='ocrx_word' id='word_1_18' title='bbox 2530 389 2868 444; x_wconf 88' lang='lat' dir='ltr'><strong>tenuissima</strong></span> <span class='ocrx_word' id='word_1_19' title='bbox 2915 395 3101 454; x_wconf 72' lang='lat' dir='ltr'><strong>erecto</strong></span> <span class='ocrx_word' id='word_1_20' title='bbox 3149 392 3353 448; x_wconf 89' lang='lat' dir='ltr'><strong>vexillo</strong></span> <span class='ocrx_word' id='word_1_21' title='bbox 3400 395 3578 450; x_wconf 91' lang='lat' dir='ltr'><strong>intre-</strong></span> 
     </span>
    </p>
   </div>
   <div class='ocr_carea' id='block_1_4' title="bbox 92 480 1779 552">
    <p class='ocr_par' dir='ltr' id='par_1_4' title="bbox 92 480 1779 552">
     <span class='ocr_line' id='line_1_4' title="bbox 92 480 1779 552; baseline -0.004 -13"><span class='ocrx_word' id='word_1_22' title='bbox 92 485 275 539; x_wconf 88' lang='lat' dir='ltr'><strong>omnia</strong></span> <span class='ocrx_word' id='word_1_23' title='bbox 325 500 452 552; x_wconf 87' lang='lat' dir='ltr'><strong>qua</strong></span> <span class='ocrx_word' id='word_1_24' title='bbox 499 482 672 552; x_wconf 85' lang='lat' dir='ltr'><strong>jussit</strong></span> <span class='ocrx_word' id='word_1_25' title='bbox 725 480 1063 535; x_wconf 90' lang='lat' dir='ltr'><strong>obedienter</strong></span> <span class='ocrx_word' id='word_1_26' title='bbox 1122 480 1338 534; x_wconf 82' lang='lat' dir='ltr'><strong>discere</strong></span> <span class='ocrx_word' id='word_1_27' title='bbox 1398 495 1462 533; x_wconf 90' lang='lat' dir='ltr'><strong>ac</strong></span> <span class='ocrx_word' id='word_1_28' title='bbox 1505 480 1779 551; x_wconf 89' lang='lat' dir='ltr'><strong>perﬁcere</strong></span> 
     </span>
    </p>
   </div>
   <div class='ocr_carea' id='block_1_5' title="bbox 92 569 1780 630">
    <p class='ocr_par' dir='ltr' id='par_1_5' title="bbox 92 569 1780 630">
     <span class='ocr_line' id='line_1_5' title="bbox 92 569 1780 630; baseline -0.004 -1"><span class='ocrx_word' id='word_1_29' title='bbox 92 575 303 630; x_wconf 77' lang='lat' dir='ltr'><strong>studuit</strong></span> <span class='ocrx_word' id='word_1_30' title='bbox 331 572 421 626; x_wconf 64' lang='grc' dir='ltr'>ω.</span> <span class='ocrx_word' id='word_1_31' title='bbox 457 573 596 626; x_wconf 90' lang='lat' dir='ltr'><strong>Cum</strong></span> <span class='ocrx_word' id='word_1_32' title='bbox 629 578 822 624; x_wconf 89' lang='lat' dir='ltr'><strong>autem</strong></span> <span class='ocrx_word' id='word_1_33' title='bbox 851 570 938 623; x_wconf 88' lang='lat' dir='ltr'><strong>vir</strong></span> <span class='ocrx_word' id='word_1_34' title='bbox 973 569 1070 623; x_wconf 93' lang='lat' dir='ltr'><strong>Dei</strong></span> <span class='ocrx_word' id='word_1_35' title='bbox 1085 573 1305 622; x_wconf 91' lang='lat' dir='ltr'><strong>tantam</strong></span> <span class='ocrx_word' id='word_1_36' title='bbox 1337 569 1692 622; x_wconf 83' lang='lat' dir='ltr'><strong>voluntatem</strong></span> <span class='ocrx_word' id='word_1_37' title='bbox 1726 576 1780 622; x_wconf 87' lang='lat' dir='ltr'><strong>et</strong></span> 
     </span>
    </p>
   </div>
   <div class='ocr_carea' id='block_1_6' title="bbox 93 657 1778 733">
    <p class='ocr_par' dir='ltr' id='par_1_6' title="bbox 93 657 1778 733">
     <span class='ocr_line' id='line_1_6' title="bbox 93 657 1778 733; baseline -0.005 -15"><span class='ocrx_word' id='word_1_38' title='bbox 93 671 192 718; x_wconf 86' lang='lat' dir='ltr'><strong>tam</strong></span> <span class='ocrx_word' id='word_1_39' title='bbox 226 663 398 733; x_wconf 89' lang='lat' dir='ltr'><strong>pium</strong></span> <span class='ocrx_word' id='word_1_40' title='bbox 429 661 678 715; x_wconf 87' lang='lat' dir='ltr'><strong>studium</strong></span> <span class='ocrx_word' id='word_1_41' title='bbox 720 659 780 713; x_wconf 88' lang='lat' dir='ltr'><strong>in</strong></span> <span class='ocrx_word' id='word_1_42' title='bbox 817 659 924 713; x_wconf 90' lang='lat' dir='ltr'><strong>hac</strong></span> <span class='ocrx_word' id='word_1_43' title='bbox 974 658 1073 713; x_wconf 90' lang='lat' dir='ltr'><strong>Dei</strong></span> <span class='ocrx_word' id='word_1_44' title='bbox 1126 657 1342 711; x_wconf 87' lang='lat' dir='ltr'><strong>famula</strong></span> <span class='ocrx_word' id='word_1_45' title='bbox 1389 657 1778 722; x_wconf 80' lang='lat' dir='ltr'><strong>intellexisset,</strong></span> 
     </span>
    </p>
   </div>
   <div class='ocr_carea' id='block_1_7' title="bbox 93 745 1777 821">
    <p class='ocr_par' dir='ltr' id='par_1_7' title="bbox 93 745 1777 821">
     <span class='ocr_line' id='line_1_7' title="bbox 93 745 1777 821; baseline -0.005 -15"><span class='ocrx_word' id='word_1_46' title='bbox 93 752 357 821; x_wconf 90' lang='lat' dir='ltr'><strong>imposito</strong></span> <span class='ocrx_word' id='word_1_47' title='bbox 404 748 708 814; x_wconf 81' lang='lat' dir='ltr'><strong>velamine,</strong></span> <span class='ocrx_word' id='word_1_48' title='bbox 739 747 809 801; x_wconf 91' lang='lat' dir='ltr'><strong>ad</strong></span> <span class='ocrx_word' id='word_1_49' title='bbox 851 746 951 800; x_wconf 91' lang='lat' dir='ltr'><strong>Dei</strong></span> <span class='ocrx_word' id='word_1_50' title='bbox 983 745 1238 800; x_wconf 88' lang='lat' dir='ltr'><strong>ofﬁcium</strong></span> <span class='ocrx_word' id='word_1_51' title='bbox 1263 762 1388 799; x_wconf 90' lang='lat' dir='ltr'><strong>eam</strong></span> <span class='ocrx_word' id='word_1_52' title='bbox 1409 745 1777 799; x_wconf 88' lang='lat' dir='ltr'><strong>consecravit.</strong></span> 
     </span>
    </p>
   </div>
   <div class='ocr_carea' id='block_1_8' title="bbox 93 835 1782 910">
    <p class='ocr_par' dir='ltr' id='par_1_8' title="bbox 93 835 1782 910">
     <span class='ocr_line' id='line_1_8' title="bbox 93 835 1782 910; baseline -0.005 -15"><span class='ocrx_word' id='word_1_53' title='bbox 93 840 454 910; x_wconf 85' lang='lat' dir='ltr'><strong>Cougregatis</strong></span> <span class='ocrx_word' id='word_1_54' title='bbox 491 836 559 874; x_wconf 65' lang='grc' dir='ltr'>ω</span> <span class='ocrx_word' id='word_1_55' title='bbox 606 837 665 890; x_wconf 91' lang='lat' dir='ltr'><strong>in</strong></span> <span class='ocrx_word' id='word_1_56' title='bbox 715 852 895 890; x_wconf 90' lang='lat' dir='ltr'><strong>unum</strong></span> <span class='ocrx_word' id='word_1_57' title='bbox 933 835 1246 903; x_wconf 88' lang='lat' dir='ltr'><strong>sororibus,</strong></span> <span class='ocrx_word' id='word_1_58' title='bbox 1283 835 1576 888; x_wconf 90' lang='lat' dir='ltr'><strong>abbatiam</strong></span> <span class='ocrx_word' id='word_1_59' title='bbox 1616 851 1782 887; x_wconf 88' lang='lat' dir='ltr'><strong>soro-</strong></span> 
     </span>
    </p>
   </div>
   <div class='ocr_carea' id='block_1_9' title="bbox 93 921 1779 998">
    <p class='ocr_par' dir='ltr' id='par_1_9' title="bbox 93 921 1779 998">
     <span class='ocr_line' id='line_1_9' title="bbox 93 921 1779 998; baseline -0.004 -17"><span class='ocrx_word' id='word_1_60' title='bbox 93 943 329 998; x_wconf 80' lang='lat' dir='ltr'><strong>rumque</strong></span> <span class='ocrx_word' id='word_1_61' title='bbox 371 941 568 980; x_wconf 92' lang='lat' dir='ltr'><strong>curam</strong></span> <span class='ocrx_word' id='word_1_62' title='bbox 615 923 700 978; x_wconf 89' lang='lat' dir='ltr'><strong>illi</strong></span> <span class='ocrx_word' id='word_1_63' title='bbox 737 921 1177 977; x_wconf 86' lang='lat' dir='ltr'><strong>commendavit.</strong></span> <span class='ocrx_word' id='word_1_64' title='bbox 1225 924 1471 991; x_wconf 83' lang='lat' dir='ltr'><strong>Accepto</strong></span> <span class='ocrx_word' id='word_1_65' title='bbox 1513 937 1646 974; x_wconf 90' lang='lat' dir='ltr'><strong>vero</strong></span> <span class='ocrx_word' id='word_1_66' title='bbox 1685 936 1779 974; x_wconf 87' lang='lat' dir='ltr'><strong>ve-</strong></span> 
     </span>
    </p>
   </div>
   <div class='ocr_carea' id='block_1_10' title="bbox 96 1009 1785 1081">
    <p class='ocr_par' dir='ltr' id='par_1_10' title="bbox 96 1009 1785 1081">
     <span class='ocr_line' id='line_1_10' title="bbox 96 1009 1785 1081; baseline -0.004 -13"><span class='ocrx_word' id='word_1_67' title='bbox 96 1015 315 1081; x_wconf 84' lang='lat' dir='ltr'><strong>lamine,</strong></span> <span class='ocrx_word' id='word_1_68' title='bbox 368 1013 584 1068; x_wconf 85' lang='lat' dir='ltr'><strong>cunctis</strong></span> <span class='ocrx_word' id='word_1_69' title='bbox 623 1012 929 1066; x_wconf 80' lang='lat' dir='ltr'><strong>virtutibus</strong></span> <span class='ocrx_word' id='word_1_70' title='bbox 959 1009 1327 1080; x_wconf 85' lang='lat' dir='ltr'><strong>honestisque</strong></span> <span class='ocrx_word' id='word_1_71' title='bbox 1368 1009 1626 1063; x_wconf 90' lang='lat' dir='ltr'><strong>moribus</strong></span> <span class='ocrx_word' id='word_1_72' title='bbox 1677 1009 1785 1062; x_wconf 87' lang='lat' dir='ltr'><strong>cla-</strong></span> 
     </span>
    </p>
   </div>
   <div class='ocr_carea' id='block_1_11' title="bbox 93 1098 1780 1171">
    <p class='ocr_par' dir='ltr' id='par_1_11' title="bbox 93 1098 1780 1171">
     <span class='ocr_line' id='line_1_11' title="bbox 93 1098 1780 1171; baseline -0.004 -14"><span class='ocrx_word' id='word_1_73' title='bbox 93 1105 308 1158; x_wconf 86' lang='lat' dir='ltr'><strong>rissima</strong></span> <span class='ocrx_word' id='word_1_74' title='bbox 363 1103 590 1168; x_wconf 83' lang='lat' dir='ltr'><strong>enituit,</strong></span> <span class='ocrx_word' id='word_1_75' title='bbox 625 1107 680 1155; x_wconf 92' lang='lat' dir='ltr'><strong>et</strong></span> <span class='ocrx_word' id='word_1_76' title='bbox 720 1099 882 1171; x_wconf 89' lang='lat' dir='ltr'><strong>quasi</strong></span> <span class='ocrx_word' id='word_1_77' title='bbox 931 1099 1090 1153; x_wconf 92' lang='lat' dir='ltr'><strong>omni</strong></span> <span class='ocrx_word' id='word_1_78' title='bbox 1137 1098 1252 1152; x_wconf 87' lang='lat' dir='ltr'><strong>vita</strong></span> <span class='ocrx_word' id='word_1_79' title='bbox 1307 1114 1409 1151; x_wconf 90' lang='lat' dir='ltr'><strong>sua</strong></span> <span class='ocrx_word' id='word_1_80' title='bbox 1465 1098 1780 1152; x_wconf 90' lang='lat' dir='ltr'><strong>secundum</strong></span> 
     </span>
    </p>
   </div>
   <div class='ocr_carea' id='block_1_12' title="bbox 97 1185 1783 1262">
    <p class='ocr_par' dir='ltr' id='par_1_12' title="bbox 97 1185 1783 1262">
     <span class='ocr_line' id='line_1_12' title="bbox 97 1185 1783 1262; baseline -0.004 -15"><span class='ocrx_word' id='word_1_81' title='bbox 97 1194 347 1262; x_wconf 84' lang='lat' dir='ltr'><strong>regulam</strong></span> <span class='ocrx_word' id='word_1_82' title='bbox 384 1191 586 1246; x_wconf 81' lang='lat' dir='ltr'><strong>fuisset</strong></span> <span class='ocrx_word' id='word_1_83' title='bbox 619 1190 871 1245; x_wconf 89' lang='lat' dir='ltr'><strong>enutrita</strong></span> <span class='ocrx_word' id='word_1_84' title='bbox 912 1185 1008 1254; x_wconf 69' lang='lat'><strong>&quot;5,</strong></span> <span class='ocrx_word' id='word_1_85' title='bbox 1048 1187 1266 1241; x_wconf 90' lang='lat' dir='ltr'><strong>cunctis</strong></span> <span class='ocrx_word' id='word_1_86' title='bbox 1307 1187 1556 1258; x_wconf 88' lang='lat' dir='ltr'><strong>prabuit</strong></span> <span class='ocrx_word' id='word_1_87' title='bbox 1591 1203 1783 1241; x_wconf 88' lang='lat' dir='ltr'><strong>exem-</strong></span> 
     </span>
    </p>
   </div>
   <div class='ocr_carea' id='block_1_13' title="bbox 93 1273 1787 1352">
    <p class='ocr_par' dir='ltr' id='par_1_13' title="bbox 93 1273 1787 1352">
     <span class='ocr_line' id='line_1_13' title="bbox 93 1273 1787 1352; baseline -0.004 -19"><span class='ocrx_word' id='word_1_88' title='bbox 93 1284 173 1352; x_wconf 85' lang='lat' dir='ltr'><strong>pla</strong></span> <span class='ocrx_word' id='word_1_89' title='bbox 217 1281 433 1335; x_wconf 86' lang='lat' dir='ltr'><strong>divina.</strong></span> <span class='ocrx_word' id='word_1_90' title='bbox 484 1281 607 1334; x_wconf 88' lang='lat' dir='ltr'><strong>Non</strong></span> <span class='ocrx_word' id='word_1_91' title='bbox 654 1278 810 1332; x_wconf 90' lang='lat' dir='ltr'><strong>enim</strong></span> <span class='ocrx_word' id='word_1_92' title='bbox 844 1277 1025 1330; x_wconf 91' lang='lat' dir='ltr'><strong>voluit</strong></span> <span class='ocrx_word' id='word_1_93' title='bbox 1069 1276 1387 1329; x_wconf 84' lang='lat' dir='ltr'><strong>ministrari</strong></span> <span class='ocrx_word' id='word_1_94' title='bbox 1434 1273 1508 1310; x_wconf 71' lang='grc'><strong>³⁸⁷</strong></span> <span class='ocrx_word' id='word_1_95' title='bbox 1548 1275 1646 1329; x_wconf 90' lang='lat' dir='ltr'><strong>sed</strong></span> <span class='ocrx_word' id='word_1_96' title='bbox 1684 1275 1787 1327; x_wconf 86' lang='lat' dir='ltr'><strong>mi-</strong></span> 
     </span>
    </p>
   </div>
   <div class='ocr_carea' id='block_1_14' title="bbox 93 1360 1783 1438">
    <p class='ocr_par' dir='ltr' id='par_1_14' title="bbox 93 1360 1783 1438">
     <span class='ocr_line' id='line_1_14' title="bbox 93 1360 1783 1438; baseline -0.004 -15"><span class='ocrx_word' id='word_1_97' title='bbox 93 1372 353 1436; x_wconf 88' lang='lat' dir='ltr'><strong>nistrare,</strong></span> <span class='ocrx_word' id='word_1_98' title='bbox 408 1384 595 1438; x_wconf 90' lang='lat' dir='ltr'><strong>neque</strong></span> <span class='ocrx_word' id='word_1_99' title='bbox 645 1383 802 1420; x_wconf 90' lang='lat' dir='ltr'><strong>more</strong></span> <span class='ocrx_word' id='word_1_100' title='bbox 843 1364 1219 1434; x_wconf 86' lang='lat' dir='ltr'><strong>magisteriali</strong></span> <span class='ocrx_word' id='word_1_101' title='bbox 1254 1361 1327 1400; x_wconf 66' lang='grc' dir='ltr'><strong>ἰδ</strong></span> <span class='ocrx_word' id='word_1_102' title='bbox 1357 1379 1531 1434; x_wconf 80' lang='lat' dir='ltr'><strong>super</strong></span> <span class='ocrx_word' id='word_1_103' title='bbox 1573 1360 1648 1397; x_wconf 66' lang='lat'><strong>“9</strong></span> <span class='ocrx_word' id='word_1_104' title='bbox 1677 1379 1783 1416; x_wconf 83' lang='lat' dir='ltr'><strong>ca-</strong></span> 
     </span>
    </p>
   </div>
   <div class='ocr_carea' id='block_1_15' title="bbox 91 1452 1790 1525">
    <p class='ocr_par' dir='ltr' id='par_1_15' title="bbox 91 1452 1790 1525">
     <span class='ocr_line' id='line_1_15' title="bbox 91 1452 1790 1525; baseline -0.004 -13"><span class='ocrx_word' id='word_1_105' title='bbox 91 1467 233 1512; x_wconf 88' lang='lat' dir='ltr'><strong>teras</strong></span> <span class='ocrx_word' id='word_1_106' title='bbox 296 1474 354 1510; x_wconf 93' lang='lat' dir='ltr'><strong>se</strong></span> <span class='ocrx_word' id='word_1_107' title='bbox 407 1457 691 1522; x_wconf 80' lang='lat' dir='ltr'><strong>exaltavit,</strong></span> <span class='ocrx_word' id='word_1_108' title='bbox 737 1456 836 1509; x_wconf 91' lang='lat' dir='ltr'><strong>sed</strong></span> <span class='ocrx_word' id='word_1_109' title='bbox 880 1454 1042 1525; x_wconf 89' lang='lat' dir='ltr'><strong>quasi</strong></span> <span class='ocrx_word' id='word_1_110' title='bbox 1083 1457 1268 1506; x_wconf 86' lang='lat' dir='ltr'><strong>mater</strong></span> <span class='ocrx_word' id='word_1_111' title='bbox 1325 1458 1558 1506; x_wconf 89' lang='lat' dir='ltr'><strong>cunctas</strong></span> <span class='ocrx_word' id='word_1_112' title='bbox 1593 1452 1790 1506; x_wconf 85' lang='lat' dir='ltr'><strong>dilexit</strong></span> 
     </span>
    </p>
   </div>
   <div class='ocr_carea' id='block_1_16' title="bbox 97 1541 1785 1610">
    <p class='ocr_par' dir='ltr' id='par_1_16' title="bbox 97 1541 1785 1610">
     <span class='ocr_line' id='line_1_16' title="bbox 97 1541 1785 1610; baseline -0.004 -9"><span class='ocrx_word' id='word_1_113' title='bbox 97 1565 148 1601; x_wconf 85' lang='lat' dir='ltr'><strong>ac</strong></span> <span class='ocrx_word' id='word_1_114' title='bbox 168 1547 390 1601; x_wconf 88' lang='lat' dir='ltr'><strong>docuit.</strong></span> <span class='ocrx_word' id='word_1_115' title='bbox 425 1546 563 1601; x_wconf 76' lang='lat' dir='ltr'><strong>Mira</strong></span> <span class='ocrx_word' id='word_1_116' title='bbox 607 1562 716 1610; x_wconf 90' lang='lat' dir='ltr'><strong>res,</strong></span> <span class='ocrx_word' id='word_1_117' title='bbox 770 1549 832 1597; x_wconf 92' lang='lat' dir='ltr'><strong>ut</strong></span> <span class='ocrx_word' id='word_1_118' title='bbox 886 1542 1100 1596; x_wconf 88' lang='lat' dir='ltr'><strong>femina</strong></span> <span class='ocrx_word' id='word_1_119' title='bbox 1132 1541 1400 1595; x_wconf 90' lang='lat' dir='ltr'><strong>secularis</strong></span> <span class='ocrx_word' id='word_1_120' title='bbox 1431 1542 1490 1594; x_wconf 92' lang='lat' dir='ltr'><strong>in</strong></span> <span class='ocrx_word' id='word_1_121' title='bbox 1521 1541 1629 1594; x_wconf 91' lang='lat' dir='ltr'><strong>hoc</strong></span> <span class='ocrx_word' id='word_1_122' title='bbox 1687 1557 1785 1594; x_wconf 88' lang='lat' dir='ltr'><strong>ne-</strong></span> 
     </span>
    </p>
   </div>
   <div class='ocr_carea' id='block_1_17' title="bbox 91 1628 1859 1724">
    <p class='ocr_par' dir='ltr' id='par_1_17' title="bbox 91 1628 1859 1724">
     <span class='ocr_line' id='line_1_17' title="bbox 91 1628 1859 1724; baseline -0.004 -37"><span class='ocrx_word' id='word_1_123' title='bbox 91 1634 250 1703; x_wconf 84' lang='lat' dir='ltr'><strong>gocio</strong></span> <span class='ocrx_word' id='word_1_124' title='bbox 280 1649 353 1686; x_wconf 88' lang='lat' dir='ltr'><strong>ne</strong></span> <span class='ocrx_word' id='word_1_125' title='bbox 396 1633 626 1702; x_wconf 89' lang='lat' dir='ltr'><strong>quidem</strong></span> <span class='ocrx_word' id='word_1_126' title='bbox 663 1632 734 1684; x_wconf 90' lang='lat' dir='ltr'><strong>ad</strong></span> <span class='ocrx_word' id='word_1_127' title='bbox 785 1630 984 1683; x_wconf 90' lang='lat' dir='ltr'><strong>horam</strong></span> <span class='ocrx_word' id='word_1_128' title='bbox 1043 1633 1396 1698; x_wconf 85' lang='lat' dir='ltr'><strong>gravaretur,</strong></span> <span class='ocrx_word' id='word_1_129' title='bbox 1447 1629 1547 1682; x_wconf 87' lang='lat' dir='ltr'><strong>sed</strong></span> <span class='ocrx_word' id='word_1_130' title='bbox 1596 1628 1788 1698; x_wconf 88' lang='lat' dir='ltr'><strong>potius</strong></span> <span class='ocrx_word' id='word_1_131' title='bbox 1819 1671 1859 1724; x_wconf 75' lang='grc' dir='ltr'><strong>Β</strong></span> 
     </span>
    </p>
   </div>
   <div class='ocr_carea' id='block_1_18' title="bbox 91 1716 1786 1790">
    <p class='ocr_par' dir='ltr' id='par_1_18' title="bbox 91 1716 1786 1790">
     <span class='ocr_line' id='line_1_18' title="bbox 91 1716 1786 1790; baseline -0.004 -15"><span class='ocrx_word' id='word_1_132' title='bbox 91 1723 490 1775; x_wconf 82' lang='lat' dir='ltr'><strong>delectaretur.</strong></span> <span class='ocrx_word' id='word_1_133' title='bbox 524 1721 705 1775; x_wconf 90' lang='lat' dir='ltr'><strong>Omne</strong></span> <span class='ocrx_word' id='word_1_134' title='bbox 758 1734 988 1790; x_wconf 91' lang='lat' dir='ltr'><strong>quoque</strong></span> <span class='ocrx_word' id='word_1_135' title='bbox 1036 1716 1322 1786; x_wconf 90' lang='lat' dir='ltr'><strong>pradium</strong></span> <span class='ocrx_word' id='word_1_136' title='bbox 1377 1717 1531 1787; x_wconf 90' lang='lat' dir='ltr'><strong>quod</strong></span> <span class='ocrx_word' id='word_1_137' title='bbox 1589 1716 1786 1788; x_wconf 89' lang='lat' dir='ltr'><strong>acqui-</strong></span> 
     </span>
    </p>
   </div>
   <div class='ocr_carea' id='block_1_19' title="bbox 90 1805 1787 1878">
    <p class='ocr_par' dir='ltr' id='par_1_19' title="bbox 90 1805 1787 1878">
     <span class='ocr_line' id='line_1_19' title="bbox 90 1805 1787 1878; baseline -0.003 -15"><span class='ocrx_word' id='word_1_138' title='bbox 90 1812 256 1864; x_wconf 84' lang='lat' dir='ltr'><strong>sierat</strong></span> <span class='ocrx_word' id='word_1_139' title='bbox 307 1809 560 1863; x_wconf 91' lang='lat' dir='ltr'><strong>ecclesia</strong></span> <span class='ocrx_word' id='word_1_140' title='bbox 618 1808 710 1862; x_wconf 91' lang='lat' dir='ltr'><strong>cui</strong></span> <span class='ocrx_word' id='word_1_141' title='bbox 754 1811 1002 1878; x_wconf 86' lang='lat' dir='ltr'><strong>praerat</strong></span> <span class='ocrx_word' id='word_1_142' title='bbox 1051 1821 1181 1859; x_wconf 90' lang='lat' dir='ltr'><strong>cum</strong></span> <span class='ocrx_word' id='word_1_143' title='bbox 1224 1805 1441 1859; x_wconf 82' lang='lat' dir='ltr'><strong>auxilio</strong></span> <span class='ocrx_word' id='word_1_144' title='bbox 1487 1805 1678 1859; x_wconf 86' lang='lat' dir='ltr'><strong>fratris</strong></span> <span class='ocrx_word' id='word_1_145' title='bbox 1726 1805 1787 1859; x_wconf 90' lang='lat' dir='ltr'><strong>in</strong></span> 
     </span>
    </p>
   </div>
   <div class='ocr_carea' id='block_1_20' title="bbox 94 1893 1790 1969">
    <p class='ocr_par' dir='ltr' id='par_1_20' title="bbox 94 1893 1790 1969">
     <span class='ocr_line' id='line_1_20' title="bbox 94 1893 1790 1969; baseline -0.004 -17"><span class='ocrx_word' id='word_1_146' title='bbox 94 1899 393 1969; x_wconf 90' lang='lat' dir='ltr'><strong>proprium</strong></span> <span class='ocrx_word' id='word_1_147' title='bbox 429 1899 769 1951; x_wconf 85' lang='lat' dir='ltr'><strong>contulerat.</strong></span> <span class='ocrx_word' id='word_1_148' title='bbox 813 1897 1114 1955; x_wconf 83' lang='lat' dir='ltr'><strong>Praterea,</strong></span> <span class='ocrx_word' id='word_1_149' title='bbox 1153 1894 1322 1947; x_wconf 87' lang='lat' dir='ltr'><strong>fratre</strong></span> <span class='ocrx_word' id='word_1_150' title='bbox 1359 1893 1694 1947; x_wconf 87' lang='lat' dir='ltr'><strong>exhortante</strong></span> <span class='ocrx_word' id='word_1_151' title='bbox 1732 1898 1790 1947; x_wconf 92' lang='lat' dir='ltr'><strong>et</strong></span> 
     </span>
    </p>
   </div>
   <div class='ocr_carea' id='block_1_21' title="bbox 94 1981 1789 2057">
    <p class='ocr_par' dir='ltr' id='par_1_21' title="bbox 94 1981 1789 2057">
     <span class='ocr_line' id='line_1_21' title="bbox 94 1981 1789 2057; baseline -0.003 -18"><span class='ocrx_word' id='word_1_152' title='bbox 94 1988 418 2057; x_wconf 86' lang='lat' dir='ltr'><strong>adjuvante,</strong></span> <span class='ocrx_word' id='word_1_153' title='bbox 461 1987 772 2039; x_wconf 87' lang='lat' dir='ltr'><strong>claustrum</strong></span> <span class='ocrx_word' id='word_1_154' title='bbox 806 1984 977 2037; x_wconf 88' lang='lat' dir='ltr'><strong>simul</strong></span> <span class='ocrx_word' id='word_1_155' title='bbox 1017 1981 1090 2019; x_wconf 70' lang='grc' dir='ltr'><strong>²δ⁰</strong></span> <span class='ocrx_word' id='word_1_156' title='bbox 1119 1987 1174 2035; x_wconf 92' lang='lat' dir='ltr'><strong>et</strong></span> <span class='ocrx_word' id='word_1_157' title='bbox 1191 1982 1611 2052; x_wconf 71' lang='lat' dir='ltr'><strong>monasterium</strong></span> <span class='ocrx_word' id='word_1_158' title='bbox 1644 1998 1789 2052; x_wconf 87' lang='lat' dir='ltr'><strong>pene</strong></span> 
     </span>
    </p>
   </div>
   <div class='ocr_carea' id='block_1_22' title="bbox 95 2069 1788 2136">
    <p class='ocr_par' dir='ltr' id='par_1_22' title="bbox 95 2069 1788 2136">
     <span class='ocr_line' id='line_1_22' title="bbox 95 2069 1788 2136; baseline -0.005 -6"><span class='ocrx_word' id='word_1_159' title='bbox 95 2077 419 2130; x_wconf 76' lang='lat' dir='ltr'><strong>desolatam</strong></span> <span class='ocrx_word' id='word_1_160' title='bbox 457 2091 573 2128; x_wconf 89' lang='lat' dir='ltr'><strong>non</strong></span> <span class='ocrx_word' id='word_1_161' title='bbox 612 2074 796 2127; x_wconf 89' lang='lat' dir='ltr'><strong>solum</strong></span> <span class='ocrx_word' id='word_1_162' title='bbox 844 2071 1161 2136; x_wconf 82' lang='lat' dir='ltr'><strong>renovavit,</strong></span> <span class='ocrx_word' id='word_1_163' title='bbox 1196 2071 1290 2124; x_wconf 92' lang='lat' dir='ltr'><strong>sed</strong></span> <span class='ocrx_word' id='word_1_164' title='bbox 1333 2070 1506 2124; x_wconf 87' lang='lat' dir='ltr'><strong>etiam</strong></span> <span class='ocrx_word' id='word_1_165' title='bbox 1546 2069 1788 2123; x_wconf 83' lang='lat' dir='ltr'><strong>readili-</strong></span> 
     </span>
    </p>
   </div>
   <div class='ocr_carea' id='block_1_23' title="bbox 95 2155 1792 2221">
    <p class='ocr_par' dir='ltr' id='par_1_23' title="bbox 95 2155 1792 2221">
     <span class='ocr_line' id='line_1_23' title="bbox 95 2155 1792 2221; baseline -0.004 -4"><span class='ocrx_word' id='word_1_166' title='bbox 95 2165 230 2218; x_wconf 83' lang='lat' dir='ltr'><strong>cavit</strong></span> <span class='ocrx_word' id='word_1_167' title='bbox 269 2169 328 2217; x_wconf 91' lang='lat' dir='ltr'><strong>et</strong></span> <span class='ocrx_word' id='word_1_168' title='bbox 379 2161 448 2197; x_wconf 86' lang='grc'><strong>²⁵¹</strong></span> <span class='ocrx_word' id='word_1_169' title='bbox 515 2161 765 2217; x_wconf 89' lang='lat' dir='ltr'><strong>dedicari</strong></span> <span class='ocrx_word' id='word_1_170' title='bbox 806 2160 953 2221; x_wconf 89' lang='lat' dir='ltr'><strong>fecit,</strong></span> <span class='ocrx_word' id='word_1_171' title='bbox 1011 2165 1070 2212; x_wconf 90' lang='lat' dir='ltr'><strong>et.</strong></span> <span class='ocrx_word' id='word_1_172' title='bbox 1123 2159 1184 2212; x_wconf 93' lang='lat' dir='ltr'><strong>in</strong></span> <span class='ocrx_word' id='word_1_173' title='bbox 1224 2158 1432 2212; x_wconf 90' lang='lat' dir='ltr'><strong>servito</strong></span> <span class='ocrx_word' id='word_1_174' title='bbox 1482 2158 1674 2212; x_wconf 89' lang='lat' dir='ltr'><strong>divino</strong></span> <span class='ocrx_word' id='word_1_175' title='bbox 1721 2155 1792 2193; x_wconf 81' lang='grc'><strong>²⁵²</strong></span> 
     </span>
    </p>
   </div>
   <div class='ocr_carea' id='block_1_24' title="bbox 94 2245 1792 2317">
    <p class='ocr_par' dir='ltr' id='par_1_24' title="bbox 94 2245 1792 2317">
     <span class='ocr_line' id='line_1_24' title="bbox 94 2245 1792 2317; baseline -0.005 -10"><span class='ocrx_word' id='word_1_176' title='bbox 94 2270 217 2307; x_wconf 90' lang='lat' dir='ltr'><strong>cum</strong></span> <span class='ocrx_word' id='word_1_177' title='bbox 269 2252 566 2306; x_wconf 85' lang='lat' dir='ltr'><strong>sororibus</strong></span> <span class='ocrx_word' id='word_1_178' title='bbox 620 2250 726 2304; x_wconf 90' lang='lat' dir='ltr'><strong>sibi</strong></span> <span class='ocrx_word' id='word_1_179' title='bbox 771 2248 1092 2302; x_wconf 90' lang='lat' dir='ltr'><strong>commissis</strong></span> <span class='ocrx_word' id='word_1_180' title='bbox 1159 2247 1248 2301; x_wconf 90' lang='lat' dir='ltr'><strong>die</strong></span> <span class='ocrx_word' id='word_1_181' title='bbox 1293 2252 1582 2317; x_wconf 86' lang='lat' dir='ltr'><strong>noctuque</strong></span> <span class='ocrx_word' id='word_1_182' title='bbox 1622 2245 1792 2299; x_wconf 88' lang='lat' dir='ltr'><strong>corde</strong></span> 
     </span>
    </p>
   </div>
   <div class='ocr_carea' id='block_1_25' title="bbox 97 2335 1794 2407">
    <p class='ocr_par' dir='ltr' id='par_1_25' title="bbox 97 2335 1794 2407">
     <span class='ocr_line' id='line_1_25' title="bbox 97 2335 1794 2407; baseline -0.004 -13"><span class='ocrx_word' id='word_1_183' title='bbox 97 2347 148 2394; x_wconf 88' lang='lat' dir='ltr'><strong>et</strong></span> <span class='ocrx_word' id='word_1_184' title='bbox 175 2341 380 2395; x_wconf 90' lang='lat' dir='ltr'><strong>animo</strong></span> <span class='ocrx_word' id='word_1_185' title='bbox 413 2338 779 2393; x_wconf 91' lang='lat' dir='ltr'><strong>stabilissimo</strong></span> <span class='ocrx_word' id='word_1_186' title='bbox 811 2335 882 2372; x_wconf 71' lang='lat'><strong>&quot;5</strong></span> <span class='ocrx_word' id='word_1_187' title='bbox 920 2336 1258 2407; x_wconf 88' lang='lat' dir='ltr'><strong>permansit,</strong></span> <span class='ocrx_word' id='word_1_188' title='bbox 1306 2351 1621 2405; x_wconf 89' lang='lat' dir='ltr'><strong>earumque</strong></span> <span class='ocrx_word' id='word_1_189' title='bbox 1651 2350 1794 2387; x_wconf 89' lang='lat' dir='ltr'><strong>con-</strong></span> 
     </span>
    </p>
   </div>
   <div class='ocr_carea' id='block_1_26' title="bbox 95 2422 1796 2496">
    <p class='ocr_par' dir='ltr' id='par_1_26' title="bbox 95 2422 1796 2496">
     <span class='ocr_line' id='line_1_26' title="bbox 95 2422 1796 2496; baseline -0.002 -16"><span class='ocrx_word' id='word_1_190' title='bbox 95 2431 486 2483; x_wconf 75' lang='lat' dir='ltr'><strong>versationem</strong></span> <span class='ocrx_word' id='word_1_191' title='bbox 527 2426 718 2481; x_wconf 85' lang='lat' dir='ltr'><strong>fratris</strong></span> <span class='ocrx_word' id='word_1_192' title='bbox 757 2424 1044 2496; x_wconf 87' lang='lat' dir='ltr'><strong>adjutorio</strong></span> <span class='ocrx_word' id='word_1_193' title='bbox 1074 2425 1144 2460; x_wconf 67' lang='lat'><strong>’5‘</strong></span> <span class='ocrx_word' id='word_1_194' title='bbox 1176 2422 1616 2489; x_wconf 88' lang='lat' dir='ltr'><strong>rationabiliter,</strong></span> <span class='ocrx_word' id='word_1_195' title='bbox 1649 2423 1796 2476; x_wconf 89' lang='lat' dir='ltr'><strong>sicut</strong></span> 
     </span>
    </p>
   </div>
   <div class='ocr_carea' id='block_1_27' title="bbox 97 2511 1686 2586">
    <p class='ocr_par' dir='ltr' id='par_1_27' title="bbox 97 2511 1686 2586">
     <span class='ocr_line' id='line_1_27' title="bbox 97 2511 1686 2586; baseline -0.006 -15"><span class='ocrx_word' id='word_1_196' title='bbox 97 2518 414 2571; x_wconf 89' lang='lat' dir='ltr'><strong>canonicus</strong></span> <span class='ocrx_word' id='word_1_197' title='bbox 446 2515 706 2586; x_wconf 90' lang='lat' dir='ltr'><strong>deposcit</strong></span> <span class='ocrx_word' id='word_1_198' title='bbox 734 2512 803 2550; x_wconf 72' lang='lat'><strong>&quot;5</strong></span> <span class='ocrx_word' id='word_1_199' title='bbox 834 2513 993 2580; x_wconf 89' lang='lat' dir='ltr'><strong>ordo,</strong></span> <span class='ocrx_word' id='word_1_200' title='bbox 1029 2529 1130 2583; x_wconf 91' lang='lat' dir='ltr'><strong>per</strong></span> <span class='ocrx_word' id='word_1_201' title='bbox 1161 2512 1357 2565; x_wconf 89' lang='lat' dir='ltr'><strong>omnia</strong></span> <span class='ocrx_word' id='word_1_202' title='bbox 1385 2511 1686 2582; x_wconf 87' lang='lat' dir='ltr'><strong>disposuit.</strong></span> 
     </span>
    </p>
   </div>
   <div class='ocr_carea' id='block_1_28' title="bbox 165 2598 1798 2674">
    <p class='ocr_par' dir='ltr' id='par_1_28' title="bbox 165 2598 1798 2674">
     <span class='ocr_line' id='line_1_28' title="bbox 165 2598 1798 2674; baseline -0.007 -13"><span class='ocrx_word' id='word_1_203' title='bbox 165 2609 253 2661; x_wconf 85' lang='lat' dir='ltr'><strong>l3.</strong></span> <span class='ocrx_word' id='word_1_204' title='bbox 307 2606 469 2660; x_wconf 89' lang='lat' dir='ltr'><strong>Illius</strong></span> <span class='ocrx_word' id='word_1_205' title='bbox 518 2620 750 2674; x_wconf 86' lang='lat' dir='ltr'><strong>quoque</strong></span> <span class='ocrx_word' id='word_1_206' title='bbox 794 2601 864 2638; x_wconf 73' lang='grc'><strong>³⁵⁸</strong></span> <span class='ocrx_word' id='word_1_207' title='bbox 913 2601 1186 2671; x_wconf 79' lang='lat' dir='ltr'><strong>exemplis</strong></span> <span class='ocrx_word' id='word_1_208' title='bbox 1216 2617 1281 2654; x_wconf 90' lang='lat' dir='ltr'><strong>ac</strong></span> <span class='ocrx_word' id='word_1_209' title='bbox 1336 2598 1406 2635; x_wconf 82' lang='grc'><strong>²⁵⁷</strong></span> <span class='ocrx_word' id='word_1_210' title='bbox 1439 2598 1798 2654; x_wconf 85' lang='lat' dir='ltr'><strong>documentis</strong></span> 
     </span>
    </p>
   </div>
   <div class='ocr_carea' id='block_1_29' title="bbox 96 2688 1798 2757">
    <p class='ocr_par' dir='ltr' id='par_1_29' title="bbox 96 2688 1798 2757">
     <span class='ocr_line' id='line_1_29' title="bbox 96 2688 1798 2757; baseline -0.003 -10"><span class='ocrx_word' id='word_1_211' title='bbox 96 2711 209 2748; x_wconf 89' lang='lat' dir='ltr'><strong>una</strong></span> <span class='ocrx_word' id='word_1_212' title='bbox 243 2710 318 2749; x_wconf 85' lang='lat' dir='ltr'><strong>ex</strong></span> <span class='ocrx_word' id='word_1_213' title='bbox 350 2693 568 2747; x_wconf 88' lang='lat' dir='ltr'><strong>eisdem</strong></span> <span class='ocrx_word' id='word_1_214' title='bbox 601 2691 912 2757; x_wconf 87' lang='lat' dir='ltr'><strong>sororibus,</strong></span> <span class='ocrx_word' id='word_1_215' title='bbox 948 2691 1163 2745; x_wconf 90' lang='lat' dir='ltr'><strong>Caritas</strong></span> <span class='ocrx_word' id='word_1_216' title='bbox 1202 2689 1519 2754; x_wconf 89' lang='lat' dir='ltr'><strong>nominata,</strong></span> <span class='ocrx_word' id='word_1_217' title='bbox 1554 2689 1667 2742; x_wconf 89' lang='lat' dir='ltr'><strong>Deo</strong></span> <span class='ocrx_word' id='word_1_218' title='bbox 1700 2688 1798 2742; x_wconf 89' lang='lat' dir='ltr'><strong>de-</strong></span> 
     </span>
    </p>
   </div>
   <div class='ocr_carea' id='block_1_30' title="bbox 95 2776 1797 2851">
    <p class='ocr_par' dir='ltr' id='par_1_30' title="bbox 95 2776 1797 2851">
     <span class='ocr_line' id='line_1_30' title="bbox 95 2776 1797 2851; baseline -0.004 -16"><span class='ocrx_word' id='word_1_219' title='bbox 95 2790 248 2848; x_wconf 86' lang='lat' dir='ltr'><strong>vota,</strong></span> <span class='ocrx_word' id='word_1_220' title='bbox 306 2782 528 2836; x_wconf 89' lang='lat' dir='ltr'><strong>altioris</strong></span> <span class='ocrx_word' id='word_1_221' title='bbox 573 2780 919 2851; x_wconf 85' lang='lat' dir='ltr'><strong>majorisque</strong></span> <span class='ocrx_word' id='word_1_222' title='bbox 949 2779 1078 2832; x_wconf 86' lang='lat' dir='ltr'><strong>vita</strong></span> <span class='ocrx_word' id='word_1_223' title='bbox 1110 2778 1526 2832; x_wconf 90' lang='lat' dir='ltr'><strong>districtionem</strong></span> <span class='ocrx_word' id='word_1_224' title='bbox 1575 2777 1644 2830; x_wconf 91' lang='lat' dir='ltr'><strong>ab</strong></span> <span class='ocrx_word' id='word_1_225' title='bbox 1677 2776 1797 2847; x_wconf 90' lang='lat' dir='ltr'><strong>epi-</strong></span> 
     </span>
    </p>
   </div>
   <div class='ocr_carea' id='block_1_31' title="bbox 97 2865 1798 2942">
    <p class='ocr_par' dir='ltr' id='par_1_31' title="bbox 97 2865 1798 2942">
     <span class='ocr_line' id='line_1_31' title="bbox 97 2865 1798 2942; baseline -0.004 -17"><span class='ocrx_word' id='word_1_226' title='bbox 97 2888 268 2942; x_wconf 90' lang='lat' dir='ltr'><strong>scopo</strong></span> <span class='ocrx_word' id='word_1_227' title='bbox 335 2870 685 2941; x_wconf 89' lang='lat' dir='ltr'><strong>postulabat.</strong></span> <span class='ocrx_word' id='word_1_228' title='bbox 743 2869 1003 2939; x_wconf 84' lang='lat' dir='ltr'><strong>Cumque</strong></span> <span class='ocrx_word' id='word_1_229' title='bbox 1050 2868 1146 2921; x_wconf 91' lang='lat' dir='ltr'><strong>ille</strong></span> <span class='ocrx_word' id='word_1_230' title='bbox 1197 2867 1298 2920; x_wconf 90' lang='lat' dir='ltr'><strong>Dei</strong></span> <span class='ocrx_word' id='word_1_231' title='bbox 1344 2867 1692 2920; x_wconf 88' lang='lat' dir='ltr'><strong>voluntatem</strong></span> <span class='ocrx_word' id='word_1_232' title='bbox 1738 2865 1798 2918; x_wconf 93' lang='lat' dir='ltr'><strong>in</strong></span> 
     </span>
    </p>
   </div>
   <div class='ocr_carea' id='block_1_32' title="bbox 1890 467 3582 555">
    <p class='ocr_par' dir='ltr' id='par_1_32' title="bbox 1890 467 3582 555">
     <span class='ocr_line' id='line_1_32' title="bbox 1890 467 3582 555; baseline 0.004 -23"><span class='ocrx_word' id='word_1_233' title='bbox 1890 480 2028 550; x_wconf 92' lang='lat' dir='ltr'><strong>pida</strong></span> <span class='ocrx_word' id='word_1_234' title='bbox 2054 495 2152 534; x_wconf 87' lang='lat' dir='ltr'><strong>vos</strong></span> <span class='ocrx_word' id='word_1_235' title='bbox 2190 479 2482 550; x_wconf 83' lang='lat' dir='ltr'><strong>pracedit,</strong></span> <span class='ocrx_word' id='word_1_236' title='bbox 2515 485 2573 534; x_wconf 90' lang='lat' dir='ltr'><strong>et</strong></span> <span class='ocrx_word' id='word_1_237' title='bbox 2610 484 2803 534; x_wconf 88' lang='lat' dir='ltr'><strong>contra</strong></span> <span class='ocrx_word' id='word_1_238' title='bbox 2835 467 3118 551; x_wconf 74' lang='lat' dir='ltr'><strong>spiritales</strong></span> <span class='ocrx_word' id='word_1_239' title='bbox 3147 482 3431 552; x_wconf 88' lang='lat' dir='ltr'><strong>nequitias</strong></span> <span class='ocrx_word' id='word_1_240' title='bbox 3476 501 3582 555; x_wconf 90' lang='lat' dir='ltr'><strong>pu-</strong></span> 
     </span>
    </p>
   </div>
   <div class='ocr_carea' id='block_1_33' title="bbox 1891 559 3582 644">
    <p class='ocr_par' dir='ltr' id='par_1_33' title="bbox 1891 559 3582 644">
     <span class='ocr_line' id='line_1_33' title="bbox 1891 559 3582 644; baseline 0.003 -22"><span class='ocrx_word' id='word_1_241' title='bbox 1891 584 2068 639; x_wconf 85' lang='lat' dir='ltr'><strong>gnare</strong></span> <span class='ocrx_word' id='word_1_242' title='bbox 2113 585 2229 622; x_wconf 90' lang='lat' dir='ltr'><strong>nou</strong></span> <span class='ocrx_word' id='word_1_243' title='bbox 2281 568 2504 624; x_wconf 86' lang='lat' dir='ltr'><strong>metuit.</strong></span> <span class='ocrx_word' id='word_1_244' title='bbox 2566 569 2704 622; x_wconf 90' lang='lat' dir='ltr'><strong>Ecce</strong></span> <span class='ocrx_word' id='word_1_245' title='bbox 2764 569 2940 622; x_wconf 90' lang='lat' dir='ltr'><strong>lorica</strong></span> <span class='ocrx_word' id='word_1_246' title='bbox 2989 559 3064 604; x_wconf 69' lang='grc'><strong>³⁸⁸⁸</strong></span> <span class='ocrx_word' id='word_1_247' title='bbox 3122 570 3258 625; x_wconf 87' lang='lat' dir='ltr'><strong>ﬁdei</strong></span> <span class='ocrx_word' id='word_1_248' title='bbox 3305 573 3582 644; x_wconf 82' lang='lat' dir='ltr'><strong>galeaque</strong></span> 
     </span>
    </p>
   </div>
   <div class='ocr_carea' id='block_1_34' title="bbox 1891 656 3584 728">
    <p class='ocr_par' dir='ltr' id='par_1_34' title="bbox 1891 656 3584 728">
     <span class='ocr_line' id='line_1_34' title="bbox 1891 656 3584 728; baseline 0.004 -19"><span class='ocrx_word' id='word_1_249' title='bbox 1891 657 2091 710; x_wconf 86' lang='lat' dir='ltr'><strong>salutis</strong></span> <span class='ocrx_word' id='word_1_250' title='bbox 2122 656 2339 723; x_wconf 88' lang='lat' dir='ltr'><strong>induta,</strong></span> <span class='ocrx_word' id='word_1_251' title='bbox 2374 656 2567 710; x_wconf 90' lang='lat' dir='ltr'><strong>animo</strong></span> <span class='ocrx_word' id='word_1_252' title='bbox 2604 656 2994 728; x_wconf 79' lang='lat' dir='ltr'><strong>imperterrita</strong></span> <span class='ocrx_word' id='word_1_253' title='bbox 3033 663 3233 714; x_wconf 89' lang='lat' dir='ltr'><strong>contra</strong></span> <span class='ocrx_word' id='word_1_254' title='bbox 3285 660 3584 715; x_wconf 90' lang='lat' dir='ltr'><strong>inimicum</strong></span> 
     </span>
    </p>
   </div>
   <div class='ocr_carea' id='block_1_35' title="bbox 1894 743 3586 820">
    <p class='ocr_par' dir='ltr' id='par_1_35' title="bbox 1894 743 3586 820">
     <span class='ocr_line' id='line_1_35' title="bbox 1894 743 3586 820; baseline 0.003 -21"><span class='ocrx_word' id='word_1_255' title='bbox 1894 745 2166 800; x_wconf 90' lang='lat' dir='ltr'><strong>dimicare</strong></span> <span class='ocrx_word' id='word_1_256' title='bbox 2219 751 2304 799; x_wconf 91' lang='lat' dir='ltr'><strong>est</strong></span> <span class='ocrx_word' id='word_1_257' title='bbox 2340 743 2414 779; x_wconf 84' lang='grc'><strong>²⁶⁹</strong></span> <span class='ocrx_word' id='word_1_258' title='bbox 2453 750 2670 814; x_wconf 89' lang='lat' dir='ltr'><strong>parata.</strong></span> <span class='ocrx_word' id='word_1_259' title='bbox 2734 747 2880 817; x_wconf 85' lang='lat' dir='ltr'><strong>Ergo</strong></span> <span class='ocrx_word' id='word_1_260' title='bbox 2933 747 2979 800; x_wconf 87' lang='lat' dir='ltr'><strong>si</strong></span> <span class='ocrx_word' id='word_1_261' title='bbox 3025 763 3216 819; x_wconf 88' lang='lat' dir='ltr'><strong>neque</strong></span> <span class='ocrx_word' id='word_1_262' title='bbox 3260 751 3586 820; x_wconf 84' lang='lat' dir='ltr'><strong>pracedere</strong></span> 
     </span>
    </p>
   </div>
   <div class='ocr_carea' id='block_1_36' title="bbox 1893 831 3585 906">
    <p class='ocr_par' dir='ltr' id='par_1_36' title="bbox 1893 831 3585 906">
     <span class='ocr_line' id='line_1_36' title="bbox 1893 831 3585 906; baseline 0.004 -19"><span class='ocrx_word' id='word_1_263' title='bbox 1893 849 2082 905; x_wconf 90' lang='lat' dir='ltr'><strong>neque</strong></span> <span class='ocrx_word' id='word_1_264' title='bbox 2128 833 2261 888; x_wconf 91' lang='lat' dir='ltr'><strong>huic</strong></span> <span class='ocrx_word' id='word_1_265' title='bbox 2300 831 2375 867; x_wconf 81' lang='grc'><strong>²⁷⁰</strong></span> <span class='ocrx_word' id='word_1_266' title='bbox 2402 850 2740 888; x_wconf 89' lang='lat' dir='ltr'><strong>concurrere</strong></span> <span class='ocrx_word' id='word_1_267' title='bbox 2780 835 3012 906; x_wconf 86' lang='lat' dir='ltr'><strong>possitis</strong></span> <span class='ocrx_word' id='word_1_268' title='bbox 3058 833 3154 903; x_wconf 67' lang='lat'><strong>’7‘,</strong></span> <span class='ocrx_word' id='word_1_269' title='bbox 3211 838 3412 892; x_wconf 88' lang='lat' dir='ltr'><strong>saltem</strong></span> <span class='ocrx_word' id='word_1_270' title='bbox 3459 855 3585 892; x_wconf 90' lang='lat' dir='ltr'><strong>eam</strong></span> 
     </span>
    </p>
   </div>
   <div class='ocr_carea' id='block_1_37' title="bbox 1893 922 3581 995">
    <p class='ocr_par' dir='ltr' id='par_1_37' title="bbox 1893 922 3581 995">
     <span class='ocr_line' id='line_1_37' title="bbox 1893 922 3581 995; baseline -0.001 -19"><span class='ocrx_word' id='word_1_271' title='bbox 1893 922 2176 976; x_wconf 89' lang='lat' dir='ltr'><strong>similibus</strong></span> <span class='ocrx_word' id='word_1_272' title='bbox 2242 922 2468 994; x_wconf 88' lang='lat' dir='ltr'><strong>pietatis</strong></span> <span class='ocrx_word' id='word_1_273' title='bbox 2528 924 2802 994; x_wconf 88' lang='lat' dir='ltr'><strong>exemplis</strong></span> <span class='ocrx_word' id='word_1_274' title='bbox 2858 924 3134 995; x_wconf 88' lang='lat' dir='ltr'><strong>consequi</strong></span> <span class='ocrx_word' id='word_1_275' title='bbox 3210 927 3504 981; x_wconf 89' lang='lat' dir='ltr'><strong>studeatis.</strong></span> <span class='ocrx_word' id='word_1_276' title='bbox 3561 949 3581 975; x_wconf 74' lang='grc' dir='ltr'><strong>ι</strong></span> 
     </span>
    </p>
   </div>
   <div class='ocr_carea' id='block_1_38' title="bbox 1894 1012 3587 1085">
    <p class='ocr_par' dir='ltr' id='par_1_38' title="bbox 1894 1012 3587 1085">
     <span class='ocr_line' id='line_1_38' title="bbox 1894 1012 3587 1085; baseline 0.003 -19"><span class='ocrx_word' id='word_1_277' title='bbox 1894 1014 2027 1066; x_wconf 89' lang='lat' dir='ltr'><strong>Post</strong></span> <span class='ocrx_word' id='word_1_278' title='bbox 2078 1012 2199 1067; x_wconf 88' lang='lat' dir='ltr'><strong>hac</strong></span> <span class='ocrx_word' id='word_1_279' title='bbox 2229 1013 2453 1082; x_wconf 89' lang='lat' dir='ltr'><strong>aliaque</strong></span> <span class='ocrx_word' id='word_1_280' title='bbox 2492 1013 2663 1066; x_wconf 89' lang='lat' dir='ltr'><strong>verba</strong></span> <span class='ocrx_word' id='word_1_281' title='bbox 2710 1012 2925 1079; x_wconf 90' lang='lat' dir='ltr'><strong>divina,</strong></span> <span class='ocrx_word' id='word_1_282' title='bbox 2957 1014 3253 1085; x_wconf 89' lang='lat' dir='ltr'><strong>completis</strong></span> <span class='ocrx_word' id='word_1_283' title='bbox 3282 1015 3587 1071; x_wconf 90' lang='lat' dir='ltr'><strong>missarum</strong></span> 
     </span>
    </p>
   </div>
   <div class='ocr_carea' id='block_1_39' title="bbox 1894 1098 3587 1174">
    <p class='ocr_par' dir='ltr' id='par_1_39' title="bbox 1894 1098 3587 1174">
     <span class='ocr_line' id='line_1_39' title="bbox 1894 1098 3587 1174; baseline 0.003 -20"><span class='ocrx_word' id='word_1_284' title='bbox 1894 1100 2098 1154; x_wconf 89' lang='lat' dir='ltr'><strong>ofﬁciis</strong></span> <span class='ocrx_word' id='word_1_285' title='bbox 2141 1098 2237 1168; x_wconf 68' lang='lat'><strong>’7’,</strong></span> <span class='ocrx_word' id='word_1_286' title='bbox 2273 1101 2494 1154; x_wconf 88' lang='lat' dir='ltr'><strong>cellula</strong></span> <span class='ocrx_word' id='word_1_287' title='bbox 2562 1117 2686 1154; x_wconf 92' lang='lat' dir='ltr'><strong>eam</strong></span> <span class='ocrx_word' id='word_1_288' title='bbox 2728 1101 2992 1169; x_wconf 90' lang='lat' dir='ltr'><strong>inclusit;</strong></span> <span class='ocrx_word' id='word_1_289' title='bbox 3043 1108 3100 1156; x_wconf 88' lang='lat' dir='ltr'><strong>et</strong></span> <span class='ocrx_word' id='word_1_290' title='bbox 3136 1120 3264 1174; x_wconf 87' lang='lat' dir='ltr'><strong>qua</strong></span> <span class='ocrx_word' id='word_1_291' title='bbox 3312 1102 3387 1140; x_wconf 73' lang='grc'><strong>³⁷³</strong></span> <span class='ocrx_word' id='word_1_292' title='bbox 3432 1121 3587 1159; x_wconf 92' lang='lat' dir='ltr'><strong>com-</strong></span> 
     </span>
    </p>
   </div>
   <div class='ocr_carea' id='block_1_40' title="bbox 1895 1187 3589 1260">
    <p class='ocr_par' dir='ltr' id='par_1_40' title="bbox 1895 1187 3589 1260">
     <span class='ocr_line' id='line_1_40' title="bbox 1895 1187 3589 1260; baseline 0.003 -20"><span class='ocrx_word' id='word_1_293' title='bbox 1895 1187 2207 1258; x_wconf 86' lang='lat' dir='ltr'><strong>punctioue</strong></span> <span class='ocrx_word' id='word_1_294' title='bbox 2273 1187 2465 1241; x_wconf 89' lang='lat' dir='ltr'><strong>divina</strong></span> <span class='ocrx_word' id='word_1_295' title='bbox 2520 1188 2875 1242; x_wconf 90' lang='lat' dir='ltr'><strong>secularibus</strong></span> <span class='ocrx_word' id='word_1_296' title='bbox 2933 1187 3007 1223; x_wconf 73' lang='grc'><strong>³⁷⁸</strong></span> <span class='ocrx_word' id='word_1_297' title='bbox 3039 1196 3267 1244; x_wconf 86' lang='lat' dir='ltr'><strong>mortua</strong></span> <span class='ocrx_word' id='word_1_298' title='bbox 3328 1190 3439 1245; x_wconf 85' lang='lat' dir='ltr'><strong>fuit</strong></span> <span class='ocrx_word' id='word_1_299' title='bbox 3495 1188 3589 1260; x_wconf 73' lang='grc'><strong>³⁷⁸,</strong></span> 
     </span>
    </p>
   </div>
   <div class='ocr_carea' id='block_1_41' title="bbox 1896 1276 3591 1334">
    <p class='ocr_par' dir='ltr' id='par_1_41' title="bbox 1896 1276 3591 1334">
     <span class='ocr_line' id='line_1_41' title="bbox 1896 1276 3591 1334; baseline 0.002 -4"><span class='ocrx_word' id='word_1_300' title='bbox 1896 1276 2095 1330; x_wconf 91' lang='lat' dir='ltr'><strong>ordine</strong></span> <span class='ocrx_word' id='word_1_301' title='bbox 2143 1281 2503 1331; x_wconf 90' lang='lat' dir='ltr'><strong>mortuorum</strong></span> <span class='ocrx_word' id='word_1_302' title='bbox 2544 1278 2660 1331; x_wconf 90' lang='lat' dir='ltr'><strong>Deo</strong></span> <span class='ocrx_word' id='word_1_303' title='bbox 2708 1278 2865 1331; x_wconf 90' lang='lat' dir='ltr'><strong>illam</strong></span> <span class='ocrx_word' id='word_1_304' title='bbox 2908 1279 3427 1333; x_wconf 86' lang='lat' dir='ltr'><strong>commendaverat.</strong></span> <span class='ocrx_word' id='word_1_305' title='bbox 3470 1280 3591 1334; x_wconf 86' lang='lat' dir='ltr'><strong>Ibi-</strong></span> 
     </span>
    </p>
   </div>
   <div class='ocr_carea' id='block_1_42' title="bbox 1897 1363 3590 1437">
    <p class='ocr_par' dir='ltr' id='par_1_42' title="bbox 1897 1363 3590 1437">
     <span class='ocr_line' id='line_1_42' title="bbox 1897 1363 3590 1437; baseline 0.002 -19"><span class='ocrx_word' id='word_1_306' title='bbox 1897 1381 2008 1436; x_wconf 93' lang='lat' dir='ltr'><strong>que</strong></span> <span class='ocrx_word' id='word_1_307' title='bbox 2039 1363 2113 1398; x_wconf 72' lang='grc'><strong>³⁷⁵</strong></span> <span class='ocrx_word' id='word_1_308' title='bbox 2159 1366 2272 1418; x_wconf 89' lang='lat' dir='ltr'><strong>Deo</strong></span> <span class='ocrx_word' id='word_1_309' title='bbox 2318 1365 2616 1419; x_wconf 88' lang='lat' dir='ltr'><strong>serviendo</strong></span> <span class='ocrx_word' id='word_1_310' title='bbox 2665 1369 2778 1418; x_wconf 89' lang='lat' dir='ltr'><strong>tres</strong></span> <span class='ocrx_word' id='word_1_311' title='bbox 2815 1382 2994 1419; x_wconf 89' lang='lat' dir='ltr'><strong>annos</strong></span> <span class='ocrx_word' id='word_1_312' title='bbox 3039 1367 3156 1420; x_wconf 88' lang='lat' dir='ltr'><strong>vita</strong></span> <span class='ocrx_word' id='word_1_313' title='bbox 3201 1368 3454 1437; x_wconf 88' lang='lat' dir='ltr'><strong>angelica</strong></span> <span class='ocrx_word' id='word_1_314' title='bbox 3502 1368 3590 1421; x_wconf 87' lang='lat' dir='ltr'><strong>vi-</strong></span> 
     </span>
    </p>
   </div>
   <div class='ocr_carea' id='block_1_43' title="bbox 1899 1454 3593 1525">
    <p class='ocr_par' dir='ltr' id='par_1_43' title="bbox 1899 1454 3593 1525">
     <span class='ocr_line' id='line_1_43' title="bbox 1899 1454 3593 1525; baseline 0.002 -19"><span class='ocrx_word' id='word_1_315' title='bbox 1899 1454 2086 1520; x_wconf 89' lang='lat' dir='ltr'><strong>vebat,</strong></span> <span class='ocrx_word' id='word_1_316' title='bbox 2126 1460 2182 1508; x_wconf 90' lang='lat' dir='ltr'><strong>et</strong></span> <span class='ocrx_word' id='word_1_317' title='bbox 2229 1455 2466 1509; x_wconf 89' lang='lat' dir='ltr'><strong>diversis</strong></span> <span class='ocrx_word' id='word_1_318' title='bbox 2495 1455 2858 1524; x_wconf 90' lang='lat' dir='ltr'><strong>passionibus</strong></span> <span class='ocrx_word' id='word_1_319' title='bbox 2887 1460 3164 1525; x_wconf 90' lang='lat' dir='ltr'><strong>temptata</strong></span> <span class='ocrx_word' id='word_1_320' title='bbox 3205 1454 3300 1523; x_wconf 68' lang='lat'><strong>’77,</strong></span> <span class='ocrx_word' id='word_1_321' title='bbox 3361 1459 3430 1511; x_wconf 91' lang='lat' dir='ltr'><strong>ad</strong></span> <span class='ocrx_word' id='word_1_322' title='bbox 3459 1457 3593 1510; x_wconf 90' lang='lat' dir='ltr'><strong>ulti-</strong></span> 
     </span>
    </p>
   </div>
   <div class='ocr_carea' id='block_1_44' title="bbox 1900 1542 3596 1613">
    <p class='ocr_par' dir='ltr' id='par_1_44' title="bbox 1900 1542 3596 1613">
     <span class='ocr_line' id='line_1_44' title="bbox 1900 1542 3596 1613; baseline 0.002 -18"><span class='ocrx_word' id='word_1_323' title='bbox 1900 1559 2059 1596; x_wconf 89' lang='lat' dir='ltr'><strong>mum</strong></span> <span class='ocrx_word' id='word_1_324' title='bbox 2093 1542 2344 1596; x_wconf 87' lang='lat' dir='ltr'><strong>animam</strong></span> <span class='ocrx_word' id='word_1_325' title='bbox 2387 1543 2635 1613; x_wconf 91' lang='lat' dir='ltr'><strong>pleniter</strong></span> <span class='ocrx_word' id='word_1_326' title='bbox 2679 1547 3052 1613; x_wconf 89' lang='lat' dir='ltr'><strong>expurgatam</strong></span> <span class='ocrx_word' id='word_1_327' title='bbox 3090 1542 3164 1578; x_wconf 76' lang='grc' dir='ltr'><strong>²τ⁸</strong></span> <span class='ocrx_word' id='word_1_328' title='bbox 3195 1561 3298 1598; x_wconf 91' lang='lat' dir='ltr'><strong>suo</strong></span> <span class='ocrx_word' id='word_1_329' title='bbox 3348 1545 3596 1599; x_wconf 89' lang='lat' dir='ltr'><strong>reddidit</strong></span> 
     </span>
    </p>
   </div>
   <div class='ocr_carea' id='block_1_45' title="bbox 1901 1631 3596 1703">
    <p class='ocr_par' dir='ltr' id='par_1_45' title="bbox 1901 1631 3596 1703">
     <span class='ocr_line' id='line_1_45' title="bbox 1901 1631 3596 1703; baseline 0.001 -18"><span class='ocrx_word' id='word_1_330' title='bbox 1901 1631 2172 1697; x_wconf 86' lang='lat' dir='ltr'><strong>Creatori,</strong></span> <span class='ocrx_word' id='word_1_331' title='bbox 2216 1636 2277 1685; x_wconf 90' lang='lat' dir='ltr'><strong>ut</strong></span> <span class='ocrx_word' id='word_1_332' title='bbox 2321 1631 2379 1684; x_wconf 92' lang='lat' dir='ltr'><strong>in</strong></span> <span class='ocrx_word' id='word_1_333' title='bbox 2413 1632 2683 1685; x_wconf 86' lang='lat' dir='ltr'><strong>omnibus</strong></span> <span class='ocrx_word' id='word_1_334' title='bbox 2730 1631 3144 1685; x_wconf 88' lang='lat' dir='ltr'><strong>honoriﬁcetur</strong></span> <span class='ocrx_word' id='word_1_335' title='bbox 3187 1633 3353 1699; x_wconf 88' lang='lat' dir='ltr'><strong>Deus,</strong></span> <span class='ocrx_word' id='word_1_336' title='bbox 3407 1633 3507 1703; x_wconf 90' lang='lat' dir='ltr'><strong>qui</strong></span> <span class='ocrx_word' id='word_1_337' title='bbox 3537 1633 3596 1687; x_wconf 92' lang='lat' dir='ltr'><strong>in</strong></span> 
     </span>
    </p>
   </div>
   <div class='ocr_carea' id='block_1_46' title="bbox 1898 1717 3061 1790">
    <p class='ocr_par' dir='ltr' id='par_1_46' title="bbox 1898 1717 3061 1790">
     <span class='ocr_line' id='line_1_46' title="bbox 1898 1717 3061 1790; baseline 0.001 -17"><span class='ocrx_word' id='word_1_338' title='bbox 1898 1720 2104 1774; x_wconf 89' lang='lat' dir='ltr'><strong>sanctis</strong></span> <span class='ocrx_word' id='word_1_339' title='bbox 2127 1721 2244 1773; x_wconf 90' lang='lat' dir='ltr'><strong>suis</strong></span> <span class='ocrx_word' id='word_1_340' title='bbox 2279 1736 2505 1790; x_wconf 86' lang='lat' dir='ltr'><strong>semper</strong></span> <span class='ocrx_word' id='word_1_341' title='bbox 2537 1725 2620 1774; x_wconf 91' lang='lat' dir='ltr'><strong>est</strong></span> <span class='ocrx_word' id='word_1_342' title='bbox 2659 1720 2940 1774; x_wconf 87' lang='lat' dir='ltr'><strong>mirabilis</strong></span> <span class='ocrx_word' id='word_1_343' title='bbox 2971 1717 3061 1774; x_wconf 69' lang='grc'><strong>³⁷9.</strong></span> 
     </span>
    </p>
   </div>
   <div class='ocr_carea' id='block_1_47' title="bbox 1973 1808 3595 1880">
    <p class='ocr_par' dir='ltr' id='par_1_47' title="bbox 1973 1808 3595 1880">
     <span class='ocr_line' id='line_1_47' title="bbox 1973 1808 3595 1880; baseline 0.002 -19"><span class='ocrx_word' id='word_1_344' title='bbox 1973 1809 2055 1862; x_wconf 77' lang='grc'><strong>14.</strong></span> <span class='ocrx_word' id='word_1_345' title='bbox 2111 1809 2320 1862; x_wconf 86' lang='lat' dir='ltr'><strong>Eodem</strong></span> <span class='ocrx_word' id='word_1_346' title='bbox 2360 1813 2618 1879; x_wconf 86' lang='lat' dir='ltr'><strong>tempore</strong></span> <span class='ocrx_word' id='word_1_347' title='bbox 2643 1808 2758 1877; x_wconf 89' lang='lat' dir='ltr'><strong>(an.</strong></span> <span class='ocrx_word' id='word_1_348' title='bbox 2803 1811 2937 1863; x_wconf 77' lang='lat'><strong>1009</strong></span> <span class='ocrx_word' id='word_1_349' title='bbox 2957 1810 3006 1879; x_wconf 87' lang='lat'><strong>?)</strong></span> <span class='ocrx_word' id='word_1_350' title='bbox 3059 1810 3273 1880; x_wconf 89' lang='lat' dir='ltr'><strong>quippe</strong></span> <span class='ocrx_word' id='word_1_351' title='bbox 3307 1808 3384 1843; x_wconf 80' lang='grc'><strong>²⁸⁰</strong></span> <span class='ocrx_word' id='word_1_352' title='bbox 3424 1810 3595 1865; x_wconf 88' lang='lat' dir='ltr'><strong>Hein-</strong></span> 
     </span>
    </p>
   </div>
   <div class='ocr_carea' id='block_1_48' title="bbox 1898 1895 3597 1968">
    <p class='ocr_par' dir='ltr' id='par_1_48' title="bbox 1898 1895 3597 1968">
     <span class='ocr_line' id='line_1_48' title="bbox 1898 1895 3597 1968; baseline 0.002 -19"><span class='ocrx_word' id='word_1_353' title='bbox 1898 1896 2046 1950; x_wconf 90' lang='lat' dir='ltr'><strong>ricus</strong></span> <span class='ocrx_word' id='word_1_354' title='bbox 2101 1895 2417 1966; x_wconf 87' lang='lat' dir='ltr'><strong>imperator</strong></span> <span class='ocrx_word' id='word_1_355' title='bbox 2464 1913 2590 1950; x_wconf 90' lang='lat' dir='ltr'><strong>cum</strong></span> <span class='ocrx_word' id='word_1_356' title='bbox 2662 1897 2915 1951; x_wconf 85' lang='lat' dir='ltr'><strong>exercitu</strong></span> <span class='ocrx_word' id='word_1_357' title='bbox 2959 1897 3017 1950; x_wconf 89' lang='lat' dir='ltr'><strong>in</strong></span> <span class='ocrx_word' id='word_1_358' title='bbox 3075 1897 3468 1968; x_wconf 89' lang='lat' dir='ltr'><strong>Burgundiam</strong></span> <span class='ocrx_word' id='word_1_359' title='bbox 3516 1899 3597 1953; x_wconf 84' lang='lat' dir='ltr'><strong>ire</strong></span> 
     </span>
    </p>
   </div>
   <div class='ocr_carea' id='block_1_49' title="bbox 1898 1983 3598 2054">
    <p class='ocr_par' dir='ltr' id='par_1_49' title="bbox 1898 1983 3598 2054">
     <span class='ocr_line' id='line_1_49' title="bbox 1898 1983 3598 2054; baseline 0.002 -16"><span class='ocrx_word' id='word_1_360' title='bbox 1898 1985 2199 2054; x_wconf 89' lang='lat' dir='ltr'><strong>disposuit,</strong></span> <span class='ocrx_word' id='word_1_361' title='bbox 2250 1990 2306 2038; x_wconf 92' lang='lat' dir='ltr'><strong>et</strong></span> <span class='ocrx_word' id='word_1_362' title='bbox 2347 2001 2414 2038; x_wconf 91' lang='lat' dir='ltr'><strong>eo</strong></span> <span class='ocrx_word' id='word_1_363' title='bbox 2463 1985 2669 2039; x_wconf 87' lang='lat' dir='ltr'><strong>itinere</strong></span> <span class='ocrx_word' id='word_1_364' title='bbox 2714 1986 3086 2040; x_wconf 84' lang='lat' dir='ltr'><strong>Wormatiam</strong></span> <span class='ocrx_word' id='word_1_365' title='bbox 3126 1983 3198 2020; x_wconf 83' lang='grc'><strong>²⁸¹</strong></span> <span class='ocrx_word' id='word_1_366' title='bbox 3234 1987 3407 2041; x_wconf 89' lang='lat' dir='ltr'><strong>venit.</strong></span> <span class='ocrx_word' id='word_1_367' title='bbox 3455 1988 3598 2042; x_wconf 91' lang='lat' dir='ltr'><strong>Cum</strong></span> 
     </span>
    </p>
   </div>
   <div class='ocr_carea' id='block_1_50' title="bbox 1899 2073 3598 2146">
    <p class='ocr_par' dir='ltr' id='par_1_50' title="bbox 1899 2073 3598 2146">
     <span class='ocr_line' id='line_1_50' title="bbox 1899 2073 3598 2146; baseline 0.002 -20"><span class='ocrx_word' id='word_1_368' title='bbox 1899 2078 2092 2126; x_wconf 91' lang='lat' dir='ltr'><strong>autem</strong></span> <span class='ocrx_word' id='word_1_369' title='bbox 2133 2074 2429 2143; x_wconf 89' lang='lat' dir='ltr'><strong>egregium</strong></span> <span class='ocrx_word' id='word_1_370' title='bbox 2468 2073 2611 2128; x_wconf 92' lang='lat' dir='ltr'><strong>illud</strong></span> <span class='ocrx_word' id='word_1_371' title='bbox 2656 2075 3070 2128; x_wconf 89' lang='lat' dir='ltr'><strong>monasterium</strong></span> <span class='ocrx_word' id='word_1_372' title='bbox 3112 2091 3254 2145; x_wconf 64' lang='lat' dir='ltr'><strong>pen:</strong></span> <span class='ocrx_word' id='word_1_373' title='bbox 3301 2081 3598 2146; x_wconf 89' lang='lat' dir='ltr'><strong>peractum</strong></span> 
     </span>
    </p>
   </div>
   <div class='ocr_carea' id='block_1_51' title="bbox 1899 2161 3594 2233">
    <p class='ocr_par' dir='ltr' id='par_1_51' title="bbox 1899 2161 3594 2233">
     <span class='ocr_line' id='line_1_51' title="bbox 1899 2161 3594 2233; baseline 0.002 -19"><span class='ocrx_word' id='word_1_374' title='bbox 1899 2161 2150 2227; x_wconf 86' lang='lat' dir='ltr'><strong>vidisset,</strong></span> <span class='ocrx_word' id='word_1_375' title='bbox 2201 2162 2554 2232; x_wconf 87' lang='lat' dir='ltr'><strong>episcopum,</strong></span> <span class='ocrx_word' id='word_1_376' title='bbox 2604 2167 2669 2216; x_wconf 88' lang='lat' dir='ltr'><strong>ut</strong></span> <span class='ocrx_word' id='word_1_377' title='bbox 2707 2178 2765 2215; x_wconf 90' lang='lat' dir='ltr'><strong>se</strong></span> <span class='ocrx_word' id='word_1_378' title='bbox 2811 2168 3093 2233; x_wconf 86' lang='lat' dir='ltr'><strong>prasente</strong></span> <span class='ocrx_word' id='word_1_379' title='bbox 3142 2171 3594 2232; x_wconf 89' lang='lat' dir='ltr'><strong>consecraretur,</strong></span> 
     </span>
    </p>
   </div>
   <div class='ocr_carea' id='block_1_52' title="bbox 1899 2248 3600 2322">
    <p class='ocr_par' dir='ltr' id='par_1_52' title="bbox 1899 2248 3600 2322">
     <span class='ocr_line' id='line_1_52' title="bbox 1899 2248 3600 2322; baseline -0.001 -17"><span class='ocrx_word' id='word_1_380' title='bbox 1899 2250 2140 2305; x_wconf 91' lang='lat' dir='ltr'><strong>assiduis</strong></span> <span class='ocrx_word' id='word_1_381' title='bbox 2203 2250 2601 2320; x_wconf 81' lang='lat' dir='ltr'><strong>rogationibus</strong></span> <span class='ocrx_word' id='word_1_382' title='bbox 2647 2248 2722 2284; x_wconf 81' lang='grc'><strong>²⁸²</strong></span> <span class='ocrx_word' id='word_1_383' title='bbox 2765 2250 2982 2320; x_wconf 87' lang='lat' dir='ltr'><strong>petivit.</strong></span> <span class='ocrx_word' id='word_1_384' title='bbox 3038 2251 3296 2322; x_wconf 88' lang='lat' dir='ltr'><strong>Cumque</strong></span> <span class='ocrx_word' id='word_1_385' title='bbox 3349 2253 3439 2305; x_wconf 84' lang='lat' dir='ltr'><strong>vir</strong></span> <span class='ocrx_word' id='word_1_386' title='bbox 3497 2251 3600 2306; x_wconf 92' lang='lat' dir='ltr'><strong>Dei</strong></span> 
     </span>
    </p>
   </div>
   <div class='ocr_carea' id='block_1_53' title="bbox 1901 2339 3602 2409">
    <p class='ocr_par' dir='ltr' id='par_1_53' title="bbox 1901 2339 3602 2409">
     <span class='ocr_line' id='line_1_53' title="bbox 1901 2339 3602 2409; baseline 0 -15"><span class='ocrx_word' id='word_1_387' title='bbox 1901 2340 2146 2394; x_wconf 89' lang='lat' dir='ltr'><strong>multum</strong></span> <span class='ocrx_word' id='word_1_388' title='bbox 2193 2340 2557 2406; x_wconf 85' lang='lat' dir='ltr'><strong>reniteretur,</strong></span> <span class='ocrx_word' id='word_1_389' title='bbox 2620 2339 2853 2393; x_wconf 84' lang='lat' dir='ltr'><strong>tandem</strong></span> <span class='ocrx_word' id='word_1_390' title='bbox 2905 2339 3267 2409; x_wconf 90' lang='lat' dir='ltr'><strong>imperatoris</strong></span> <span class='ocrx_word' id='word_1_391' title='bbox 3318 2339 3602 2394; x_wconf 89' lang='lat' dir='ltr'><strong>voluntati</strong></span> 
     </span>
    </p>
   </div>
   <div class='ocr_carea' id='block_1_54' title="bbox 1903 2428 3603 2500">
    <p class='ocr_par' dir='ltr' id='par_1_54' title="bbox 1903 2428 3603 2500">
     <span class='ocr_line' id='line_1_54' title="bbox 1903 2428 3603 2500; baseline 0 -18"><span class='ocrx_word' id='word_1_392' title='bbox 1903 2428 2066 2500; x_wconf 88' lang='lat' dir='ltr'><strong>quasi</strong></span> <span class='ocrx_word' id='word_1_393' title='bbox 2115 2434 2341 2482; x_wconf 90' lang='lat' dir='ltr'><strong>coactus</strong></span> <span class='ocrx_word' id='word_1_394' title='bbox 2391 2428 2700 2482; x_wconf 90' lang='lat' dir='ltr'><strong>consensit.</strong></span> <span class='ocrx_word' id='word_1_395' title='bbox 2752 2429 2899 2496; x_wconf 84' lang='lat' dir='ltr'><strong>Ergo</strong></span> <span class='ocrx_word' id='word_1_396' title='bbox 2932 2428 3092 2482; x_wconf 92' lang='lat' dir='ltr'><strong>omni</strong></span> <span class='ocrx_word' id='word_1_397' title='bbox 3139 2429 3414 2500; x_wconf 87' lang='lat' dir='ltr'><strong>spurcitia</strong></span> <span class='ocrx_word' id='word_1_398' title='bbox 3464 2429 3603 2483; x_wconf 92' lang='lat' dir='ltr'><strong>foris</strong></span> 
     </span>
    </p>
   </div>
   <div class='ocr_carea' id='block_1_55' title="bbox 1903 2515 3601 2589">
    <p class='ocr_par' dir='ltr' id='par_1_55' title="bbox 1903 2515 3601 2589">
     <span class='ocr_line' id='line_1_55' title="bbox 1903 2515 3601 2589; baseline 0.002 -20"><span class='ocrx_word' id='word_1_399' title='bbox 1903 2517 2158 2588; x_wconf 89' lang='lat' dir='ltr'><strong>projecta</strong></span> <span class='ocrx_word' id='word_1_400' title='bbox 2191 2516 2465 2587; x_wconf 88' lang='lat' dir='ltr'><strong>omnique</strong></span> <span class='ocrx_word' id='word_1_401' title='bbox 2514 2516 2754 2587; x_wconf 83' lang='lat' dir='ltr'><strong>fuligine</strong></span> <span class='ocrx_word' id='word_1_402' title='bbox 2785 2517 3010 2572; x_wconf 89' lang='lat' dir='ltr'><strong>detersa</strong></span> <span class='ocrx_word' id='word_1_403' title='bbox 3043 2515 3137 2584; x_wconf 69' lang='grc'><strong>³⁸³,</strong></span> <span class='ocrx_word' id='word_1_404' title='bbox 3185 2518 3277 2572; x_wconf 92' lang='lat' dir='ltr'><strong>die</strong></span> <span class='ocrx_word' id='word_1_405' title='bbox 3317 2519 3601 2589; x_wconf 88' lang='lat' dir='ltr'><strong>sequenti,</strong></span> 
     </span>
    </p>
   </div>
   <div class='ocr_carea' id='block_1_56' title="bbox 1905 2605 3599 2676">
    <p class='ocr_par' dir='ltr' id='par_1_56' title="bbox 1905 2605 3599 2676">
     <span class='ocr_line' id='line_1_56' title="bbox 1905 2605 3599 2676; baseline 0.001 -17"><span class='ocrx_word' id='word_1_406' title='bbox 1905 2608 2252 2675; x_wconf 86' lang='lat' dir='ltr'><strong>imperatore</strong></span> <span class='ocrx_word' id='word_1_407' title='bbox 2292 2610 2573 2676; x_wconf 88' lang='lat' dir='ltr'><strong>prasente</strong></span> <span class='ocrx_word' id='word_1_408' title='bbox 2614 2611 2670 2659; x_wconf 89' lang='lat' dir='ltr'><strong>et</strong></span> <span class='ocrx_word' id='word_1_409' title='bbox 2694 2605 2954 2676; x_wconf 90' lang='lat' dir='ltr'><strong>jubente,</strong></span> <span class='ocrx_word' id='word_1_410' title='bbox 2985 2622 3114 2660; x_wconf 90' lang='lat' dir='ltr'><strong>cum</strong></span> <span class='ocrx_word' id='word_1_411' title='bbox 3165 2607 3389 2676; x_wconf 81' lang='lat' dir='ltr'><strong>magnis</strong></span> <span class='ocrx_word' id='word_1_412' title='bbox 3420 2607 3599 2661; x_wconf 91' lang='lat' dir='ltr'><strong>laudi-</strong></span> 
     </span>
    </p>
   </div>
   <div class='ocr_carea' id='block_1_57' title="bbox 1907 2694 3606 2766">
    <p class='ocr_par' dir='ltr' id='par_1_57' title="bbox 1907 2694 3606 2766">
     <span class='ocr_line' id='line_1_57' title="bbox 1907 2694 3606 2766; baseline 0 -17"><span class='ocrx_word' id='word_1_413' title='bbox 1907 2696 2013 2749; x_wconf 86' lang='lat' dir='ltr'><strong>bus</strong></span> <span class='ocrx_word' id='word_1_414' title='bbox 2044 2699 2101 2748; x_wconf 92' lang='lat' dir='ltr'><strong>et</strong></span> <span class='ocrx_word' id='word_1_415' title='bbox 2130 2695 2379 2748; x_wconf 89' lang='lat' dir='ltr'><strong>maximo</strong></span> <span class='ocrx_word' id='word_1_416' title='bbox 2412 2694 2549 2748; x_wconf 91' lang='lat' dir='ltr'><strong>cleri</strong></span> <span class='ocrx_word' id='word_1_417' title='bbox 2600 2694 2899 2765; x_wconf 89' lang='lat' dir='ltr'><strong>plebisque</strong></span> <span class='ocrx_word' id='word_1_418' title='bbox 2928 2694 3205 2764; x_wconf 89' lang='lat' dir='ltr'><strong>tripudio,</strong></span> <span class='ocrx_word' id='word_1_419' title='bbox 3257 2696 3451 2749; x_wconf 90' lang='lat' dir='ltr'><strong>multis</strong></span> <span class='ocrx_word' id='word_1_420' title='bbox 3491 2696 3606 2766; x_wconf 87' lang='lat' dir='ltr'><strong>epi-</strong></span> 
     </span>
    </p>
   </div>
   <div class='ocr_carea' id='block_1_58' title="bbox 1909 2783 3497 2853">
    <p class='ocr_par' dir='ltr' id='par_1_58' title="bbox 1909 2783 3497 2853">
     <span class='ocr_line' id='line_1_58' title="bbox 1909 2783 3497 2853; baseline 0.001 -16"><span class='ocrx_word' id='word_1_421' title='bbox 1909 2784 2089 2853; x_wconf 89' lang='lat' dir='ltr'><strong>scopis</strong></span> <span class='ocrx_word' id='word_1_422' title='bbox 2119 2783 2515 2853; x_wconf 86' lang='lat' dir='ltr'><strong>prasentibus,</strong></span> <span class='ocrx_word' id='word_1_423' title='bbox 2545 2785 2659 2836; x_wconf 91' lang='lat' dir='ltr'><strong>Deo</strong></span> <span class='ocrx_word' id='word_1_424' title='bbox 2689 2783 2875 2837; x_wconf 90' lang='lat' dir='ltr'><strong>dicata</strong></span> <span class='ocrx_word' id='word_1_425' title='bbox 2904 2788 2988 2837; x_wconf 91' lang='lat' dir='ltr'><strong>est</strong></span> <span class='ocrx_word' id='word_1_426' title='bbox 3017 2785 3138 2837; x_wconf 87' lang='lat' dir='ltr'><strong>hac</strong></span> <span class='ocrx_word' id='word_1_427' title='bbox 3169 2784 3376 2838; x_wconf 89' lang='lat' dir='ltr'><strong>domus</strong></span> <span class='ocrx_word' id='word_1_428' title='bbox 3407 2783 3497 2838; x_wconf 68' lang='lat'><strong>’8‘.</strong></span> 
     </span>
    </p>
   </div>
   <div class='ocr_carea' id='block_1_59' title="bbox 1983 2872 3604 2942">
    <p class='ocr_par' dir='ltr' id='par_1_59' title="bbox 1983 2872 3604 2942">
     <span class='ocr_line' id='line_1_59' title="bbox 1983 2872 3604 2942; baseline -0.001 -16"><span class='ocrx_word' id='word_1_429' title='bbox 1983 2876 2065 2927; x_wconf 80' lang='lat' dir='ltr'><strong>l5.</strong></span> <span class='ocrx_word' id='word_1_430' title='bbox 2099 2875 2229 2926; x_wconf 87' lang='lat' dir='ltr'><strong>Post</strong></span> <span class='ocrx_word' id='word_1_431' title='bbox 2268 2872 2572 2926; x_wconf 90' lang='lat' dir='ltr'><strong>biennium</strong></span> <span class='ocrx_word' id='word_1_432' title='bbox 2604 2876 2801 2925; x_wconf 90' lang='lat' dir='ltr'><strong>autem</strong></span> <span class='ocrx_word' id='word_1_433' title='bbox 2836 2872 2951 2942; x_wconf 89' lang='lat' dir='ltr'><strong>(an.</strong></span> <span class='ocrx_word' id='word_1_434' title='bbox 2991 2873 3188 2938; x_wconf 81' lang='lat' dir='ltr'><strong>lOll?)</strong></span> <span class='ocrx_word' id='word_1_435' title='bbox 3221 2888 3311 2925; x_wconf 92' lang='lat' dir='ltr'><strong>res</strong></span> <span class='ocrx_word' id='word_1_436' title='bbox 3369 2874 3604 2926; x_wconf 88' lang='lat' dir='ltr'><strong>misera-</strong></span> 
     </span>
    </p>
   </div>
   <div class='ocr_carea' id='block_1_60' title="bbox 96 2950 3606 3030">
    <p class='ocr_par' dir='ltr' id='par_1_60' title="bbox 96 2950 3606 3030">
     <span class='ocr_line' id='line_1_60' title="bbox 96 2950 3606 3030; baseline 0 -18"><span class='ocrx_word' id='word_1_437' title='bbox 96 2962 193 3013; x_wconf 89' lang='lat' dir='ltr'><strong>tali</strong></span> <span class='ocrx_word' id='word_1_438' title='bbox 221 2961 342 3013; x_wconf 86' lang='lat' dir='ltr'><strong>vita</strong></span> <span class='ocrx_word' id='word_1_439' title='bbox 379 2958 553 3028; x_wconf 88' lang='lat' dir='ltr'><strong>justis</strong></span> <span class='ocrx_word' id='word_1_440' title='bbox 586 2957 745 3010; x_wconf 83' lang='lat' dir='ltr'><strong>factis</strong></span> <span class='ocrx_word' id='word_1_441' title='bbox 774 2955 848 2989; x_wconf 71' lang='lat'><strong>’58</strong></span> <span class='ocrx_word' id='word_1_442' title='bbox 878 2957 1024 3009; x_wconf 84' lang='lat' dir='ltr'><strong>bene</strong></span> <span class='ocrx_word' id='word_1_443' title='bbox 1065 2954 1367 3024; x_wconf 90' lang='lat' dir='ltr'><strong>adimpleri</strong></span> <span class='ocrx_word' id='word_1_444' title='bbox 1397 2950 1467 2989; x_wconf 71' lang='grc'>³⁵9</span> <span class='ocrx_word' id='word_1_445' title='bbox 1498 2969 1662 3022; x_wconf 88' lang='lat' dir='ltr'><strong>posse</strong></span> <span class='ocrx_word' id='word_1_446' title='bbox 1693 2952 1789 3006; x_wconf 86' lang='lat' dir='ltr'><strong>ﬁr-</strong></span> <span class='ocrx_word' id='word_1_447' title='bbox 1832 2954 1870 3008; x_wconf 91' lang='lat' dir='ltr'><strong>C</strong></span> <span class='ocrx_word' id='word_1_448' title='bbox 1910 2961 2038 3014; x_wconf 87' lang='lat' dir='ltr'><strong>bilis</strong></span> <span class='ocrx_word' id='word_1_449' title='bbox 2084 2960 2143 3014; x_wconf 91' lang='lat' dir='ltr'><strong>in</strong></span> <span class='ocrx_word' id='word_1_450' title='bbox 2173 2961 2522 3014; x_wconf 89' lang='lat' dir='ltr'><strong>monasterio</strong></span> <span class='ocrx_word' id='word_1_451' title='bbox 2571 2960 2776 3014; x_wconf 90' lang='lat' dir='ltr'><strong>eodem</strong></span> <span class='ocrx_word' id='word_1_452' title='bbox 2830 2959 3109 3013; x_wconf 89' lang='lat' dir='ltr'><strong>acciderat</strong></span> <span class='ocrx_word' id='word_1_453' title='bbox 3148 2957 3240 3013; x_wconf 66' lang='grc' dir='ltr'><strong>εδδ.</strong></span> <span class='ocrx_word' id='word_1_454' title='bbox 3307 2961 3446 3014; x_wconf 87' lang='lat' dir='ltr'><strong>Nam</strong></span> <span class='ocrx_word' id='word_1_455' title='bbox 3477 2977 3606 3030; x_wconf 88' lang='lat' dir='ltr'><strong>pars</strong></span> 
     </span>
    </p>
   </div>
   <div class='ocr_carea' id='block_1_61' title="bbox 95 3044 1799 3118">
    <p class='ocr_par' dir='ltr' id='par_1_61' title="bbox 95 3044 1799 3118">
     <span class='ocr_line' id='line_1_61' title="bbox 95 3044 1799 3118; baseline -0.005 -13"><span class='ocrx_word' id='word_1_456' title='bbox 95 3058 307 3118; x_wconf 89' lang='lat' dir='ltr'><strong>maret,</strong></span> <span class='ocrx_word' id='word_1_457' title='bbox 348 3055 547 3102; x_wconf 88' lang='lat' dir='ltr'><strong>tamen</strong></span> <span class='ocrx_word' id='word_1_458' title='bbox 576 3049 736 3118; x_wconf 85' lang='lat' dir='ltr'><strong>virgo</strong></span> <span class='ocrx_word' id='word_1_459' title='bbox 771 3047 870 3100; x_wconf 91' lang='lat' dir='ltr'><strong>Dei</strong></span> <span class='ocrx_word' id='word_1_460' title='bbox 910 3047 1188 3117; x_wconf 89' lang='lat' dir='ltr'><strong>petitione</strong></span> <span class='ocrx_word' id='word_1_461' title='bbox 1220 3044 1546 3098; x_wconf 90' lang='lat' dir='ltr'><strong>incessabili</strong></span> <span class='ocrx_word' id='word_1_462' title='bbox 1576 3044 1799 3098; x_wconf 89' lang='lat' dir='ltr'><strong>assidue</strong></span> 
     </span>
    </p>
   </div>
   <div class='ocr_carea' id='block_1_62' title="bbox 95 3133 1802 3210">
    <p class='ocr_par' dir='ltr' id='par_1_62' title="bbox 95 3133 1802 3210">
     <span class='ocr_line' id='line_1_62' title="bbox 95 3133 1802 3210; baseline -0.005 -16"><span class='ocrx_word' id='word_1_463' title='bbox 95 3140 362 3210; x_wconf 86' lang='lat' dir='ltr'><strong>rogabat,</strong></span> <span class='ocrx_word' id='word_1_464' title='bbox 400 3143 481 3202; x_wconf 89' lang='lat' dir='ltr'><strong>ut,</strong></span> <span class='ocrx_word' id='word_1_465' title='bbox 523 3136 660 3207; x_wconf 89' lang='lat' dir='ltr'><strong>quia</strong></span> <span class='ocrx_word' id='word_1_466' title='bbox 691 3138 907 3206; x_wconf 84' lang='lat' dir='ltr'><strong>majora</strong></span> <span class='ocrx_word' id='word_1_467' title='bbox 946 3137 1128 3188; x_wconf 88' lang='lat' dir='ltr'><strong>facere</strong></span> <span class='ocrx_word' id='word_1_468' title='bbox 1178 3135 1362 3200; x_wconf 90' lang='lat' dir='ltr'><strong>vellet,</strong></span> <span class='ocrx_word' id='word_1_469' title='bbox 1408 3133 1687 3186; x_wconf 91' lang='lat' dir='ltr'><strong>inclusam</strong></span> <span class='ocrx_word' id='word_1_470' title='bbox 1743 3149 1802 3186; x_wconf 86' lang='lat' dir='ltr'><strong>se</strong></span> 
     </span>
    </p>
   </div>
   <div class='ocr_carea' id='block_1_63' title="bbox 95 3221 1804 3290">
    <p class='ocr_par' dir='ltr' id='par_1_63' title="bbox 95 3221 1804 3290">
     <span class='ocr_line' id='line_1_63' title="bbox 95 3221 1804 3290; baseline -0.005 -8"><span class='ocrx_word' id='word_1_471' title='bbox 95 3246 125 3281; x_wconf 87' lang='lat' dir='ltr'><strong>a</strong></span> <span class='ocrx_word' id='word_1_472' title='bbox 175 3226 538 3282; x_wconf 88' lang='lat' dir='ltr'><strong>secularibus</strong></span> <span class='ocrx_word' id='word_1_473' title='bbox 574 3230 893 3278; x_wconf 85' lang='lat' dir='ltr'><strong>removeret</strong></span> <span class='ocrx_word' id='word_1_474' title='bbox 946 3222 1038 3278; x_wconf 70' lang='grc'><strong>³⁸0.</strong></span> <span class='ocrx_word' id='word_1_475' title='bbox 1089 3223 1342 3277; x_wconf 89' lang='lat' dir='ltr'><strong>Tandem</strong></span> <span class='ocrx_word' id='word_1_476' title='bbox 1399 3221 1486 3274; x_wconf 91' lang='lat' dir='ltr'><strong>vir</strong></span> <span class='ocrx_word' id='word_1_477' title='bbox 1533 3221 1632 3276; x_wconf 87' lang='lat' dir='ltr'><strong>Dei</strong></span> <span class='ocrx_word' id='word_1_478' title='bbox 1662 3221 1804 3290; x_wconf 85' lang='lat' dir='ltr'><strong>peti-</strong></span> 
     </span>
    </p>
   </div>
   <div class='ocr_carea' id='block_1_64' title="bbox 95 3308 1804 3384">
    <p class='ocr_par' dir='ltr' id='par_1_64' title="bbox 95 3308 1804 3384">
     <span class='ocr_line' id='line_1_64' title="bbox 95 3308 1804 3384; baseline -0.004 -14"><span class='ocrx_word' id='word_1_479' title='bbox 95 3317 244 3370; x_wconf 82' lang='lat' dir='ltr'><strong>tioni</strong></span> <span class='ocrx_word' id='word_1_480' title='bbox 283 3318 412 3384; x_wconf 89' lang='lat' dir='ltr'><strong>ejus</strong></span> <span class='ocrx_word' id='word_1_481' title='bbox 460 3313 843 3376; x_wconf 89' lang='lat' dir='ltr'><strong>consentiens,</strong></span> <span class='ocrx_word' id='word_1_482' title='bbox 897 3313 1110 3365; x_wconf 90' lang='lat' dir='ltr'><strong>clusam</strong></span> <span class='ocrx_word' id='word_1_483' title='bbox 1151 3308 1220 3344; x_wconf 81' lang='grc'>²⁶¹</span> <span class='ocrx_word' id='word_1_484' title='bbox 1266 3309 1391 3363; x_wconf 89' lang='lat' dir='ltr'><strong>ﬁeri</strong></span> <span class='ocrx_word' id='word_1_485' title='bbox 1427 3309 1618 3380; x_wconf 91' lang='lat' dir='ltr'><strong>jussit,</strong></span> <span class='ocrx_word' id='word_1_486' title='bbox 1650 3310 1804 3364; x_wconf 92' lang='lat' dir='ltr'><strong>diem</strong></span> 
     </span>
    </p>
   </div>
   <div class='ocr_carea' id='block_1_65' title="bbox 93 3399 1801 3470">
    <p class='ocr_par' dir='ltr' id='par_1_65' title="bbox 93 3399 1801 3470">
     <span class='ocr_line' id='line_1_65' title="bbox 93 3399 1801 3470; baseline -0.005 -10"><span class='ocrx_word' id='word_1_487' title='bbox 93 3415 324 3460; x_wconf 89' lang='lat' dir='ltr'><strong>certum</strong></span> <span class='ocrx_word' id='word_1_488' title='bbox 359 3403 656 3457; x_wconf 86' lang='lat' dir='ltr'><strong>constituit</strong></span> <span class='ocrx_word' id='word_1_489' title='bbox 686 3401 756 3437; x_wconf 69' lang='grc'><strong>⁵⁸³</strong></span> <span class='ocrx_word' id='word_1_490' title='bbox 782 3442 797 3470; x_wconf 88' lang='grc'><em>,</em></span> <span class='ocrx_word' id='word_1_491' title='bbox 832 3407 886 3455; x_wconf 89' lang='lat' dir='ltr'><strong>et</strong></span> <span class='ocrx_word' id='word_1_492' title='bbox 915 3402 983 3455; x_wconf 89' lang='lat' dir='ltr'><strong>ad</strong></span> <span class='ocrx_word' id='word_1_493' title='bbox 1023 3400 1096 3434; x_wconf 78' lang='grc'><strong>²⁸³</strong></span> <span class='ocrx_word' id='word_1_494' title='bbox 1155 3400 1539 3470; x_wconf 85' lang='lat' dir='ltr'><strong>peragendam</strong></span> <span class='ocrx_word' id='word_1_495' title='bbox 1571 3399 1669 3453; x_wconf 89' lang='lat' dir='ltr'><strong>Dei</strong></span> <span class='ocrx_word' id='word_1_496' title='bbox 1720 3399 1801 3452; x_wconf 82' lang='lat' dir='ltr'><strong>fa-</strong></span> 
     </span>
    </p>
   </div>
   <div class='ocr_carea' id='block_1_66' title="bbox 96 3487 1802 3549">
    <p class='ocr_par' dir='ltr' id='par_1_66' title="bbox 96 3487 1802 3549">
     <span class='ocr_line' id='line_1_66' title="bbox 96 3487 1802 3549; baseline -0.006 0"><span class='ocrx_word' id='word_1_497' title='bbox 96 3496 279 3549; x_wconf 83' lang='lat' dir='ltr'><strong>mula</strong></span> <span class='ocrx_word' id='word_1_498' title='bbox 310 3494 668 3546; x_wconf 85' lang='lat' dir='ltr'><strong>voluntatem</strong></span> <span class='ocrx_word' id='word_1_499' title='bbox 700 3491 769 3544; x_wconf 92' lang='lat' dir='ltr'><strong>ad</strong></span> <span class='ocrx_word' id='word_1_500' title='bbox 826 3489 1240 3544; x_wconf 87' lang='lat' dir='ltr'><strong>monasterium</strong></span> <span class='ocrx_word' id='word_1_501' title='bbox 1282 3487 1802 3541; x_wconf 89' lang='lat' dir='ltr'><strong>sanctimonialium</strong></span> 
     </span>
    </p>
   </div>
   <div class='ocr_carea' id='block_1_67' title="bbox 92 3576 1806 3646">
    <p class='ocr_par' dir='ltr' id='par_1_67' title="bbox 92 3576 1806 3646">
     <span class='ocr_line' id='line_1_67' title="bbox 92 3576 1806 3646; baseline -0.005 -9"><span class='ocrx_word' id='word_1_502' title='bbox 92 3601 230 3637; x_wconf 88' lang='lat' dir='ltr'><strong>cum</strong></span> <span class='ocrx_word' id='word_1_503' title='bbox 277 3580 566 3635; x_wconf 85' lang='lat' dir='ltr'><strong>universis</strong></span> <span class='ocrx_word' id='word_1_504' title='bbox 628 3579 899 3632; x_wconf 80' lang='lat' dir='ltr'><strong>fratribus</strong></span> <span class='ocrx_word' id='word_1_505' title='bbox 950 3578 1123 3631; x_wconf 89' lang='lat' dir='ltr'><strong>venit.</strong></span> <span class='ocrx_word' id='word_1_506' title='bbox 1176 3578 1434 3646; x_wconf 86' lang='lat' dir='ltr'><strong>Cumque</strong></span> <span class='ocrx_word' id='word_1_507' title='bbox 1485 3576 1621 3629; x_wconf 91' lang='lat' dir='ltr'><strong>illuc</strong></span> <span class='ocrx_word' id='word_1_508' title='bbox 1668 3591 1806 3628; x_wconf 84' lang='lat' dir='ltr'><strong>ven-</strong></span> 
     </span>
    </p>
   </div>
   <div class='ocr_carea' id='block_1_68' title="bbox 93 3663 1809 3733">
    <p class='ocr_par' dir='ltr' id='par_1_68' title="bbox 93 3663 1809 3733">
     <span class='ocr_line' id='line_1_68' title="bbox 93 3663 1809 3733; baseline -0.005 -8"><span class='ocrx_word' id='word_1_509' title='bbox 93 3680 222 3725; x_wconf 93' lang='lat' dir='ltr'><strong>tum</strong></span> <span class='ocrx_word' id='word_1_510' title='bbox 265 3671 494 3731; x_wconf 88' lang='lat' dir='ltr'><strong>fuisset,</strong></span> <span class='ocrx_word' id='word_1_511' title='bbox 534 3669 803 3722; x_wconf 79' lang='lat' dir='ltr'><strong>fratribus</strong></span> <span class='ocrx_word' id='word_1_512' title='bbox 834 3667 894 3719; x_wconf 92' lang='lat' dir='ltr'><strong>in</strong></span> <span class='ocrx_word' id='word_1_513' title='bbox 938 3682 1119 3719; x_wconf 91' lang='lat' dir='ltr'><strong>unum</strong></span> <span class='ocrx_word' id='word_1_514' title='bbox 1154 3665 1498 3728; x_wconf 88' lang='lat' dir='ltr'><strong>convocatis,</strong></span> <span class='ocrx_word' id='word_1_515' title='bbox 1524 3663 1809 3733; x_wconf 87' lang='lat' dir='ltr'><strong>virginem</strong></span> 
     </span>
    </p>
   </div>
   <div class='ocr_carea' id='block_1_69' title="bbox 89 3751 1809 3814">
    <p class='ocr_par' dir='ltr' id='par_1_69' title="bbox 89 3751 1809 3814">
     <span class='ocr_line' id='line_1_69' title="bbox 89 3751 1809 3814; baseline -0.006 0"><span class='ocrx_word' id='word_1_516' title='bbox 89 3762 152 3814; x_wconf 89' lang='lat' dir='ltr'><strong>in</strong></span> <span class='ocrx_word' id='word_1_517' title='bbox 209 3760 417 3814; x_wconf 89' lang='lat' dir='ltr'><strong>medio</strong></span> <span class='ocrx_word' id='word_1_518' title='bbox 446 3757 641 3810; x_wconf 87' lang='lat' dir='ltr'><strong>statuit</strong></span> <span class='ocrx_word' id='word_1_519' title='bbox 682 3763 740 3810; x_wconf 90' lang='lat' dir='ltr'><strong>et</strong></span> <span class='ocrx_word' id='word_1_520' title='bbox 780 3756 922 3808; x_wconf 70' lang='lat' dir='ltr'><strong>dixrt</strong></span> <span class='ocrx_word' id='word_1_521' title='bbox 952 3753 1023 3790; x_wconf 69' lang='grc' dir='ltr'><strong>’δι</strong></span> <span class='ocrx_word' id='word_1_522' title='bbox 1057 3771 1070 3807; x_wconf 89' lang='lat'><strong>:</strong></span> <span class='ocrx_word' id='word_1_523' title='bbox 1106 3774 1133 3804; x_wconf 87' lang='grc'><strong>‹‹</strong></span> <span class='ocrx_word' id='word_1_524' title='bbox 1179 3754 1400 3807; x_wconf 86' lang='lat' dir='ltr'><strong>Fratres</strong></span> <span class='ocrx_word' id='word_1_525' title='bbox 1442 3754 1556 3806; x_wconf 89' lang='lat' dir='ltr'><strong>mei</strong></span> <span class='ocrx_word' id='word_1_526' title='bbox 1586 3751 1809 3805; x_wconf 89' lang='lat' dir='ltr'><strong>carissi-</strong></span> 
     </span>
    </p>
   </div>
   <div class='ocr_carea' id='block_1_70' title="bbox 94 3841 1809 3913">
    <p class='ocr_par' dir='ltr' id='par_1_70' title="bbox 94 3841 1809 3913">
     <span class='ocr_line' id='line_1_70' title="bbox 94 3841 1809 3913; baseline -0.006 -10"><span class='ocrx_word' id='word_1_527' title='bbox 94 3851 200 3912; x_wconf 92' lang='lat' dir='ltr'><strong>mi,</strong></span> <span class='ocrx_word' id='word_1_528' title='bbox 237 3846 456 3902; x_wconf 81' lang='lat' dir='ltr'><strong>videtis</strong></span> <span class='ocrx_word' id='word_1_529' title='bbox 495 3846 640 3899; x_wconf 89' lang='lat' dir='ltr'><strong>banc</strong></span> <span class='ocrx_word' id='word_1_530' title='bbox 683 3844 984 3913; x_wconf 87' lang='lat' dir='ltr'><strong>virginem,</strong></span> <span class='ocrx_word' id='word_1_531' title='bbox 1030 3842 1130 3896; x_wconf 91' lang='lat' dir='ltr'><strong>Dei</strong></span> <span class='ocrx_word' id='word_1_532' title='bbox 1163 3859 1355 3895; x_wconf 89' lang='lat' dir='ltr'><strong>amore</strong></span> <span class='ocrx_word' id='word_1_533' title='bbox 1391 3842 1606 3912; x_wconf 89' lang='lat' dir='ltr'><strong>pariter</strong></span> <span class='ocrx_word' id='word_1_534' title='bbox 1645 3846 1699 3894; x_wconf 91' lang='lat' dir='ltr'><strong>et</strong></span> <span class='ocrx_word' id='word_1_535' title='bbox 1739 3841 1809 3894; x_wconf 89' lang='lat' dir='ltr'><strong>ti-</strong></span> 
     </span>
    </p>
   </div>
   <div class='ocr_carea' id='block_1_71' title="bbox 90 3930 1814 4000">
    <p class='ocr_par' dir='ltr' id='par_1_71' title="bbox 90 3930 1814 4000">
     <span class='ocr_line' id='line_1_71' title="bbox 90 3930 1814 4000; baseline -0.006 -9"><span class='ocrx_word' id='word_1_536' title='bbox 90 3954 265 3991; x_wconf 79' lang='lat' dir='ltr'><strong>more</strong></span> <span class='ocrx_word' id='word_1_537' title='bbox 318 3950 636 3998; x_wconf 89' lang='lat' dir='ltr'><strong>accensam,</strong></span> <span class='ocrx_word' id='word_1_538' title='bbox 688 3933 933 3986; x_wconf 79' lang='lat' dir='ltr'><strong>lubricas</strong></span> <span class='ocrx_word' id='word_1_539' title='bbox 972 3932 1142 4000; x_wconf 85' lang='lat' dir='ltr'><strong>hujus</strong></span> <span class='ocrx_word' id='word_1_540' title='bbox 1175 3930 1375 3984; x_wconf 90' lang='lat' dir='ltr'><strong>mundi</strong></span> <span class='ocrx_word' id='word_1_541' title='bbox 1435 3930 1666 3984; x_wconf 89' lang='lat' dir='ltr'><strong>delicias</strong></span> <span class='ocrx_word' id='word_1_542' title='bbox 1727 3943 1814 3983; x_wconf 84' lang='lat' dir='ltr'><strong>re-</strong></span> 
     </span>
    </p>
   </div>
   <div class='ocr_carea' id='block_1_72' title="bbox 95 4014 1813 4095">
    <p class='ocr_par' dir='ltr' id='par_1_72' title="bbox 95 4014 1813 4095">
     <span class='ocr_line' id='line_1_72' title="bbox 95 4014 1813 4095; baseline -0.005 -17"><span class='ocrx_word' id='word_1_543' title='bbox 95 4030 425 4095; x_wconf 85' lang='lat' dir='ltr'><strong>spuentem</strong></span> <span class='ocrx_word' id='word_1_544' title='bbox 474 4028 529 4076; x_wconf 91' lang='lat' dir='ltr'><strong>et</strong></span> <span class='ocrx_word' id='word_1_545' title='bbox 574 4024 685 4075; x_wconf 91' lang='lat' dir='ltr'><strong>Deo</strong></span> <span class='ocrx_word' id='word_1_546' title='bbox 733 4021 958 4090; x_wconf 90' lang='lat' dir='ltr'><strong>placere</strong></span> <span class='ocrx_word' id='word_1_547' title='bbox 1008 4019 1522 4087; x_wconf 89' lang='lat' dir='ltr'><strong>concupiscentem.</strong></span> <span class='ocrx_word' id='word_1_548' title='bbox 1578 4020 1703 4072; x_wconf 87' lang='lat' dir='ltr'><strong>llac</strong></span> <span class='ocrx_word' id='word_1_549' title='bbox 1741 4014 1813 4051; x_wconf 82' lang='grc'><strong>²⁶⁵</strong></span> 
     </span>
    </p>
   </div>
   <div class='ocr_carea' id='block_1_73' title="bbox 92 4105 1812 4179">
    <p class='ocr_par' dir='ltr' id='par_1_73' title="bbox 92 4105 1812 4179">
     <span class='ocr_line' id='line_1_73' title="bbox 92 4105 1812 4179; baseline -0.005 -12"><span class='ocrx_word' id='word_1_550' title='bbox 92 4127 446 4167; x_wconf 85' lang='lat' dir='ltr'><strong>sermonem</strong></span> <span class='ocrx_word' id='word_1_551' title='bbox 472 4109 862 4179; x_wconf 85' lang='lat' dir='ltr'><strong>evangelicum</strong></span> <span class='ocrx_word' id='word_1_552' title='bbox 889 4124 1005 4161; x_wconf 82' lang='lat' dir='ltr'><strong>non</strong></span> <span class='ocrx_word' id='word_1_553' title='bbox 1035 4105 1107 4142; x_wconf 77' lang='grc'><strong>²⁸⁶</strong></span> <span class='ocrx_word' id='word_1_554' title='bbox 1142 4107 1310 4160; x_wconf 85' lang='lat' dir='ltr'><strong>surda</strong></span> <span class='ocrx_word' id='word_1_555' title='bbox 1339 4123 1474 4160; x_wconf 91' lang='lat' dir='ltr'><strong>aure</strong></span> <span class='ocrx_word' id='word_1_556' title='bbox 1506 4106 1812 4175; x_wconf 87' lang='lat' dir='ltr'><strong>recipiens,</strong></span> 
     </span>
    </p>
   </div>
   <div class='ocr_carea' id='block_1_74' title="bbox 86 4195 1815 4272">
    <p class='ocr_par' dir='ltr' id='par_1_74' title="bbox 86 4195 1815 4272">
     <span class='ocr_line' id='line_1_74' title="bbox 86 4195 1815 4272; baseline -0.005 -16"><span class='ocrx_word' id='word_1_557' title='bbox 86 4210 329 4272; x_wconf 83' lang='lat' dir='ltr'><strong>patrem</strong></span> <span class='ocrx_word' id='word_1_558' title='bbox 391 4205 449 4253; x_wconf 91' lang='lat' dir='ltr'><strong>et</strong></span> <span class='ocrx_word' id='word_1_559' title='bbox 489 4204 750 4264; x_wconf 87' lang='lat' dir='ltr'><strong>matrem,</strong></span> <span class='ocrx_word' id='word_1_560' title='bbox 805 4201 1078 4266; x_wconf 77' lang='lat' dir='ltr'><strong>cognatos</strong></span> <span class='ocrx_word' id='word_1_561' title='bbox 1121 4200 1176 4249; x_wconf 90' lang='lat' dir='ltr'><strong>et</strong></span> <span class='ocrx_word' id='word_1_562' title='bbox 1226 4195 1457 4262; x_wconf 88' lang='lat' dir='ltr'><strong>amicos,</strong></span> <span class='ocrx_word' id='word_1_563' title='bbox 1513 4195 1714 4248; x_wconf 90' lang='lat' dir='ltr'><strong>domos</strong></span> <span class='ocrx_word' id='word_1_564' title='bbox 1757 4199 1815 4248; x_wconf 88' lang='lat' dir='ltr'><strong>et</strong></span> 
     </span>
    </p>
   </div>
   <div class='ocr_carea' id='block_1_75' title="bbox 85 4281 1813 4360">
    <p class='ocr_par' dir='ltr' id='par_1_75' title="bbox 85 4281 1813 4360">
     <span class='ocr_line' id='line_1_75' title="bbox 85 4281 1813 4360; baseline -0.006 -16"><span class='ocrx_word' id='word_1_565' title='bbox 85 4305 271 4360; x_wconf 85' lang='lat' dir='ltr'><strong>agros</strong></span> <span class='ocrx_word' id='word_1_566' title='bbox 315 4287 558 4357; x_wconf 89' lang='lat' dir='ltr'><strong>respuit,</strong></span> <span class='ocrx_word' id='word_1_567' title='bbox 594 4290 650 4340; x_wconf 88' lang='lat' dir='ltr'><strong>et</strong></span> <span class='ocrx_word' id='word_1_568' title='bbox 680 4285 784 4339; x_wconf 87' lang='lat' dir='ltr'><strong>soli</strong></span> <span class='ocrx_word' id='word_1_569' title='bbox 819 4281 888 4319; x_wconf 83' lang='grc'><strong>²⁶⁷</strong></span> <span class='ocrx_word' id='word_1_570' title='bbox 918 4285 1033 4337; x_wconf 91' lang='lat' dir='ltr'><strong>Deo</strong></span> <span class='ocrx_word' id='word_1_571' title='bbox 1065 4300 1125 4338; x_wconf 88' lang='lat' dir='ltr'><strong>se</strong></span> <span class='ocrx_word' id='word_1_572' title='bbox 1167 4284 1479 4354; x_wconf 89' lang='lat' dir='ltr'><strong>adjungere</strong></span> <span class='ocrx_word' id='word_1_573' title='bbox 1513 4282 1813 4353; x_wconf 87' lang='lat' dir='ltr'><strong>disposuit.</strong></span> 
     </span>
    </p>
   </div>
   <div class='ocr_carea' id='block_1_76' title="bbox 90 4371 1820 4442">
    <p class='ocr_par' dir='ltr' id='par_1_76' title="bbox 90 4371 1820 4442">
     <span class='ocr_line' id='line_1_76' title="bbox 90 4371 1820 4442; baseline -0.005 -10"><span class='ocrx_word' id='word_1_574' title='bbox 90 4377 467 4441; x_wconf 87' lang='lat' dir='ltr'><strong>Erubescite,</strong></span> <span class='ocrx_word' id='word_1_575' title='bbox 495 4391 677 4440; x_wconf 88' lang='lat' dir='ltr'><strong>senes,</strong></span> <span class='ocrx_word' id='word_1_576' title='bbox 720 4389 944 4427; x_wconf 91' lang='lat' dir='ltr'><strong>necnon</strong></span> <span class='ocrx_word' id='word_1_577' title='bbox 975 4378 1030 4425; x_wconf 94' lang='lat' dir='ltr'><strong>et</strong></span> <span class='ocrx_word' id='word_1_578' title='bbox 1061 4389 1178 4438; x_wconf 86' lang='lat' dir='ltr'><strong>vos,</strong></span> <span class='ocrx_word' id='word_1_579' title='bbox 1207 4373 1467 4442; x_wconf 89' lang='lat' dir='ltr'><strong>juvenes,</strong></span> <span class='ocrx_word' id='word_1_580' title='bbox 1515 4372 1658 4425; x_wconf 88' lang='lat' dir='ltr'><strong>nihil</strong></span> <span class='ocrx_word' id='word_1_581' title='bbox 1685 4371 1820 4424; x_wconf 92' lang='lat' dir='ltr'><strong>huic</strong></span> 
     </span>
    </p>
   </div>
   <div class='ocr_carea' id='block_1_77' title="bbox 85 4460 1819 4526">
    <p class='ocr_par' dir='ltr' id='par_1_77' title="bbox 85 4460 1819 4526">
     <span class='ocr_line' id='line_1_77' title="bbox 85 4460 1819 4526; baseline -0.006 -4"><span class='ocrx_word' id='word_1_582' title='bbox 85 4467 296 4522; x_wconf 81' lang='lat' dir='ltr'><strong>simile</strong></span> <span class='ocrx_word' id='word_1_583' title='bbox 329 4465 636 4520; x_wconf 84' lang='lat' dir='ltr'><strong>facientes!</strong></span> <span class='ocrx_word' id='word_1_584' title='bbox 687 4462 832 4526; x_wconf 86' lang='lat' dir='ltr'><strong>Quid</strong></span> <span class='ocrx_word' id='word_1_585' title='bbox 863 4461 1102 4515; x_wconf 87' lang='lat' dir='ltr'><strong>tacetis?</strong></span> <span class='ocrx_word' id='word_1_586' title='bbox 1143 4460 1289 4524; x_wconf 89' lang='lat' dir='ltr'><strong>Quid</strong></span> <span class='ocrx_word' id='word_1_587' title='bbox 1325 4461 1533 4514; x_wconf 89' lang='lat' dir='ltr'><strong>rubore</strong></span> <span class='ocrx_word' id='word_1_588' title='bbox 1581 4463 1819 4513; x_wconf 90' lang='lat' dir='ltr'><strong>conten-</strong></span> 
     </span>
    </p>
   </div>
   <div class='ocr_carea' id='block_1_78' title="bbox 1912 3047 3606 3119">
    <p class='ocr_par' dir='ltr' id='par_1_78' title="bbox 1912 3047 3606 3119">
     <span class='ocr_line' id='line_1_78' title="bbox 1912 3047 3606 3119; baseline 0 -17"><span class='ocrx_word' id='word_1_589' title='bbox 1912 3049 2276 3103; x_wconf 88' lang='lat' dir='ltr'><strong>occidentalis</strong></span> <span class='ocrx_word' id='word_1_590' title='bbox 2317 3049 2506 3102; x_wconf 87' lang='lat' dir='ltr'><strong>subita</strong></span> <span class='ocrx_word' id='word_1_591' title='bbox 2547 3048 2716 3102; x_wconf 90' lang='lat' dir='ltr'><strong>ruina</strong></span> <span class='ocrx_word' id='word_1_592' title='bbox 2748 3054 2915 3102; x_wconf 91' lang='lat' dir='ltr'><strong>nocte</strong></span> <span class='ocrx_word' id='word_1_593' title='bbox 2950 3048 3198 3119; x_wconf 90' lang='lat' dir='ltr'><strong>quadam</strong></span> <span class='ocrx_word' id='word_1_594' title='bbox 3229 3047 3485 3102; x_wconf 88' lang='lat' dir='ltr'><strong>funditus</strong></span> <span class='ocrx_word' id='word_1_595' title='bbox 3514 3065 3606 3102; x_wconf 85' lang='lat' dir='ltr'><strong>ce-</strong></span> 
     </span>
    </p>
   </div>
   <div class='ocr_carea' id='block_1_79' title="bbox 1911 3135 3608 3206">
    <p class='ocr_par' dir='ltr' id='par_1_79' title="bbox 1911 3135 3608 3206">
     <span class='ocr_line' id='line_1_79' title="bbox 1911 3135 3608 3206; baseline 0.001 -17"><span class='ocrx_word' id='word_1_596' title='bbox 1911 3137 2065 3190; x_wconf 87' lang='lat' dir='ltr'><strong>cidit.</strong></span> <span class='ocrx_word' id='word_1_597' title='bbox 2100 3136 2205 3190; x_wconf 89' lang='lat' dir='ltr'><strong>Sed</strong></span> <span class='ocrx_word' id='word_1_598' title='bbox 2249 3136 2356 3189; x_wconf 90' lang='lat' dir='ltr'><strong>hoc</strong></span> <span class='ocrx_word' id='word_1_599' title='bbox 2388 3135 2651 3189; x_wconf 88' lang='lat' dir='ltr'><strong>mirabile</strong></span> <span class='ocrx_word' id='word_1_600' title='bbox 2674 3135 2801 3203; x_wconf 89' lang='lat' dir='ltr'><strong>fuit,</strong></span> <span class='ocrx_word' id='word_1_601' title='bbox 2826 3136 2977 3206; x_wconf 91' lang='lat' dir='ltr'><strong>quod</strong></span> <span class='ocrx_word' id='word_1_602' title='bbox 3012 3136 3168 3189; x_wconf 91' lang='lat' dir='ltr'><strong>nulla</strong></span> <span class='ocrx_word' id='word_1_603' title='bbox 3199 3152 3478 3206; x_wconf 86' lang='lat' dir='ltr'><strong>campana</strong></span> <span class='ocrx_word' id='word_1_604' title='bbox 3503 3137 3608 3190; x_wconf 89' lang='lat' dir='ltr'><strong>sub</strong></span> 
     </span>
    </p>
   </div>
   <div class='ocr_carea' id='block_1_80' title="bbox 1913 3223 3610 3294">
    <p class='ocr_par' dir='ltr' id='par_1_80' title="bbox 1913 3223 3610 3294">
     <span class='ocr_line' id='line_1_80' title="bbox 1913 3223 3610 3294; baseline 0 -16"><span class='ocrx_word' id='word_1_605' title='bbox 1913 3231 2028 3278; x_wconf 88' lang='lat' dir='ltr'><strong>tam</strong></span> <span class='ocrx_word' id='word_1_606' title='bbox 2055 3241 2266 3294; x_wconf 87' lang='lat' dir='ltr'><strong>magna</strong></span> <span class='ocrx_word' id='word_1_607' title='bbox 2296 3225 2469 3290; x_wconf 90' lang='lat' dir='ltr'><strong>mole,</strong></span> <span class='ocrx_word' id='word_1_608' title='bbox 2505 3224 2616 3277; x_wconf 89' lang='lat' dir='ltr'><strong>nisi</strong></span> <span class='ocrx_word' id='word_1_609' title='bbox 2656 3229 2878 3278; x_wconf 89' lang='lat' dir='ltr'><strong>tantum</strong></span> <span class='ocrx_word' id='word_1_610' title='bbox 2912 3240 3027 3277; x_wconf 90' lang='lat' dir='ltr'><strong>una</strong></span> <span class='ocrx_word' id='word_1_611' title='bbox 3058 3223 3284 3293; x_wconf 87' lang='lat' dir='ltr'><strong>exigua,</strong></span> <span class='ocrx_word' id='word_1_612' title='bbox 3323 3224 3610 3278; x_wconf 86' lang='lat' dir='ltr'><strong>confracta</strong></span> 
     </span>
    </p>
   </div>
   <div class='ocr_carea' id='block_1_81' title="bbox 1914 3313 3607 3374">
    <p class='ocr_par' dir='ltr' id='par_1_81' title="bbox 1914 3313 3607 3374">
     <span class='ocr_line' id='line_1_81' title="bbox 1914 3313 3607 3374; baseline 0 -8"><span class='ocrx_word' id='word_1_613' title='bbox 1914 3318 2015 3366; x_wconf 85' lang='lat' dir='ltr'><strong>est.</strong></span> <span class='ocrx_word' id='word_1_614' title='bbox 2054 3314 2128 3366; x_wconf 88' lang='lat' dir='ltr'><strong>De</strong></span> <span class='ocrx_word' id='word_1_615' title='bbox 2151 3314 2256 3366; x_wconf 79' lang='lat' dir='ltr'><strong>bac</strong></span> <span class='ocrx_word' id='word_1_616' title='bbox 2291 3329 2351 3365; x_wconf 89' lang='lat' dir='ltr'><strong>re</strong></span> <span class='ocrx_word' id='word_1_617' title='bbox 2384 3313 2482 3366; x_wconf 90' lang='lat' dir='ltr'><strong>Dei</strong></span> <span class='ocrx_word' id='word_1_618' title='bbox 2514 3329 2726 3374; x_wconf 88' lang='lat' dir='ltr'><strong>servus,</strong></span> <span class='ocrx_word' id='word_1_619' title='bbox 2782 3317 2845 3365; x_wconf 88' lang='lat' dir='ltr'><strong>ut</strong></span> <span class='ocrx_word' id='word_1_620' title='bbox 2903 3317 3025 3366; x_wconf 86' lang='lat' dir='ltr'><strong>erat</strong></span> <span class='ocrx_word' id='word_1_621' title='bbox 3072 3329 3322 3372; x_wconf 90' lang='lat' dir='ltr'><strong>necesse.</strong></span> <span class='ocrx_word' id='word_1_622' title='bbox 3372 3319 3607 3367; x_wconf 88' lang='lat' dir='ltr'><strong>contur-</strong></span> 
     </span>
    </p>
   </div>
   <div class='ocr_carea' id='block_1_82' title="bbox 1913 3399 3614 3472">
    <p class='ocr_par' dir='ltr' id='par_1_82' title="bbox 1913 3399 3614 3472">
     <span class='ocr_line' id='line_1_82' title="bbox 1913 3399 3614 3472; baseline 0 -16"><span class='ocrx_word' id='word_1_623' title='bbox 1913 3403 2079 3456; x_wconf 90' lang='lat' dir='ltr'><strong>batus</strong></span> <span class='ocrx_word' id='word_1_624' title='bbox 2106 3399 2199 3467; x_wconf 68' lang='grc'><strong>³³6,</strong></span> <span class='ocrx_word' id='word_1_625' title='bbox 2225 3402 2513 3471; x_wconf 88' lang='lat' dir='ltr'><strong>quandam</strong></span> <span class='ocrx_word' id='word_1_626' title='bbox 2543 3401 2706 3472; x_wconf 90' lang='lat' dir='ltr'><strong>quasi</strong></span> <span class='ocrx_word' id='word_1_627' title='bbox 2737 3401 3066 3454; x_wconf 82' lang='lat' dir='ltr'><strong>mastitiam</strong></span> <span class='ocrx_word' id='word_1_628' title='bbox 3100 3401 3158 3454; x_wconf 91' lang='lat' dir='ltr'><strong>in</strong></span> <span class='ocrx_word' id='word_1_629' title='bbox 3200 3402 3362 3455; x_wconf 88' lang='lat' dir='ltr'><strong>vultu</strong></span> <span class='ocrx_word' id='word_1_630' title='bbox 3409 3402 3614 3472; x_wconf 82' lang='lat' dir='ltr'><strong>prafe-</strong></span> 
     </span>
    </p>
   </div>
   <div class='ocr_carea' id='block_1_83' title="bbox 1915 3486 3610 3560">
    <p class='ocr_par' dir='ltr' id='par_1_83' title="bbox 1915 3486 3610 3560">
     <span class='ocr_line' id='line_1_83' title="bbox 1915 3486 3610 3560; baseline 0 -16"><span class='ocrx_word' id='word_1_631' title='bbox 1915 3491 2093 3544; x_wconf 87' lang='lat' dir='ltr'><strong>rebat.</strong></span> <span class='ocrx_word' id='word_1_632' title='bbox 2139 3490 2487 3544; x_wconf 79' lang='lat' dir='ltr'><strong>Accedentes</strong></span> <span class='ocrx_word' id='word_1_633' title='bbox 2528 3495 2718 3543; x_wconf 90' lang='lat' dir='ltr'><strong>autem</strong></span> <span class='ocrx_word' id='word_1_634' title='bbox 2752 3489 3018 3559; x_wconf 89' lang='lat' dir='ltr'><strong>discipuli</strong></span> <span class='ocrx_word' id='word_1_635' title='bbox 3048 3486 3123 3522; x_wconf 81' lang='grc'><strong>²⁸⁷</strong></span> <span class='ocrx_word' id='word_1_636' title='bbox 3181 3490 3324 3559; x_wconf 86' lang='lat' dir='ltr'><strong>ejus,</strong></span> <span class='ocrx_word' id='word_1_637' title='bbox 3364 3507 3610 3560; x_wconf 90' lang='lat' dir='ltr'><strong>quorum</strong></span> 
     </span>
    </p>
   </div>
   <div class='ocr_carea' id='block_1_84' title="bbox 1917 3573 3608 3647">
    <p class='ocr_par' dir='ltr' id='par_1_84' title="bbox 1917 3573 3608 3647">
     <span class='ocr_line' id='line_1_84' title="bbox 1917 3573 3608 3647; baseline 0 -16"><span class='ocrx_word' id='word_1_638' title='bbox 1917 3594 2028 3631; x_wconf 92' lang='lat' dir='ltr'><strong>non</strong></span> <span class='ocrx_word' id='word_1_639' title='bbox 2061 3593 2241 3647; x_wconf 89' lang='lat' dir='ltr'><strong>pauca</strong></span> <span class='ocrx_word' id='word_1_640' title='bbox 2288 3577 2595 3630; x_wconf 89' lang='lat' dir='ltr'><strong>multitudo</strong></span> <span class='ocrx_word' id='word_1_641' title='bbox 2640 3576 2866 3630; x_wconf 86' lang='lat' dir='ltr'><strong>assidue</strong></span> <span class='ocrx_word' id='word_1_642' title='bbox 2915 3573 2990 3608; x_wconf 73' lang='grc'><strong>³⁸⁸</strong></span> <span class='ocrx_word' id='word_1_643' title='bbox 3027 3576 3192 3629; x_wconf 90' lang='lat' dir='ltr'><strong>illum</strong></span> <span class='ocrx_word' id='word_1_644' title='bbox 3242 3578 3608 3647; x_wconf 88' lang='lat' dir='ltr'><strong>sequebatur,</strong></span> 
     </span>
    </p>
   </div>
   <div class='ocr_carea' id='block_1_85' title="bbox 1919 3664 3610 3732">
    <p class='ocr_par' dir='ltr' id='par_1_85' title="bbox 1919 3664 3610 3732">
     <span class='ocr_line' id='line_1_85' title="bbox 1919 3664 3610 3732; baseline 0.001 -14"><span class='ocrx_word' id='word_1_645' title='bbox 1919 3665 2125 3718; x_wconf 82' lang='lat' dir='ltr'><strong>talibus</strong></span> <span class='ocrx_word' id='word_1_646' title='bbox 2170 3680 2302 3718; x_wconf 90' lang='lat' dir='ltr'><strong>eum</strong></span> <span class='ocrx_word' id='word_1_647' title='bbox 2351 3664 2514 3718; x_wconf 92' lang='lat' dir='ltr'><strong>dictis</strong></span> <span class='ocrx_word' id='word_1_648' title='bbox 2556 3665 3001 3718; x_wconf 90' lang='lat' dir='ltr'><strong>consolabantur</strong></span> <span class='ocrx_word' id='word_1_649' title='bbox 3042 3680 3054 3717; x_wconf 89' lang='lat'>:</span> <span class='ocrx_word' id='word_1_650' title='bbox 3110 3682 3137 3713; x_wconf 77' lang='grc' dir='ltr'><strong>α</strong></span> <span class='ocrx_word' id='word_1_651' title='bbox 3172 3664 3462 3732; x_wconf 84' lang='lat' dir='ltr'><strong>Miramur,</strong></span> <span class='ocrx_word' id='word_1_652' title='bbox 3524 3683 3610 3720; x_wconf 86' lang='lat' dir='ltr'><strong>se-</strong></span> 
     </span>
    </p>
   </div>
   <div class='ocr_carea' id='block_1_86' title="bbox 1922 3752 3614 3822">
    <p class='ocr_par' dir='ltr' id='par_1_86' title="bbox 1922 3752 3614 3822">
     <span class='ocr_line' id='line_1_86' title="bbox 1922 3752 3614 3822; baseline 0 -16"><span class='ocrx_word' id='word_1_653' title='bbox 1922 3754 2064 3819; x_wconf 88' lang='lat' dir='ltr'><strong>nior,</strong></span> <span class='ocrx_word' id='word_1_654' title='bbox 2103 3754 2280 3822; x_wconf 86' lang='lat' dir='ltr'><strong>juste,</strong></span> <span class='ocrx_word' id='word_1_655' title='bbox 2336 3753 2489 3822; x_wconf 90' lang='lat' dir='ltr'><strong>quod</strong></span> <span class='ocrx_word' id='word_1_656' title='bbox 2529 3769 2594 3805; x_wconf 90' lang='lat' dir='ltr'><strong>ex</strong></span> <span class='ocrx_word' id='word_1_657' title='bbox 2626 3752 2939 3805; x_wconf 85' lang='lat' dir='ltr'><strong>infortunio</strong></span> <span class='ocrx_word' id='word_1_658' title='bbox 2964 3753 3137 3821; x_wconf 89' lang='lat' dir='ltr'><strong>hujus</strong></span> <span class='ocrx_word' id='word_1_659' title='bbox 3178 3753 3367 3822; x_wconf 90' lang='lat' dir='ltr'><strong>operis</strong></span> <span class='ocrx_word' id='word_1_660' title='bbox 3401 3753 3461 3804; x_wconf 90' lang='lat' dir='ltr'><strong>in</strong></span> <span class='ocrx_word' id='word_1_661' title='bbox 3494 3757 3614 3806; x_wconf 91' lang='lat' dir='ltr'><strong>tan-</strong></span> 
     </span>
    </p>
   </div>
   <div class='ocr_carea' id='block_1_87' title="bbox 1921 3837 3613 3910">
    <p class='ocr_par' dir='ltr' id='par_1_87' title="bbox 1921 3837 3613 3910">
     <span class='ocr_line' id='line_1_87' title="bbox 1921 3837 3613 3910; baseline 0 -16"><span class='ocrx_word' id='word_1_662' title='bbox 1921 3847 2044 3894; x_wconf 91' lang='lat' dir='ltr'><strong>tum</strong></span> <span class='ocrx_word' id='word_1_663' title='bbox 2094 3840 2341 3894; x_wconf 90' lang='lat' dir='ltr'><strong>turbaris</strong></span> <span class='ocrx_word' id='word_1_664' title='bbox 2390 3855 2521 3893; x_wconf 91' lang='lat' dir='ltr'><strong>cum</strong></span> <span class='ocrx_word' id='word_1_665' title='bbox 2568 3839 2866 3894; x_wconf 90' lang='lat' dir='ltr'><strong>cotidianis</strong></span> <span class='ocrx_word' id='word_1_666' title='bbox 2910 3841 3161 3910; x_wconf 90' lang='lat' dir='ltr'><strong>postules</strong></span> <span class='ocrx_word' id='word_1_667' title='bbox 3201 3837 3273 3873; x_wconf 61' lang='lat'><strong>98&quot;</strong></span> <span class='ocrx_word' id='word_1_668' title='bbox 3304 3841 3613 3894; x_wconf 81' lang='lat' dir='ltr'><strong>oblationi—</strong></span> 
     </span>
    </p>
   </div>
   <div class='ocr_carea' id='block_1_88' title="bbox 1922 3927 3613 3999">
    <p class='ocr_par' dir='ltr' id='par_1_88' title="bbox 1922 3927 3613 3999">
     <span class='ocr_line' id='line_1_88' title="bbox 1922 3927 3613 3999; baseline 0.001 -17"><span class='ocrx_word' id='word_1_669' title='bbox 1922 3930 2028 3983; x_wconf 91' lang='lat' dir='ltr'><strong>bus</strong></span> <span class='ocrx_word' id='word_1_670' title='bbox 2054 3927 2147 3996; x_wconf 77' lang='grc'><strong>²⁹⁰,</strong></span> <span class='ocrx_word' id='word_1_671' title='bbox 2179 3935 2244 3983; x_wconf 87' lang='lat' dir='ltr'><strong>ut</strong></span> <span class='ocrx_word' id='word_1_672' title='bbox 2289 3929 2367 3982; x_wconf 90' lang='lat' dir='ltr'><strong>ita</strong></span> <span class='ocrx_word' id='word_1_673' title='bbox 2400 3929 2599 3999; x_wconf 89' lang='lat' dir='ltr'><strong>peragi</strong></span> <span class='ocrx_word' id='word_1_674' title='bbox 2640 3929 2808 3983; x_wconf 89' lang='lat' dir='ltr'><strong>liceat</strong></span> <span class='ocrx_word' id='word_1_675' title='bbox 2861 3929 3005 3982; x_wconf 87' lang='lat' dir='ltr'><strong>sicut</strong></span> <span class='ocrx_word' id='word_1_676' title='bbox 3055 3929 3169 3982; x_wconf 91' lang='lat' dir='ltr'><strong>Deo</strong></span> <span class='ocrx_word' id='word_1_677' title='bbox 3201 3929 3440 3999; x_wconf 89' lang='lat' dir='ltr'><strong>placeat.</strong></span> <span class='ocrx_word' id='word_1_678' title='bbox 3475 3929 3613 3984; x_wconf 86' lang='lat' dir='ltr'><strong>Ora-</strong></span> 
     </span>
    </p>
   </div>
   <div class='ocr_carea' id='block_1_89' title="bbox 1923 4017 3614 4087">
    <p class='ocr_par' dir='ltr' id='par_1_89' title="bbox 1923 4017 3614 4087">
     <span class='ocr_line' id='line_1_89' title="bbox 1923 4017 3614 4087; baseline 0.001 -16"><span class='ocrx_word' id='word_1_679' title='bbox 1923 4020 2109 4072; x_wconf 89' lang='lat' dir='ltr'><strong>tiones</strong></span> <span class='ocrx_word' id='word_1_680' title='bbox 2139 4034 2389 4087; x_wconf 90' lang='lat' dir='ltr'><strong>namque</strong></span> <span class='ocrx_word' id='word_1_681' title='bbox 2421 4023 2548 4071; x_wconf 87' lang='lat' dir='ltr'><strong>tuas</strong></span> <span class='ocrx_word' id='word_1_682' title='bbox 2579 4019 2725 4071; x_wconf 89' lang='lat' dir='ltr'><strong>Deus</strong></span> <span class='ocrx_word' id='word_1_683' title='bbox 2758 4017 3008 4083; x_wconf 83' lang='lat' dir='ltr'><strong>exaudit,</strong></span> <span class='ocrx_word' id='word_1_684' title='bbox 3069 4021 3226 4070; x_wconf 88' lang='lat' dir='ltr'><strong>tuam</strong></span> <span class='ocrx_word' id='word_1_685' title='bbox 3261 4019 3614 4072; x_wconf 89' lang='lat' dir='ltr'><strong>voluntatem</strong></span> 
     </span>
    </p>
   </div>
   <div class='ocr_carea' id='block_1_90' title="bbox 1924 4103 3612 4176">
    <p class='ocr_par' dir='ltr' id='par_1_90' title="bbox 1924 4103 3612 4176">
     <span class='ocr_line' id='line_1_90' title="bbox 1924 4103 3612 4176; baseline 0.001 -18"><span class='ocrx_word' id='word_1_686' title='bbox 1924 4105 2151 4175; x_wconf 88' lang='lat' dir='ltr'><strong>publice</strong></span> <span class='ocrx_word' id='word_1_687' title='bbox 2204 4105 2555 4173; x_wconf 88' lang='lat' dir='ltr'><strong>adimplevit.</strong></span> <span class='ocrx_word' id='word_1_688' title='bbox 2621 4107 2879 4176; x_wconf 86' lang='lat' dir='ltr'><strong>Namque</strong></span> <span class='ocrx_word' id='word_1_689' title='bbox 2919 4103 2992 4139; x_wconf 79' lang='grc'><strong>²⁹¹</strong></span> <span class='ocrx_word' id='word_1_690' title='bbox 3046 4105 3202 4175; x_wconf 90' lang='lat' dir='ltr'><strong>quod</strong></span> <span class='ocrx_word' id='word_1_691' title='bbox 3246 4106 3360 4159; x_wconf 91' lang='lat' dir='ltr'><strong>Deo</strong></span> <span class='ocrx_word' id='word_1_692' title='bbox 3408 4106 3612 4175; x_wconf 90' lang='lat' dir='ltr'><strong>placet,</strong></span> 
     </span>
    </p>
   </div>
   <div class='ocr_carea' id='block_1_91' title="bbox 1929 4193 3614 4266">
    <p class='ocr_par' dir='ltr' id='par_1_91' title="bbox 1929 4193 3614 4266">
     <span class='ocr_line' id='line_1_91' title="bbox 1929 4193 3614 4266; baseline 0.001 -20"><span class='ocrx_word' id='word_1_693' title='bbox 1929 4209 2077 4263; x_wconf 87' lang='lat' dir='ltr'><strong>sape</strong></span> <span class='ocrx_word' id='word_1_694' title='bbox 2108 4193 2406 4262; x_wconf 81' lang='lat' dir='ltr'><strong>probatur,</strong></span> <span class='ocrx_word' id='word_1_695' title='bbox 2442 4194 2589 4248; x_wconf 85' lang='lat' dir='ltr'><strong>sicut</strong></span> <span class='ocrx_word' id='word_1_696' title='bbox 2618 4193 2832 4266; x_wconf 89' lang='lat' dir='ltr'><strong>legitur</strong></span> <span class='ocrx_word' id='word_1_697' title='bbox 2864 4210 2877 4248; x_wconf 90' lang='lat'><strong>:</strong></span> <span class='ocrx_word' id='word_1_698' title='bbox 2923 4214 2950 4244; x_wconf 80' lang='grc' dir='ltr'><strong>(ι</strong></span> <span class='ocrx_word' id='word_1_699' title='bbox 3000 4194 3181 4258; x_wconf 88' lang='lat' dir='ltr'><strong>Quem</strong></span> <span class='ocrx_word' id='word_1_700' title='bbox 3221 4195 3370 4247; x_wconf 89' lang='lat' dir='ltr'><strong>Deus</strong></span> <span class='ocrx_word' id='word_1_701' title='bbox 3408 4194 3614 4265; x_wconf 90' lang='lat' dir='ltr'><strong>diligit,</strong></span> 
     </span>
    </p>
   </div>
   <div class='ocr_carea' id='block_1_92' title="bbox 1933 4281 3619 4354">
    <p class='ocr_par' dir='ltr' id='par_1_92' title="bbox 1933 4281 3619 4354">
     <span class='ocr_line' id='line_1_92' title="bbox 1933 4281 3619 4354; baseline 0.004 -23"><span class='ocrx_word' id='word_1_702' title='bbox 1933 4302 1959 4331; x_wconf 84' lang='lat'><strong><em>«</em></strong></span> <span class='ocrx_word' id='word_1_703' title='bbox 1993 4281 2231 4352; x_wconf 92' lang='lat' dir='ltr'><strong>corripit</strong></span> <span class='ocrx_word' id='word_1_704' title='bbox 2269 4284 2444 4350; x_wconf 86' lang='lat' dir='ltr'><strong>(Prov.</strong></span> <span class='ocrx_word' id='word_1_705' title='bbox 2481 4300 2561 4349; x_wconf 84' lang='lat' dir='ltr'><strong>lli,</strong></span> <span class='ocrx_word' id='word_1_706' title='bbox 2598 4286 2685 4352; x_wconf 80' lang='lat' dir='ltr'><strong>t2)</strong></span> <span class='ocrx_word' id='word_1_707' title='bbox 2744 4301 2770 4335; x_wconf 68' lang='grc' dir='ltr'><strong><em>ι</em></strong></span> <span class='ocrx_word' id='word_1_708' title='bbox 2796 4283 2961 4347; x_wconf 92' lang='lat' dir='ltr'><strong>Quod</strong></span> <span class='ocrx_word' id='word_1_709' title='bbox 2993 4283 3145 4336; x_wconf 91' lang='lat' dir='ltr'><strong>enim</strong></span> <span class='ocrx_word' id='word_1_710' title='bbox 3181 4281 3256 4316; x_wconf 70' lang='lat'><strong>&#39;9’</strong></span> <span class='ocrx_word' id='word_1_711' title='bbox 3282 4284 3396 4337; x_wconf 91' lang='lat' dir='ltr'><strong>Deo</strong></span> <span class='ocrx_word' id='word_1_712' title='bbox 3427 4282 3619 4354; x_wconf 90' lang='lat' dir='ltr'><strong>displi-</strong></span> 
     </span>
    </p>
   </div>
   <div class='ocr_carea' id='block_1_93' title="bbox 1928 4370 3620 4443">
    <p class='ocr_par' dir='ltr' id='par_1_93' title="bbox 1928 4370 3620 4443">
     <span class='ocr_line' id='line_1_93' title="bbox 1928 4370 3620 4443; baseline 0.001 -19"><span class='ocrx_word' id='word_1_713' title='bbox 1928 4372 2066 4439; x_wconf 89' lang='lat' dir='ltr'><strong>cuit,</strong></span> <span class='ocrx_word' id='word_1_714' title='bbox 2099 4372 2244 4425; x_wconf 91' lang='lat' dir='ltr'><strong>sicut</strong></span> <span class='ocrx_word' id='word_1_715' title='bbox 2269 4372 2481 4441; x_wconf 90' lang='lat' dir='ltr'><strong>petisti,</strong></span> <span class='ocrx_word' id='word_1_716' title='bbox 2541 4371 2755 4443; x_wconf 90' lang='lat' dir='ltr'><strong>rejecit.</strong></span> <span class='ocrx_word' id='word_1_717' title='bbox 2800 4373 3013 4426; x_wconf 90' lang='lat' dir='ltr'><strong>Idcirco</strong></span> <span class='ocrx_word' id='word_1_718' title='bbox 3071 4370 3316 4443; x_wconf 88' lang='lat' dir='ltr'><strong>suspiria</strong></span> <span class='ocrx_word' id='word_1_719' title='bbox 3363 4373 3620 4443; x_wconf 88' lang='lat' dir='ltr'><strong>deponas</strong></span> 
     </span>
    </p>
   </div>
   <div class='ocr_carea' id='block_1_94' title="bbox 1930 4459 3620 4531">
    <p class='ocr_par' dir='ltr' id='par_1_94' title="bbox 1930 4459 3620 4531">
     <span class='ocr_line' id='line_1_94' title="bbox 1930 4459 3620 4531; baseline 0.001 -17"><span class='ocrx_word' id='word_1_720' title='bbox 1930 4465 1987 4514; x_wconf 90' lang='lat' dir='ltr'><strong>et</strong></span> <span class='ocrx_word' id='word_1_721' title='bbox 2016 4459 2308 4530; x_wconf 86' lang='lat' dir='ltr'><strong>patientia</strong></span> <span class='ocrx_word' id='word_1_722' title='bbox 2336 4459 2728 4514; x_wconf 78' lang='lat' dir='ltr'><strong>fortitudinem</strong></span> <span class='ocrx_word' id='word_1_723' title='bbox 2763 4460 3023 4531; x_wconf 89' lang='lat' dir='ltr'><strong>recipias.</strong></span> <span class='ocrx_word' id='word_1_724' title='bbox 3074 4460 3188 4514; x_wconf 86' lang='lat' dir='ltr'><strong>Hoc</strong></span> <span class='ocrx_word' id='word_1_725' title='bbox 3221 4465 3306 4515; x_wconf 89' lang='lat' dir='ltr'><strong>est</strong></span> <span class='ocrx_word' id='word_1_726' title='bbox 3333 4460 3620 4517; x_wconf 89' lang='lat' dir='ltr'><strong>laudabile</strong></span> 
     </span>
    </p>
   </div>
   <div class='ocr_carea' id='block_1_95' title="bbox 1459 4582 2217 4654">
    <p class='ocr_par' dir='ltr' id='par_1_95' title="bbox 1459 4582 2217 4654">
     <span class='ocr_line' id='line_1_95' title="bbox 1459 4582 2217 4654; baseline -0.003 -19"><span class='ocrx_word' id='word_1_727' title='bbox 1459 4646 1468 4654; x_wconf 37' lang='grc' dir='ltr'><strong><em>ο</em></strong></span> <span class='ocrx_word' id='word_1_728' title='bbox 1550 4582 1785 4635; x_wconf 76' lang='grc' dir='ltr'><strong>νΑΒῐᾹΞ</strong></span> <span class='ocrx_word' id='word_1_729' title='bbox 1811 4582 2217 4637; x_wconf 85' lang='lat' dir='ltr'><strong>LECTIONES.</strong></span> 
     </span>
    </p>
   </div>
   <div class='ocr_carea' id='block_1_96' title="bbox 157 4669 3624 4741">
    <p class='ocr_par' dir='ltr' id='par_1_96' title="bbox 157 4669 3624 4741">
     <span class='ocr_line' id='line_1_96' title="bbox 157 4669 3624 4741; baseline -0.001 -11"><span class='ocrx_word' id='word_1_730' title='bbox 157 4675 240 4711; x_wconf 74' lang='grc'><strong>²⁴⁸</strong></span> <span class='ocrx_word' id='word_1_731' title='bbox 278 4671 515 4729; x_wconf 87' lang='lat' dir='ltr'><strong>curavit</strong></span> <span class='ocrx_word' id='word_1_732' title='bbox 564 4674 616 4725; x_wconf 96' lang='lat'><strong>2.</strong></span> <span class='ocrx_word' id='word_1_733' title='bbox 695 4670 769 4705; x_wconf 67' lang='grc'><strong>’⁸⁸³</strong></span> <span class='ocrx_word' id='word_1_734' title='bbox 813 4669 1294 4741; x_wconf 76' lang='lat' dir='ltr'><strong>congregatisque</strong></span> <span class='ocrx_word' id='word_1_735' title='bbox 1335 4672 1390 4741; x_wconf 91' lang='lat'><strong>2.</strong></span> <span class='ocrx_word' id='word_1_736' title='bbox 1471 4672 1541 4706; x_wconf 79' lang='grc'>²⁴⁶</span> <span class='ocrx_word' id='word_1_737' title='bbox 1586 4670 1809 4741; x_wconf 83' lang='lat' dir='ltr'><strong>nutrita</strong></span> <span class='ocrx_word' id='word_1_738' title='bbox 1857 4673 1911 4723; x_wconf 92' lang='lat'><strong>2.</strong></span> <span class='ocrx_word' id='word_1_739' title='bbox 1996 4671 2067 4706; x_wconf 74' lang='lat'><strong>“7</strong></span> <span class='ocrx_word' id='word_1_740' title='bbox 2118 4686 2198 4724; x_wconf 92' lang='lat' dir='ltr'><strong>m.</strong></span> <span class='ocrx_word' id='word_1_741' title='bbox 2258 4671 2354 4724; x_wconf 88' lang='lat' dir='ltr'><strong>sed</strong></span> <span class='ocrx_word' id='word_1_742' title='bbox 2409 4670 2604 4725; x_wconf 82' lang='lat' dir='ltr'><strong>desunt</strong></span> <span class='ocrx_word' id='word_1_743' title='bbox 2659 4673 2710 4741; x_wconf 85' lang='lat'><strong>2.</strong></span> <span class='ocrx_word' id='word_1_744' title='bbox 2789 4669 2862 4706; x_wconf 76' lang='grc'>²⁴⁸</span> <span class='ocrx_word' id='word_1_745' title='bbox 2911 4671 3225 4740; x_wconf 88' lang='lat' dir='ltr'><strong>magistrali</strong></span> <span class='ocrx_word' id='word_1_746' title='bbox 3275 4676 3322 4726; x_wconf 78' lang='grc' dir='ltr'>ί.</span> <span class='ocrx_word' id='word_1_747' title='bbox 3399 4671 3470 4708; x_wconf 70' lang='lat'><strong>&quot;9</strong></span> <span class='ocrx_word' id='word_1_748' title='bbox 3524 4690 3624 4726; x_wconf 91' lang='lat' dir='ltr'><strong>vo-</strong></span> 
     </span>
    </p>
   </div>
   <div class='ocr_carea' id='block_1_97' title="bbox 81 4739 1538 4800">
    <p class='ocr_par' dir='ltr' id='par_1_97' title="bbox 81 4739 1538 4800">
     <span class='ocr_line' id='line_1_97' title="bbox 81 4739 1538 4800; baseline -0.004 0"><span class='ocrx_word' id='word_1_749' title='bbox 81 4747 196 4800; x_wconf 88' lang='lat' dir='ltr'><strong>luit</strong></span> <span class='ocrx_word' id='word_1_750' title='bbox 263 4763 326 4799; x_wconf 87' lang='lat' dir='ltr'><strong>s.</strong></span> <span class='ocrx_word' id='word_1_751' title='bbox 416 4743 553 4796; x_wconf 90' lang='lat' dir='ltr'><strong>alias</strong></span> <span class='ocrx_word' id='word_1_752' title='bbox 605 4743 838 4796; x_wconf 89' lang='lat' dir='ltr'><strong>exaltari</strong></span> <span class='ocrx_word' id='word_1_753' title='bbox 919 4739 972 4794; x_wconf 85' lang='lat'><strong>2.</strong></span> <span class='ocrx_word' id='word_1_754' title='bbox 1050 4739 1122 4776; x_wconf 82' lang='grc'><strong>²⁵⁰</strong></span> <span class='ocrx_word' id='word_1_755' title='bbox 1173 4739 1438 4793; x_wconf 88' lang='lat' dir='ltr'><strong>similiter</strong></span> <span class='ocrx_word' id='word_1_756' title='bbox 1490 4744 1538 4794; x_wconf 80' lang='grc'>1.</span> 
     </span>
    </p>
   </div>
   <div class='ocr_carea' id='block_1_98' title="bbox 79 4816 526 4889">
    <p class='ocr_par' dir='ltr' id='par_1_98' title="bbox 79 4816 526 4889">
     <span class='ocr_line' id='line_1_98' title="bbox 79 4816 526 4889; baseline -0.013 -17"><span class='ocrx_word' id='word_1_757' title='bbox 79 4819 428 4889; x_wconf 83' lang='lat' dir='ltr'><strong>adjuvante</strong></span> <span class='ocrx_word' id='word_1_758' title='bbox 473 4816 526 4867; x_wconf 90' lang='lat'><strong>2.</strong></span> 
     </span>
    </p>
   </div>
   <div class='ocr_carea' id='block_1_99' title="bbox 81 4958 668 5025">
    <p class='ocr_par' dir='ltr' id='par_1_99' title="bbox 81 4958 668 5025">
     <span class='ocr_line' id='line_1_99' title="bbox 81 4958 668 5025; baseline -0.007 -13"><span class='ocrx_word' id='word_1_759' title='bbox 81 4958 156 4994; x_wconf 65' lang='lat'><strong>’59</strong></span> <span class='ocrx_word' id='word_1_760' title='bbox 215 4959 560 5025; x_wconf 86' lang='lat' dir='ltr'><strong>adimplere</strong></span> <span class='ocrx_word' id='word_1_761' title='bbox 616 4958 668 5008; x_wconf 91' lang='lat'><strong>2.</strong></span> 
     </span>
    </p>
   </div>
   <div class='ocr_carea' id='block_1_100' title="bbox 81 5023 1759 5101">
    <p class='ocr_par' dir='ltr' id='par_1_100' title="bbox 81 5023 1759 5101">
     <span class='ocr_line' id='line_1_100' title="bbox 81 5023 1759 5101; baseline -0.005 -17"><span class='ocrx_word' id='word_1_762' title='bbox 81 5047 174 5084; x_wconf 76' lang='lat' dir='ltr'><strong>ma</strong></span> <span class='ocrx_word' id='word_1_763' title='bbox 187 5030 291 5101; x_wconf 87' lang='lat' dir='ltr'><strong>gis</strong></span> <span class='ocrx_word' id='word_1_764' title='bbox 361 5023 693 5101; x_wconf 67' lang='lat' dir='ltr'><strong>excluderet</strong></span> <span class='ocrx_word' id='word_1_765' title='bbox 712 5096 722 5101; x_wconf 85' lang='lat'><em>_</em></span> <span class='ocrx_word' id='word_1_766' title='bbox 740 5030 796 5078; x_wconf 91' lang='lat' dir='ltr'><strong>et</strong></span> <span class='ocrx_word' id='word_1_767' title='bbox 816 5040 1012 5101; x_wconf 43' lang='lat' dir='ltr'><strong>_eamn_</strong></span> <span class='ocrx_word' id='word_1_768' title='bbox 1035 5024 1358 5101; x_wconf 78' lang='lat' dir='ltr'><strong>includeret</strong></span> <span class='ocrx_word' id='word_1_769' title='bbox 1372 5023 1759 5101; x_wconf 54' lang='lat' dir='ltr'><strong>“solitariam.</strong></span> 
     </span>
    </p>
   </div>
   <div class='ocr_carea' id='block_1_101' title="bbox 81 5101 447 5153">
    <p class='ocr_par' dir='ltr' id='par_1_101' title="bbox 81 5101 447 5153">
     <span class='ocr_line' id='line_1_101' title="bbox 81 5101 447 5153; baseline 0 -18"><span class='ocrx_word' id='word_1_770' title='bbox 81 5103 161 5135; x_wconf 58' lang='grc'><strong>29³1</strong></span> 
     </span>
    </p>
   </div>
   <div class='ocr_carea' id='block_1_102' title="bbox 80 5165 847 5225">
    <p class='ocr_par' dir='ltr' id='par_1_102' title="bbox 80 5165 847 5225">
     <span class='ocr_line' id='line_1_102' title="bbox 80 5165 847 5225; baseline 0 -5"><span class='ocrx_word' id='word_1_771' title='bbox 80 5179 170 5225; x_wconf 76' lang='lat' dir='ltr'><strong>est</strong></span> <span class='ocrx_word' id='word_1_772' title='bbox 205 5175 265 5225; x_wconf 79' lang='lat'><strong>2.</strong></span> <span class='ocrx_word' id='word_1_773' title='bbox 365 5165 440 5200; x_wconf 57' lang='lat'><strong>37°</strong></span> <span class='ocrx_word' id='word_1_774' title='bbox 475 5167 619 5220; x_wconf 81' lang='lat' dir='ltr'><strong>deest</strong></span> <span class='ocrx_word' id='word_1_775' title='bbox 644 5170 696 5220; x_wconf 91' lang='lat'><strong>2.</strong></span> <span class='ocrx_word' id='word_1_776' title='bbox 775 5165 847 5200; x_wconf 82' lang='grc'><strong>²⁷¹</strong></span> 
     </span>
    </p>
   </div>
   <div class='ocr_carea' id='block_1_103' title="bbox 79 5242 624 5308">
    <p class='ocr_par' dir='ltr' id='par_1_103' title="bbox 79 5242 624 5308">
     <span class='ocr_line' id='line_1_103' title="bbox 79 5242 624 5308; baseline -0.009 -13"><span class='ocrx_word' id='word_1_777' title='bbox 79 5246 154 5278; x_wconf 70' lang='grc' dir='ltr'><strong>εττ</strong></span> <span class='ocrx_word' id='word_1_778' title='bbox 210 5242 523 5308; x_wconf 73' lang='lat' dir='ltr'><strong>temptem</strong></span> <span class='ocrx_word' id='word_1_779' title='bbox 572 5242 624 5291; x_wconf 91' lang='lat'><strong>2.</strong></span> 
     </span>
    </p>
   </div>
   <div class='ocr_carea' id='block_1_104' title="bbox 881 5163 1718 5236">
    <p class='ocr_par' dir='ltr' id='par_1_104' title="bbox 881 5163 1718 5236">
     <span class='ocr_line' id='line_1_104' title="bbox 881 5163 1718 5236; baseline -0.002 -17"><span class='ocrx_word' id='word_1_780' title='bbox 881 5167 1118 5236; x_wconf 89' lang='lat' dir='ltr'><strong>potestis</strong></span> <span class='ocrx_word' id='word_1_781' title='bbox 1147 5169 1198 5219; x_wconf 89' lang='lat'><strong>2.</strong></span> <span class='ocrx_word' id='word_1_782' title='bbox 1276 5163 1366 5236; x_wconf 34' lang='grc' dir='ltr'>²⁷²Ᾱ</span> <span class='ocrx_word' id='word_1_783' title='bbox 1403 5163 1718 5218; x_wconf 84' lang='lat' dir='ltr'><strong>solemniis.</strong></span> 
     </span>
    </p>
   </div>
   <div class='ocr_carea' id='block_1_105' title="bbox 713 5235 1216 5306">
    <p class='ocr_par' dir='ltr' id='par_1_105' title="bbox 713 5235 1216 5306">
     <span class='ocr_line' id='line_1_105' title="bbox 713 5235 1216 5306; baseline 0.002 -17"><span class='ocrx_word' id='word_1_784' title='bbox 713 5235 787 5272; x_wconf 76' lang='grc'><strong>²⁷⁸</strong></span> <span class='ocrx_word' id='word_1_785' title='bbox 835 5235 1139 5306; x_wconf 83' lang='lat' dir='ltr'><strong>purgatam</strong></span> <span class='ocrx_word' id='word_1_786' title='bbox 1165 5240 1216 5290; x_wconf 89' lang='lat'><strong>2.</strong></span> 
     </span>
    </p>
   </div>
   <div class='ocr_carea' id='block_1_106' title="bbox 77 5305 2230 5382">
    <p class='ocr_par' dir='ltr' id='par_1_106' title="bbox 77 5305 2230 5382">
     <span class='ocr_line' id='line_1_106' title="bbox 77 5305 2230 5382; baseline -0.004 -15"><span class='ocrx_word' id='word_1_787' title='bbox 77 5305 431 5382; x_wconf 68' lang='lat' dir='ltr'><strong>praesentia</strong></span> <span class='ocrx_word' id='word_1_788' title='bbox 456 5308 704 5382; x_wconf 78' lang='lat' dir='ltr'><strong>Heinrici</strong></span> <span class='ocrx_word' id='word_1_789' title='bbox 735 5305 1102 5382; x_wconf 67' lang='lat' dir='ltr'><strong>imperatoris</strong></span> <span class='ocrx_word' id='word_1_790' title='bbox 1123 5305 1470 5382; x_wconf 80' lang='lat' dir='ltr'><strong>_e_t__aliorun_1</strong></span> <span class='ocrx_word' id='word_1_791' title='bbox 1498 5307 1812 5382; x_wconf 77' lang='lat' dir='ltr'><strong>multorum</strong></span> <span class='ocrx_word' id='word_1_792' title='bbox 1839 5310 2230 5382; x_wconf 78' lang='lat' dir='ltr'><strong>pralatorum.</strong></span> 
     </span>
    </p>
   </div>
   <div class='ocr_carea' id='block_1_107' title="bbox 80 5383 556 5440">
    <p class='ocr_par' dir='ltr' id='par_1_107' title="bbox 80 5383 556 5440">
     <span class='ocr_line' id='line_1_107' title="bbox 80 5383 556 5440; baseline -0.017 0"><span class='ocrx_word' id='word_1_793' title='bbox 80 5384 163 5420; x_wconf 73' lang='grc'><strong>³⁸³</strong></span> <span class='ocrx_word' id='word_1_794' title='bbox 208 5386 474 5440; x_wconf 86' lang='lat' dir='ltr'><strong>detrusa</strong></span> <span class='ocrx_word' id='word_1_795' title='bbox 505 5383 556 5433; x_wconf 91' lang='lat'><strong>2.</strong></span> 
     </span>
    </p>
   </div>
   <div class='ocr_carea' id='block_1_108' title="bbox 77 5449 1249 5527">
    <p class='ocr_par' dir='ltr' id='par_1_108' title="bbox 77 5449 1249 5527">
     <span class='ocr_line' id='line_1_108' title="bbox 77 5449 1249 5527; baseline -0.009 -15"><span class='ocrx_word' id='word_1_796' title='bbox 77 5456 390 5527; x_wconf 78' lang='lat' dir='ltr'><strong>quadam</strong></span> <span class='ocrx_word' id='word_1_797' title='bbox 409 5451 825 5527; x_wconf 73' lang='lat' dir='ltr'><strong>_pars_ecclesia</strong></span> <span class='ocrx_word' id='word_1_798' title='bbox 850 5449 1002 5527; x_wconf 81' lang='lat' dir='ltr'><strong>illius</strong></span> <span class='ocrx_word' id='word_1_799' title='bbox 1020 5449 1249 5527; x_wconf 62' lang='lat' dir='ltr'><strong>cepidit.</strong></span> 
     </span>
    </p>
   </div>
   <div class='ocr_carea' id='block_1_109' title="bbox 82 5518 1551 5592">
    <p class='ocr_par' dir='ltr' id='par_1_109' title="bbox 82 5518 1551 5592">
     <span class='ocr_line' id='line_1_109' title="bbox 82 5518 1551 5592; baseline -0.006 -11"><span class='ocrx_word' id='word_1_800' title='bbox 82 5518 158 5563; x_wconf 67' lang='grc' dir='ltr'><strong>έδε</strong></span> <span class='ocrx_word' id='word_1_801' title='bbox 193 5528 376 5582; x_wconf 79' lang='lat' dir='ltr'><strong>deest</strong></span> <span class='ocrx_word' id='word_1_802' title='bbox 402 5525 455 5575; x_wconf 96' lang='lat'><strong>2.</strong></span> <span class='ocrx_word' id='word_1_803' title='bbox 533 5520 607 5555; x_wconf 65' lang='grc'><strong>³⁸9</strong></span> <span class='ocrx_word' id='word_1_804' title='bbox 628 5524 876 5592; x_wconf 89' lang='lat' dir='ltr'><strong>postulas</strong></span> <span class='ocrx_word' id='word_1_805' title='bbox 908 5525 954 5574; x_wconf 93' lang='lat' dir='ltr'><strong>l.</strong></span> <span class='ocrx_word' id='word_1_806' title='bbox 1031 5519 1106 5554; x_wconf 62' lang='lat'><strong>99°</strong></span> <span class='ocrx_word' id='word_1_807' title='bbox 1126 5518 1479 5574; x_wconf 88' lang='lat' dir='ltr'><strong>orationibus</strong></span> <span class='ocrx_word' id='word_1_808' title='bbox 1501 5522 1551 5572; x_wconf 89' lang='lat'><strong>2.</strong></span> 
     </span>
    </p>
   </div>
   <div class='ocr_carea' id='block_1_110' title="bbox 489 5628 984 5694">
    <p class='ocr_par' dir='ltr' id='par_1_110' title="bbox 489 5628 984 5694">
     <span class='ocr_line' id='line_1_110' title="bbox 489 5628 984 5694; baseline -0.004 -1"><span class='ocrx_word' id='word_1_809' title='bbox 489 5629 759 5694; x_wconf 75' lang='lat' dir='ltr'><strong>PATROL.</strong></span> <span class='ocrx_word' id='word_1_810' title='bbox 814 5628 984 5694; x_wconf 85' lang='lat' dir='ltr'><strong>CXL.</strong></span> 
     </span>
    </p>
   </div>
   <div class='ocr_carea' id='block_1_111' title="bbox 1619 4739 1823 4793">
    <p class='ocr_par' dir='ltr' id='par_1_111' title="bbox 1619 4739 1823 4793">
     <span class='ocr_line' id='line_1_111' title="bbox 1619 4739 1823 4793; baseline -0.005 -18"><span class='ocrx_word' id='word_1_811' title='bbox 1619 4739 1690 4775; x_wconf 68' lang='lat'><strong>251</strong></span> <span class='ocrx_word' id='word_1_812' title='bbox 1760 4757 1823 4793; x_wconf 75' lang='lat' dir='ltr'><strong>ac</strong></span> 
     </span>
    </p>
   </div>
   <div class='ocr_carea' id='block_1_112' title="bbox 604 4803 3123 4883">
    <p class='ocr_par' dir='ltr' id='par_1_112' title="bbox 604 4803 3123 4883">
     <span class='ocr_line' id='line_1_112' title="bbox 604 4803 3123 4883; baseline 0 -18"><span class='ocrx_word' id='word_1_813' title='bbox 604 4811 677 4847; x_wconf 70' lang='lat'><strong>“5</strong></span> <span class='ocrx_word' id='word_1_814' title='bbox 735 4812 918 4883; x_wconf 86' lang='lat' dir='ltr'><strong>poscit</strong></span> <span class='ocrx_word' id='word_1_815' title='bbox 969 4814 1020 4865; x_wconf 94' lang='lat'><strong>2.</strong></span> <span class='ocrx_word' id='word_1_816' title='bbox 1095 4809 1178 4883; x_wconf 41' lang='lat'><strong>’3&quot;</strong></span> <span class='ocrx_word' id='word_1_817' title='bbox 1226 4811 1390 4863; x_wconf 90' lang='lat' dir='ltr'><strong>istius</strong></span> <span class='ocrx_word' id='word_1_818' title='bbox 1449 4827 1584 4881; x_wconf 90' lang='lat' dir='ltr'><strong>ergo</strong></span> <span class='ocrx_word' id='word_1_819' title='bbox 1629 4817 1864 4883; x_wconf 81' lang='lat' dir='ltr'><strong>sancta</strong></span> <span class='ocrx_word' id='word_1_820' title='bbox 1923 4803 2174 4866; x_wconf 84' lang='lat' dir='ltr'><strong>famina</strong></span> <span class='ocrx_word' id='word_1_821' title='bbox 2207 4815 2290 4883; x_wconf 12' lang='lat'><strong>72.</strong></span> <span class='ocrx_word' id='word_1_822' title='bbox 2348 4813 2444 4865; x_wconf 81' lang='lat' dir='ltr'><strong>ubi</strong></span> <span class='ocrx_word' id='word_1_823' title='bbox 2527 4812 2696 4866; x_wconf 81' lang='lat' dir='ltr'><strong>rubra</strong></span> <span class='ocrx_word' id='word_1_824' title='bbox 2771 4815 3123 4883; x_wconf 57' lang='lat' dir='ltr'><strong>praemittitur</strong></span> 
     </span>
    </p>
   </div>
   <div class='ocr_carea' id='block_1_113' title="bbox 81 4882 2682 4954">
    <p class='ocr_par' dir='ltr' id='par_1_113' title="bbox 81 4882 2682 4954">
     <span class='ocr_line' id='line_1_113' title="bbox 81 4882 2682 4954; baseline -0.003 -12"><span class='ocrx_word' id='word_1_825' title='bbox 81 4882 336 4951; x_wconf 69' lang='lat' dir='ltr'><strong>sorore,</strong></span> <span class='ocrx_word' id='word_1_826' title='bbox 403 4901 531 4953; x_wconf 87' lang='lat' dir='ltr'><strong>qua</strong></span> <span class='ocrx_word' id='word_1_827' title='bbox 577 4882 1083 4954; x_wconf 38' lang='lat' dir='ltr'><strong>petit&#39;solitariam</strong></span> <span class='ocrx_word' id='word_1_828' title='bbox 1132 4882 1306 4954; x_wconf 87' lang='lat' dir='ltr'><strong>vitam</strong></span> <span class='ocrx_word' id='word_1_829' title='bbox 1365 4897 1532 4951; x_wconf 88' lang='lat' dir='ltr'><strong>agere</strong></span> <span class='ocrx_word' id='word_1_830' title='bbox 1590 4882 1660 4935; x_wconf 88' lang='lat' dir='ltr'><strong>ab</strong></span> <span class='ocrx_word' id='word_1_831' title='bbox 1717 4882 2221 4954; x_wconf 27' lang='lat' dir='ltr'><strong>episcopotquod</strong></span> <span class='ocrx_word' id='word_1_832' title='bbox 2271 4887 2327 4936; x_wconf 90' lang='lat' dir='ltr'><strong>et</strong></span> <span class='ocrx_word' id='word_1_833' title='bbox 2384 4883 2480 4936; x_wconf 89' lang='lat' dir='ltr'><strong>ille</strong></span> <span class='ocrx_word' id='word_1_834' title='bbox 2532 4883 2682 4937; x_wconf 87' lang='lat' dir='ltr'><strong>fecit.</strong></span> 
     </span>
    </p>
   </div>
   <div class='ocr_carea' id='block_1_114' title="bbox 1925 4739 3622 4796">
    <p class='ocr_par' dir='ltr' id='par_1_114' title="bbox 1925 4739 3622 4796">
     <span class='ocr_line' id='line_1_114' title="bbox 1925 4739 3622 4796; baseline 0.001 -3"><span class='ocrx_word' id='word_1_835' title='bbox 1925 4743 1978 4794; x_wconf 92' lang='lat'><strong>2.</strong></span> <span class='ocrx_word' id='word_1_836' title='bbox 2061 4742 2136 4776; x_wconf 80' lang='grc'>²⁶²</span> <span class='ocrx_word' id='word_1_837' title='bbox 2202 4741 2429 4795; x_wconf 90' lang='lat' dir='ltr'><strong>Domini</strong></span> <span class='ocrx_word' id='word_1_838' title='bbox 2503 4745 2557 4796; x_wconf 94' lang='lat'><strong>2.</strong></span> <span class='ocrx_word' id='word_1_839' title='bbox 2638 4739 2710 4775; x_wconf 67' lang='grc'><strong>’⁵³</strong></span> <span class='ocrx_word' id='word_1_840' title='bbox 2767 4739 3129 4795; x_wconf 88' lang='lat' dir='ltr'><strong>stabilissime</strong></span> <span class='ocrx_word' id='word_1_841' title='bbox 3187 4745 3240 4795; x_wconf 89' lang='lat'><strong>2.</strong></span> <span class='ocrx_word' id='word_1_842' title='bbox 3319 4741 3392 4778; x_wconf 73' lang='grc'><strong>³⁵⁸</strong></span> <span class='ocrx_word' id='word_1_843' title='bbox 3449 4743 3622 4796; x_wconf 90' lang='lat' dir='ltr'><strong>fratre</strong></span> 
     </span>
    </p>
   </div>
   <div class='ocr_carea' id='block_1_115' title="bbox 3169 4813 3624 4891">
    <p class='ocr_par' dir='ltr' id='par_1_115' title="bbox 3169 4813 3624 4891">
     <span class='ocr_line' id='line_1_115' title="bbox 3169 4813 3624 4891; baseline -0.002 -25"><span class='ocrx_word' id='word_1_844' title='bbox 3169 4829 3182 4891; x_wconf 70' lang='grc' dir='ltr'>ξ</span> <span class='ocrx_word' id='word_1_845' title='bbox 3227 4814 3303 4866; x_wconf 89' lang='lat' dir='ltr'><strong>De</strong></span> <span class='ocrx_word' id='word_1_846' title='bbox 3374 4813 3624 4891; x_wconf 78' lang='lat' dir='ltr'><strong>quadam</strong></span> 
     </span>
    </p>
   </div>
   <div class='ocr_carea' id='block_1_116' title="bbox 3107 4881 3621 4952">
    <p class='ocr_par' dir='ltr' id='par_1_116' title="bbox 3107 4881 3621 4952">
     <span class='ocr_line' id='line_1_116' title="bbox 3107 4881 3621 4952; baseline 0 -17"><span class='ocrx_word' id='word_1_847' title='bbox 3107 4881 3180 4918; x_wconf 77' lang='grc'><strong>²⁵⁸</strong></span> <span class='ocrx_word' id='word_1_848' title='bbox 3251 4881 3519 4952; x_wconf 87' lang='lat' dir='ltr'><strong>operibus</strong></span> <span class='ocrx_word' id='word_1_849' title='bbox 3569 4886 3621 4936; x_wconf 91' lang='lat'><strong>2.</strong></span> 
     </span>
    </p>
   </div>
   <div class='ocr_carea' id='block_1_117' title="bbox 2767 4740 3392 4795">
    <p class='ocr_par' dir='ltr' id='par_1_117' title="bbox 2767 4740 3392 4795">
     <span class='ocr_line' id='line_1_117' title="bbox 2767 4740 3392 4795; baseline 0.002 -1"><span class='ocrx_word' id='word_1_850' title='bbox 2767 4740 3129 4795; x_wconf 90' lang='lat' dir='ltr'><strong>stabilissime</strong></span> <span class='ocrx_word' id='word_1_851' title='bbox 3187 4745 3240 4795; x_wconf 88' lang='lat'><strong>2.</strong></span> <span class='ocrx_word' id='word_1_852' title='bbox 3319 4741 3392 4778; x_wconf 74' lang='grc'><strong>³⁵⁸</strong></span> 
     </span>
    </p>
   </div>
   <div class='ocr_carea' id='block_1_118' title="bbox 2760 4880 3030 4936">
    <p class='ocr_par' dir='ltr' id='par_1_118' title="bbox 2760 4880 3030 4936">
     <span class='ocr_line' id='line_1_118' title="bbox 2760 4880 3030 4936; baseline 0 -2"><span class='ocrx_word' id='word_1_853' title='bbox 2760 4880 2828 4918; x_wconf 80' lang='grc'><strong>²⁵⁷</strong></span> <span class='ocrx_word' id='word_1_854' title='bbox 2876 4888 2931 4936; x_wconf 88' lang='lat' dir='ltr'><strong>et</strong></span> <span class='ocrx_word' id='word_1_855' title='bbox 2977 4884 3030 4935; x_wconf 90' lang='lat'><strong>2.</strong></span> 
     </span>
    </p>
   </div>
   <div class='ocr_carea' id='block_1_119' title="bbox 747 4953 3626 5023">
    <p class='ocr_par' dir='ltr' id='par_1_119' title="bbox 747 4953 3626 5023">
     <span class='ocr_line' id='line_1_119' title="bbox 747 4953 3626 5023; baseline 0 -17"><span class='ocrx_word' id='word_1_856' title='bbox 747 4953 822 4988; x_wconf 74' lang='grc'><strong>²⁶⁰</strong></span> <span class='ocrx_word' id='word_1_857' title='bbox 866 4964 921 5006; x_wconf 92' lang='lat' dir='ltr'><strong>et</strong></span> <span class='ocrx_word' id='word_1_858' title='bbox 953 4959 1147 5006; x_wconf 90' lang='lat' dir='ltr'><strong>tamen</strong></span> <span class='ocrx_word' id='word_1_859' title='bbox 1204 4953 1363 5021; x_wconf 84' lang='lat' dir='ltr'><strong>virgo</strong></span> <span class='ocrx_word' id='word_1_860' title='bbox 1402 4969 1514 5006; x_wconf 91' lang='lat' dir='ltr'><strong>non</strong></span> <span class='ocrx_word' id='word_1_861' title='bbox 1581 4953 2128 5023; x_wconf 85' lang='lat' dir='ltr'><strong>cessabat_assidue</strong></span> <span class='ocrx_word' id='word_1_862' title='bbox 2178 4954 2436 5023; x_wconf 90' lang='lat' dir='ltr'><strong>rogando</strong></span> <span class='ocrx_word' id='word_1_863' title='bbox 2485 4970 2639 5018; x_wconf 90' lang='lat' dir='ltr'><strong>eum,</strong></span> <span class='ocrx_word' id='word_1_864' title='bbox 2673 4957 2737 5007; x_wconf 91' lang='lat' dir='ltr'><strong>ut</strong></span> <span class='ocrx_word' id='word_1_865' title='bbox 2789 4968 2914 5006; x_wconf 92' lang='lat' dir='ltr'><strong>eam</strong></span> <span class='ocrx_word' id='word_1_866' title='bbox 2965 4969 2998 5006; x_wconf 89' lang='lat' dir='ltr'><strong>a</strong></span> <span class='ocrx_word' id='word_1_867' title='bbox 3039 4954 3386 5023; x_wconf 79' lang='lat' dir='ltr'><strong>secularibus</strong></span> <span class='ocrx_word' id='word_1_868' title='bbox 3454 4953 3626 5007; x_wconf 90' lang='lat' dir='ltr'><strong>rebus</strong></span> 
     </span>
    </p>
   </div>
   <div class='ocr_carea' id='block_1_120' title="bbox 1837 5021 2390 5078">
    <p class='ocr_par' dir='ltr' id='par_1_120' title="bbox 1837 5021 2390 5078">
     <span class='ocr_line' id='line_1_120' title="bbox 1837 5021 2390 5078; baseline 0.004 -2"><span class='ocrx_word' id='word_1_869' title='bbox 1837 5021 1908 5057; x_wconf 79' lang='grc'><strong>²⁶¹</strong></span> <span class='ocrx_word' id='word_1_870' title='bbox 1960 5021 2285 5078; x_wconf 83' lang='lat' dir='ltr'><strong>clausuram</strong></span> <span class='ocrx_word' id='word_1_871' title='bbox 2337 5027 2390 5077; x_wconf 87' lang='lat'><strong>2.</strong></span> 
     </span>
    </p>
   </div>
   <div class='ocr_carea' id='block_1_121' title="bbox 532 5092 3203 5175">
    <p class='ocr_par' dir='ltr' id='par_1_121' title="bbox 532 5092 3203 5175">
     <span class='ocr_line' id='line_1_121' title="bbox 532 5092 3203 5175; baseline 0 -26"><span class='ocrx_word' id='word_1_872' title='bbox 532 5094 618 5175; x_wconf 47' lang='lat'><strong>’5“</strong></span> <span class='ocrx_word' id='word_1_873' title='bbox 647 5096 758 5175; x_wconf 36' lang='lat' dir='ltr'><strong>‘hic</strong></span> <span class='ocrx_word' id='word_1_874' title='bbox 775 5098 863 5175; x_wconf 79' lang='lat'><strong>__2.</strong></span> <span class='ocrx_word' id='word_1_875' title='bbox 942 5094 1014 5175; x_wconf 56' lang='grc' dir='ltr'><strong>²ξ⁵⁶</strong></span> <span class='ocrx_word' id='word_1_876' title='bbox 1052 5111 1181 5175; x_wconf 74' lang='lat' dir='ltr'><strong>cum</strong></span> <span class='ocrx_word' id='word_1_877' title='bbox 1239 5098 1348 5175; x_wconf 37' lang='lat'><strong>2;“</strong></span> <span class='ocrx_word' id='word_1_878' title='bbox 1372 5092 1445 5127; x_wconf 84' lang='grc'>²⁶⁷</span> <span class='ocrx_word' id='word_1_879' title='bbox 1470 5165 1482 5175; x_wconf 42' lang='grc'><em>.</em></span> <span class='ocrx_word' id='word_1_880' title='bbox 1505 5094 1962 5175; x_wconf 42' lang='grc' dir='ltr'><strong>τθερρθῃιεὶηξοιί</strong></span> <span class='ocrx_word' id='word_1_881' title='bbox 1986 5166 1995 5175; x_wconf 81' lang='lat'>_</span> <span class='ocrx_word' id='word_1_882' title='bbox 2021 5098 2116 5175; x_wconf 74' lang='lat'><strong>2._</strong></span> <span class='ocrx_word' id='word_1_883' title='bbox 2153 5093 2506 5175; x_wconf 49' lang='lat' dir='ltr'><strong>“smptiella</strong></span> <span class='ocrx_word' id='word_1_884' title='bbox 2535 5095 2572 5149; x_wconf 89' lang='lat' dir='ltr'><strong>f.</strong></span> <span class='ocrx_word' id='word_1_885' title='bbox 2609 5100 2812 5175; x_wconf 79' lang='lat' dir='ltr'><strong>__s_cuto</strong></span> <span class='ocrx_word' id='word_1_886' title='bbox 2839 5170 2847 5175; x_wconf 81' lang='lat'>_</span> <span class='ocrx_word' id='word_1_887' title='bbox 2890 5111 2945 5175; x_wconf 80' lang='lat' dir='ltr'><strong>g.</strong></span> <span class='ocrx_word' id='word_1_888' title='bbox 3003 5097 3107 5175; x_wconf 44' lang='lat'><strong>2;“</strong></span> <span class='ocrx_word' id='word_1_889' title='bbox 3130 5092 3203 5175; x_wconf 56' lang='grc' dir='ltr'><strong>²ξ⁹</strong></span> 
     </span>
    </p>
   </div>
   <div class='ocr_carea' id='block_1_122' title="bbox 1796 5161 2530 5234">
    <p class='ocr_par' dir='ltr' id='par_1_122' title="bbox 1796 5161 2530 5234">
     <span class='ocr_line' id='line_1_122' title="bbox 1796 5161 2530 5234; baseline 0.003 -18"><span class='ocrx_word' id='word_1_890' title='bbox 1796 5161 1870 5200; x_wconf 70' lang='grc'><strong>³⁷³</strong></span> <span class='ocrx_word' id='word_1_891' title='bbox 1901 5166 2036 5234; x_wconf 90' lang='lat' dir='ltr'><strong>quia</strong></span> <span class='ocrx_word' id='word_1_892' title='bbox 2085 5168 2138 5218; x_wconf 88' lang='lat'><strong>2.</strong></span> <span class='ocrx_word' id='word_1_893' title='bbox 2215 5161 2350 5218; x_wconf 64' lang='grc' dir='ltr'><strong>’πει</strong></span> <span class='ocrx_word' id='word_1_894' title='bbox 2377 5182 2419 5218; x_wconf 85' lang='lat' dir='ltr'><strong>s.</strong></span> <span class='ocrx_word' id='word_1_895' title='bbox 2478 5168 2530 5218; x_wconf 89' lang='lat'><strong>2.</strong></span> 
     </span>
    </p>
   </div>
   <div class='ocr_carea' id='block_1_123' title="bbox 2469 5022 3622 5079">
    <p class='ocr_par' dir='ltr' id='par_1_123' title="bbox 2469 5022 3622 5079">
     <span class='ocr_line' id='line_1_123' title="bbox 2469 5022 3622 5079; baseline 0.001 -1"><span class='ocrx_word' id='word_1_896' title='bbox 2469 5023 2542 5058; x_wconf 82' lang='grc'>²⁶²</span> <span class='ocrx_word' id='word_1_897' title='bbox 2592 5024 2648 5078; x_wconf 90' lang='lat' dir='ltr'><strong>d.</strong></span> <span class='ocrx_word' id='word_1_898' title='bbox 2739 5024 2934 5077; x_wconf 90' lang='lat' dir='ltr'><strong>statuit</strong></span> <span class='ocrx_word' id='word_1_899' title='bbox 3020 5040 3067 5077; x_wconf 93' lang='lat' dir='ltr'><strong>c.</strong></span> <span class='ocrx_word' id='word_1_900' title='bbox 3127 5026 3181 5077; x_wconf 90' lang='lat'><strong>2.</strong></span> <span class='ocrx_word' id='word_1_901' title='bbox 3255 5022 3328 5060; x_wconf 70' lang='grc'><strong>³⁸³</strong></span> <span class='ocrx_word' id='word_1_902' title='bbox 3388 5023 3532 5078; x_wconf 83' lang='lat' dir='ltr'><strong>deest</strong></span> <span class='ocrx_word' id='word_1_903' title='bbox 3569 5029 3622 5079; x_wconf 89' lang='lat'><strong>2.</strong></span> 
     </span>
    </p>
   </div>
   <div class='ocr_carea' id='block_1_124' title="bbox 3269 5109 3624 5166">
    <p class='ocr_par' dir='ltr' id='par_1_124' title="bbox 3269 5109 3624 5166">
     <span class='ocr_line' id='line_1_124' title="bbox 3269 5109 3624 5166; baseline 0.011 -20"><span class='ocrx_word' id='word_1_904' title='bbox 3269 5109 3527 5165; x_wconf 83' lang='lat' dir='ltr'><strong>pugnare</strong></span> <span class='ocrx_word' id='word_1_905' title='bbox 3565 5112 3624 5166; x_wconf 91' lang='lat' dir='ltr'><strong>p.</strong></span> 
     </span>
    </p>
   </div>
   <div class='ocr_carea' id='block_1_125' title="bbox 3036 5163 3624 5246">
    <p class='ocr_par' dir='ltr' id='par_1_125' title="bbox 3036 5163 3624 5246">
     <span class='ocr_line' id='line_1_125' title="bbox 3036 5163 3624 5246; baseline 0.002 -27"><span class='ocrx_word' id='word_1_906' title='bbox 3036 5163 3107 5246; x_wconf 56' lang='grc'><strong>³7⁸</strong></span> <span class='ocrx_word' id='word_1_907' title='bbox 3145 5165 3223 5246; x_wconf 76' lang='lat' dir='ltr'><strong>ibi</strong></span> <span class='ocrx_word' id='word_1_908' title='bbox 3269 5163 3515 5246; x_wconf 69' lang='lat' dir='ltr'><strong>quoque</strong></span> 
     </span>
    </p>
   </div>
   <div class='ocr_carea' id='block_1_126' title="bbox 2739 5024 3181 5077">
    <p class='ocr_par' dir='ltr' id='par_1_126' title="bbox 2739 5024 3181 5077">
     <span class='ocr_line' id='line_1_126' title="bbox 2739 5024 3181 5077; baseline 0.002 -1"><span class='ocrx_word' id='word_1_909' title='bbox 2739 5024 2934 5077; x_wconf 90' lang='lat' dir='ltr'><strong>statuit</strong></span> <span class='ocrx_word' id='word_1_910' title='bbox 3020 5040 3067 5077; x_wconf 93' lang='lat' dir='ltr'><strong>c.</strong></span> <span class='ocrx_word' id='word_1_911' title='bbox 3127 5026 3181 5077; x_wconf 91' lang='lat'><strong>2.</strong></span> 
     </span>
    </p>
   </div>
   <div class='ocr_carea' id='block_1_127' title="bbox 2609 5163 2957 5220">
    <p class='ocr_par' dir='ltr' id='par_1_127' title="bbox 2609 5163 2957 5220">
     <span class='ocr_line' id='line_1_127' title="bbox 2609 5163 2957 5220; baseline 0.006 -2"><span class='ocrx_word' id='word_1_912' title='bbox 2609 5163 2681 5200; x_wconf 85' lang='grc'>²⁷⁸</span> <span class='ocrx_word' id='word_1_913' title='bbox 2733 5170 2855 5219; x_wconf 89' lang='lat' dir='ltr'><strong>erat</strong></span> <span class='ocrx_word' id='word_1_914' title='bbox 2900 5163 2957 5220; x_wconf 80' lang='lat'><strong>2.</strong></span> 
     </span>
    </p>
   </div>
   <div class='ocr_carea' id='block_1_128' title="bbox 1297 5232 3630 5305">
    <p class='ocr_par' dir='ltr' id='par_1_128' title="bbox 1297 5232 3630 5305">
     <span class='ocr_line' id='line_1_128' title="bbox 1297 5232 3630 5305; baseline 0.001 -17"><span class='ocrx_word' id='word_1_915' title='bbox 1297 5232 1369 5270; x_wconf 69' lang='lat'><strong>’79</strong></span> <span class='ocrx_word' id='word_1_916' title='bbox 1394 5236 1598 5289; x_wconf 87' lang='lat' dir='ltr'><strong>admir.</strong></span> <span class='ocrx_word' id='word_1_917' title='bbox 1650 5239 1703 5288; x_wconf 90' lang='lat'><strong>2.</strong></span> <span class='ocrx_word' id='word_1_918' title='bbox 1762 5238 1858 5303; x_wconf 83' lang='lat' dir='ltr'><strong>qui</strong></span> <span class='ocrx_word' id='word_1_919' title='bbox 1886 5232 2017 5291; x_wconf 67' lang='lat' dir='ltr'><strong>add.</strong></span> <span class='ocrx_word' id='word_1_920' title='bbox 2074 5235 2297 5289; x_wconf 85' lang='lat' dir='ltr'><strong>rubram</strong></span> <span class='ocrx_word' id='word_1_921' title='bbox 2334 5253 2376 5305; x_wconf 64' lang='grc' dir='ltr'><strong>εΔ</strong></span> <span class='ocrx_word' id='word_1_922' title='bbox 2411 5237 2486 5289; x_wconf 91' lang='lat' dir='ltr'><strong>De</strong></span> <span class='ocrx_word' id='word_1_923' title='bbox 2546 5236 2899 5289; x_wconf 90' lang='lat' dir='ltr'><strong>dedicatione</strong></span> <span class='ocrx_word' id='word_1_924' title='bbox 2959 5236 3191 5305; x_wconf 77' lang='lat' dir='ltr'><strong>majoris</strong></span> <span class='ocrx_word' id='word_1_925' title='bbox 3265 5232 3516 5290; x_wconf 76' lang='lat' dir='ltr'><strong>ecclesia</strong></span> <span class='ocrx_word' id='word_1_926' title='bbox 3567 5237 3630 5290; x_wconf 92' lang='lat' dir='ltr'><strong>in</strong></span> 
     </span>
    </p>
   </div>
   <div class='ocr_carea' id='block_1_129' title="bbox 2309 5303 3626 5377">
    <p class='ocr_par' dir='ltr' id='par_1_129' title="bbox 2309 5303 3626 5377">
     <span class='ocr_line' id='line_1_129' title="bbox 2309 5303 3626 5377; baseline 0.003 -18"><span class='ocrx_word' id='word_1_927' title='bbox 2309 5303 2384 5339; x_wconf 74' lang='grc'><strong>²⁹³⁰</strong></span> <span class='ocrx_word' id='word_1_928' title='bbox 2404 5306 2567 5360; x_wconf 83' lang='lat' dir='ltr'><strong>deest.</strong></span> <span class='ocrx_word' id='word_1_929' title='bbox 2591 5310 2646 5360; x_wconf 92' lang='lat'><strong>2.</strong></span> <span class='ocrx_word' id='word_1_930' title='bbox 2724 5305 2792 5343; x_wconf 69' lang='grc' dir='ltr'><strong>ἐι</strong></span> <span class='ocrx_word' id='word_1_931' title='bbox 2845 5307 2905 5359; x_wconf 91' lang='lat' dir='ltr'><strong>in</strong></span> <span class='ocrx_word' id='word_1_932' title='bbox 2931 5324 2997 5359; x_wconf 86' lang='lat' dir='ltr'><strong>w.</strong></span> <span class='ocrx_word' id='word_1_933' title='bbox 3033 5303 3087 5361; x_wconf 87' lang='lat'><strong>2.</strong></span> <span class='ocrx_word' id='word_1_934' title='bbox 3164 5305 3237 5340; x_wconf 79' lang='grc'><strong>²⁸²</strong></span> <span class='ocrx_word' id='word_1_935' title='bbox 3266 5307 3532 5377; x_wconf 88' lang='lat' dir='ltr'><strong>precibus</strong></span> <span class='ocrx_word' id='word_1_936' title='bbox 3572 5311 3626 5363; x_wconf 92' lang='lat'><strong>2.</strong></span> 
     </span>
    </p>
   </div>
   <div class='ocr_carea' id='block_1_130' title="bbox 633 5376 3630 5449">
    <p class='ocr_par' dir='ltr' id='par_1_130' title="bbox 633 5376 3630 5449">
     <span class='ocr_line' id='line_1_130' title="bbox 633 5376 3630 5449; baseline 0 -17"><span class='ocrx_word' id='word_1_937' title='bbox 633 5378 706 5415; x_wconf 67' lang='grc'><strong>³⁸⁸</strong></span> <span class='ocrx_word' id='word_1_938' title='bbox 733 5376 912 5432; x_wconf 84' lang='lat' dir='ltr'><strong>altera</strong></span> <span class='ocrx_word' id='word_1_939' title='bbox 936 5379 1025 5433; x_wconf 90' lang='lat' dir='ltr'><strong>die</strong></span> <span class='ocrx_word' id='word_1_940' title='bbox 1076 5377 1409 5449; x_wconf 70' lang='lat' dir='ltr'><strong>Philippiet</strong></span> <span class='ocrx_word' id='word_1_941' title='bbox 1432 5376 1627 5449; x_wconf 84' lang='lat' dir='ltr'><strong>Jacobi</strong></span> <span class='ocrx_word' id='word_1_942' title='bbox 1678 5377 1811 5449; x_wconf 73' lang='lat' dir='ltr'><strong>add.</strong></span> <span class='ocrx_word' id='word_1_943' title='bbox 1845 5379 1896 5432; x_wconf 81' lang='lat'><strong>&#39;2.</strong></span> <span class='ocrx_word' id='word_1_944' title='bbox 1961 5379 2056 5445; x_wconf 83' lang='lat' dir='ltr'><strong>qui</strong></span> <span class='ocrx_word' id='word_1_945' title='bbox 2080 5378 2244 5449; x_wconf 55' lang='lat' dir='ltr'><strong>etiam</strong></span> <span class='ocrx_word' id='word_1_946' title='bbox 2281 5377 2509 5449; x_wconf 68' lang='lat' dir='ltr'><strong>rubrum</strong></span> <span class='ocrx_word' id='word_1_947' title='bbox 2559 5377 2764 5431; x_wconf 83' lang='lat' dir='ltr'><strong>habet:</strong></span> <span class='ocrx_word' id='word_1_948' title='bbox 2818 5377 3131 5449; x_wconf 89' lang='lat' dir='ltr'><strong>Quomodo_</strong></span> <span class='ocrx_word' id='word_1_949' title='bbox 3150 5376 3282 5447; x_wconf 80' lang='lat' dir='ltr'><strong>post</strong></span> <span class='ocrx_word' id='word_1_950' title='bbox 3325 5377 3630 5432; x_wconf 90' lang='lat' dir='ltr'><strong>biennium</strong></span> 
     </span>
    </p>
   </div>
   <div class='ocr_carea' id='block_1_131' title="bbox 1333 5444 2672 5502">
    <p class='ocr_par' dir='ltr' id='par_1_131' title="bbox 1333 5444 2672 5502">
     <span class='ocr_line' id='line_1_131' title="bbox 1333 5444 2672 5502; baseline 0.01 -3"><span class='ocrx_word' id='word_1_951' title='bbox 1333 5444 1407 5481; x_wconf 72' lang='grc'><strong>³⁸⁵</strong></span> <span class='ocrx_word' id='word_1_952' title='bbox 1454 5447 1659 5501; x_wconf 90' lang='lat' dir='ltr'><strong>accidit</strong></span> <span class='ocrx_word' id='word_1_953' title='bbox 1681 5447 1740 5500; x_wconf 93' lang='lat' dir='ltr'><strong>in</strong></span> <span class='ocrx_word' id='word_1_954' title='bbox 1772 5464 1821 5500; x_wconf 93' lang='lat' dir='ltr'><strong>e.</strong></span> <span class='ocrx_word' id='word_1_955' title='bbox 1854 5444 2009 5502; x_wconf 87' lang='lat' dir='ltr'><strong>m.2.</strong></span> <span class='ocrx_word' id='word_1_956' title='bbox 2086 5445 2159 5480; x_wconf 69' lang='grc'><strong>³⁸6</strong></span> <span class='ocrx_word' id='word_1_957' title='bbox 2191 5447 2326 5500; x_wconf 66' lang='lat' dir='ltr'><strong>satis</strong></span> <span class='ocrx_word' id='word_1_958' title='bbox 2355 5462 2402 5500; x_wconf 78' lang='lat' dir='ltr'><strong>c-</strong></span> <span class='ocrx_word' id='word_1_959' title='bbox 2457 5451 2541 5501; x_wconf 73' lang='lat' dir='ltr'><strong>est</strong></span> <span class='ocrx_word' id='word_1_960' title='bbox 2615 5451 2672 5501; x_wconf 62' lang='grc' dir='ltr'><strong>ει</strong></span> 
     </span>
    </p>
   </div>
   <div class='ocr_carea' id='block_1_132' title="bbox 1631 5517 2678 5590">
    <p class='ocr_par' dir='ltr' id='par_1_132' title="bbox 1631 5517 2678 5590">
     <span class='ocr_line' id='line_1_132' title="bbox 1631 5517 2678 5590; baseline 0 -19"><span class='ocrx_word' id='word_1_961' title='bbox 1631 5517 1700 5552; x_wconf 77' lang='grc'><strong>²⁹¹</strong></span> <span class='ocrx_word' id='word_1_962' title='bbox 1731 5534 1980 5589; x_wconf 86' lang='lat' dir='ltr'><strong>namque</strong></span> <span class='ocrx_word' id='word_1_963' title='bbox 2014 5549 2080 5557; x_wconf 90' lang='lat'><strong>—-</strong></span> <span class='ocrx_word' id='word_1_964' title='bbox 2107 5518 2342 5590; x_wconf 84' lang='lat' dir='ltr'><strong>corripit</strong></span> <span class='ocrx_word' id='word_1_965' title='bbox 2381 5517 2590 5572; x_wconf 79' lang='lat' dir='ltr'><strong>desunt.</strong></span> <span class='ocrx_word' id='word_1_966' title='bbox 2625 5521 2678 5571; x_wconf 86' lang='lat'><strong>2.</strong></span> 
     </span>
    </p>
   </div>
   <div class='ocr_carea' id='block_1_133' title="bbox 2719 5446 3630 5517">
    <p class='ocr_par' dir='ltr' id='par_1_133' title="bbox 2719 5446 3630 5517">
     <span class='ocr_line' id='line_1_133' title="bbox 2719 5446 3630 5517; baseline 0.004 -17"><span class='ocrx_word' id='word_1_967' title='bbox 2719 5464 2897 5517; x_wconf 9' lang='lat' dir='ltr'><strong>q.77m.</strong></span> <span class='ocrx_word' id='word_1_968' title='bbox 2955 5449 3005 5502; x_wconf 89' lang='lat'><strong>2.</strong></span> <span class='ocrx_word' id='word_1_969' title='bbox 3086 5446 3169 5484; x_wconf 69' lang='grc' dir='ltr'><strong>ἐτ</strong></span> <span class='ocrx_word' id='word_1_970' title='bbox 3213 5449 3524 5504; x_wconf 87' lang='lat' dir='ltr'><strong>consiliarii</strong></span> <span class='ocrx_word' id='word_1_971' title='bbox 3576 5452 3630 5504; x_wconf 89' lang='lat'><strong>2.</strong></span> 
     </span>
    </p>
   </div>
   <div class='ocr_carea' id='block_1_134' title="bbox 2757 5516 3132 5573">
    <p class='ocr_par' dir='ltr' id='par_1_134' title="bbox 2757 5516 3132 5573">
     <span class='ocr_line' id='line_1_134' title="bbox 2757 5516 3132 5573; baseline 0.011 -4"><span class='ocrx_word' id='word_1_972' title='bbox 2757 5516 2829 5552; x_wconf 79' lang='grc'><strong>²⁹²</strong></span> <span class='ocrx_word' id='word_1_973' title='bbox 2883 5519 3047 5573; x_wconf 73' lang='lat' dir='ltr'><strong>deest.</strong></span> <span class='ocrx_word' id='word_1_974' title='bbox 3081 5521 3132 5573; x_wconf 91' lang='lat'><strong>2.</strong></span> 
     </span>
    </p>
   </div>
   <div class='ocr_carea' id='block_1_135' title="bbox 3246 5635 3359 5690">
    <p class='ocr_par' dir='ltr' id='par_1_135' title="bbox 3246 5635 3359 5690">
     <span class='ocr_line' id='line_1_135' title="bbox 3246 5635 3359 5690; baseline -0.009 0"><span class='ocrx_word' id='word_1_975' title='bbox 3246 5635 3359 5690; x_wconf 86' lang='grc'><strong>17-</strong></span> 
     </span>
    </p>
   </div>
  </div>
