3960 6192
433 273 536 327 523

1444 275 1917 332 BURCHARDUS
1955 273 2489 333 WORMACIENSIS
2527 277 2921 334 EPISCOPUS.
3761 295 3842 346 5-2:,

437 400 670 470 Deoque
723 399 1088 470 acceptabile.
1153 400 1300 454 Deus
1356 401 1534 466 enim,
1584 401 1730 455 sicut
1777 403 1840 455 tu
1911 400 2128 471 optime
2166 401 2213 454 A
2244 400 2442 471 quenti
2471 416 2605 455 vero
2637 405 2801 456 nocte
2832 400 2892 455 in
2930 401 3073 455 hora
3098 400 3173 436 ⁵¹²
3214 403 3478 459 matutina
3499 405 3626 462 facta
3656 415 3730 464 est
3752 411 3846 468 haec

402 512 406 520 ·
437 488 620 542 nostri
662 487 816 542 inter
844 489 982 542 alias
1021 489 1306 559 dogmatis
1337 490 1424 543 sui
1457 489 1770 543 sententias
1805 488 2134 543 istiusmodi

438 575 670 630 dederat
721 577 871 630 dicta
917 578 1372 632 consolationis:
1422 597 1449 628 α
1510 577 1572 630 In
1625 577 1902 648 patientia
1948 582 2134 631 vestra

442 684 469 714 α
497 663 864 735 possidebitis
884 664 1105 718 animas
1128 671 1340 718 vestras
1362 665 1512 730 (Luc.
1533 681 1648 731 XXI,
1674 667 1782 734 19).
1819 685 1841 713 1
1865 665 2130 730 Attende,

441 754 630 819 Pater,
685 752 825 816 hmo,
887 753 1114 806 attende
1165 759 1220 806 et
1251 754 1460 806 molem
1523 769 1794 807 curarum
1823 758 2129 823 postpone,

438 839 844 908 tristitiamque
898 839 1249 907 obliviscere,
1311 839 1448 909 quia
1479 841 1644 909 juxta
1710 839 1939 894 Domini
1998 856 2129 911 pro-

439 927 680 981 missum
716 932 812 980 tua
853 927 1086 980 tristitia
1129 933 1495 982 convertetur
1533 924 1604 961 ²⁹³
1645 927 1706 981 in
1743 925 2040 997 gaudium.
2100 943 2128 975 »

437 1019 509 1070 At
531 1013 604 1052 ²⁹⁶
633 1016 718 1069 vir
749 1016 868 1081 Dei,
901 1016 1064 1086 quasi
1090 1017 1158 1070 de
1190 1016 1421 1070 tristitia
1445 1018 1743 1082 excitatus,
1776 1014 1946 1070 hilari
1969 1013 2132 1068 vultu

436 1105 733 1173 respondit
783 1101 894 1158 ’95:
959 1127 978 1151 α
1023 1105 1219 1158 Grates
1277 1120 1514 1173 magnas
1569 1109 1625 1157 et
1681 1105 1892 1174 gratias
1943 1102 2131 1156 multi-

436 1189 636 1241 modas
666 1187 827 1241 vobis
873 1189 1128 1258 rependo
1156 1205 1259 1258 pro
1297 1194 1454 1241 tanta
1484 1189 1870 1242 consolatione
1911 1187 2128 1257 talique

437 1275 856 1330 admonitione.
908 1276 1065 1330 Sicut
1095 1277 1248 1330 enim
1295 1277 1539 1330 Domino
1581 1275 1813 1347 placuit,
1854 1276 1934 1329 ita
1971 1275 2124 1329 fecit.

435 1366 497 1419 In
531 1365 643 1419 hoc
673 1362 746 1398 ’9⁸
776 1365 990 1436 quippe
1024 1365 1266 1434 gaudeo,
1308 1371 1372 1418 ut
1408 1365 1560 1435 quod
1606 1364 1714 1418 sibi
1745 1380 1857 1418 non
1887 1364 2123 1434 placuit,

433 1454 578 1508 sicut
617 1455 962 1524 rogavimus,
995 1453 1174 1507 voluit
1203 1453 1262 1506 in
1299 1455 1502 1506 melius
1529 1453 1758 1506 mutari.
1793 1453 1900 1507 Sed
1930 1453 2123 1506 audite

431 1558 604 1606 nunc,
666 1559 823 1610 rogo,
887 1548 943 1595 et
993 1543 1284 1612 quomodo
1330 1542 1451 1595 haec
1501 1541 1904 1612 praediscebam
1964 1541 2124 1596 vobis

429 1631 555 1684 dico
583 1628 676 1683 "7.
711 1630 967 1694 Quadam
1021 1631 1111 1684 die
1143 1647 1271 1684 cum
1322 1630 1547 1684 duobus
1588 1630 1783 1700 pueris
1813 1629 1945 1682 solis
1991 1630 2122 1684 hor-

429 1722 550 1772 tum
577 1735 768 1772 meum
800 1717 875 1752 ³9⁸
934 1719 1211 1788 majorem
1242 1719 1548 1788 ingressus,
1594 1718 1652 1770 in
1685 1717 1810 1787 ipso
1838 1717 2118 1772 vestibulo

429 1807 541 1861 vidi
572 1807 868 1862 diabolum
907 1808 964 1860 in
1005 1807 1206 1860 vestitu
1262 1813 1318 1859 et
1348 1807 1547 1861 habitu
1595 1807 1870 1860 humano.
1927 1807 2122 1861 Stabat

426 1897 581 1950 enim
613 1902 810 1950 contra
838 1896 1192 1967 aquilonem,
1238 1894 1446 1948 herbas
1490 1895 1838 1966 arboresque
1868 1895 2119 1950 fructife-

427 2001 515 2038 ras
571 1985 882 2054 extirpans,
931 1990 988 2037 et
1039 1984 1117 2037 ita
1163 1984 1310 2037 facta
1353 1989 1721 2054 congestione
1751 2000 1882 2037 cum
1935 1987 2116 2038 multo

422 2089 720 2127 murmure
751 2073 900 2126 viam
928 2073 1219 2126 conclusit.
1249 2072 1449 2138 Quem,
1482 2071 1616 2142 quia
1649 2072 1707 2125 in
1738 2071 2117 2127 similitudine

423 2167 482 2215 et
510 2161 762 2232 imagine
792 2161 1084 2216 hortulani
1118 2163 1418 2216 incedebat
1450 2161 1544 2229 ’99,
1587 2178 1764 2234 quare
1797 2162 1943 2215 viam
1975 2178 2114 2216 con-

421 2249 700 2316 clusisset,
773 2265 904 2302 cum
962 2249 1142 2302 iratus
1198 2251 1668 2320 interrogassem,
1752 2249 2050 2319 respondit
2096 2265 2109 2302 :

424 2337 718 2391 «Utinam
773 2337 904 2390 vitae
979 2343 1208 2392 aeternae
1278 2338 1380 2392 tibi
1463 2354 1689 2409 possem
1750 2338 2110 2401 concludere,

420 2445 446 2475 α
490 2425 588 2496 qui
616 2441 850 2495 possum
883 2425 1160 2496 majus'00
1184 2427 1615 2481 incommodum
1654 2426 1814 2481 brevi
1855 2432 2111 2496 tempore

420 2535 447 2561 ‹‹
488 2513 592 2567 tibi
643 2515 989 2583 congerere!
1049 2536 1068 2562 ι
1099 2516 1212 2584 Ego
1243 2519 1434 2567 autem
1487 2514 1778 2568 admirans
1828 2512 1897 2548 ⁸⁰¹
1950 2509 2113 2568 εὐάει-

417 2602 562 2655 ciam
596 2603 739 2671 ejus,
772 2602 908 2672 quia
937 2601 1010 2637 ³⁰²
1037 2603 1308 2673 putabam
1326 2603 1618 2657 custodem
1641 2602 1818 2669 horti,
1841 2602 1958 2657 dixi
1989 2600 2062 2638 ⁵0³
2091 2619 2104 2657 :

415 2690 477 2744 In
549 2690 655 2743 hoc
720 2691 874 2761 quod
943 2688 1013 2726 ὀι
1087 2690 1372 2744 minitaris
1425 2689 1520 2760 ³0⁵,
1565 2691 1625 2744 in
1681 2690 1917 2745 nomine
2003 2691 2109 2744 Do-

413 2777 558 2831 mini
597 2777 738 2831 mihi
772 2792 890 2832 non
923 2779 1184 2846 nocebis;
1226 2778 1336 2832 nisi
1378 2794 1411 2832 a
1466 2779 1725 2850 nequitia
1777 2766 2104 2832 tua'cessa-

411 2865 579 2933 veris,
657 2871 1003 2937 perpetuum
1087 2867 1325 2922 exitium
1381 2867 1454 2902 ⁸⁰⁶
1517 2867 1622 2922 tibi
1681 2882 1954 2938 congeres
2011 2865 2102 2922 ³0⁷.

411 2953 510 3008 His
559 2953 745 3021 dictis,
822 2970 1005 3025 usque
1064 2955 1136 3009 ad
1191 2956 1418 3023 sedem,
1481 2971 1611 3026 quae
1674 2954 1734 3008 in
1795 2955 1960 3009 horto
2001 2959 2104 3022 est,
2139 2957 2180 3012 Ο

410 3042 667 3111 perveni,
747 3046 805 3096 et
882 3042 1346 3113 circumspiciens
1413 3044 1575 3097 illum
1626 3059 1742 3098 non
1796 3043 1932 3097 vidi.
1989 3042 2102 3113 Igi-

409 3135 525 3195 tur,
559 3131 714 3201 quod
765 3135 882 3184 tam
912 3131 1101 3185 subito
1143 3148 1427 3202 nusquam
1455 3130 1530 3166 δ⁰⁸
1577 3131 1920 3203 comparuit,
1954 3132 2102 3186 mul-

409 3223 532 3271 tum
574 3219 833 3285 miratus,
863 3235 1094 3288 pueros,
1126 3219 1173 3273 si
1204 3220 1369 3273 illum
1417 3219 1715 3281 vidissent,
1776 3219 2102 3290 interroga-

406 3305 562 3359 bam.
603 3306 712 3370 Qui
739 3308 930 3372 ambo,
960 3307 1250 3362 neminem
1292 3307 1401 3360 nisi
1442 3323 1533 3361 me
1563 3307 1748 3361 solum
1779 3307 1858 3360 ibi
1894 3309 2102 3362 vidisse

404 3395 697 3461 dicebant;
732 3395 828 3449 sed
868 3396 1157 3466 quendam
1193 3411 1418 3450 mecum
1449 3395 1888 3450 contendentem
1922 3412 1981 3450 se
2000 3412 2101 3450 au-

406 3483 554 3537 disse
604 3483 1044 3538 conﬁrmabant.
1087 3485 1246 3538 Tunc
1284 3500 1390 3555 ego
1425 3500 1438 3538 :
1484 3506 1506 3533 ι
1540 3484 1688 3550 Scio,
1739 3483 1975 3556 inquam
2007 3481 2101 3551 ⁵09,

407 3591 436 3622 α
471 3573 608 3638 filii;
641 3573 770 3644 quis
791 3579 896 3639 est,
925 3573 1060 3627 scio.
1093 3573 1202 3628 Sed
1228 3574 1413 3627 minas
1443 3575 1567 3644 ejus
1595 3589 1710 3628 non
1745 3573 1979 3638 timebo,
2009 3589 2102 3629 ne-

404 3679 432 3711 α
473 3677 584 3732 que
604 3661 661 3715 in
695 3662 818 3732 ejus
842 3661 1011 3716 verba
1041 3662 1303 3732 sperabo,
1336 3662 1472 3734 quia
1487 3660 1558 3696 ³¹⁰
1582 3661 1788 3715 veritas
1815 3662 1872 3715 in
1894 3678 1961 3715 eo
1985 3678 2099 3715 non

402 3753 507 3816 est,
540 3753 606 3802 ut
639 3750 916 3804 Dominus
973 3750 1053 3804 ait
1081 3748 1148 3784 5“
1190 3752 1378 3816 (Joun.
1430 3766 1548 3815 vui,
1577 3751 1692 3814 44).
1736 3770 1764 3800 ι)
1816 3751 1879 3804 Et
1907 3750 2098 3804 statim

399 3837 536 3891 inde
564 3839 855 3902 recedens,
887 3838 1035 3892 hunc
1067 3853 1296 3892 versum
1336 3841 1526 3892 mente
1565 3837 1792 3909 percepi
1829 3855 1841 3892 :
1878 3857 1905 3888 ι(
1947 3837 2098 3902 Quo-

400 3944 428 3975 α
470 3926 626 3980 niam
657 3942 763 3996 ego
795 3926 856 3979 in
884 3927 1112 3997 ﬂagella
1145 3933 1377 3997 paratus
1400 3943 1547 3993 sum,
1581 3932 1638 3980 et
1657 3927 1819 3980 dolor
1850 3942 2011 3980 meus
2041 3926 2101 3979 in

397 4032 425 4064 α
467 4020 775 4084 conspectu
818 4030 946 4068 meo
989 4030 1216 4083 semper
1243 4019 1327 4067 est
1354 4015 1524 4078 (Psal.
1558 4030 1762 4080 xxxvu,
1800 4016 1900 4083 18).
1950 4035 1978 4063 ››
2006 4014 2100 4070 Se-

2247 488 2588 544 miserabilis
2608 490 2810 561 templi
2841 489 3010 544 ruina
3038 491 3129 542 ³¹⁸.
3156 491 3269 561 Ego
3291 507 3508 564 quoque
3549 492 3616 529 ⁸η
3635 498 3843 567 audiens,

2244 583 2437 632 mente
2459 582 2854 631 consternatus
2875 594 3021 645 sum,
3056 582 3113 632 et
3150 578 3304 632 illam
3338 579 3654 646 Davidicam,
3683 586 3842 653 fateor,

2243 680 2360 718 non
2403 665 2525 719 sine
2564 665 2813 720 lacrimis
2867 666 3109 736 repetivi
3146 663 3223 699 ³³⁵
3275 669 3550 738 querelam
3599 687 3611 724 :
3656 691 3678 718 α
3708 674 3759 726 Et
3782 675 3848 728 fui

2246 774 2274 801 «
2313 753 2634 825 ﬂagellatus
2655 760 2775 808 tota
2794 761 2959 809 nocte
2987 752 3084 822 διδ,
3111 760 3170 809 et
3197 757 3480 825 castigatio
3509 774 3624 812 mea
3641 759 3691 814 in
3707 769 3848 816 matu-

2245 865 2274 892 ‹‹
2311 845 2447 898 tinis
2478 847 2646 912 (Psal.
2683 861 2852 911 Lxxu,
2885 846 2988 916 l-i).
3026 865 3054 898 »
3084 847 3232 916 Ergo
3254 845 3448 901 fratres
3475 849 3598 915 mei,
3626 851 3844 920 quoniam

2242 932 2520 986 Dominus
2575 934 2906 1004 castigando
2967 949 3060 987 me
3130 934 3404 1004 castigare
3484 935 3720 1006 dignatus
3763 945 3844 1004 est,

2239 1021 2482 1091 gaudeo,
2510 1027 2566 1076 et
2586 1023 2751 1092 juxta
2778 1027 3020 1076 vestram
3068 1023 3512 1077 adhortationem
3541 1025 3734 1095 patiens
3754 1044 3844 1092 ero,

2241 1115 2412 1180 atque
2442 1127 2747 1165 conversus
2777 1127 2882 1181 pro
2929 1111 3091 1165 factis
3120 1111 3396 1182 dictisque
3443 1113 3577 1166 meis
3618 1117 3846 1184 poeniten-

2237 1199 2376 1252 tiam
2430 1214 2598 1269 agam
2645 1196 2740 1266 δι”,
2798 1205 2856 1254 et
2913 1203 2968 1253 te
3028 1199 3208 1253 Deum
3265 1199 3521 1268 laudabo,
3571 1202 3719 1256 utin
3755 1220 3844 1257 om-

2237 1285 2408 1340 nibus
2442 1286 2860 1342 honoriﬁceris.
2905 1287 3004 1358 qui
3044 1287 3305 1341 irasceris
3338 1293 3393 1342 et
3415 1288 3674 1358 propitius
3697 1291 3783 1344 eris
3805 1297 3842 1345 et

2237 1375 2430 1428 omnia
2452 1381 2682 1446 peccata
2703 1376 3007 1430 hominum
3030 1373 3104 1410 ³η
3124 1376 3183 1429 in
3213 1376 3569 1431 tribulatione
3597 1377 3836 1432 dimittis.

2236 1464 2370 1517 Post
2423 1465 2543 1518 haec
2589 1481 2819 1535 quoque
2861 1464 3014 1534 ligna
3053 1470 3110 1518 et
3166 1465 3381 1535 lapides
3426 1469 3576 1519 extra
3625 1467 3838 1537 templum

2241 1557 2540 1622 exportare
2581 1554 2860 1623 prmcepit
2896 1551 2992 1619 3'9,
3032 1554 3339 1624 positoque
3390 1553 3744 1619 fundamento,
3772 1554 3837 1608 lir-

2233 1641 2404 1694 miter
2431 1641 2754 1706 aedificavit,
2785 1648 2842 1696 et
2890 1641 2947 1695 in
2979 1642 3201 1696 duobus
3232 1658 3379 1713 pene
3409 1643 3570 1696 annis
3598 1643 3660 1696 ad
3682 1649 3836 1697 statum

2232 1729 2540 1799 pristinum
2561 1730 2848 1800 perduxit.
2881 1731 3038 1784 Tunc
3065 1732 3254 1802 capita
3273 1731 3652 1784 columnarum
3674 1747 3835 1784 necnon

2231 1818 2542 1888 quadratos
2591 1819 2808 1889 lapides
2852 1819 2908 1872 in
2951 1819 3078 1890 giro
3123 1819 3456 1872 monasterii
3488 1819 3836 1889 circumpositas

2229 1905 2542 1973 deauravit,
2575 1911 2631 1960 et
2677 1922 2849 1961 omne
2887 1907 3166 1978 templum
3208 1907 3381 1960 variis
3424 1908 3740 1962 ornamentis
3763 1924 3834 1961 un-

2228 1993 2402 2066 dique
2439 1994 2746 2050 decoravit.
2831 2063 2844 2072 _

2301 2119 2385 2171 16.
2427 2115 2642 2170 Deinde
2671 2115 3042 2187 praebendam
3073 2115 3316 2170 fratrum
3354 2115 3423 2170 ad
3457 2115 3635 2169 sedem
3667 2113 3729 2148 ⁸²⁰
3759 2115 3832 2168 Deo

2223 2205 2620 2270 servientium,
2663 2221 2791 2276 quae
2846 2221 2912 2259 ex
2958 2204 3350 2258 vetustissima
3401 2204 3712 2275 antiquitate
3751 2203 3831 2272 jam

2220 2293 2508 2347 defecerat
2564 2294 2631 2328 ³²¹
2664 2309 2727 2347 ac
2770 2294 2841 2329 ³²²
2883 2292 3119 2346 omnino
3164 2308 3314 2364 pene
3360 2294 3606 2363 neglecta
3646 2295 3745 2344 erat
3769 2289 3830 2352 ⁸²³,

2222 2381 2644 2435 rationabiliter
2688 2387 3050 2435 revocaverat
3095 2381 3170 2418 ³³⁸
3216 2385 3277 2434 et
3305 2381 3365 2434 in
3420 2380 3680 2450 optimum
3715 2392 3832 2431 usum

2220 2474 2558 2523 mutaverat.
2615 2471 2758 2540 Ergo
2794 2470 3010 2524 cunctis
3041 2469 3318 2523 canonice
3371 2468 3649 2532 ordinatis,
3691 2482 3835 2520 omnes

2219 2558 2424 2612 fratres
2463 2559 2776 2612 secundum
2825 2559 3081 2627 regulam
3121 2557 3272 2611 victu
3317 2557 3594 2610 cotidiano
3629 2555 3759 2609 refici
3787 2552 3836 2606 ad

2219 2646 2582 2700 refectorium
2613 2644 2688 2680 ⁸³⁵
2733 2647 2903 2700 simul
2945 2645 3217 2716 praecepit
3282 2644 3375 2699 ³³⁸⁵.
3435 2645 3686 2700 Similiter
3731 2659 3836 2712 pra-

2217 2733 2466 2789 hendam
2513 2731 2585 2769 ³³⁷
2636 2739 2874 2801 ;ratrum
2923 2734 3074 2804 apud
3121 2734 3396 2788 Sanctum
3456 2733 3737 2804 Cyriacum,
3789 2745 3836 2782 ex

2217 2821 2578 2877 incursorum
2626 2823 2983 2894 negligentia
3013 2839 3160 2893 pene
3185 2824 3531 2876 destructum
3561 2819 3644 2888 ⁸⁷⁸,
3673 2818 3838 2874 miseri-

2216 2911 2468 2965 corditer
2501 2912 2815 2978 renovavit,
2854 2917 2912 2965 et
2941 2926 3037 2966 eos
3082 2908 3157 2945 ⁸²⁹
3187 2911 3362 2965 simul
3410 2909 3559 2964 reﬁci
3591 2908 3735 2980 jussit
3768 2905 3833 2956 ³³⁰.

2216 2999 2422 3055 Omnia
2460 3005 2653 3053 autem
2697 3000 2822 3052 loca
2870 2999 2941 3054 ad
2993 3015 3052 3052 se
3106 3000 3462 3070 pertinentia
3516 3015 3574 3052 ex
3622 3001 3834 3050 vetustate

2212 3105 2358 3158 pene
2420 3087 2709 3142 destructa
2756 3103 2820 3142 ac
2878 3087 3131 3142 desolata
3159 3087 3311 3142 miro
3347 3087 3576 3158 ingenio
3611 3082 3835 3139 renovavit

2212 3181 2271 3230 et
2300 3177 2481 3230 muris
2519 3176 2806 3246 variisque
2859 3175 3114 3230 aediﬁciis
3161 3176 3399 3247 egregie
3446 3174 3720 3230 decoravit.
3755 3171 3832 3224 llo-

2213 3264 2528 3318 nasterium
2583 3261 2654 3297 ³⁸²
2707 3268 2902 3318 autem
2945 3265 3116 3319 simul
3168 3263 3242 3298 ³⁸²
3279 3270 3339 3320 et
3384 3267 3671 3319 claustrum
3700 3258 3831 3313 sancti

2209 3353 2478 3422 Andreae,
2524 3353 2672 3416 quod
2722 3357 2878 3406 extra
2923 3368 3150 3407 murum
3212 3352 3586 3408 constitutum
3636 3365 3724 3420 per
3759 3361 3833 3400 ne-

2209 3442 2554 3512 glectionem
2587 3441 2909 3495 desolatum
2931 3447 3074 3507 erat,
3107 3442 3262 3495 intra
3293 3441 3368 3477 ³³³
3417 3441 3680 3495 civitatem
3706 3433 3833 3489 adiﬁ-

2209 3531 2375 3594 cavit,
2408 3535 2466 3583 et
2511 3531 2695 3583 causis
2738 3530 3032 3584 canonicis
3075 3531 3142 3585 ad
3179 3547 3355 3585 usum
3401 3531 3628 3585 fratrum
3653 3539 3831 3580 venera-

2211 3618 2404 3673 biliter
2432 3618 2506 3654 ³³⁸
2535 3618 2831 3683 ordinatis,
2865 3619 2933 3672 ad
2965 3619 3191 3672 laudem
3219 3625 3279 3674 et
3301 3619 3544 3689 gloriam
3575 3615 3662 3671 Dei
3701 3611 3832 3668 nostri

2211 3707 2383 3760 vitam
2415 3707 2740 3777 regularem
2771 3707 3021 3760 instituit
3049 3707 3145 3759 ³³⁸.

2287 3841 2365 3890 l7.
2399 3837 2462 3890 In
2494 3836 2607 3890 illis
2638 3837 2810 3890 etiam
2853 3836 3052 3891 diebus
3083 3837 3371 3891 Brunicbo
3402 3837 3493 3903 ³³⁸,
3525 3835 3590 3890 de
3637 3848 3732 3904 quo
3763 3843 3826 3880 su-

2210 3941 2314 3997 pra
2343 3925 2591 3979 diximus
2612 3925 2746 3995 (20),
2791 3925 3132 3979 venerabilis
3163 3921 3238 3958 ³³⁷
3269 3925 3526 3997 ejusdem
3563 3918 3830 3994 praepositus

2210 4014 2378 4078 sedis,
2419 4014 2618 4069 videns
2645 4014 2799 4068 beati
2829 4013 2935 4067 viri
2973 4013 3376 4080 constantiam,
3413 4013 3686 4086 quomodo
3714 4019 3825 4076 pom-

1821 4174 2051 4228 νΑΡιιίΕ
2107 4172 2502 4228 LECTIONES.

463 4319 538 4394 ²ξ⁹⁸
592 4325 846 4375 vertetur
869 4324 921 4394 2.
1000 4317 1073 4356 ’9‘
1106 4324 1264 4394 tunc.
1343 4318 1418 4394 29⁸
1455 4323 1534 4394 sic
1564 4338 1614 4376 r.
1651 4321 1713 4394 h.
1761 4338 1814 4377 v.
1845 4325 1896 4377 2.
1977 4321 2046 4357 ’9‘
2078 4322 2192 4376 duo
2238 4325 2291 4376 2.
2370 4318 2442 4355 ²⁹⁷
2498 4321 2621 4375 hmc
2676 4320 3064 4394 praedicabatur
3121 4322 3282 4376 vobis
3327 4321 3631 4394 aliquando
3661 4320 3715 4394 _2.
3756 4314 3825 4381 qui

389 4392 522 4446 add.
550 4393 810 4446 rubrum:
862 4391 1158 4456 Quomodo
1213 4392 1569 4464 Burcbardus
1627 4393 2201 4464 episcopusintrans
2244 4394 2475 4446 hortum
2527 4389 2695 4445 suum
2725 4393 2863 4447 vidit
2904 4392 2982 4445 ibi
3015 4393 3316 4464 diabolum,
3367 4389 3820 4464 in'specie_l_ium§-

391 4477 467 4516 na
494 4469 653 4517 torve
687 4463 1126 4532 respondentem
1185 4462 1311 4515 sibi.
1390 4460 1464 4495 ’93
1521 4460 1741 4517 deest‘2.
1825 4460 1899 4496 ’99
1945 4463 1981 4516 i.
2033 4464 2415 4534 interrogasse
2456 4481 2469 4515 ‹

385 4534 627 4587 miratus
665 4535 717 4587 2.
795 4532 869 4567 ⁵0³
898 4533 1168 4588 quoniam
1199 4535 1253 4586 2.
1329 4530 1402 4568 ⁸⁰³
1433 4533 1486 4586 h.
1512 4535 1722 4588 dixisse
1745 4533 1933 4588 dixi2.
2013 4531 2087 4570 50‘
2107 4534 2250 4588 deest
2295 4537 2340 4587 l.
2421 4531 2469 4568 ³⁰

705 4574 717 4587 .
795 4551 868 4567 Ws
898 4551 1168 4605 quoniam
1200 4551 1253 4586 z.
1330 4551 1402 4568 ννο
1434 4551 1933 4588 n.uixisseulx12.
2013 4551 2250 4588 "Waeesr
2295 4551 2340 4587 ι.

710 4621 800 4658 am
856 4608 907 4658 l.
995 4600 1066 4639 ³⁰⁹
1113 4602 1320 4674 inquit,
1372 4605 1502 4657 scio.
1556 4605 1595 4658 f.
1660 4605 1773 4658 scio
1822 4604 1961 4674 quid
2015 4610 2099 4658 est
2150 4608 2204 4658 2.
2285 4601 2361 4637 δ⁴⁰

385 4602 458 4638 ³0⁸
506 4620 800 4674 nunquam
856 4608 907 4658 l.

383 4674 592 4746 desunt.
647 4670 910 4746 ‘3"rdeest
937 4678 990 4729 2.
1069 4676 1135 4710 ³¹³
1185 4670 1478 4746 est_ruina
1525 4676 1728 4746 templi
1764 4670 1934 4745 hujus
1964 4675 2288 4730 miseranda
2319 4676 2372 4727 2.
2431 4670 2540 4746 “³¹⁴-
2568 4670 2673 4727 hoc
2727 4677 2781 4727 2.
2859 4673 2935 4708 ³⁸⁵
2994 4676 3198 4745 reptivi
3270 4680 3322 4730 1.

380 4745 451 4825 9:"
481 4763 589 4815 ago
621 4748 672 4800 2.
733 4744 826 4825 ﬁt”
857 4747 1142 4825 horumn_2_.
1218 4743 1294 4779 3‘9
1324 4746 1604 4825 exportari
1630 4743 1802 4816 jussit
1828 4743 1883 4816 p.
1942 4746 2306 4825 ﬁrmamento
2338 4748 2389 4798 2.
2456 4743 2545 4825 _3’°
2600 4762 2643 4825 ε.
2691 4743 3075 4825 episcopalem
3129 4747 3258 4825 _D_eo
3297 4747 3380 4825 ibi
3425 4764 3468 4801 s.
3527 4750 3578 4798 2.

2156 4813 2230 4850 ³⁸⁵
2287 4815 2347 4868 in
2387 4815 2685 4869 refectorio
2713 4805 2766 4868 2.
2844 4805 2918 4851 δί’
2971 4818 3025 4869 2.
3069 4817 3197 4869 add.
3254 4819 3529 4870 rubrum:
3582 4805 3819 4878 Quomodq
3881 4813 3883 4833 ’

380 4816 655 4871 fecerant.
732 4817 806 4850 ³²²
834 4823 890 4870 et
926 4819 977 4870 2.
1056 4816 1130 4850 ³³³
1164 4821 1328 4870 erant
1355 4819 1407 4870 2.
1486 4817 1560 4853 ³²⁴
1598 4823 1971 4870 renovaverat
2013 4819 2072 4872 2.

3245 4461 3323 4499 ³ου
3353 4465 3414 4519 in
3456 4454 3502 4518 ιζ
3525 4465 3574 4517 2.
3645 4457 3704 4493 ⁸⁰¹
3746 4454 3820 4507 ad-

2500 4505 2511 4516 .
2559 4479 2611 4516 v.
2661 4480 2706 4516 c.
2761 4465 2938 4516 iratus
3001 4479 3052 4516 ν.
3113 4467 3166 4518 2.

3426 4532 3497 4568 ε⁰⁷
3523 4527 3750 4601 congeris
3780 4525 3816 4599 2.
3883 4589 3885 4608 Ι

2525 4535 2825 4586 minaris2
2899 4533 2970 4568 ³⁰⁶
3024 4535 3237 4588 exitum
3298 4539 3346 4588 t.

2413 4604 2687 4674 quoniam
2740 4605 2793 4659 2.
2870 4603 2941 4640 3“
2989 4603 3128 4658 dicit
3172 4608 3226 4658 2.
3264 4607 3364 4659 ubi
3398 4607 3460 4659 Et
3515 4633 3580 4643 -—
3639 4607 3816 4671 percepi
3883 4603 3885 4639 i

2450 4675 2524 4710 ³⁸⁸
2568 4670 2673 4727 hoc
2727 4677 2781 4727 2.
2859 4673 2935 4708 ³⁸⁵
2994 4676 3198 4729 rentivi
3270 4680 3322 4729 l.
3405 4673 3481 4710 “5
3530 4679 3638 4729 toto
3667 4669 3742 4722 die
3781 4665 3817 4715 2.

3608 4689 3638 4726 0
3667 4689 3742 4722 (ΠΕ
3783 4689 3817 4715 ι·

3527 4750 3577 4788 ςλ-
3647 4741 3707 4774 ³11
3747 4736 3818 4788 de.

375 4887 617 4942 fratrum
658 4887 994 4958 praebendas
1026 4887 1086 4940 in
1133 4887 1427 4940 Nuhusem
1458 4888 1632 4942 etiam
1682 4887 1896 4942 refecit.
1971 4885 2045 4920 ³²⁷
2094 4886 2451 4956 praebendas.
2530 4883 2605 4919 3”
2659 4887 2987 4958 destructas;
3020 4889 3075 4958 2.
3155 4882 3232 4958 i3"
3262 4905 3360 4940 eas
3401 4891 3454 4941 2.
3532 4885 3603 4920 ³³⁰
3642 4881 3820 4958 θεᾷ-(ιω

378 4959 549 5014 modo
601 4955 746 5013 unus
775 4960 933 5012 locus
980 4959 1039 5011 in
1087 4958 1279 5011 multis
1308 4958 1518 5011 divisus
1547 4963 1647 5012 est.
1683 4961 1733 5012 2.
1766 4958 1931 5012 verba
1964 4955 2363 5024 Kirsgurtensis
2401 4958 2675 5011 monachi.
2719 4956 2786 4991 ³³¹
2827 4958 2880 5012 2.
2914 4956 3045 5010 add.
3079 4957 3304 5011 rubrum
3341 4974 3354 5010 :
3389 4960 3464 5011 De
3509 4955 3817 5025 translatio!"l
3879 4969 3881 5025 ε

373 5030 602 5100 collegii
663 5030 845 5084 sancti
873 5029 1136 5083 Andrem.
1174 5028 1327 5098 quod
1369 5029 1506 5082 foris
1533 5029 1823 5084 civitatem
1850 5035 1988 5100 erat.
2019 5019 2168 5098 qubd
2229 5029 2377 5100 intra
2414 5028 2700 5100 civitatem
2745 5028 3232 5100 constituit.__33’i
3263 5029 3411 5100 deest
3465 5031 3523 5100 l._
3583 5023 3673 5100 3”_
3707 5019 3818 5100 foras

375 5089 569 5154 musz
597 5105 986 5155 constructum
1019 5104 1142 5153 erat
1171 5089 1226 5151 et
1257 5114 1359 5168 per
1392 5100 1802 5170 negligentiam
1831 5099 1896 5162 d.
1917 5089 2065 5151 intra
2091 5102 2148 5170 2.
2225 5099 2299 5170 3f“
2329 5097 2746 5170 pertinentibus
2775 5104 2831 5151 et
2860 5114 2911 5152 v.
2943 5100 2994 5151 2.
3074 5098 3148 5170 33,5
3199 5099 3275 5152 ibi
3328 5099 3366 5152 i.
3420 5098 3527 5170 ubi
3558 5092 3708 5170 modo
3739 5089 3814 5170 θείς
3877 5135 3879 5152 .

374 5170 469 5223 sed
505 5171 661 5249 prius
689 5177 820 5249 erat
841 5171 901 5249 in
928 5167 1759 5249 monte_extra_porta'm'sancti
1799 5169 2039 5249 Andreae
2086 5169 2144 5249 in
2174 5168 2713 5249 suburbiqibidem.
2847 5176 2982 5222 sunt
3004 5169 3497 5249 modohmoniales
3525 5167 3606 5248 vel
3636 5167 3815 5249 sorori:
3877 5171 3879 5219 l

372 5233 714 5307 pmnitentes
745 5242 995 5306 ibidem;
1025 5240 1189 5294 verba
1243 5233 1643 5307 Kirsgurtensis
1699 5242 1966 5306 monachi,
2009 5242 2106 5310 qui
2123 5239 2350 5293 rubrum
2388 5239 2550 5292 addit
2601 5239 2900 5304 :Qualiter
2942 5239 3280 5309 praepositus
3341 5239 3574 5309 majoris
3617 5233 3815 5310 θοςιςεὶξε

370 5301 543 5386 etalii
577 5313 842 5386 monachi
874 5301 1057 5386 elt'ecti
1079 5312 1205 5386 sint
1234 5319 1293 5386 et
1321 5301 1395 5365 de
1419 5312 1680 5366 doctrina
1705 5312 1813 5365 viri
1839 5301 1963 5379 Dei,
1993 5301 2282 5382 quomodo
2315 5301 2710 5382 unusquisque
2731 5312 2792 5364 in
2824 5301 3121 5365 vocatione
3161 5326 3263 5364 sua
3302 5301 3636 5380 permanere
3662 5301 3808 5356 debet.
3875 5327 3877 5386 ς

371 5378 446 5414 ⁸³⁸
483 5378 780 5435 hrunecho
815 5385 864 5436 1.
942 5381 1013 5419 ³⁸⁷
1043 5383 1125 5436 vir
1145 5398 1195 5436 v.
1226 5385 1278 5436 2.

2009 5520 2230 5576 ΝΟΤᾸΞ.

437 5653 629 5724 (ρωο.
668 5653 753 5708 l0.
