4022 6190
164 312 268 363 525

1374 301 1744 360 ΡιιοοΕΜΙΑ.
1787 335 1854 344 -
1893 305 2044 358 VITA
2091 303 2515 360 BURCHARDI.

3596 311 3697 364 526

160 451 259 504 pas
288 433 608 486 mundanas
640 429 961 499 respuisset
1002 425 1079 460 ⁸³⁸
1131 430 1189 480 et
1231 425 1290 479 in
1343 424 1573 479 servitio
1633 427 1732 480 Dei
1758 427 1874 480 fer-
1907 429 1952 479 Α
1990 425 2091 495 pit.
2128 426 2284 478 Tunc
2306 440 2436 478 vero
2457 423 2593 494 quia
2625 421 2725 476 Dei
2778 422 3059 478 famulum
3116 425 3304 480 studio
3350 426 3606 482 deditum
3637 435 3696 483 et

158 523 375 576 buisset
397 518 468 554 ³⁵9
497 522 905 588 humanasque
946 515 1146 570 laudes
1195 513 1431 567 vitando
1486 514 1742 582 fugasset
1784 513 1877 580 “'0,

157 613 211 663 in
247 627 305 662 se
364 624 621 662 reversus
662 607 844 658 vitam
891 601 1267 658 monasticam
1316 618 1619 671 aggressus
1671 608 1773 670 est,
1827 609 1881 656 et

157 714 261 768 per
309 697 570 764 exempla
621 693 772 746 servi
836 693 936 746 Dei
986 692 1280 745 diabolum
1335 689 1556 759 decepit
1603 697 1662 742 et
1714 691 1880 744 corde

156 786 407 839 contrito
467 784 794 853 spirituque
856 778 1233 834 contribulato
1305 779 1407 832 soli
1467 780 1581 831 Deo
1654 779 1880 848 placere

154 874 396 927 studuit.
448 872 722 926 Similiter
783 875 840 922 et
894 869 989 921 alii
1037 869 1285 920 illustres
1337 866 1439 919 viri
1491 883 1594 935 per
1651 867 1881 919 assidua

153 961 299 1014 servi
337 961 435 1014 Dei
467 961 816 1012 documenta
849 955 1130 1010 mundum
1181 955 1596 1024 relinquentes,
1631 955 1702 1007 de
1734 955 1879 1007 civi-

157 1055 270 1102 tate
312 1049 585 1118 fugerunt
629 1052 685 1098 et
727 1046 860 1097 vitae
906 1044 1319 1097 monachorum
1369 1059 1426 1095 se
1474 1043 1876 1096 subdiderunt.

152 1138 411 1191 Tandem
457 1151 586 1188 vero
642 1134 952 1203 episc0pus
996 1132 1210 1185 veritus
1261 1147 1331 1185 ne
1384 1131 1736 1184 monasteria
1768 1135 1876 1196 (2|)

153 1227 365 1279 tierent
409 1224 682 1288 desolata,
731 1222 802 1274 ab
870 1220 1138 1274 omnibus
1191 1220 1555 1273 monasteriis
1607 1219 1878 1273 fratribus

151 1313 484 1366 convocatis
531 1311 598 1344 3“
655 1311 780 1363 istis
816 1326 914 1363 eos
967 1311 1249 1363 allocutus
1305 1314 1390 1362 est
1440 1309 1669 1362 verbis:
1731 1309 1873 1362 Nolo

152 1419 252 1456 vos
312 1402 604 1471 ignorare,
656 1399 884 1460 fratres,
952 1398 1104 1468 quod
1172 1398 1375 1462 omnis,
1437 1398 1534 1467 qui
1593 1400 1663 1432 ³⁸³
1711 1397 1876 1450 timet

155 1493 337 1544 Deum
373 1495 426 1541 et
482 1493 746 1557 operatur
793 1487 1105 1554 justitiam,
1151 1493 1417 1554 acceptus
1475 1491 1560 1538 est
1608 1485 1714 1548 illi,
1759 1501 1872 1538 non

151 1580 347 1631 solum
403 1577 729 1640 monachus,
792 1574 895 1626 sed
956 1581 1010 1626 et
1067 1575 1394 1638 canonicus,
1449 1575 1622 1627 etiam
1692 1571 1762 1608 ³⁸⁵
1819 1580 1876 1628 et

151 1667 355 1719 laicus.
397 1667 519 1718 Non
549 1671 629 1716 est
660 1665 904 1724 bonum,
939 1669 1002 1715 ut
1050 1679 1250 1715 omnes
1283 1664 1380 1733 qui
1425 1660 1493 1698 ⁸⁴¹³
1527 1663 1585 1715 in
1619 1662 1756 1716 navi
1788 1663 1870 1716 la-

147 1757 363 1808 borant
395 1753 496 1806 uni
534 1752 689 1821 operi
723 1752 1012 1814 insistant,
1062 1757 1126 1803 ut
1161 1752 1240 1803 vel
1279 1765 1479 1804 omnes
1511 1750 1628 1804 sint
1659 1750 1868 1818 guber-

155 1851 394 1896 natores
463 1848 516 1894 et
571 1843 758 1894 nullus
829 1839 1150 1907 navigator,
1219 1845 1316 1891 aut
1375 1855 1576 1891 omnes
1646 1837 1876 1906 naviga-

150 1939 306 1985 tores
360 1928 432 1966 3‘5
491 1934 544 1982 et
600 1930 788 1982 nullus
833 1927 1206 1997 gubernator.
1266 1927 1594 1980 Consultius
1654 1929 1738 1978 est
1798 1923 1873 1957 ³³⁸

149 2028 232 2087 ιιι,
271 2019 536 2089 apposito
565 2018 970 2088 gubernatore,
1023 2015 1423 2085 unusquisque
1455 2015 1616 2084 operi
1662 2011 1733 2056 3⁸⁷
1767 2028 1872 2065 suo

152 2109 398 2172 insistat,
451 2107 677 2177 quidam
758 2105 1048 2174 navigant,
1133 2103 1232 2156 alii
1287 2104 1654 2157 altitudinem
1710 2117 1872 2170 aquae

151 2198 476 2267 explorent,
509 2195 621 2259 alii,
665 2194 713 2248 si
755 2209 976 2246 necesse
1028 2192 1126 2257 sit,
1173 2193 1390 2244 malum
1442 2192 1719 2245 scandant
1774 2187 1870 2255 ωδ,

149 2286 244 2338 alii
278 2301 416 2336 vero
445 2283 722 2336 sentinam
754 2282 1042 2342 hauriant,
1084 2280 1280 2349 sicque
1331 2280 1522 2332 navim
1571 2293 1772 2331 omnes
1806 2278 1866 2330 in

150 2390 291 2444 pace
321 2373 589 2440 dirigant.
625 2371 892 2425 Similiter
917 2369 1246 2437 intelligere
1293 2367 1591 2431 debemus,
1641 2366 1866 2430 fratres,

151 2462 306 2533 quod
342 2477 458 2513 non
479 2460 667 2513 omnia
693 2474 996 2529 possumus
1030 2472 1257 2509 omnes.
1288 2455 1344 2510 Si
1378 2457 1531 2509 enim
1565 2470 1766 2508 omnes
1795 2454 1870 2487 3"9

150 2548 427 2602 monachi
455 2552 510 2600 et
549 2547 824 2612 canonici,
872 2546 972 2599 ubi
1015 2548 1153 2597 sunt
1203 2542 1374 2596 laici?
1422 2543 1558 2606 Quis
1590 2548 1726 2595 tunc
1759 2542 1866 2594 mi-

153 2637 426 2691 nistrabit
474 2635 786 2699 monachis,
858 2635 943 2686 vel
1001 2632 1104 2702 qui
1161 2630 1369 2684 serviet
1413 2630 1490 2665 35°
1537 2630 1868 2684 canonicis?

154 2727 210 2779 Si
242 2731 439 2778 autem
485 2740 681 2778 omnes
735 2723 883 2787 laici,
944 2722 1042 2774 ubi
1093 2727 1233 2773 tunc
1285 2720 1484 2773 laudes
1534 2726 1589 2772 et
1636 2719 1867 2772 servitia

158 2814 306 2868 Dei?
341 2814 570 2867 Diversa
601 2819 684 2865 est
714 2812 868 2864 enim
900 2809 1122 2863 familia
1174 2809 1234 2860 in
1288 2808 1533 2861 Ecclesia
1584 2808 1705 2872 Dei,
1752 2824 1866 2860 non

157 2902 522 2956 solummodo
553 2901 840 2966 monachi,
877 2899 974 2952 sed
1006 2897 1180 2951 etiam
1228 2897 1512 2962 canonici,
1562 2912 1780 2950 necnon
1812 2901 1868 2949 et

1993 530 2165 566 sacrae
2206 513 2514 582 Scripturae
2561 511 2784 582 paginis
2835 514 3125 567 eruditum
3165 531 3228 568 ac
3281 516 3558 585 sapientia
3597 517 3697 571 Dei

1992 603 2277 672 repletum
2324 602 2588 654 videbant
2632 599 2724 665 ³⁵⁸,
2776 617 3070 656 sermones
3126 608 3180 656 et
3225 603 3495 672 epistolas
3537 622 3692 674 quae-

1992 691 2418 759 stiunculasque
2479 689 2663 742 varias
2724 690 2807 742 illi
2879 692 3136 759 proferre
3222 709 3335 746 non
3392 693 3688 748 timebant.

1993 779 2135 847 Ergo
2176 776 2247 812 359
2278 779 2510 848 quidam
2552 778 2782 830 illorum
2815 779 2965 832 inter
2999 779 3070 814 36°
3131 781 3266 833 alias
3333 797 3474 850 quas
3541 798 3690 851 szepe

1991 866 2245 934 praetulit
2295 865 2606 918 sententias
2671 865 2740 917 de
2789 862 3014 934 jejunio
3074 866 3248 936 Moysi
3293 868 3363 903 ³⁸η
3421 872 3476 920 et
3517 869 3689 921 lle-lite

1989 955 2160 1007 verba
2201 954 2533 1024 quaestionis
2575 955 2917 1022 composuit,
2961 960 3015 1008 et
3054 956 3125 989 ³⁶²
3180 956 3282 1018 illi,
3328 957 3492 1008 nobis
3539 973 3689 1024 prae-

1990 1042 2265 1106 sentibus,
2300 1043 2462 1111 quasi
2491 1058 2594 1112 pro
2640 1042 2934 1095 occasione
2979 1042 3248 1108 dictandi,
3281 1043 3484 1096 humili
3515 1060 3688 1096 manu

1987 1132 2258 1200 porrexit.
2295 1131 2378 1183 Ita
2409 1130 2565 1182 enim
2597 1131 2899 1198 scripserat
2930 1131 3024 1183 ille
3053 1147 3065 1183 :

2061 1247 2089 1277 ((
2149 1226 2348 1280 Mentis
2405 1225 2740 1294 ingeniique
2800 1226 2914 1280 mei
2959 1227 3178 1280 aridam
3239 1227 3285 1279 si
3359 1243 3473 1280 non
3552 1245 3691 1296 per-

1987 1314 2305 1367 timuissem
2341 1313 2800 1383 intelligentiam,
2861 1315 3317 1368 clementissimze
3348 1320 3453 1368 tum
3493 1316 3687 1370 domi-

1987 1402 2207 1456 nationi
2258 1391 2530 1472 quasdam
2616 1417 2786 1454 sacrae
2837 1402 3143 1471 Scripturae
3175 1404 3503 1467 sententias,
3559 1420 3688 1473 quae

1987 1490 2166 1543 animi
2200 1491 2313 1542 mei
2352 1490 2716 1558 exiguitatem
2749 1491 3154 1559 constringunt
3202 1507 3425 1543 necnon
3474 1492 3530 1543 in
3584 1492 3689 1544 du-

1989 1577 2284 1630 bitationis
2347 1578 2727 1630 nodositatem
2793 1577 2996 1630 cadere
3053 1583 3284 1646 cogunt,
3343 1579 3534 1646 aliqua
3598 1593 3690 1629 ra-

1985 1666 2144 1718 tione
2186 1665 2570 1733 protulissem,
2603 1671 2667 1718 ut
2692 1671 2804 1717 tuas
2849 1665 3148 1734 probitatis
3195 1664 3523 1718 doctissimo
3557 1680 3690 1717 eru-

1987 1754 2141 1807 ditus
2162 1753 2526 1818 documento,
2560 1755 2642 1806 rei
2673 1769 3041 1821 agnoscerem
3065 1754 3392 1818 veritatem;
3415 1753 3689 1822 quoniam

1984 1840 2334 1910 quicumque
2385 1856 2450 1892 ex
2510 1845 2836 1893 sanctarum
2895 1841 3196 1894 sententiis
3261 1841 3688 1911 Scripturarum

1983 1929 2343 1982 titubationis
2383 1929 2584 1983 incidit
2642 1929 2983 1999 periculum,
3015 1931 3124 1983 nisi
3182 1931 3520 1984 emendatus
3551 1945 3684 1982 con-

1981 2016 2247 2070 fessionis
2273 2017 2657 2070 satisfactione
2694 2017 3004 2071 mundetur
3035 2019 3336 2088 ipsamque
3384 2021 3690 2086 cognoscat

1980 2105 2304 2169 veritatem,
2334 2106 2518 2174 gravis
2549 2107 2776 2174 culpam
2809 2112 3000 2159 reatus
3031 2107 3292 2159 incurrit.
3329 2107 3690 2174 Quapropter

1984 2210 2127 2247 mete
2158 2193 2360 2245 vulnus
2391 2193 2751 2246 conscientiae
2785 2193 2944 2246 valde
2971 2194 3168 2247 dolens
3202 2195 3466 2262 ultraque
3498 2193 3687 2245 celaro

1983 2288 2265 2346 metuens,
2290 2287 2400 2333 tuae
2426 2281 2778 2351 dignissima:
2801 2282 3086 2335 sanctitati
3107 2281 3447 2335 tiducialiter
3465 2280 3684 2348 aperio,

1979 2376 2045 2424 ut
2083 2372 2193 2424 hoc
2251 2369 2404 2439 quod
2455 2370 2592 2422 latet
2638 2369 2981 2423 intrinsecus
3031 2371 3264 2440 patefiat
3307 2368 3680 2422 extrinsecus.

1980 2459 2123 2512 Nam
2154 2458 2324 2527 hujus
2355 2458 2679 2512 dictaminis
2719 2459 3216 2527 compositionem,
3275 2457 3485 2511 nullius
3531 2472 3690 2526 saga-

1978 2547 2164 2601 citatis
2201 2546 2575 2616 protervitate
2607 2547 2941 2612 succinctus,
2985 2547 3085 2600 sed
3144 2545 3416 2599 sitibundi
3468 2545 3691 2614 ingenii

1979 2638 2232 2699 raritate,
2297 2636 2410 2688 Deo
2484 2640 2647 2700 teste,
2711 2636 2869 2689 valde
2923 2641 3166 2701 coactus,
3225 2634 3507 2687 sanctitati
3574 2639 3689 2687 tua:

1979 2740 2260 2795 propono,
2345 2739 2460 2793 quo
2556 2740 2646 2777 me
2725 2724 2978 2793 corrigas
3036 2724 3454 2792 certioremque
3519 2723 3687 2776 istius

1980 2812 2438 2881 investigationis
2505 2828 2596 2866 me
2652 2812 2843 2876 facias,
2900 2812 3035 2883 quia
3095 2818 3150 2866 te
3202 2818 3402 2882 typum
3449 2811 3684 2866 illorum

1977 2916 2176 2971 gerere
2209 2900 2506 2971 vicemque
2539 2902 2653 2954 scio
2689 2906 2883 2954 tenere
2906 2901 3129 2971 {quibus
3180 2899 3476 2954 Dominico
3543 2899 3685 2952 dici-

158 2993 357 3045 ﬁdeles
390 2991 535 3044 laici.
568 2991 630 3042 Et
661 2989 719 3041 hi
752 3003 953 3041 omnes
1002 2991 1176 3055 egent
1203 2985 1388 3054 gratia
1438 2985 1555 3039 Dei.
1592 2986 1739 3054 Ergo
1769 2985 1869 3054 qui
1903 2987 1942 3040 C
1982 2998 2075 3044 tur
2113 2989 2365 3059 alloquio
2400 3006 2412 3042 ;
2450 3009 2477 3040 ‹‹
2511 2991 2680 3043 vobis
2738 2990 2932 3044 datum
2980 2994 3066 3043 est
3122 3005 3287 3043 nosse
3350 2988 3687 3057 mysterium

158 3081 472 3133 canonicus
502 3079 573 3131 sit
601 3075 692 3142 35‘,
748 3093 850 3147 pro
906 3073 1218 3128 monastica
1251 3074 1366 3128 vita
1407 3075 1475 3128 de
1524 3073 1870 3127 monasterio

165 3186 269 3223 suo
306 3169 432 3221 sine
481 3166 709 3220 licentia
759 3181 875 3218 non
924 3169 1109 3230 exeat,
1166 3163 1263 3216 sed
1312 3179 1443 3216 cum
1487 3163 1753 3216 fratribus
1811 3163 1871 3214 in

162 3272 472 3311 commune
504 3253 574 3291 ³⁵³
616 3255 868 3318 laboret;
924 3259 979 3306 et
1011 3253 1056 3304 si
1115 3250 1446 3305 districtiori
1503 3243 1628 3304 vita.
1681 3249 1870 3304 vivere

160 3346 453 3400 desideret
507 3341 600 3410 ⁸³³,
661 3343 814 3395 intra
868 3340 1282 3393 monasterium
1356 3355 1523 3392 suum
1599 3339 1871 3407 operibus

167 3436 287 3488 Deo
327 3432 681 3502 placentibus
729 3428 1004 3483 inserviat
1033 3434 1089 3481 et
1138 3428 1206 3481 de
1254 3427 1419 3481 malis
1464 3444 1521 3480 se
1570 3428 1869 3492 sustineat,

162 3524 362 3592 sicque
408 3522 738 3574 holocausta
797 3517 1109 3570 medullata
1170 3516 1229 3569 in
1280 3532 1379 3568 ara
1434 3517 1639 3569 occulti
1687 3515 1872 3570 cordis

165 3613 284 3664 Deo
311 3609 533 3663 adferre
565 3610 634 3643 3“
672 3623 788 3661 non
818 3605 1069 3659 desistat.
1107 3625 1133 3656 ι)
1165 3605 1285 3659 Tali
1327 3620 1559 3674 quoque
1591 3605 1875 3656 sententia

160 3703 225 3751 et
247 3700 527 3767 juvenum
559 3696 780 3748 animos
811 3693 1048 3757 sedavit,
1073 3697 1128 3746 et
1156 3693 1309 3762 quod
1357 3691 1632 3744 stabiliori
1683 3696 1875 3745 mente

162 3790 231 3841 in
260 3786 486 3839 servitio
522 3784 618 3838 Dei
647 3788 848 3854 postea
883 3782 1315 3852 permanebant,
1359 3778 1634 3832 incitavit.

249 3886 329 3936 l8.
363 3881 446 3935 Ad
491 3881 610 3934 haec
671 3879 887 3950 quippe
942 3877 1034 3943 ³⁵⁵,
1081 3883 1143 3932 ut
1199 3877 1594 3947 unusquisque
1644 3875 1876 3928 illorum

165 3970 484 4024 secundum
515 3967 734 4037 ingenii
763 3966 1144 4037 quantitatem
1183 3966 1332 4019 dicta
1358 3964 1444 4017 vel
1494 3963 1706 4033 scripta
1755 3967 1878 4016 stu-

167 4061 333 4114 diosa
359 4055 429 4092 ⁸⁵⁸
485 4057 594 4111 sibi
629 4055 838 4110 cotidie
877 4054 1198 4124 proferrent
1236 4051 1332 4118 ³⁵⁷,
1386 4052 1628 4106 firmiter
1666 4066 1878 4120 praece-

1985 3100 2012 3131 «
2039 3078 2204 3148 regni
2238 3077 2336 3130 Dei
2369 3079 2564 3144 (Marc.
2603 3095 2677 3142 iv,
2710 3083 2817 3144 ll).
2846 3100 2873 3128 »
2909 3080 3048 3133 Cum
3081 3084 3272 3134 autem
3306 3094 3496 3130 veram
3552 3093 3690 3130 con-

1981 3166 2233 3222 scientiae
2299 3181 2444 3220 mere
2519 3167 2933 3220 confessionem
2995 3167 3228 3228 faciens.
3291 3166 3362 3219 ad
3434 3166 3690 3220 veritatis

1985 3255 2359 3325 agnitionem,
2421 3260 2520 3309 tua
2545 3259 2899 3310 monstrante
2957 3256 3285 3326 prudentia,
3347 3271 3683 3325 pervenero,

1985 3344 2054 3397 ab
2086 3342 2246 3396 omni
2272 3347 2463 3396 reatus
2494 3344 2608 3397 mei
2640 3344 2804 3397 sorde
2837 3345 3178 3398 mundatum
3209 3361 3273 3397 ac
3320 3349 3434 3396 tuae
3481 3345 3688 3398 sancti-

1984 3431 2116 3496 tatis
2148 3430 2605 3502 innocentiaeque
2638 3448 2728 3485 me
2758 3432 2876 3485 fore
2927 3433 3266 3503 participem
3318 3437 3374 3484 et
3421 3448 3588 3502 spero
3633 3437 3692 3487 et

1986 3519 2229 3573 ﬁrmiter
2267 3519 2456 3585 credo,
2493 3519 2787 3588 quoniam,
2824 3520 2870 3572 si
2917 3536 3116 3573 verum
3162 3536 3277 3573 non
3326 3525 3491 3586 esset,
3535 3522 3690 3576 Psal-

1988 3607 2156 3660 mista
2211 3622 2327 3658 non
2378 3605 2656 3659 dixisset:
2709 3628 2735 3653 ‹‹
2785 3607 2925 3660 Cum
2975 3613 3170 3660 sancto
3226 3607 3686 3674 sanctificaberis,

1991 3717 2017 3743 ‹‹
2059 3699 2115 3748 et
2145 3709 2276 3747 cum
2299 3693 2604 3748 innocente
2636 3693 2909 3748 innocens
2941 3695 3051 3747 eris
3087 3695 3260 3764 (Psal.
3323 3710 3466 3759 xvn,
3509 3698 3622 3764 26).
3659 3717 3685 3744 ››

1987 3783 2096 3837 Sed
2130 3782 2266 3852 quia
2324 3783 2529 3836 ulceris
2574 3783 2734 3835 dolor
2790 3799 2881 3836 me
2932 3799 3158 3852 semper
3209 3783 3473 3852 augendo
3532 3788 3690 3838 tuam

1987 3871 2142 3940 cogit
2193 3869 2350 3923 adire
2399 3871 2788 3936 clementiam,
2856 3871 3354 3942 quaestiunculam,
3412 3888 3517 3940 pro
3579 3889 3692 3942 qua

1991 3959 2150 4014 istius
2234 3958 2479 4028 pitatioli
2567 3959 2894 4028 congeriem
2969 3959 3309 4031 composui,l_
3354 3960 3693 4030 ambagibus

1990 4047 2207 4102 cunctis
2274 4047 2564 4117 projectis,
2599 4053 2715 4100 tuae
2775 4048 3114 4117 prudentiae,
3159 4065 3329 4119 quam
3381 4049 3520 4102 mihi
3560 4065 3690 4102 suc-

1601 4210 1833 4263 VARHZ
1874 4207 2271 4262 LECTIONES.

2662 4365 2736 4402 su
2795 4366 2967 4436 etiam
3027 4366 3122 4436 qui
3179 4369 3231 4420 2.
3266 4435 3276 4436 ί
3311 4367 3382 4436 ξιθ
3441 4367 3584 4421 deest
3639 4369 3690 4421 2.

2806 4435 2876 4471 5’"
2918 4435 3092 4506 opere
3131 4440 3182 4490 2.
3261 4435 3335 4471 “3
3389 4439 3698 4491 ascendant

2889 4505 2973 4541 ‘5‘
3011 4509 3213 4561 offerre
3260 4511 3312 4561 2.
3426 4507 3498 4544 ³⁵³
3558 4509 3695 4562 item

2975 4576 3046 4614 ⁸⁸⁸
3111 4579 3256 4632 deest
3320 4582 3374 4632 2.
3452 4577 3523 4611 ⁸⁵³
3549 4585 3605 4631 et
3641 4583 3694 4633 2.

865 4379 936 4414 ³³9
997 4379 1239 4432 ferveret
1277 4379 1333 4428 2.
1417 4371 1489 4409 5‘0
1543 4371 1744 4424 vitaret
1793 4373 1843 4423 2.
1921 4368 1987 4405 3"
2051 4366 2342 4420 canonicis
2402 4367 2467 4420 fr.
2530 4369 2582 4418 2.

1323 4443 1394 4478 3"5
1471 4461 1526 4496 η.
1575 4442 1688 4494 sint
1737 4446 1791 4492 et
1832 4457 1886 4492 n.
1925 4440 1996 4492 sit
2041 4455 2095 4507 g.
2129 4441 2182 4490 2.
2225 4435 2297 4472 ³⁸⁸
2333 4506 2336 4507 ν
2371 4443 2624 4505 estergo
2674 4439 2727 4490 2.

187 4533 238 4581 2.
323 4506 422 4560 Ἦέ)
466 4542 521 4590 o,
572 4506 704 4576 Sunt
749 4525 801 4575 2.
908 4517 982 4553 ³⁵0
1025 4519 1197 4571 servit
1242 4521 1290 4570 2.
1372 4514 1438 4548 35‘
1462 4519 1546 4567 est
1565 4516 1659 4590 2_._
1695 4510 1769 4546 ³⁵³
1798 4506 2090 4590 co_mmuni
2305 4506 2712 4590 mhdeside‘rat‘
2759 4511 2811 4561 2.

228 4579 318 4651 ost
359 4579 823 4665 haec'prtecepit
874 4593 938 4665 2..
1008 4588 1079 4624 35°
1145 4588 1397 4665 studiose
1461 4581 1659 4665 2'55?
1729 4583 2087 4665 praeferrept.
2157 4579 2315 4665 Time
2368 4579 2465 4665 illi
2531 4579 2896 4665 videntes

215 4646 568 4736 iﬁllif'q.‘
609 4646 757 4734 ἐξ
799 4681 842 4717 s.
902 4661 1110 4714 desunt.
1164 4662 1216 4713 2.
1295 4656 1361 4693 ³⁶¹
1417 4655 1559 4709 mosi
1621 4646 1943 4736 l:_semper
1989 4654 2121 4736 fere.
2368 4653 2418 4703 2.
2477 4652 2766 4736 sequential
2815 4651 3007 4736 ita‘in'
3050 4649 3422 4728 compendium
3470 4649 3695 4714 redegit.

187 4746 244 4793 et
292 4719 432 4791 isibi
501 4719 818 4805 proposuit,
868 4738 1061 4805 utrum
1123 4731 1348 4805 nullum
1394 4728 1596 4805 _cibum
1641 4719 1871 4805 .ngses
1930 4723 2006 4805 in
2045 4720 2390 4805 Xb‘diebus
2436 4720 2791 4805 sumpsisset.
2852 4719 2937 4799 ad
2997 4721 3117 4773 haec
3173 4721 3258 4772 vir
3288 4725 3519 4805 nanctus
3572 4726 3700 4788 post

194 4790 397 4864 multa”
443 4790 623 4860 verbal
664 4806 744 4858 sic
790 4790 1026 4857 intulit:
1064 4825 1083 4848 ιι
1135 4800 1278 4864 Quid
1330 4799 1562 4860 mirum,
1609 4795 1656 4848 si
1689 4790 1902 4874 Illoyses
1949 4793 2048 4874 illo
2088 4791 2327 4861 jubente
2372 4791 2671 4874 jejunav'it,
2708 4790 2961 4874 in‘cujus
2993 4806 3171 4874 regno
3202 4791 3394 4874 nullius
3443 4805 3699 4874 unquam

196 4861 482 4950 jejunavit
539 4883 596 4930 et
649 4876 869 4950 esuriit.
930 4861 1200 4950 Putasne_
1230 4871 1402 4950 cives
1435 4869 1703 4946 caelestes
1751 4861 1896 4950 sicut
1953 4868 2214 4950 teri'epqs
2258 4869 2491 4950 ‘rastron
2527 4862 2612 4913 vel
2638 4866 2900 4950 “aratpov
2927 4862 3196 4950 sudantes
3242 4861 3552 4950 laborandp
3598 4876 3700 4950 pa:

189 4930 668 5018 ἧὲξιῖὶιιίωτετεέ
725 4948 1118 5015 Nequaquam.
1171 4942 1276 4995 Sed
1327 4945 1410 5018 es_t
1471 4935 1998 5018 panis.justorum‘
2029 4933 2400 5018 indefectivus
2431 4933 2601 5018 Deus
2638 4931 2739 5018 ρει
2801 4930 2975 4984 Filius
3016 4934 3355 5011 angelorum
3382 4935 3603 5018 qreator
3644 4936 3702 4983 et

189 5001 520 5076 hominiim.
583 5001 657 5071 De
716 5001 840 5087 quo.
889 5001 1166 5084 scriptum
1217 5015 1300 5064 est
1333 5027 1361 5087 :_
1382 5011 1443 5063 In
1474 5001 1836 5087 principium
1886 5010 2022 5086 erat.
2064 5004 2341 5087 verbum;
2392 5002 2605 5087 etibin:
2642 5003 2754 5071 Ego
2812 5018 2946 5087 sum
2967 5001 3140 5087 panis
3179 5001 3357 5087 vivus.
3396 5003 3501 5087 Per
3528 5016 3700 5069 quem

189 5072 416 5163 ᾖιὲὲίέώ
451 5090 708 5163 mundus
735 5072 1438 5163 consistit,”et_populus
1489 5072 1788 5158 lsrael-XL
1813 5076 1982 5163 annis.
2011 5072 3699 5163 inidese‘rtqfixit.Deque:tuncldojzsesngpstavit,quem

190 5143 474 5217 iriﬁmonte
498 5176 628 5213 cum
680 5158 919 5212 Domino
967 5143 1095 5209 fuit.
1145 5143 1208 5207 Et
1253 5143 1382 5206 ideo
1429 5167 1544 5204 non
1596 5149 1827 5214 mirum,
1878 5147 1924 5200 si
1968 5153 2105 5200 tunc
2153 5150 2270 5198 tam
2303 5144 2398 5197 diu
2440 5143 2655 5214 absque
2686 5143 2793 5197 cibi
2836 5143 3120 5212 corporali
3168 5143 3295 5198 fuit.
3327 5163 3355 5193 »
3414 5143 3701 5267 Multaqlue

190 5235 299 5267 una
337 5236 562 5267 τηανηηι
623 5231 699 5267 un
735 5230 874 5267 σηοω
920 5231 972 5267 at
1005 5226 1154 5267 dir-la
1198 5223 1387 5267 verba-
1439 5236 1566 5267 num
1622 5236 1792 5267 causa
1848 5216 2140 5267 brevitatis
2196 5220 2551 5267 nertranseo.
2590 5215 2686 5267 sed
2719 5215 2778 5267 in
2820 5214 3064 5267 historia
3113 5214 3236 5267 eius
3301 5214 3554 5267 olenarie
3647 5229 3701 5267 a-

188 5214 312 5288 alia,
337 5236 566 5286 fuerunt
623 5231 704 5284 ibi
735 5230 879 5284 facta
920 5231 975 5281 et
1005 5226 1159 5280 dicta
1198 5223 1390 5292 verba,
1439 5236 1566 5294 qua:
1622 5236 1792 5274 causa
1847 5216 2140 5273 brevitatis
2196 5220 2551 5286 pertranseo,
2590 5215 2686 5269 sed
2719 5215 2778 5268 in
2820 5214 3064 5268 historia
3113 5214 3236 5284 ejus
3298 5214 3554 5284 plenarie
3605 5214 3702 5267 ba-

191 5307 424 5359 bentur.

261 4384 335 4421 ³³⁸
401 4388 700 4454 respueret
731 4385 782 4435 2.

183 4457 267 4494 ⁵⁸⁸
315 4455 418 4526 qui
458 4448 526 4494 -ἐ-
571 4458 669 4507 aut
703 4448 1243 4526 omnesufiesunthi’.

1844 5422 2068 5478 NOT/E.

267 5565 381 5632 (2t)
412 5561 848 5624 Canonicorum,
885 5563 948 5614 ut
971 5561 1130 5630 patet
1165 5600 1174 5612 .
