4022 6190
368 289 471 345 527

1383 285 1858 345 BURCHARDUS
1896 284 2053 341 WOR

2163 286 2431 343 CIENSIS
2469 286 2871 344 EPISCOPUS.
3486 278 3489 279 ί
3712 300 3792 352 523

367 416 711 472 currendam
774 416 843 452 ⁸⁸³
873 415 993 471 fore
1037 430 1154 469 non
1184 412 1401 481 dubito,
1440 415 1613 485 prout
1640 416 1841 482 potero
1867 426 2063 482 ungue
2090 413 2136 467 Α
2173 412 2522 467 Testamenti
2553 411 2879 467 declaratio.
2912 411 2973 466 Si
3019 411 3148 482 quis
3197 415 3383 468 autem
3428 411 3593 469 insani
3635 420 3793 491 capitis

365 512 535 561 tenus
594 505 918 575 exprimere
975 520 1093 558 non
1127 503 1357 558 desisto.
1400 503 1462 556 In
1495 506 1868 555 sacrosanctae
1917 500 2065 554 Scri-

364 601 553 667 pturae
600 593 991 647 voluminibus
1048 593 1273 663 Moysen
1325 597 1382 644 et
1433 590 1651 645 Heliam
1682 589 2066 661 quadraginta

364 683 486 737 dies
509 683 799 754 jejunasse
828 682 1088 751 legimus,
1125 680 1221 735 sed
1272 695 1345 733 an
1389 679 1457 733 ab
1509 678 1670 732 omni
1699 678 1973 732 alimento
2006 693 2065 731 se

364 770 769 826 abstinuissent
816 769 985 823 multi
1033 768 1380 823 dubitamus.
1433 767 1723 821 Christum
1754 765 2062 820 Dominum

364 866 625 914 nostrum
667 874 894 913 cursum
952 856 1331 928 quadraginta
1389 855 1613 909 dierum
1661 855 1949 925 jejunasse
2007 862 2063 908 et

366 948 652 1018 triplicem
714 946 922 1000 idcirco
994 943 1432 1013 temptationem
1499 942 1773 997 tolerasse
1836 943 1952 996 scio
2007 947 2064 996 et

367 1036 642 1090 veraciter
686 1034 873 1101 credo,
906 1032 1003 1087 sed
1035 1050 1106 1087 an
1138 1034 1288 1086 ullus
1334 1031 1632 1103 hominqm
1680 1031 1787 1085 hoc
1841 1031 2059 1099 fecerit,

364 1123 757 1195 dubito;quia
789 1123 835 1176 si
866 1124 1085 1193 Moyses
1132 1123 1217 1176 vel
1264 1120 1450 1175 Helias
1502 1124 1599 1174 aut
1648 1121 2059 1191 prophetarum

360 1213 569 1284 aliquis
611 1211 994 1284 quadraginta
1042 1210 1162 1265 dies
1214 1208 1665 1279 uniuscujusque
1713 1209 1825 1263 cibi
1883 1209 2056 1263 absti-

365 1302 602 1367 nuisset,
656 1300 957 1355 diabolicze
1001 1302 1417 1367 temptamenta
1452 1297 1824 1367 probationis,
1856 1302 1919 1351 ut
1956 1314 2057 1352 au-

358 1394 540 1455 tumo,
595 1405 711 1442 non
759 1388 1071 1441 evasisset:
1126 1402 1281 1454 nam,
1326 1390 1389 1439 ut
1434 1385 1514 1439 ita
1576 1386 1783 1451 dicam,
1837 1385 2060 1440 facilius

357 1484 525 1544 esset,
558 1477 853 1530 hominem
884 1474 1215 1544 passibilem
1245 1473 1474 1544 probari
1523 1489 1698 1543 quam
1737 1474 2056 1529 dominato-

358 1581 482 1619 rem
513 1566 687 1619 totius
715 1570 994 1617 creaturae
1042 1563 1331 1633 temptari.
1366 1563 1525 1615 Nunc
1572 1568 1764 1616 autem
1800 1562 1905 1616 tibi
1952 1564 2058 1617 hoc

360 1654 722 1707 tractandum
800 1652 1084 1722 relinquo,
1171 1650 1449 1722 quoniam
1519 1650 1588 1705 de
1637 1651 1850 1705 talibus
1905 1652 2103 1737 ultral

360 1740 521 1811 loqui
601 1740 911 1801 tremisco;
971 1738 1249 1807 scriptum
1300 1754 1548 1808 namque
1598 1744 1727 1792 est:
1793 1759 1822 1787 ‹‹
1877 1738 2057 1793 Omne

360 1849 387 1880 α
420 1829 657 1883 verbum
689 1829 934 1882 otiosum
960 1827 1112 1898 quod
1146 1826 1321 1881 locuti
1352 1827 1562 1881 fuerint
1597 1827 1880 1895 homines,
1920 1828 2055 1882 red-

361 1940 390 1965 a
422 1917 561 1970 dent
582 1916 864 1970 rationem
889 1916 958 1969 de
988 1932 1052 1969 eo
1084 1916 1141 1968 in
1172 1916 1262 1969 die
1280 1916 1482 1986 judicii
1513 1915 1731 1985 (Matth.
1762 1932 1862 1981 χιι,
1897 1918 2005 1983 36).
2028 1936 2053 1967 ι)

359 2006 527 2060 Istius
577 2021 709 2058 vero
789 2003 1240 2074 investigationis
1316 2004 1823 2074 interrogationem
1883 2020 2055 2075 quam

354 2094 617 2165 pluribus
677 2108 1093 2163 proposueram
1155 2092 1527 2163 sapientibus,
1585 2108 1713 2145 cum
1763 2108 1880 2145 non
1930 2109 2057 2146 sum

355 2182 611 2247 edoctus,
672 2181 874 2234 crescit
946 2180 1180 2234 morbus
1238 2180 1534 2251 praedictus
1620 2180 2053 2250 centuplicatus.

352 2269 717 2341 Quapropter
781 2275 880 2323 tua
941 2285 1033 2323 me
1105 2276 1300 2323 sancta
1357 2270 1657 2324 veritatem
1685 2269 1921 2323 edoceat
1976 2286 2057 2323 sa-

352 2358 591 2428 pientia,
622 2362 685 2411 ut
730 2358 1005 2429 laqueum
1052 2363 1243 2411 reatus
1276 2374 1391 2411 non
1422 2358 1732 2422 incurram,
1792 2358 1889 2417 sed
1943 2374 2058 2428 pce-

356 2447 615 2500 nitentiae
667 2446 757 2499 vel
811 2462 957 2499 verte
1007 2446 1385 2499 confessionis
1431 2446 1678 2501 fructum
1738 2447 2048 2518 acquiram,

355 2550 527 2606 quem
558 2534 870 2605 apostolica
901 2535 1138 2588 dicendo
1180 2534 1439 2605 promisit
1484 2534 1802 2605 sapientia:
1837 2554 1865 2587 ‹‹
1908 2536 2047 2591 Con-

356 2644 384 2675 a
416 2624 586 2679 fessio
614 2623 679 2677 ﬁt
705 2624 774 2678 ad
799 2625 1041 2677 salutem
1068 2625 1238 2694 (Rom.
1262 2640 1313 2689 χ,
1350 2625 1455 2693 10).
1491 2644 1518 2673 ››

424 2715 477 2766 9.
528 2712 599 2767 Ut
645 2719 839 2766 autem
896 2713 1014 2765 haec
1072 2728 1268 2765 servus
1327 2713 1424 2766 Dei
1471 2712 1777 2783 perspexit,
1854 2712 2053 2783 hujus-

352 2802 574 2855 cemodi
605 2786 972 2855 correctionis
1034 2801 1206 2855 verba
1259 2800 1447 2855 eidem
1487 2801 1687 2872 juveni
1720 2800 1833 2855 die
1886 2802 2056 2857 tertia

348 2890 640 2959 rescripsit
680 2905 693 2918 θ

2178 518 2247 555 ex
2285 501 2441 555 illius
2498 501 2862 555 lucidissimis
2894 500 3128 573 judiciis
3174 517 3289 556 non
3342 503 3633 574 corrigitur,
3674 509 3799 562 vani-

2175 588 2309 643 tatis
2364 589 2618 643 ludibrio
2674 589 2875 643 illusus
2934 590 3236 660 decipitur.
3296 590 3547 645 Vanitatis
3593 594 3795 650 ludibrio

2175 676 2573 747 unusquisque
2603 676 2905 747 decipitur,
2941 676 3042 747 qui
3089 676 3337 731 stultitiae
3377 677 3504 730 vitio
3543 681 3799 736 vanissimo

2173 765 2400 835 capitur
2426 773 2483 818 et
2513 781 2628 819 non
2665 765 2934 819 virtutem
2964 765 3174 835 quaerit
3204 780 3304 819 nec
3330 765 3515 819 vitium
3542 766 3686 838 fugit.
3716 770 3800 840 lgi-

2171 858 2268 907 tur
2288 870 2459 908 omne
2508 854 2713 908 vitium
2759 854 3101 924 fugiendum
3147 858 3257 920 est;
3313 860 3455 908 certe
3497 856 3706 910 stultitia
3730 858 3799 910 fu-

2170 941 2382 1011 gienda
2441 947 2563 996 est:
2624 942 2728 996 hoc
2781 941 2996 1013 quippe
3052 941 3253 995 vitium
3324 941 3557 995 hominis
3623 948 3709 996 est.
3750 945 3802 999 Et

2170 1035 2402 1084 econtra
2440 1029 2629 1084 omnis
2660 1031 2837 1085 virtus
2864 1029 3213 1101 requirenda
3259 1034 3370 1096 est;
3417 1030 3665 1101 sapientia
3697 1032 3800 1102 qui-

2169 1119 2301 1172 dem
2322 1118 2669 1190 requirenda
2699 1124 2813 1184 est;
2846 1118 2970 1189 ipsa
2998 1119 3154 1171 enim
3206 1118 3382 1172 virtus
3421 1118 3516 1172 Dei
3542 1123 3635 1173 est.
3657 1118 3801 1183 Quam

2168 1223 2396 1261 summo
2436 1208 2627 1262 studio
2683 1207 3043 1278 maximaque
3099 1206 3400 1276 diligentia
3437 1206 3685 1277 requirat,
3726 1208 3802 1277 qui

2170 1296 2269 1349 Dei
2297 1295 2503 1350 fortem
2535 1296 2800 1349 virtutem
2845 1311 3187 1365 cognoscere
3244 1295 3455 1364 cupiat.
3510 1293 3640 1358 Quid
3684 1295 3799 1349 enim

2167 1390 2252 1437 est
2279 1384 2484 1439 fortius
2510 1401 2682 1455 quam
2718 1384 2816 1438 Dei
2845 1384 3044 1449 virtus,
3078 1384 3212 1455 quid
3242 1384 3480 1438 lucidius
3505 1399 3661 1453 quam
3686 1384 3801 1453 quod

2169 1472 2270 1528 Dei
2296 1474 2415 1528 veri
2446 1474 2580 1528 solis
2612 1474 2902 1528 iiluminat
2941 1473 3151 1535 radius,
3202 1472 3342 1544 quid
3390 1472 3630 1526 veracius
3669 1488 3801 1543 quam

2168 1563 2322 1633 quod
2376 1563 2604 1632 scripsit
2682 1562 2862 1632 ipsius
2920 1561 3183 1615 Veritatis
3258 1563 3498 1615 manus?
3548 1562 3631 1616 Ait
3683 1564 3801 1613 enim

2112 1690 2128 1735 ;
2168 1650 2462 1721 Scriptura
2494 1667 2506 1705 :
2545 1651 2841 1704 Descendit
2871 1651 3082 1721 Moyses
3114 1649 3182 1704 de
3215 1656 3427 1713 monte,
3464 1648 3596 1702 duas
3628 1648 3801 1702 tabulas

2169 1739 2419 1809 lapideas
2447 1745 2682 1809 portans
2734 1739 2794 1792 in
2829 1740 3093 1792 manibus
3125 1737 3258 1805 suis,
3312 1738 3543 1808 scriptas
3584 1742 3800 1807 utrasque

2167 1826 2349 1897 digito
2377 1825 2495 1881 Dei.
2541 1828 2603 1880 In
2637 1826 2847 1898 quibus
2877 1827 3049 1880 etiam
3069 1826 3278 1881 tabulis
3309 1826 3685 1879 subtitulatum
3709 1829 3799 1878 est:

2168 1916 2383 1985 Moyses
2440 1916 2542 1969 Dei
2610 1932 2802 1970 servus
2854 1916 3133 1986 jejnuavit
3213 1916 3588 1985 quadraginta
3631 1915 3729 1967 dies
3764 1920 3803 1967 et

2165 2003 2408 2057 totidem
2464 2009 2677 2069 noctes,
2733 2008 2797 2057 ut
2840 2005 3027 2074 legem
3074 2004 3299 2057 Domini
3352 2008 3653 2057 mereretur
3699 2002 3806 2079 εισεεί-⁸

2165 2107 2321 2161 pere.
2353 2091 2500 2157 Quid
2531 2091 2764 2157 mirum,
2799 2092 2845 2145 si
2886 2094 3099 2163 Moyses
3144 2093 3242 2145 illo
3288 2092 3527 2162 jubente
3555 2092 3801 2161 jejunavit,

2164 2179 2224 2235 in
2254 2181 2416 2251 cujus
2459 2197 2637 2251 regno
2673 2197 2991 2252 numquam
3043 2181 3190 2234 ullus
3241 2181 3499 2247 esurivit,
3546 2180 3639 2233 sub
3682 2179 3804 2247 cujus

2164 2284 2407 2338 persona
2438 2269 2505 2324 ad
2528 2270 2935 2340 corrigendum
2995 2269 3373 2324 Israeliticum
3427 2270 3683 2339 populum
3730 2268 3807 2320 hu-

2157 2358 2413 2429 jusmodi
2462 2358 2636 2413 verba
2688 2358 3059 2412 correctionis
3114 2359 3400 2429 propheta
3442 2357 3803 2428 proclamavit:

2169 2469 2190 2497 ι
2225 2446 2280 2501 Si
2302 2446 2579 2512 esuriero,
2611 2463 2730 2501 non
2757 2447 2943 2502 dicam
2990 2447 3113 2513 tibi,
3166 2462 3327 2500 meus
3379 2451 3463 2499 est
3500 2445 3643 2499 enim
3689 2443 3808 2496 orbis

2166 2554 2195 2586 α
2245 2540 2413 2589 terrae
2453 2536 2618 2605 (Psal.
2661 2552 2804 2601 xux,
2854 2538 2971 2606 l2);
3023 2557 3051 2585 ››
3083 2540 3138 2589 et
3186 2538 3444 2588 iterum:
3482 2555 3509 2583 ‹‹
3565 2531 3805 2602 Numquid

2166 2644 2193 2671 ‹‹
2217 2622 2574 2677 manducabo
2614 2639 2809 2676 carnes
2832 2629 3155 2690 taurorum,
3186 2628 3286 2676 aut
3312 2622 3643 2693 sanguinem
3662 2620 3809 2673 hirco-

2165 2730 2193 2761 α
2235 2726 2363 2765 rum
2394 2710 2644 2781 putabo?
2674 2711 2822 2781 (Ibi.,
2854 2713 2938 2777 l3)
2968 2731 2995 2762 ι)
3030 2712 3125 2765 Ille
3157 2711 3395 2782 quippe,
3425 2711 3523 2782 qui
3568 2726 3629 2763 ex
3662 2708 3808 2762 nihilo

2162 2804 2366 2853 cuncta
2395 2800 2621 2867 creavit,
2647 2798 2707 2853 in
2756 2816 2936 2867 regno
2968 2800 3167 2870 gloriae
3218 2816 3337 2853 suae
3382 2814 3680 2870 numquam
3707 2812 3807 2850 esu-

2164 2887 2314 2953 rivit,
2347 2904 2642 2958 nunquam
2706 2888 2899 2956 sitivit,
2954 2905 3059 2942 nec
3116 2904 3397 2959 umquam
3464 2885 3727 2950 dormivit,
3761 2886 3811 2935 ut

422 2997 450 3028 α
476 2977 637 3042 Quod
690 2993 780 3030 me
813 2975 883 3030 de
939 2975 1422 3047 quadragesimali
1471 2977 1694 3048 jejunio
1772 2978 1947 3049 Moysi
1994 2983 2052 3033 et
2089 2964 2128 3016 ί)
2162 2975 2489 3047 Scriptura:
2525 2977 2653 3030 aita
2695 2978 2830 3031 Ecce
2866 2993 2982 3030 non
3040 2976 3315 3030 dormitat
3365 2992 3550 3047 neque
3578 2973 3808 3029 dormita-

360 3066 538 3122 Helias
570 3067 730 3137 quasi
764 3066 1078 3119 dubitando
1134 3066 1521 3135 interrogasti,
1570 3083 1635 3120 ex
1691 3067 1801 3121 hoc
1857 3072 1934 3135 te,
1966 3068 2050 3122 fili

355 3169 506 3218 care,
556 3152 770 3207 diutius
836 3153 1099 3207 dubitare
1159 3153 1310 3206 nolo.
1378 3153 1522 3216 Quia
1577 3155 1691 3208 Deo
1746 3154 2049 3224 adjuvante

346 3239 682 3312 planissima
716 3240 997 3310 expositio
1029 3246 1130 3306 est,
1158 3242 1262 3294 hac
1285 3246 1337 3293 te
1371 3242 1626 3296 instuere
1657 3242 1846 3312 cupio.
1881 3245 2043 3307 Nam,

350 3335 413 3382 ut
436 3330 556 3398 ipse
587 3329 877 3382 confessus
917 3345 993 3395 es,
1027 3328 1074 3381 si
1124 3328 1253 3399 quis
1283 3329 1350 3383 de
1398 3331 1693 3384 sententiis
1721 3336 2047 3386 sanctarum

349 3416 771 3487 Scripturarum
845 3416 1205 3485 dubitaverit,
1282 3416 1391 3471 nisi
1442 3418 1826 3473 satisfactione
1901 3420 2043 3474 resi-

346 3506 555 3573 puerit,
590 3505 775 3576 gravis
802 3505 1027 3576 culpam
1077 3513 1266 3559 reatus
1322 3505 1559 3560 incurrit
1588 3527 1603 3574 ;
1653 3508 1699 3561 si
1725 3512 1918 3563 autem
1952 3509 2046 3563 in-

345 3595 496 3665 genii
530 3595 793 3648 ariditate
837 3610 937 3647 seu
976 3596 1158 3647 aetatis
1189 3596 1509 3648 temeritate
1538 3596 1654 3649 sive
1703 3596 2043 3668 ignorantiae

344 3682 689 3737 obscuritate
748 3687 846 3736 aut
914 3682 1243 3751 neligentias
1323 3685 1748 3739 conculcatione
1817 3686 2038 3751 illusus,

342 3770 700 3825 titubationis
728 3771 927 3825 incidit
959 3773 1296 3840 perieulum,
1339 3777 1396 3825 et
1432 3772 1667 3843 corrigit
1710 3774 1838 3844 quis
1862 3789 1992 3827 eum
2027 3789 2040 3826 :

344 3878 373 3910 «
402 3860 545 3914 scire
571 3860 758 3922 debet,
781 3860 1057 3930 quoniam
1085 3861 1185 3930 qui
1216 3861 1559 3913 converterit
1588 3867 1938 3931 peccatorem
1971 3862 2041 3915 ab

345 3968 368 3998 ι
404 3964 595 4003 errore
627 3948 733 4003 viae
782 3964 920 4010 sure,
964 3948 1201 4001 salvavit
1246 3948 1497 4001 animam
1522 3965 1684 4002 suam
1714 3966 1746 4002 a
1769 3956 1973 4016 morte,
2012 3972 2038 3999 ››

342 4040 404 4090 ut
446 4036 527 4090 ait
589 4038 827 4090 Jacohus
883 4037 1174 4105 apostolus
1235 4036 1369 4105 (Jac.
1424 4052 1474 4103 v,
1547 4040 1631 4098 l9,
1704 4039 1812 4107 ‘20).
1890 4038 2038 4107 Ergo

338 4124 591 4178 animam
626 4131 781 4177 tuam
812 4142 845 4177 a
874 4129 1058 4176 morte
1090 4124 1454 4185 salvabimus.
1490 4124 1535 4177 si
1566 4125 1714 4178 dicta
1754 4142 1883 4196 quae
1940 4126 2036 4179 de-

2160 3082 2191 3115 α
2218 3064 2303 3117 bit
2334 3064 2433 3134 qui
2452 3064 2884 3119 custoditlsrael
2909 3066 3078 3133 (Psal.
3108 3081 3231 3129 cxx,
3253 3065 3333 3131 4).
3363 3086 3391 3113 n
3431 3065 3621 3135 Igitur,
3647 3062 3807 3124 ﬁliole,

2161 3152 2316 3206 verbi
2339 3152 2525 3221 gratia
2547 3168 2677 3206 mea
2709 3152 2861 3207 dicta
2905 3150 3185 3223 intellige.
3217 3152 3276 3207 Si
3307 3152 3440 3223 quis
3471 3156 3709 3205 nostrum
3732 3146 3809 3201 ali-

2159 3239 2321 3310 cujus
2391 3241 2543 3309 regis
2608 3241 2696 3294 vel
2761 3242 3139 3311 praepotentis
3206 3240 3570 3311 imperatoris
3611 3238 3809 3292 consilio

2156 3328 2529 3397 interfuisset,
2560 3346 2689 3383 cum
2720 3329 2969 3383 diversas
3015 3330 3103 3383 sui
3146 3330 3310 3400 regni
3343 3330 3568 3384 divitias
3603 3327 3809 3397 inspice-

2158 3421 2264 3479 ret,
2296 3417 2458 3485 cujus
2483 3417 2593 3472 cibi
2621 3418 2707 3470 vel
2735 3424 2904 3487 potus
2961 3417 3189 3471 interim
3231 3418 3538 3472 dulcedine
3582 3418 3696 3486 capi
3731 3430 3813 3484 po-

2156 3505 2394 3558 tuisset?
2441 3505 2680 3559 Vidisset
2729 3522 2977 3576 namque
3028 3507 3317 3560 ministros
3361 3507 3569 3561 diversi
3625 3504 3814 3573 generis

2153 3594 2403 3647 vestibus
2434 3593 2683 3661 indutos,
2715 3594 2951 3648 domum
2985 3594 3239 3649 inclitam
3288 3596 3465 3649 variis
3506 3590 3815 3649 ornamentis

2151 3682 2505 3752 insignitam,
2561 3698 2765 3736 aurum
2818 3683 3194 3752 purissimum
3234 3683 3415 3753 signis
3464 3700 3527 3737 ac
3557 3681 3811 3753 preriosis-

2152 3772 2311 3826 simis
2336 3772 2624 3843 lapidibus
2678 3778 2965 3837 ornatum,
3014 3773 3318 3843 ipsumque
3373 3789 3586 3844 regem,
3644 3784 3813 3825 corona

2150 3877 2215 3914 ac
2263 3861 2445 3931 regali
2482 3860 2803 3914 diademate
2874 3861 3240 3927 renitentem,
3271 3861 3507 3916 divitias
3554 3860 3703 3931 regni
3744 3856 3809 3910 sui

2150 3954 2313 4003 caute
2358 3954 2696 4003 tractantem
2757 3965 2819 4001 ac
2872 3949 3140 4019 mysticas
3188 3950 3419 4003 consilii
3464 3949 3552 4003 sui
3597 3948 3812 4003 rationes

2149 4039 2566 4091 enucleantem.
2595 4038 2658 4091 Et
2689 4036 2736 4090 si
2764 4037 2979 4091 lubrica
3001 4043 3058 4090 et
3090 4037 3421 4092 transitoria
3449 4039 3619 4107 hujus
3649 4032 3811 4089 mundi

2146 4126 2329 4195 gloria
2358 4126 2655 4180 hominem
2703 4125 2763 4179 in
2824 4122 3053 4180 tantum
3086 4127 3349 4201 delectet,
3402 4132 3464 4181 ut
3519 4124 3811 4197 praecedens

337 4219 722 4267 monstramus
766 4217 930 4265 caute
964 4214 1368 4279 perscrutando
1413 4227 1558 4282 pura
1607 4219 1799 4267 mente
1842 4229 2103 4297 recon-D
2144 4219 2348 4267 natura
2380 4215 2663 4268 naturalia
2692 4229 2810 4268 non
2854 4219 3101 4284 reputet,
3144 4221 3361 4284 quanto
3399 4215 3583 4285 magis
3609 4210 3813 4266 caelestis

338 4301 445 4355 dis.
510 4299 795 4369 Scripsisti
846 4315 1096 4370 namque
1148 4300 1300 4353 hoc:
1348 4318 1377 4350 ι(
1439 4301 1502 4353 In
1548 4317 1707 4356 sacra
1740 4301 2034 4372 Scriptura

338 4408 366 4439 α
393 4390 621 4459 Moysen
661 4394 717 4442 et
744 4388 962 4442 Heliam
1005 4388 1385 4458 quadraginta
1431 4388 1550 4441 dies
1572 4390 1866 4459 jejunasse
1899 4390 2034 4461 legi-

338 4498 359 4526 ι
398 4494 547 4541 mus,
571 4477 666 4531 sed
692 4493 763 4530 an
785 4493 843 4530 se
866 4476 937 4529 ab
954 4476 1111 4530 omni
1138 4477 1413 4530 alimento
1440 4477 1839 4547 abstinuerint,
1863 4480 2032 4533 multi

333 4585 361 4616 α
395 4564 743 4620 dubitamus.
799 4584 826 4616 ιο
877 4563 1098 4618 Nodum
1146 4564 1206 4618 in
1257 4564 1442 4634 scirpo
1500 4564 1745 4634 quieris;
1804 4564 2028 4620 labores

330 4654 546 4725 quippe
613 4653 824 4724 perdit,
867 4653 967 4723 qui
1024 4653 1238 4707 nodum
1293 4652 1354 4705 in
1408 4653 1591 4723 scirpo
1651 4653 1872 4723 qumrit.
1935 4654 2028 4706 Est

328 4744 485 4798 enim
517 4743 732 4798 nodum
763 4742 823 4796 in
871 4741 1058 4812 scirpo
1106 4757 1381 4813 quaerere,
1428 4757 1495 4796 ex
1551 4741 1912 4812 apertissima
1962 4758 2026 4795 ac

324 4832 621 4887 verissima
686 4831 906 4885 ratione
989 4830 1366 4885 dubitationis
1451 4830 1831 4885 nodositatem
1891 4846 2023 4885 con-

322 4925 552 4974 nectere
582 4924 638 4973 et
680 4934 750 4973 ex
791 4918 1155 4973 serenissima
1210 4919 1334 4973 luce
1384 4918 1737 4973 densissima:
1795 4918 2021 4974 nebula:

321 5009 758 5064 crassitudinem
802 5008 1157 5062 contrahere.
1202 5008 1614 5063 Serenissiman
1662 5008 1788 5063 dico
1834 5010 2016 5063 lucem

317 5098 580 5152 videlicet
608 5101 860 5151 sanctam
891 5096 1265 5166 Scripturam,
1298 5096 1359 5150 in
1406 5112 1520 5167 qua
1564 5096 1729 5150 factis
1771 5102 1827 5151 et
1857 5096 2020 5151 dictis

317 5186 717 5256 unusquisque
770 5184 1028 5239 ﬁdelium
1064 5185 1397 5254 corrigitur;
1431 5200 1534 5254 per
1579 5184 1730 5255 quod
1791 5189 1846 5238 et
1889 5201 2017 5255 spe-

315 5274 510 5328 culum
577 5273 704 5327 vita:
770 5274 977 5327 merito
1041 5272 1394 5327 nominatur.
1461 5274 1556 5326 Est
1609 5273 1766 5327 enim
1822 5278 2015 5327 sancta

313 5362 611 5433 Scriptura
676 5366 1053 5434 utrarumque
1124 5362 1318 5433 legum
1366 5364 1423 5417 et
1481 5360 1619 5415 Novi
1681 5367 1738 5416 et
1800 5362 2014 5416 Veteris

2142 4302 2543 4373 aeternalisque
2574 4302 2754 4373 gloria
2784 4301 3009 4356 Summi
3050 4303 3297 4372 Moysen,
3333 4304 3518 4357 Deum
3543 4303 3811 4356 timentem

2140 4390 2376 4462 ejusque
2423 4395 2711 4460 praecepta
2775 4397 3135 4460 sequentem,
3219 4392 3519 4445 mundana
3590 4384 3810 4443 oblivisci

2138 4478 2315 4534 fecit?
2359 4479 2624 4533 Interfuit
2673 4478 2829 4531 enim
2883 4484 3080 4531 sancto
3123 4478 3363 4531 consilio
3398 4479 3553 4549 regis
3609 4472 3807 4535 aeterni;

2135 4567 2357 4621 viderat
2399 4572 2455 4621 et
2512 4566 2756 4638 gloriam
2811 4566 3064 4631 Domini,
3120 4566 3229 4619 hoc
3272 4571 3359 4619 est
3405 4564 3812 4620 tabernaculum

2136 4671 2253 4709 non
2284 4671 2461 4709 manu
2487 4656 2723 4723 factum,
2756 4654 2814 4708 id
2845 4658 2931 4708 est
2974 4670 3088 4708 non
3130 4654 3303 4725 hujus
3351 4655 3685 4719 creatiouis;
3734 4665 3812 4704 an-

2134 4744 2321 4798 dierat
2362 4759 2558 4797 vocem
2608 4742 2836 4797 Domini
2893 4742 3173 4797 dicentem
3206 4743 3358 4798 sibi:
3405 4763 3434 4795 α
3469 4744 3593 4797 Prae
3620 4736 3812 4795 caeteris

2134 4850 2162 4882 α
2193 4832 2368 4901 diligo
2403 4835 2474 4897 te,
2508 4835 2563 4885 et
2582 4846 2653 4885 ex
2692 4831 2922 4884 nomine
2950 4830 3082 4885 novi
3102 4836 3155 4885 te
3202 4831 3400 4901 (Exod.
3436 4847 3632 4895 xxxm,
3669 4831 3810 4895 13).»

2129 4921 2521 4991 Quadraginta
2548 4921 2700 4974 enim
2731 4936 2910 4973 annos
2940 4937 3045 4990 pro
3078 4920 3460 4991 quadraginta
3503 4919 3699 4975 diebus
3728 4929 3813 4987 per

2128 5024 2366 5063 manum
2394 5008 2568 5079 Moysi
2600 5008 2798 5061 eduxit
2843 5009 2990 5061 Deus
3033 5010 3311 5078 populum
3354 5025 3530 5062 suum
3577 5023 3677 5078 per
3732 5004 3809 5058 de-

2128 5104 2365 5164 sertum,
2398 5103 2453 5151 et
2483 5112 2613 5150 cum
2646 5112 2713 5149 eo
2752 5097 2974 5150 locutus
3032 5103 3117 5150 est
3147 5096 3289 5151 facie
3322 5097 3391 5150 ad
3424 5097 3653 5161 faciem,
3686 5094 3813 5147 sicut

2126 5186 2283 5256 loqui
2321 5186 2466 5240 solet
2493 5185 2563 5239 ad
2589 5184 2837 5238 amicum
2868 5200 3040 5239 suum
3082 5184 3277 5251 homo,
3317 5191 3379 5239 ut
3420 5185 3715 5254 Scriptura
3748 5180 3813 5233 ait

2125 5274 2325 5342 (Exod.
2359 5288 2552 5339 xxxm,
2587 5274 2703 5340 ll);
2752 5272 2904 5325 diem
2955 5272 3015 5325 in
3080 5289 3296 5327 annum
3326 5272 3594 5339 mutavit,
3626 5268 3809 5343 pabulo

2122 5362 2333 5417 caelesti
2364 5362 2645 5432 populum
2670 5375 2837 5415 suum
2860 5360 3028 5431 pavit,
3055 5376 3265 5431 panem
3294 5361 3623 5432 angelicum
3657 5360 3810 5414 homo

1724 5450 1958 5506 VARUE
2010 5450 2299 5507 LECTION
2309 5450 2404 5505 ES.

384 5539 457 5573 3“
489 5537 906 5593 sucurrendum
941 5541 960 5591 1
978 5580 988 5591 .
