4022 6190
239 207 344 257 5‘29

1440 195 1812 254 PROGZMIA.
1855 231 1923 240 —
1963 202 2113 256 VITA
2156 201 2576 258 BURCIIARDI.

3661 209 3764 261 530

233 322 623 378 manducavit.
676 320 822 386 Quis
877 323 963 374 est
1024 317 1183 373 cibus
1231 316 1493 383 caelestis,
1553 320 1641 373 vel
1687 322 1819 391 quis
1869 326 1953 377 est
1984 326 2028 378 A
2067 323 2246 391 Igitur
2269 323 2406 394 quia
2425 324 2495 376 ab
2523 321 2689 376 initio
2721 321 2892 376 fallax
2926 339 2988 377 ac
3011 324 3282 379 dubiosus
3307 327 3435 393 fuit,
3469 327 3619 382 inter
3646 345 3763 382 sus-

236 415 402 467 cibus
448 411 788 480 angelicus?
835 409 981 473 Quid
1026 422 1185 476 ergo,
1228 406 1335 474 fili,
1387 405 1538 460 dices
1582 408 1654 461 ad
1702 409 1870 464 hinc?
1901 411 1959 464 Si

238 502 463 556 nodum
505 498 780 569 quaesisti,
817 514 946 551 ecce
996 494 1282 549 invenisti.
1312 497 1438 549 Jam
1468 497 1688 553 resolve
1723 500 1956 563 nodum,

237 596 297 644 et
345 591 498 642 hunc
549 602 835 656 cognosce
886 585 1140 638 modum.
1196 585 1461 648 Putesne,
1503 585 1764 639 caelestes
1811 587 1958 640 cives

234 679 409 732 sicuti
451 683 702 730 terrenos
744 678 934 728 rastro
967 674 1053 726 vel
1088 676 1277 724 aratro
1324 673 1594 726 sudantes
1644 674 1957 729 laborando

236 782 505 838 querere
537 763 788 835 panem?
811 764 1210 832 Nequaquam.
1247 760 1356 814 Sed
1379 763 1766 829 estjustorum
1796 764 1959 834 panis

233 853 614 910 indefectivus
669 853 840 911 Deus,
891 851 991 904 Dei
1024 849 1216 913 Filius,
1261 849 1598 918 angelorum
1648 858 1876 906 creator
1905 857 1960 906 et

233 943 536 1007 dominus,
574 941 642 994 de
689 956 804 1009 quo
839 938 1120 1008 scriptum
1157 941 1282 990 est:
1317 957 1342 988 α
1383 939 1446 990 In
1494 937 1785 1008 principio
1839 944 1960 992 erat

237 1050 270 1085 α
304 1032 556 1084 Verbum
606 1033 660 1081 et
693 1027 940 1081 Verbum
993 1029 1114 1079 erat
1146 1025 1298 1094 apud
1333 1027 1513 1080 Deum
1544 1031 1602 1080 et
1652 1028 1806 1081 Deus
1838 1031 1960 1080 erat

240 1141 265 1168 ι
299 1118 553 1171 Verbum
605 1117 789 1186 (Joan.
827 1132 866 1179 ι,
906 1114 971 1180 1).
1008 1134 1034 1164 »
1074 1115 1210 1168 Ecce
1250 1114 1415 1184 panis
1460 1116 1793 1184 angelicus!
1832 1137 1859 1163 ‹‹
1892 1116 1960 1168 Et

239 1227 269 1257 α
302 1207 542 1259 verbum
578 1220 704 1258 caro
727 1204 948 1256 factum
979 1207 1065 1255 est
1087 1207 1143 1255 et
1173 1201 1448 1255 habitavit
1465 1202 1524 1255 in
1557 1202 1746 1256 nobis.
1779 1203 1953 1271 (Ibid.

239 1315 270 1346 α
305 1312 344 1360 ι,
402 1294 507 1361 14.)
538 1315 558 1341 ι
597 1295 726 1346 Ecce
777 1291 944 1344 cibus
995 1291 1238 1344 caelestis
1285 1290 1597 1359 descendit,
1645 1297 1704 1344 et
1748 1307 1956 1361 panem

237 1385 581 1453 angelorum
611 1381 778 1434 homo
831 1378 1221 1443 manducavit,
1257 1379 1487 1448 quando
1534 1380 1786 1432 Verbum
1825 1395 1955 1432 caro

234 1475 455 1527 factum
492 1472 548 1523 in
580 1468 736 1522 nobis
763 1467 1064 1521 habitavit.
1115 1469 1237 1536 Ipse
1277 1467 1431 1520 enim
1467 1467 1581 1520 ait:
1624 1490 1643 1515 α
1679 1469 1795 1537 Ego
1829 1484 1954 1520 sum

243 1583 263 1609 α
303 1559 475 1631 panis
504 1558 678 1622 vivus,
713 1556 814 1626 qui
863 1555 936 1607 de
968 1555 1111 1607 coelo
1144 1556 1413 1608 descendi
1454 1555 1630 1625 (Joan.
1660 1572 1734 1620 γι,
1770 1559 1826 1608 51
1864 1574 1878 1620 ;
1923 1581 1949 1602 ››

235 1665 344 1721 per
371 1663 545 1717 quem
585 1661 786 1716 panem
822 1643 1074 1696 mundus
1107 1643 1386 1708 consistit,
1422 1649 1477 1697 et
1516 1660 1618 1714 per
1647 1660 1820 1714 quem
1848 1660 1953 1714 po-

237 1738 415 1809 pulus
453 1733 676 1788 Domini
707 1732 1092 1802 quadraginta
1125 1748 1306 1785 annos
1341 1732 1514 1797 vixit;
1548 1733 1618 1786 de
1653 1748 1769 1802 quo
1803 1733 1953 1804 Moy-

237 1821 475 1890 sesjam
511 1824 637 1870 tunc
670 1816 941 1887 gustavit,
986 1817 1222 1885 quando
1256 1817 1399 1870 rubo
1448 1817 1718 1886 ﬂagranti
1750 1817 1955 1870 affatus

239 1910 321 1963 sic
349 1907 677 1977 respondit:
717 1928 736 1953 ε
773 1905 1034 1971 Obsecro,
1078 1904 1344 1970 Domine,
1389 1906 1550 1960 mitte
1603 1921 1780 1976 quem
1814 1907 1956 1959 mis-

243 2022 271 2048 ι(
300 2015 471 2052 surus
499 2013 554 2049 es
575 1994 779 2065 (Exod.
816 2011 891 2063 IV,
928 1997 1013 2062 13)
1051 2012 1122 2058 ις
1158 1997 1216 2047 et
1255 1994 1394 2048 alibi
1425 1995 1495 2048 de
1525 1996 1726 2048 eodem
1763 2001 1955 2063 gusta-

237 2089 346 2156 vit,
383 2085 610 2157 quando
659 2085 808 2137 inter
850 2083 1105 2152 plurima
1138 2082 1416 2136 doctrinae
1458 2099 1575 2135 sua:
1617 2082 1792 2135 verba
1823 2083 1954 2135 filiis

241 2177 422 2232 Israel
474 2175 599 2227 ait:
658 2195 677 2221 α
731 2171 1073 2242 Prophetam
1122 2169 1422 2224 suscitabit
1475 2171 1635 2225 vobis
1683 2172 1831 2224 Deus
1885 2171 1953 2225 de

243 2287 271 2317 (ι
304 2263 576 2319 fractibus
605 2261 824 2327 vestris,
854 2261 1044 2331 ipsum
1080 2259 1329 2313 audietis
1363 2260 1550 2329 (Deut.
1589 2276 1743 2324 xvm,
1782 2262 1888 2324 15).
1928 2283 1948 2309 ι

243 2357 322 2408 De
356 2369 473 2424 quo
511 2367 654 2422 pane
685 2349 952 2421 gustavit,
994 2364 1131 2403 cum
1160 2347 1546 2417 quadraginta
1576 2348 1693 2401 dies
1713 2346 1954 2416 jejuna-

241 2443 358 2496 vit:
421 2441 555 2512 quia
611 2456 725 2493 non
778 2439 837 2492 in
893 2439 1009 2491 solo
1065 2435 1349 2506 corporali
1399 2436 1526 2489 cibo
1575 2435 1714 2489 vivit
1759 2437 1953 2503 homo,

244 2531 343 2585 sed
379 2531 437 2584 in
461 2529 614 2582 omni
642 2528 813 2581 verbo
851 2527 948 2580 Dei
980 2528 1130 2587 (Luc.
1172 2540 1243 2588 IV,
1279 2524 1352 2591 4).
1390 2526 1496 2577 Per
1522 2523 1676 2594 quod
1705 2523 1954 2577 Verbum

245 2625 450 2674 cuncta
466 2622 648 2672 creata
669 2622 825 2682 sunt,
849 2621 905 2670 et
925 2614 1125 2667 omnia
1150 2611 1314 2682 quasi
1331 2629 1395 2665 ex
1417 2612 1598 2665 nihilo
1612 2611 1951 2680 consistunt,

247 2709 521 2780 quiaipse
547 2707 693 2760 Deus
724 2705 969 2758 Verbum
994 2707 1096 2755 est.
1127 2721 1155 2749 «
1179 2699 1425 2753 Verbum
1455 2705 1577 2754 erat
1593 2701 1746 2770 apud
1777 2701 1954 2754 Deum

250 2818 275 2847 (ι
297 2803 356 2851 et
386 2798 532 2850 Deus
561 2801 681 2848 erat
705 2794 960 2848 Verbum
984 2793 1175 2856 (Joan.
1204 2806 1241 2855 ι,
1280 2788 1350 2857 1.)
1377 2810 1403 2837 ››
1425 2791 1488 2843 In
1514 2789 1620 2843 hoc
1641 2791 1855 2859 quippe
1874 2791 1957 2844 in-

2065 413 2400 481 pensionem
2453 411 2828 465 dubitationis
2879 412 3079 466 incidit
3121 415 3440 483 periculum
3487 415 3760 485 despera-

2065 500 2256 566 tionis,
2280 506 2336 553 et
2366 516 2468 570 per
2498 500 2725 552 ruinam
2748 500 3166 569 desperationis
3197 503 3516 572 passionem
3550 504 3765 573 patitur

2067 593 2295 642 internae
2328 589 2736 655 damnationis,
2777 593 2949 659 atque
2989 592 3256 660 expulsus
3289 591 3346 644 in
3379 593 3643 646 tenebras
3675 609 3766 645 ex-

2065 678 2325 741 teriores,
2375 676 2680 729 infernales
2730 677 2931 730 merito
2975 680 3213 747 pertulit
3257 680 3568 749 passiones.
3603 680 3766 743 Quod

2069 769 2258 818 autem
2293 764 2661 834 interrogasti
2689 765 2758 818 de
2796 765 3022 835 jejunio
3075 769 3268 832 Helize,
3321 770 3426 822 hac
3482 769 3766 822 sententia

2067 850 2344 921 intelligo.
2401 852 2608 922 Legisti
2654 851 2846 919 etiam,
2898 859 3059 923 puto,
3116 859 3170 908 et
3218 855 3564 922 intellexisti,
3618 871 3766 926 quo—

2067 939 2236 992 modo
2263 945 2392 1008 post
2420 939 2908 1009 imprecationem,
2943 958 3116 1010 quam
3157 942 3289 996 fecit
3333 959 3504 1013 super
3535 944 3765 998 habita-

2067 1032 2220 1081 tores
2269 1028 2524 1090 Galaath,
2576 1028 2763 1081 Helias
2825 1030 3135 1083 absconsus
3185 1031 3254 1084 ab
3301 1032 3492 1085 Achab
3532 1049 3665 1103 rege
3703 1033 3765 1086 in

2066 1119 2317 1168 torrente
2377 1116 2569 1170 Carith
2618 1118 2733 1169 Deo
2780 1117 3019 1186 jubente
3067 1135 3098 1170 a
3143 1119 3324 1171 corvis
3371 1124 3659 1173 recreatus
3710 1127 3768 1174 et

2065 1208 2260 1272 pastus
2307 1209 2392 1257 est
2443 1205 2532 1271 (III
2580 1207 2703 1272 Reg.
2761 1205 2913 1273 xvu).
2976 1207 3107 1258 Post
3165 1210 3277 1259 tres
3334 1212 3524 1260 autem
3582 1224 3766 1262 annos

2066 1297 2354 1361 praecepto
2392 1292 2490 1345 Dei
2523 1293 2770 1346 ostendit
2817 1309 2875 1347 se
2908 1294 3119 1360 Achab,
3153 1295 3383 1363 quando
3428 1297 3618 1349 zelans
3667 1313 3766 1350 ze-

2067 1379 2187 1429 lum
2223 1378 2449 1431 Domini
2492 1379 2946 1448 quinquagintos
2979 1381 3400 1450 quinquaginta
3447 1384 3768 1436 sacerdotes

2067 1464 2200 1517 Baal
2243 1464 2562 1519 interﬁcere
2601 1467 2807 1535 juSsit;
2851 1467 3053 1520 eodem
3086 1468 3176 1520 die
3219 1485 3247 1519 a
3303 1469 3414 1521 Deo
3450 1471 3767 1539 impetraris

2065 1551 2341 1621 pluviam.
2377 1554 2589 1607 Deinde
2622 1555 2832 1606 timens
2857 1555 3039 1607 minas
3059 1556 3297 1619 Jesabel,
3333 1559 3659 1611 furibunda}
3685 1574 3770 1612 re-

2065 1640 2239 1710 ginae,
2273 1656 2376 1710 per
2404 1641 2692 1694 desertum
2745 1643 2888 1711 fugit
2919 1650 2976 1695 et
3021 1644 3079 1695 in
3114 1644 3316 1696 umbra
3358 1644 3615 1714 juniperi
3661 1662 3768 1715 pro

2067 1729 2236 1782 taedio
2286 1731 2494 1782 animus
2546 1731 2910 1784 obdormivit.
2953 1732 3110 1784 Tunc
3159 1748 3388 1803 quoque
3441 1733 3510 1786 ab
3558 1735 3766 1804 angelo

2063 1816 2154 1870 bis
2192 1818 2484 1884 excitatus,
2523 1824 2578 1871 et
2626 1820 2694 1871 de
2749 1820 3109 1887 longitudine
3163 1819 3266 1873 viae
3323 1823 3652 1887 instructus,
3704 1839 3770 1876 ac

2066 1905 2436 1959 subcineritio
2492 1923 2638 1975 pane
2690 1913 2745 1958 et
2792 1923 2940 1976 aqua
2994 1908 3257 1972 refectus,
3318 1909 3377 1962 in
3423 1909 3761 1964 fortitudine

2066 1992 2179 2046 cibi
2204 1993 2360 2046 illius
2392 1994 2709 2047 ambulavit
2742 1996 3119 2065 quadraginta
3149 1997 3266 2050 dies
3307 2004 3365 2050 et
3393 1999 3634 2054 totidem
3668 2017 3767 2053 no-

2065 2087 2200 2136 ctes.
2237 2083 2396 2136 Unde
2429 2090 2596 2153 putas
2629 2085 2788 2155 panis
2833 2084 2940 2138 iste
2969 2086 3139 2151 venit,
3191 2087 3275 2138 vel
3322 2103 3434 2156 quo
3484 2089 3553 2140 de
3606 2089 3766 2142 fonte

2064 2170 2187 2224 haec
2229 2185 2376 2239 aqua
2419 2170 2622 2224 hausta
2669 2170 2821 2224 fuit?
2868 2173 3030 2237 Nam,
3082 2178 3141 2226 ut
3190 2173 3450 2243 legimus,
3498 2177 3685 2229 Helias
3735 2194 3768 2230 a

2067 2260 2183 2312 Deo
2215 2263 2409 2324 raptus
2435 2275 2540 2328 per
2575 2259 2864 2313 turbinem
2905 2261 2963 2312 in
2997 2262 3200 2314 rceluin
3236 2262 3423 2314 adhuc
3452 2265 3768 2331 corporalis

2062 2347 2220 2400 vivit.
2253 2346 2360 2400 Sed
2402 2346 2472 2399 de
2517 2364 2631 2416 quo
2682 2364 2827 2418 pane
2876 2348 3151 2414 reficitur,
3198 2354 3296 2402 aut
3343 2350 3411 2403 de
3446 2367 3559 2420 quo
3607 2352 3768 2407 fonte

2066 2443 2235 2509 putas
2268 2438 2454 2508 potari
2478 2441 2506 2493 ?
2550 2439 2681 2492 Dico
2711 2439 2813 2492 tibi
2845 2455 2948 2508 pro
2987 2441 3245 2505 veritate,
3279 2442 3429 2511 quod
3469 2442 3608 2512 ipse,
3643 2444 3767 2514 qui,

2065 2531 2129 2580 ut
2163 2525 2301 2594 dixi,
2333 2527 2501 2596 panis
2524 2527 2813 2596 justorum
2862 2528 3135 2593 consistit,
3185 2530 3521 2584 alimentum
3554 2534 3770 2586 saturi-

2065 2613 2200 2667 tatis
2236 2613 2411 2666 Heliae
2443 2614 2656 2684 absque
2698 2614 2870 2668 dubio
2902 2616 3121 2668 tribuit.
3156 2620 3318 2685 Aqua
3346 2633 3479 2670 vero
3518 2619 3770 2686 potatio-

2068 2702 2156 2754 nis
2195 2717 2263 2754 ex
2298 2701 2453 2754 illius
2483 2702 2638 2756 fonte
2665 2709 2911 2766 emanat,
2944 2705 3043 2773 qui
3073 2704 3249 2758 dixit:
3287 2724 3313 2754 ‹‹
3341 2708 3558 2774 Aquam
3593 2723 3772 2776 quam

2070 2808 2094 2840 α
2130 2804 2235 2858 ego
2286 2789 2495 2843 dedero
2542 2790 2640 2861 qui
2694 2790 2923 2855 biberit,
2970 2808 3031 2844 ex
3068 2808 3134 2844 ea
3170 2808 3281 2844 non
3317 2792 3467 2845 sitiet
3513 2809 3771 2863 unquam

249 2885 586 2955 telligimus,
621 2882 758 2953 quia
793 2883 939 2935 Deus
961 2882 1130 2935 Pater
1167 2877 1339 2932 Filius
1370 2879 1492 2949 ipse
1523 2872 1628 2944 est,
1673 2883 1730 2932 et
1760 2879 1952 2946 Filius,
1987 2880 2027 2934 C
2068 2878 2386 2948 («(Joan.1v,
2415 2881 2477 2932 13
2505 2895 2518 2945 ;
2542 2879 2663 2949 n)et
2685 2878 2923 2932 iterum:
2952 2899 2976 2929 ‹‹
2997 2879 3102 2942 Qui
3128 2880 3338 2933 biberit
3360 2897 3566 2951 aquam
3593 2898 3768 2952 quam

248 2975 358 3028 hoc
392 2978 476 3026 est
499 2974 763 3033 Verbum,
788 2969 954 3039 panis
986 2966 1229 3021 caelestis
1259 2971 1361 3031 est,
1403 2973 1460 3020 et
1492 2967 1658 3038 panis
1688 2967 1950 3033 caelestis,

248 3063 354 3117 hoc
387 3069 474 3115 est
503 3060 768 3126 Verbum,
801 3074 932 3111 caro
971 3057 1184 3112 factum
1217 3059 1320 3124 est,
1351 3055 1475 3126 ipso
1514 3056 1726 3109 fatente
1770 3060 1828 3109 et
1862 3054 1955 3108 di-

251 3158 453 3206 cente:
493 3173 512 3198 (
555 3149 718 3203 Panis
769 3162 939 3217 quem
977 3162 1083 3216 ego
1119 3144 1352 3211 dedero,
1403 3161 1532 3198 caro
1565 3161 1690 3198 mea
1723 3149 1806 3198 est
1849 3159 1952 3214 pro

255 3260 280 3293 ι
315 3239 515 3294 mundi
561 3239 672 3291 vita
706 3238 890 3307 (Joan.
944 3251 1015 3290 v1.
1049 3233 1157 3302 5'2).
1197 3255 1222 3281 ››
1270 3234 1394 3302 Ipse
1443 3234 1658 3303 quippe
1706 3233 1823 3287 vita
1871 3237 1956 3285 est

254 3335 307 3383 et
337 3330 670 3382 alimentum
703 3324 1041 3394 angelorum
1073 3339 1137 3376 ac
1172 3322 1492 3387 hominum,
1521 3322 1620 3391 qui
1641 3322 1776 3376 facit
1804 3325 1958 3374 utra-

255 3435 364 3489 que
396 3433 611 3481 unum;
646 3416 769 3484 ipse
803 3428 1035 3482 quoque
1057 3412 1282 3481 Moysen
1312 3410 1685 3480 spiritualiter
1705 3410 1951 3475 satiavit,

257 3505 482 3578 quando
503 3503 885 3575 quadraginta
906 3502 1026 3555 dies
1053 3499 1428 3570 corporaliter
1446 3498 1748 3568 jejunavit.
1783 3499 1957 3568 Cujus

257 3596 531 3649 excelsam
577 3591 898 3664 potentiam
953 3603 1341 3658 magnamque
1405 3587 1854 3642 misericordiam
1902 3592 1958 3640 et

259 3685 558 3755 antiquum
590 3681 894 3735 consilium
922 3677 1180 3732 diabolus
1219 3692 1337 3729 non
1367 3675 1713 3744 recognovit,
1743 3691 1875 3728 cum
1905 3675 1958 3728 ei

261 3774 538 3843 triplicem
571 3776 626 3824 et
669 3767 1106 3838 temptationem
1155 3764 1473 3836 proposuit.
1514 3765 1643 3817 Erat
1686 3764 1840 3818 enim
1887 3763 1957 3816 ab

260 3861 421 3915 initio
468 3861 711 3914 fratrum
742 3860 1035 3910 accusator
1060 3871 1124 3907 ac
1154 3853 1428 3924 nequitia:
1460 3853 1672 3906 arbiter
1717 3852 1956 3906 menda-

261 3950 445 4021 ciique
494 3951 756 4003 inventor
787 3950 844 4000 et
885 3959 1172 4014 nugarum
1204 3942 1610 4013 canopicorum
1663 3939 1958 4011 sagacissi-

261 4056 388 4094 mus
420 4037 708 4109 magister.
747 4033 936 4089 Latuit
965 4034 1120 4087 enim
1160 4033 1220 4085 in
1251 4032 1422 4085 corde
1461 4029 1791 4091 Pharaonis,
1825 4045 1955 4082 exa-

262 4129 449 4199 gitans
478 4127 704 4196 Moysen
745 4139 849 4193 per
875 4125 1293 4191 temptamenta
1338 4119 1574 4174 diversae
1602 4117 1953 4188 quaestionis.

265 4219 408 4285 Ergo
436 4216 662 4284 Moysen
695 4210 991 4266 hominem
1032 4208 1384 4279 recognovit,
1428 4208 1523 4260 sed
1557 4205 1768 4261 Christi
1812 4205 1957 4260 divi-

261 4304 498 4357 nitatem
538 4317 706 4354 carne
731 4301 976 4353 velatam
1017 4313 1135 4352 non
1167 4295 1470 4362 intellexit,
1496 4294 1742 4364 ideoque
1775 4295 1956 4348 Deum

262 4391 550 4445 hominem
577 4389 890 4459 perfectum
922 4386 1222 4440 dubitavit.
1243 4385 1513 4449 Quamvis
1541 4383 1696 4436 enim
1719 4398 1956 4436 uxorem

264 4480 428 4534 Pilati
465 4495 568 4547 per
609 4477 790 4530 visum
838 4492 942 4546 pro
989 4473 1381 4543 redemptione
1418 4472 1541 4541 ejus
1582 4474 1832 4530 vexaret.
1866 4475 1959 4524 ta-

263 4585 401 4621 men
429 4569 604 4621 Deum
652 4565 947 4620 hominem
981 4579 1102 4617 esse
1152 4577 1467 4615 venenosus
1512 4560 1608 4612 ille
1641 4559 1954 4613 dubitabat.

263 4650 568 4711 Dubitabat
603 4671 851 4726 namque
883 4653 1034 4723 apud
1080 4654 1258 4706 Deum
1307 4666 1428 4704 esse
1481 4648 1954 4714 misericordiam,

261 4751 327 4799 ut
368 4744 782 4798 humanitatem
823 4743 1061 4796 induere
1114 4756 1361 4811 suosque
1409 4754 1601 4793 servos
1645 4736 1957 4790 divinitatis

264 4851 379 4888 suae
441 4832 761 4887 admirabili
807 4830 1149 4885 commercio
1203 4844 1475 4882 renovare
1534 4827 1623 4880 vel
1673 4825 1957 4880 redimere

262 4923 550 4976 voluisset.
583 4922 638 4976 Si
670 4921 825 4975 enim
859 4937 974 4974 non
1007 4919 1295 4974 dubitaret
1323 4934 1429 4972 nec
1452 4917 1608 4988 justo
1652 4916 1955 4983 invideret,

261 5013 484 5066 Iudaeos
513 5011 766 5064 infelices
808 5010 878 5063 ad
910 5007 1360 5063 inobedientiam
1393 5022 1459 5060 ac
1489 5005 1790 5076 perfidiam
1821 5021 1956 5059 con-

263 5105 349 5152 tra
382 5101 557 5153 Deum
605 5115 720 5153 nou
760 5099 839 5152 sic
868 5099 1136 5153 excitaret
1168 5113 1353 5168 neque
1403 5111 1506 5165 per
1553 5111 1655 5148 ora
1700 5095 1956 5161 illorum,

266 5187 653 5258 Cruciligatur,
689 5189 978 5242 clamaret.
1013 5186 1253 5256 Et-quia
1295 5185 1614 5248 dubitabat,
1651 5183 1956 5238 nesciebat.

2069 2985 2096 3017 «
2130 2982 2237 3035 ego
2264 2965 2358 3029 do,
2393 2966 2489 3019 tiet
2521 2967 2578 3020 in
2602 2983 2670 3020 eo
2693 2967 2816 3019 fons
2850 2983 3018 3037 aquae
3041 2968 3297 3022 salientis
3328 2969 3385 3021 in
3405 2971 3577 3022 vitam
3608 2975 3771 3023 aster—

2072 3078 2091 3103 ι
2130 3070 2262 3106 nam
2296 3054 2476 3121 (Ibid,
2511 3057 2590 3109 14.
2623 3075 2649 3107 ι)
2676 3057 2861 3108 Helias
2888 3057 3040 3108 enim
3065 3058 3372 3127 estjustus,
3406 3069 3461 3111 et
3489 3065 3614 3112 erat
3643 3058 3770 3114 ideo

2059 3141 2299 3212 justitiaa
2357 3143 2567 3212 pabulo
2644 3144 2924 3210 refectus;
2985 3145 3121 3199 vivit
3188 3152 3244 3199 et
3302 3146 3546 3213 vivebat,
3627 3147 3772 3202 sicut

2067 3231 2340 3300 scriptum
2381 3236 2505 3286 est:
2541 3254 2568 3281 α
2601 3235 2790 3287 Justus
2821 3249 2888 3286 ex
2935 3234 3046 3288 fide
3079 3235 3214 3289 vivit
3259 3235 3408 3304 (Gal.
3462 3253 3540 3300 III,
3594 3238 3702 3308 11.)
3740 3258 3767 3287 ιο

2067 3319 2386 3385 Sufﬁciant,
2419 3321 2524 3386 fili,
2557 3322 2660 3376 tibi
2697 3323 2815 3374 haec
2861 3339 3038 3394 pauca
3073 3324 3443 3378 correctionis
3483 3325 3675 3393 verba,
3711 3331 3771 3380 ut

2067 3424 2135 3462 ex
2175 3408 2263 3461 his
2307 3408 2561 3463 minimis
2607 3410 2865 3463 imbutus
2914 3411 3068 3465 dicas
3113 3416 3332 3478 majora
3383 3414 3631 3482 perfecte
3681 3416 3769 3471 in-

2066 3496 2327 3565 telligere
2366 3501 2422 3549 et
2453 3498 2669 3551 nodum
2713 3497 2914 3550 similis
2946 3501 3276 3568 quaestionis
3322 3501 3524 3555 leviter
3564 3504 3770 3558 dissol-

2070 3598 2219 3648 vere,
2251 3582 2387 3653 quia
2414 3600 2793 3654 qua>cumque
2834 3587 3046 3657 scripta
3085 3593 3238 3655 sunt,
3281 3589 3350 3642 ad
3380 3595 3632 3645 nostram
3663 3593 3769 3646 do-

2067 3673 2309 3726 ctrinam
2365 3674 2572 3743 scripta
2604 3678 2755 3736 sunt,
2807 3679 2869 3726 ut
2912 3691 3016 3744 per
3063 3677 3398 3746 patientiam
3429 3683 3484 3732 et
3512 3682 3769 3734 consola-

2066 3761 2285 3815 tionem
2343 3760 2766 3831 Scripturarum
2834 3778 2992 3832 spem
3065 3764 3380 3818 habeamus
3433 3767 3487 3819 in
3550 3769 3769 3823 Christo

2066 3851 2195 3904 Jesu
2222 3849 2466 3904 Domino
2492 3856 2706 3914 nostro,
2743 3851 2841 3920 qui
2875 3852 3009 3905 vivit
3039 3857 3091 3905 et
3124 3859 3327 3923 regnat
3357 3855 3504 3908 Deus
3535 3856 3614 3911 im
3639 3874 3769 3911 om-

2069 3939 2162 3992 nia
2193 3941 2383 3992 secula
2411 3941 2756 4008 seculorum,
2784 3943 2986 3993 Amen.
3024 3961 3050 3992 ι)

2139 4027 2510 4083 Convenienti
2559 4044 2690 4081 vero
2739 4035 2994 4098 tempore
3036 4030 3514 4087 confabulationis
3561 4035 3769 4104 praedi-

2070 4122 2193 4170 ctus
2227 4116 2479 4186 juvenis,
2527 4117 2871 4188 quibusdam
2907 4118 3288 4173 familiaribus
3331 4121 3451 4174 suis
3489 4137 3770 4176 convoca-

2071 4205 2164 4272 tis,
2195 4209 2259 4258 ut
2287 4204 2411 4274 ipse
2450 4206 2757 4274 fatebatur,
2798 4222 2869 4260 ne
2904 4213 3019 4260 tam
3051 4208 3412 4262 delectabiles
3443 4210 3770 4266 animarum

2067 4293 2266 4363 epulas
2293 4289 2366 4326 3“
2408 4294 2562 4346 solus
2593 4293 2942 4347 ruminando
2975 4296 3369 4364 absconderet,
3407 4299 3564 4368 larga
3597 4316 3771 4354 manu

2067 4382 2181 4435 illis
2223 4381 2347 4435 haec
2373 4381 2684 4436 distribuit.
2725 4383 2810 4436 Illi
2850 4389 3041 4438 autem
3074 4391 3244 4454 caput
3271 4403 3399 4440 cum
3449 4389 3687 4458 pedibus
3717 4396 3773 4443 et

2068 4469 2376 4537 intestinis,
2409 4477 2474 4524 ut
2507 4471 2782 4541 scriptum
2815 4478 2919 4538 est,
2963 4473 3299 4528 devorantes
3331 4476 3538 4540 (Exod.
3573 4494 3665 4538 xu,
3693 4479 3768 4549 9),

2069 4576 2198 4631 qua:
2255 4560 2663 4631 superfuerunt
2700 4577 2828 4614 cum
2875 4561 3002 4615 aliis
3049 4562 3317 4616 fratribus
3365 4566 3562 4635 partiti
3614 4572 3766 4633 sunt,

2070 4655 2126 4702 et
2157 4648 2238 4701 ita
2286 4648 2356 4701 ad
2403 4653 2654 4702 nostram
2707 4649 2964 4702 notitiam
3017 4661 3420 4719 pervenerunt.
3480 4655 3586 4708 Sed
3635 4654 3771 4725 quia

2071 4742 2302 4808 propter
2331 4738 2437 4790 hoc
2466 4737 2697 4806 longius
2721 4754 2754 4790 a
2783 4739 3120 4793 rectitudine
3155 4740 3258 4794 via:
3303 4749 3511 4795 nostrae
3552 4743 3767 4813 digres-
3825 4753 3838 4765 ‘

2069 4843 2165 4878 sus
2196 4825 2486 4893 demoror,
2522 4826 2591 4879 ad
2638 4832 2887 4896 emptum
2920 4828 3032 4882 iter
3077 4829 3262 4882 redire
3308 4831 3644 4900 quantocius
3673 4849 3768 4887 co-

2070 4914 2269 4968 nabor.

2139 5006 2228 5057 20.
2271 5001 2343 5039 ⁸6⁵
2389 5002 2571 5072 Igitur
2609 5003 2685 5037 δδδ
2730 5004 2866 5075 quia
2915 5007 3062 5060 Deus
3112 5006 3182 5060 ad
3232 5022 3390 5059 suam
3438 5008 3769 5064 servitutem

2070 5098 2329 5146 nostrum
2378 5092 2538 5162 pium
2581 5091 2652 5128 ³⁵⁷
2701 5101 2984 5164 pastorem
3036 5095 3230 5165 elegit,
3275 5105 3546 5152 consueta
3592 5098 3770 5152 mise-

2073 5181 2314 5235 ricordia
2370 5198 2503 5237 eum
2555 5181 2627 5217 ³⁸⁸
2674 5184 2962 5254 tlagellare
3006 5184 3240 5251 curavit,
3295 5186 3439 5240 sicut
3489 5189 3766 5258 legimus:

1667 5289 1906 5344 VARI/E
1949 5288 2349 5343 LECTIONES.

340 5380 409 5452 ἓδι
487 5381 754 5452 epistolas
825 5386 871 5436 1.

273 5447 343 5483 ⁸⁸⁷
418 5447 581 5506 διιιιιιι
615 5467 677 5506 ac
708 5468 765 5507 n.
802 5456 942 5522 past.
977 5455 1028 5506 2.
1110 5449 1178 5487 ³⁸⁸
1210 5451 1355 5506 deest
1388 5452 1435 5504 1.

951 5379 1024 5415 ³6⁸
1090 5384 1173 5451 2.-
1213 5380 1346 5434 add.
1421 5379 1676 5433 rubram:
1747 5380 1824 5432 De
1897 5373 2233 5430 inﬁrmitate
2298 5375 2480 5428 sancti
2557 5375 2867 5432 Burchardi
2936 5376 3205 5450 episcopi.
3286 5379 3360 5416 ⁸⁵⁸
3423 5382 3644 5451 Jugiter
3711 5384 3763 5435 2.
