3960 6192
316 196 411 247 531

1315 189 1782 248 BURCHARDUS
1820 185 2364 245 WORMACIENSIS
2402 184 2800 243 EPISCOPUS.
3667 192 3753 245 532

319 314 482 380 Quem
528 315 670 368 enim
723 312 906 380 diligit
967 313 1110 367 Deus
1158 309 1233 346 “9
1284 315 1531 383 corripit,
1566 319 1616 366 et
1645 310 1815 380 quasi
1848 317 2009 381 pater
2037 314 2083 364 Α
2121 310 2241 364 lum
2272 308 2694 364 inconsolatum
2723 307 2882 363 abire
2910 305 3188 379 permisit.
3220 305 3446 371 Quoties
3475 324 3596 363 vero
3636 311 3760 364 subi-

320 397 394 433 ⁵⁷θ
422 400 481 451 in
500 398 623 465 ﬁlio
654 398 943 466 complacet
978 397 1084 450 sibi
1132 396 1309 467 (Prov.
1362 413 1444 465 ιιι,
1493 399 1600 465 l2).
1631 398 1833 450 Tactus
1861 395 2016 449 enim

323 486 524 540 morbo
551 485 819 556 paralysi,
842 484 1181 556 aegritudine
1213 485 1457 538 maxima
1498 484 1880 555 premebatur.
1909 485 2018 539 Sed

324 575 431 628 hoc
452 575 817 628 incommodo
842 590 1137 644 nunquam
1164 579 1462 644 superatus
1485 579 1582 627 aut
1600 574 1793 627 animo
1822 573 2023 627 dissso-

326 663 502 727 lutus,
547 661 606 715 in
637 662 838 716 eodem
873 663 1032 716 vultu
1072 668 1129 715 et
1159 663 1359 715 eadem
1409 663 1693 716 hilaritate
1743 678 1872 716 cum
1913 678 2018 732 pa-

326 750 527 806 tientia
571 766 797 804 summa
827 756 1237 820 permanserat.
1292 752 1365 804 Ex
1396 751 1498 804 hac
1540 752 1753 822 quippe
1801 750 1900 805 Dei
1929 767 2019 804 ca-

328 838 633 910 stigatione
670 838 733 892 in
785 855 844 893 se
876 836 943 872 δ⁷¹
1000 838 1249 908 rediens,
1301 841 1446 892 hanc
1483 840 1770 893 salubrem
1808 840 2021 909 cogita-

329 928 545 981 tionem
594 926 827 996 recepit,
871 926 1134 980 vidclicet
1168 930 1487 981 mundanas
1526 944 1616 981 res
1646 929 1796 998 apud
1843 930 2022 980 Deum

332 1031 452 1070 esse
482 1014 852 1068 exsecrabiles
903 1021 960 1069 et
992 1032 1105 1069 non
1138 1017 1321 1069 solum
1370 1016 1439 1069 ad
1470 1016 1875 1070 detrimentum
1926 1016 2026 1069 sed

331 1103 502 1156 etiam
542 1103 609 1156 ad
667 1108 1002 1173 perpetuam
1055 1101 1126 1137 ⁵⁷³
1179 1104 1385 1157 animae
1435 1104 1663 1157 ruinam
1710 1104 2021 1174 pertinere.

334 1191 493 1245 Unde
523 1206 659 1261 ergo
689 1207 792 1260 per
820 1208 1051 1245 omnem
1078 1192 1257 1245 sancti
1292 1192 1440 1246 Petri
1474 1192 1749 1245 familiam
1781 1191 2027 1262 diligen-

332 1283 417 1331 ter
447 1276 519 1311 ³⁷⁵
547 1278 840 1348 inquirere
887 1281 1181 1350 praecepit,
1215 1280 1262 1333 si
1308 1280 1487 1350 aliqui
1537 1281 1768 1335 illorum
1806 1280 2023 1351 aliquid

332 1382 400 1419 ex
431 1383 531 1420 sua
563 1372 725 1437 parte
756 1368 963 1438 injuste
1013 1369 1266 1422 ablatum
1316 1369 1431 1421 sive
1472 1370 1898 1423 incommodum
1943 1370 2024 1422 fa-

332 1462 486 1508 ctum
514 1454 744 1521 fuisset;
778 1461 835 1509 et
866 1456 913 1509 si
942 1456 1071 1526 quis
1105 1458 1278 1511 ullam
1309 1457 1649 1526 injustitiam
1683 1457 1886 1511 factam
1918 1457 2028 1512 sibi

332 1543 509 1597 fuisse
548 1544 765 1611 retulit,
812 1544 944 1598 huic
983 1544 1288 1614 dupliciter
1324 1545 1509 1599 ablata
1552 1545 1791 1600 reddere
1834 1546 2022 1616 jussit.

335 1632 517 1684 Verba
566 1632 689 1701 ejus
734 1632 1076 1687 discretione
1109 1631 1179 1669 ³⁷⁴
1217 1633 1298 1687 ita
1324 1633 1556 1688 fuerant
1600 1639 1933 1705 temperata,
1968 1638 2031 1687 ut

335 1719 578 1773 ﬁrmitas
607 1721 795 1775 cordis
827 1722 950 1791 ejus
990 1721 1059 1775 ab
1089 1722 1455 1776 audientibus
1484 1722 1648 1777 facile
1678 1722 2025 1793 intelligere-

335 1812 447 1861 tur.
480 1807 762 1879 Quicquid
793 1809 951 1863 enim
1003 1810 1365 1881 loquebatur.
1426 1811 1854 1881 Scripturarum
1901 1828 2030 1865 san-

336 1900 558 1950 ctarum
585 1894 658 1933 575
701 1898 975 1968 exemplis
1027 1898 1371 1952 dulcissimis
1416 1899 1733 1953 condiebat.
1770 1900 1901 1970 Ejus
1930 1916 2031 1954 au-

337 1989 455 2039 tem
486 1984 573 2038 ori
597 1984 821 2054 justitia
863 1986 978 2040 sive
1012 1988 1205 2057 legum
1243 1987 1460 2057 judicia
1494 1993 1593 2042 aut
1637 2004 1809 2042 sacrae
1837 1988 2035 2043 lectio-

339 2072 427 2127 nis
459 2070 529 2108 ⁸⁷⁵
559 2073 859 2128 assiduitas
890 2091 1188 2146 nunquam
1231 2077 1443 2131 deerat.
1476 2078 1841 2131 Prudentiam
1878 2078 1938 2132 in
1966 2094 2033 2133 eo

339 2161 571 2215 laudare
602 2177 715 2216 non
748 2168 835 2217 est
873 2179 1119 2227 necesse,
1151 2181 1280 2219 cum
1312 2181 1427 2219 non
1468 2167 1653 2220 solum
1693 2183 1759 2220 ex
1798 2166 2034 2237 palatio,

342 2250 441 2303 sed
497 2250 669 2303 etiam
720 2266 788 2305 ex
847 2251 1083 2306 diversis
1128 2252 1462 2323 regionibus
1512 2255 1794 2308 maximus
1850 2256 2038 2309 homi-

344 2354 483 2392 num
535 2354 809 2392 numerus
839 2340 909 2393 ad
941 2340 1381 2412 intelligendum
1429 2342 1552 2412 ejus
1599 2342 2039 2397 consilium’cu-

344 2424 760 2481 currissent‘".
798 2428 1264 2500 Frequentationi
1287 2428 1361 2464 ³⁷⁸
1388 2431 1768 2502 jejuniorum,
1802 2433 2041 2487 eleemo-

345 2515 620 2583 sinarum,
674 2515 1001 2586 vigiliarum
1034 2520 1089 2571 et
1120 2518 1444 2573 orationum
1486 2519 1565 2572 ita
1605 2523 1727 2573 erat
1765 2519 2037 2585 intentus,

344 2608 410 2658 ut
437 2604 604 2674 pauci
653 2608 860 2658 nostrae
896 2604 1079 2659 astatis
1122 2604 1231 2659 viri
1276 2605 1411 2660 huic
1457 2612 1688 2677 possent
1730 2607 2039 2678 adaequari.

349 2694 490 2747 Nam
522 2692 633 2746 nisi
661 2691 999 2748 inﬁrmitate
1031 2694 1408 2765 compellente
1446 2696 1534 2749 vel
1571 2694 1820 2749 maxima
1852 2712 2044 2750 neces-

347 2780 511 2835 sitate
541 2786 801 2851 cogente,
835 2798 999 2852 pane,
1030 2782 1324 2837 holeribus
1352 2788 1409 2836 et
1435 2783 1619 2854 pomis
1645 2785 2047 2838 tantummodo

2126 403 2310 452 taneae
2344 398 2544 453 mortis
2590 397 2841 451 incursio
2882 398 3000 450 sive
3044 399 3192 450 aeris
3232 402 3416 450 terror
3457 398 3536 451 vel
3581 399 3764 453 saevitia

2126 487 2492 541 inimicorum
2533 502 2635 540 seu
2666 486 2905 556 alicujus
2945 485 3297 538 adversitatis
3342 486 3638 555 periculum
3676 487 3764 541 im-

2128 576 2400 641 minebat,
2454 575 2641 628 statim
2686 573 3002 628 convocatis
3049 574 3320 627 fratribus
3374 575 3669 628 orationum
3718 593 3771 630 ac

2122 664 2478 734 jejuniorum
2530 662 2846 715 constantia
2899 661 3005 715 hoc
3062 661 3380 732 superabat.
3434 662 3560 715 Ecce
3611 678 3773 716 coram

2133 754 2246 806 Deo
2293 758 2349 805 et
2380 752 2599 822 angelis
2645 769 2765 820 ejus
2813 749 3107 804 veritatem
3156 749 3356 803 scribo.
3389 751 3529 819 Ergo
3566 748 3631 785 ³⁸³
3658 753 3772 804 assi-

2129 842 2239 895 due
2272 840 2331 894 in
2383 856 2560 894 unum
2599 839 2948 909 congregati,
3001 839 3138 892 dum
3170 840 3289 907 ejus
3348 839 3523 891 varias
3570 838 3773 893 virtutes

2130 929 2606 995 collaudaremus,
2640 929 2842 996 fateor,
2874 944 2976 981 nos
3018 928 3137 997 jam
3170 927 3276 979 hoc
3321 926 3611 991 divinasse,
3647 929 3772 997 quod

2130 1035 2328 1072 verum
2374 1023 2478 1083 est,
2525 1018 2623 1071 illo
2674 1022 2903 1071 mortuo
2933 1017 2992 1070 in
3026 1017 3131 1069 hoc
3167 1014 3293 1069 loco
3325 1013 3400 1049 ³⁸⁶
3454 1016 3658 1068 nullum
3705 1016 3773 1069 sui

2132 1107 2487 1160 consimilem
2547 1104 2618 1139 ⁵⁸⁷
2676 1112 2795 1160 tam
2840 1104 3155 1159 clarissima
3206 1104 3320 1157 vita
3371 1120 3491 1157 esse
3536 1104 3771 1157 futurum.

2134 1196 2274 1249 Nam
2320 1194 2582 1265 quamvis
2627 1193 2966 1264 aegritudine
3009 1192 3292 1255 detentus,
3337 1190 3398 1244 in
3451 1190 3547 1244 Dei
3591 1192 3774 1244 servitio

2132 1289 2327 1337 tamen
2387 1283 2597 1337 mansit
2665 1282 2908 1336 invictus
2957 1279 3052 1335 ³³⁸.
3092 1280 3495 1334 Monasterium
3556 1280 3690 1332 enim
3732 1283 3772 1331 in

2133 1373 2413 1426 honorem
2464 1371 2641 1425 sancti
2686 1370 2909 1425 Martini
2955 1368 3334 1437 consignavit.
3385 1366 3491 1421 Sed
3537 1382 3681 1419 muro
3721 1364 3775 1398 ³⁸9

2134 1477 2199 1514 ex
2256 1465 2417 1530 parte
2474 1463 2724 1529 peracto,
2784 1456 2992 1525 regalis
3042 1454 3116 1489 59°
3168 1455 3534 1508 crebrositate
3577 1453 3779 1506 servimi-

2138 1548 2228 1603 nis
2286 1554 2344 1603 et
2408 1548 2653 1601 maxime
2708 1546 2936 1600 assidua
2983 1545 3317 1599 infirmitate
3383 1557 3599 1596 necnon
3647 1541 3777 1594 variis

2139 1637 2576 1693 adversitatibus
2613 1635 2945 1706 impeditus,
2989 1633 3137 1704 proh
3176 1632 3375 1687 dolor'
3412 1645 3669 1701 peragere
3695 1645 3778 1682 non

2138 1725 2325 1798 potuit
2353 1744 2368 1792 ;
2399 1730 2455 1779 et
2476 1724 2555 1777 ita
2581 1723 2723 1777 illud
2749 1721 3159 1776 monasterium
3183 1720 3702 1792 quasisemifactum
3720 1732 3779 1771 us

2140 1830 2251 1887 que
2281 1814 2449 1868 hodie
2485 1812 2760 1865 remansit
2788 1809 2855 1846 39‘
2876 1852 2889 1866 .

2209 1906 2299 1956 2t.
2330 1903 2464 1955 Post
2491 1900 2612 1954 haec
2643 1897 2715 1934 ³9³
2749 1914 2883 1953 vero
2929 1897 2998 1934 '93
3046 1898 3363 1969 imperator
3395 1895 3671 1952 Heinricus
3696 1909 3781 1948 mo-

2141 1991 2288 2045 ritur
2319 1990 2499 2059 (1024,
2539 1990 2660 2043 Jul.
2710 1989 2817 2057 13),
2867 1987 3107 2058 ejusque
3140 1984 3214 2020 39‘
3243 2002 3453 2055 corpus
3481 1985 3546 2039 ad
3586 1985 3779 2038 Babum-

2142 2081 2282 2149 berg
2311 2080 2546 2133 effertur
2584 2076 2654 2113 ³9⁸
2685 2076 2884 2145 ibique
2915 2092 3043 2129 cum
3089 2074 3345 2129 maximo
3389 2076 3596 2127 honore
3624 2071 3783 2142 sepell-

2144 2175 2254 2222 tur.
2305 2167 2427 2231 Quo
2475 2169 2717 2232 mortuo,
2765 2165 3057 2219 Conradus
3106 2162 3358 2234 juvenis,
3410 2178 3574 2233 quem
3615 2158 3677 2196 ³9⁵
3716 2176 3782 2213 su-

2147 2273 2247 2328 pra
2278 2255 2527 2309 diximus
2557 2254 2675 2322 (22)
2709 2253 2777 2306 ab
2810 2252 3078 2323 episcopo
3108 2253 3167 2305 in
3190 2250 3291 2305 Dei
3322 2252 3527 2304 timore
3556 2248 3783 2303 nutritum

2147 2350 2205 2399 et
2222 2345 2471 2409 doctum,
2488 2342 2585 2396 Dei
2599 2341 2783 2412 gratia
2803 2342 3024 2394 favente
3046 2356 3272 2393 summa
3286 2355 3479 2393 rerum
3503 2339 3691 2409 potitus
3708 2342 3784 2390 est.

2150 2436 2284 2487 Post
2310 2432 2442 2485 hinc
2461 2429 2779 2496 biennium,
2804 2445 2976 2500 quam
3004 2445 3099 2482 rex
3118 2428 3177 2481 in
3202 2428 3371 2499 regni
3392 2428 3591 2482 solium
3612 2431 3682 2479 est
3700 2425 3792 2478 sub-

2149 2522 2380 2575 limatus
2410 2519 2522 2589 (an.
2569 2522 2724 2584 1025,
2754 2519 2886 2580 Jul.)
2921 2516 3281 2569 imbecillitas
3314 2516 3522 2569 virium
3551 2530 3690 2568 servo
3719 2511 3791 2566 Dei

2151 2609 2304 2662 ultra
2335 2604 2407 2640 ³9⁷
2440 2606 2669 2659 solitum
2701 2620 3013 2659 accressere
3052 2604 3241 2675 coepit.
3288 2606 3542 2674 Cumque
3570 2604 3794 2671 languore

2153 2694 2335 2749 nimio
2396 2697 2721 2764 aegrotaret,
2774 2692 2925 2746 intra
2971 2691 3255 2746 civitatem
3305 2707 3366 2744 se
3411 2689 3626 2761 recepit,
3679 2687 3795 2741 diem

2156 2789 2212 2837 et
2264 2783 2465 2836 horam
2522 2782 2730 2835 futurae
2778 2780 3191 2849 redemptionis
3249 2784 3577 2849 exspectans
3622 2775 3700 2829 ³9⁸.
3751 2776 3799 2827 Et

347 2870 522 2923 vitam
554 2869 715 2922 aluit.
764 2870 1002 2924 Assidue
1047 2886 1183 2925 vero
1230 2872 1450 2926 cunctis
1496 2873 1849 2943 putantibus,
1894 2874 2046 2944 quod
2082 2874 2121 2928 C
2159 2888 2289 2926 cum
2319 2872 2613 2941 aliquanto
2643 2874 2903 2939 tempore
2935 2869 3280 2939 aegritudine
3316 2884 3525 2938 magna
3558 2866 3797 2922 detinere-

347 2958 547 3011 vinum
581 2954 653 2993 "'9
682 2956 940 3025 bibisset,
991 2975 1142 3029 aqua
1192 2976 1252 3014 se
1299 2960 1515 3015 refecit.
1576 2961 1898 3032 Saepissime
1944 2978 2045 3016 au-

348 3051 468 3100 tem
513 3049 645 3116 post
695 3046 924 3100 tertiam
972 3048 1060 3100 vel
1116 3045 1192 3081 ³⁸0
1243 3054 1506 3117 quartam
1556 3048 1808 3119 vigiliam
1864 3050 2049 3104 noctis

352 3149 481 3187 cum
513 3132 766 3203 quodam
796 3133 906 3187 sibi
943 3134 1417 3201 familiarissime,
1449 3136 1561 3200 cui,
1602 3152 1673 3189 ne
1706 3136 1913 3206 aliquis
1944 3138 2052 3191 hoc

356 3222 426 3275 ab
459 3237 527 3273 eo
560 3227 1345 3293 cognosceret,'summopere
1383 3222 1702 3290 interdixit,
1746 3240 1947 3277 omnes
1972 3225 2050 3278 ci-

354 3308 549 3362 vitatis
577 3308 795 3379 plateas
823 3313 1027 3364 tacitus
1072 3310 1328 3364 circuivit
1367 3326 1681 3382 omnesque
1729 3312 1969 3382 angulos
2001 3317 2057 3365 et

357 3397 551 3451 foveas
580 3397 968 3467 perlustravit,
1010 3402 1066 3452 et
1111 3397 1460 3471 ubicumque
1497 3416 1778 3470 pauperes
1820 3400 1936 3454 sive
1966 3400 2053 3454 iu-

360 3485 558 3539 ﬁrmos
613 3485 849 3548 invenit,
901 3487 1360 3558 elemosynarum
1417 3487 1619 3542 solatia
1667 3489 1824 3558 larga
1881 3505 2055 3542 manu

360 3573 471 3627 illis
494 3573 794 3644 impendit.
832 3575 1050 3630 Cotidie
1078 3576 1293 3647 quippe
1326 3580 1458 3631 ante
1507 3577 1692 3631 lucem
1738 3578 1887 3630 intra
1928 3593 2056 3630 ora-

361 3662 575 3716 torium
617 3678 675 3716 se
724 3663 941 3728 clausit,
988 3663 1185 3735 ibique
1234 3662 1305 3701 331
1356 3680 1537 3736 usque
1578 3665 1647 3719 ad
1694 3665 1894 3719 horam
1945 3664 2061 3720 diei

362 3751 615 3822 primum
650 3753 987 3822 permansit,
1039 3759 1097 3808 et
1135 3754 1276 3825 quid
1306 3754 1462 3809 intus
1499 3760 1715 3826 ageret,
1748 3772 1862 3810 non
1893 3754 2061 3810 nobis

364 3840 465 3895 sed
494 3841 597 3893 soli
629 3842 741 3895 Deo
762 3842 1054 3914 cognitum
1094 3848 1197 3897 est.
1247 3843 1556 3898 Cotidianis
1598 3844 1899 3898 missarum
1930 3845 2062 3898 offi-

366 3928 469 3982 ciis
519 3927 590 3964 ³⁸²
644 3929 836 3985 animo
880 3930 1224 4001 infatigabili
1262 3936 1380 3985 tam
1423 3948 1526 4002 pro
1575 3932 1856 3986 defunctis
1889 3948 2064 4002 quam

367 4034 471 4089 pro
525 4017 668 4071 vivis
722 4018 998 4073 sacrificia
1059 4019 1263 4073 offerre
1321 4036 1439 4073 non
1493 4020 1730 4074 distulit.
1780 4022 2066 4091 Pauperes

369 4121 506 4159 eum
529 4102 603 4140 ⁸⁸³
634 4106 796 4175 quasi
854 4112 1074 4177 patrem
1126 4106 1420 4162 habebant
1460 4112 1516 4162 et
1568 4124 1633 4162 ex
1666 4107 1806 4162 locis
1835 4108 2064 4178 longin-

372 4193 500 4264 quis
539 4191 612 4229 ³⁸⁸
638 4193 972 4264 frequenter
1016 4194 1087 4248 ad
1118 4210 1249 4248 eum
1281 4195 1601 4263 veniebant,
1650 4212 1899 4267 quorum
1932 4197 2066 4250 nul-

2158 2966 2271 3025 tur,
2302 2958 2473 3029 legati
2501 2958 2653 3029 regis
2681 2958 2752 3011 ad
2798 2973 2931 3010 eum
2983 2957 3311 3018 veniebant,
3359 2958 3461 3027 qui
3496 2956 3551 3009 in
3591 2952 3797 3025 proxima

2160 3047 2518 3102 hebdomade
2567 3061 2762 3115 regem
2807 3061 2929 3099 esse
2982 3043 3055 3079 399
3112 3050 3427 3099 venturum
3484 3042 3793 3098 nunciabant.

2164 3139 2243 3192 De
2273 3137 2378 3190 hac
2412 3135 2696 3205 legatione
2742 3150 2937 3187 servus
2968 3134 3068 3188 Dei
3111 3135 3510 3199 conturbatus,
3560 3148 3649 3202 pro
3674 3129 3795 3184 inﬁr-

2163 3226 2363 3279 mitate
2414 3239 2515 3276 sua
2573 3223 2821 3277 multum
2863 3222 3065 3288 doluit,
3123 3222 3259 3293 quia
3301 3238 3487 3293 neque
3540 3218 3605 3257 ⁴⁰⁰
3648 3231 3798 3286 regem

2165 3313 2333 3383 digne
2386 3311 2673 3380 suscipere
2718 3326 2823 3363 nec
2849 3309 3143 3363 servitium
3175 3325 3233 3363 se
3265 3309 3509 3380 dignum
3546 3324 3638 3380 pro
3680 3303 3801 3360 inﬁr-

2166 3402 2361 3455 mitate
2407 3398 2688 3470 potuisset
2740 3397 2809 3432 ⁰⁰¹
2860 3397 3137 3469 prtebere.
3197 3400 3356 3453 Inter
3404 3398 3523 3452 haec
3568 3395 3715 3450 verba
3750 3390 3798 3445 ad

2166 3493 2495 3545 consuetam
2543 3502 2848 3541 conversus
2894 3486 3364 3552 consolationem,
3424 3484 3710 3540 oratorium
3737 3480 3800 3533 in-

2167 3578 2339 3631 travit
2375 3582 2432 3631 et
2454 3577 2691 3646 januam
2742 3579 2874 3645 post
2904 3590 2963 3629 se
3010 3575 3230 3641 clausit,
3267 3574 3465 3646 ibique
3511 3574 3649 3629 diem
3690 3570 3803 3623 inte-

2171 3681 2338 3736 grum
2394 3665 2455 3718 in
2504 3663 2763 3717 oratione
2819 3662 3157 3734 permansit.
3211 3664 3357 3717 Cum
3415 3679 3538 3717 sero
3567 3666 3726 3715 autem
3749 3656 3804 3709 fa-

2170 3760 2327 3808 ctum
2386 3762 2557 3820 esset,
2610 3767 2769 3806 more
2836 3751 3003 3807 solito
3070 3751 3383 3821 discipulos
3447 3746 3709 3805 convocari
3752 3741 3802 3776 ⁸⁰²

2171 3841 2464 3912 praecepit,
2515 3840 2893 3910 laudibusque
2922 3840 3259 3910 vespertinis
3301 3840 3565 3910 peractis,
3601 3851 3710 3891 cum
3733 3834 3802 3886 la-

2171 3930 2296 3984 titia
2332 3934 2417 3983 est
2462 3944 2774 3999 regressus,
2823 3927 3104 3998 nobisque
3149 3928 3417 3983 omnibus
3471 3926 3541 3964 ⁴⁰³
3594 3924 3681 3981 Dei
3718 3936 3804 3992 gra-

2172 4018 2253 4073 tia
2282 4022 2722 4089 repraesentatus
2751 4021 2836 4070 est
2876 4017 3113 4071 validus.
3150 4017 3232 4070 lta
3269 4017 3487 4088 quippe
3530 4029 3682 4069 omne
3713 4026 3804 4079 spa-

2174 4108 2326 4162 cium
2356 4106 2508 4178 quod
2557 4104 2627 4143 ³⁰⁴
2656 4122 2753 4160 rex
2794 4104 3091 4160 nobiscum
3139 4106 3348 4171 fuerat,
3400 4105 3559 4176 quasi
3596 4103 3805 4171 impetre

2174 4196 2246 4250 tis
2301 4195 2568 4263 induciis,
2618 4193 2837 4248 validus
2889 4199 3031 4249 erat.
3088 4193 3421 4248 Discedente
3476 4198 3650 4248 autem
3689 4202 3803 4255 regE.

1778 4322 2014 4376 VARI/1:3
2057 4320 2349 4375 LECTION
2360 4321 2458 4376 ES.

446 4420 521 4456 “9
601 4423 879 4478 Dominus
954 4427 1003 4480 2.
1079 4422 1152 4460 ³⁷⁰
1230 4425 1374 4481 deest
1404 4432 1457 4479 2.
1534 4424 1605 4459 ³⁷ί
1663 4443 1721 4481 se
1794 4428 1916 4493 ipse
1989 4431 2041 4483 2.

377 4489 454 4526 ³⁷⁸
516 4499 843 4548 sanctorum
897 4499 944 4550 2.
1021 4493 1095 4529 5"“
1167 4512 1324 4549 sacra
1380 4496 1629 4551 hominis
1688 4502 1742 4551 2.

378 4563 619 4637 fecisset,
682 4581 890 4637 aquam
946 4566 1194 4637 bibebat;
1242 4566 1402 4637 Smpe
1467 4570 1521 4621 2.

1599 4566 1672 4604 ³⁸⁰
1726 4569 1839 4624 sive
1880 4573 1932 4624 2.

378 4635 608 4709 lemniis
670 4635 833 4709 et'o.
891 4640 943 4690 2.
1021 4635 1093 4709 ⁸δὲ
1146 4637 1297 4691 enim
1335 4635 1388 4709 'q

2117 4426 2193 4462 ⁸⁷²
2248 4431 2656 4500 perpetuaeu2.
2734 4426 2803 4465 ³⁷³

1818 4496 1891 4535 ³⁷⁷
1948 4496 2311 4553 concurreret
2356 4496 2434 4553 '2.

2875 4428 3047 4482 deest.
3119 4431 3173 4482 2.
3252 4425 3327 4463 ³⁷⁸
3404 4423 3727 4482 discretionis
3770 4422 3805 4470 2.

2512 4497 2584 4535 ⁸⁷⁸
2668 4498 3147 4568 Frequentatione
3208 4501 3254 4552 l.
3335 4496 3409 4535 ³⁷9
3466 4498 3589 4552 vino
3643 4509 3703 4568 se
3745 4506 3808 4543 re-

2012 4569 2080 4605 ἐί
2116 4570 2153 4624 i.
2188 4586 2247 4624 se
2280 4587 2337 4637 u,
2383 4571 2459 4626 ad
2488 4569 2543 4624 h.
2580 4569 2735 4640 d.__p.
2778 4562 2823 4623 Ξ.
2862 4584 3303 4640 permansurum
3346 4568 3495 4624 fecit.
3524 4572 3573 4622 2.
3641 4562 3715 4640 Ἦ
3741 4576 3805 4636 50f

1469 4655 1526 4721 Β.
1559 4639 1615 4693 h.
1679 4655 1811 4721 e‘um
1864 4643 1918 4695 2.
1994 4639 2068 4721 3f“
2100 4631 2553 4721 .prOpinquisn2.
2582 4631 2727 4721 Δ,δίξδο
2769 4645 2826 4693 et
2862 4631 3011 4721 ergo
3036 4710 3049 4721 ‘
3076 4642 3128 4693 2.
3204 4637 3281 4673 ³⁸⁸
3340 4641 3485 4721 deest
3536 4641 3628 4721 2:.“
3654 4631 3809 4721 δέῖμῇίς

378 4705 579 4781 milem
634 4710 686 4761 2.
765 4705 835 4781 ’ἐξ
894 4712 945 4762 2.
1006 4708 1137 4763 add.
1170 4702 1428 4781 mbram:
1464 4702 1761 4773 Quomodo
1800 4702 2427 4781 monasterium-sancti
2460 4710 2683 4765 Martini
2713 4702 3050 4781 incepit'sed
3086 4726 3201 4763 non
3233 4711 3490 4781 perfecit.
3562 4705 3628 4744 ⁸⁸9
3675 4702 3813 4781 multa

379 4780 429 4859 2.
475 4774 583 4859 H590
640 4778 855 4859 regulis
917 4780 1553 4859 causaa_cere:brositate
1618 4785 1675 4836 et
1724 4785 1779 4836 2,
1856 4779 1927 4859 agi

1985 4782 2304 4852 permansit
2356 4786 2406 4836 2.
2458 4783 2555 4836 ubi
2594 4774 2870 4850 Kirsgart.
2937 4780 3067 4852 add.
3130 4774 3450 4849 Imperator
3496 4785 3669 4834 tamen
3712 4774 3809 4852 Otto

378 4847 606 4921 tertius,
654 4845 847 4920 aliqua
915 4850 1069 4905 bona
1122 4849 1179 4903 in
1265 4852 1547 4921 Bopardia
1622 4845 2106 4906 monasterio-illi
2177 4853 2421 4906 contulit
2483 4858 2533 4906 et
2601 4845 2795 4906 deinde
2868 4851 3092 4904 rubrum
3157 4845 3478 4919 subjungit:
3536 4852 3605 4921 De
3657 4845 3811 4921 morte

382 4919 611 4994 ﬁenrici
664 4913 843 4975 sancti
886 4921 1251 4994 imperatoris
1294 4913 1362 4975 et.
1394 4922 1463 4994 de
1510 4922 1917 4994 substitutione
1961 4923 2211 4994 anradi
2262 4939 2433 4994 quem
2476 4923 2762 4994 Dominus
2811 4922 3164 4994 Borchardus
3211 4913 3466 4975 nutrivit.
3539 4917 3629 4994 ⁸9³-
3656 4916 3744 4994 hoc
3782 4913 3811 4961 1-

379 4986 449 5064 εξθι
503 4996 729 5064 sanctus
771 4994 832 5064 2.
876 4986 989 5064 I9"
1038 4997 1094 5064 et
1114 4993 1238 5064 ejus
1289 5007 1336 5045 c.
1388 4992 1449 5045 in
1496 4993 1775 5064 Bamberg
1829 4996 1881 5047 2.

379 5059 485 5113 dus
535 5062 805 5116 enutrivit
867 5062 928 5117 in
981 5063 1082 5120 Dei
1136 5059 1341 5117 timore
1393 5068 1449 5117 et
1494 5064 1689 5118 docuit
1738 5059 1789 5119 Ξ.

380 5129 662 5185 tineretur
690 5139 929 5189 exstant.
1006 5132 1080 5168 399
1111 5133 1245 5188 illuc
1290 5149 1412 5187 esse
1442 5138 1492 5187 2.

1572 5133 1645 5170 ⁴⁰⁰
1677 5135 1932 5207 nequivit
1974 5138 2024 5189 2.

380 5197 451 5234 ⁸⁰³
481 5216 596 5270 quo
634 5205 686 5255 2.

2104 5133 2173 5169 ⁸⁰¹
2208 5135 2397 5205 potuit
2440 5138 2493 5190 2.
2572 5133 2649 5169 ¹³⁰⁸
2696 5150 3008 5189 convocare
3051 5133 3111 5188 in
3152 5149 3335 5188 unum
3377 5138 3428 5189 2.

1960 4990 2032 5030 ⁵9⁸
2071 4984 2308 5048 offertur
2350 4991 2548 5063 13396
2588 4994 2658 5047 de
2717 5008 2832 5063 quo
2894 5008 2937 5047 s.
2981 4992 3035 5046 d.
3079 5008 3249 5062 quem
3293 4994 3563 5047 Dominus
3600 4984 3812 5063 Borchflr-

1869 5062 1938 5101 ³9⁷
1990 5064 2261 5119 ultimum
2290 5068 2343 5120 2.

2419 5061 2495 5098 ³9⁸
2521 5065 2577 5119 d.
2608 5069 2665 5117 et
2695 5052 2752 5118 h‘.
2787 5063 2826 5117 f.
2860 5079 2905 5116 r.
2940 5079 2993 5119 e.
3027 5052 3220 5118 desunt
3244 5067 3296 5118 2.
3330 5064 3427 5119 sed
3454 5064 3599 5128 infra
3618 5058 3723 5128 Ροεε
3743 5052 3811 5128 (³9⁸

3505 5124 3574 5169 ao:
3617 5124 3737 5183 3mg
3771 5124 3807 5172 ε.

2024 5318 2243 5373 NOTAE.

455 5418 585 5490 (22).
619 5420 678 5475 c.
709 5426 760 5474 τ.
