  <div class='ocr_page' id='page_1' title='image "/cluster/home/n/w/nwhite01/storage/ocr_20150623/140/hvd.32044054760004/272.png"; bbox 0 0 4022 6190; ppageno 0'>
   <div class='ocr_carea' id='block_1_1' title="bbox 186 296 293 348">
    <p class='ocr_par' dir='ltr' id='par_1_1' title="bbox 186 296 293 348">
     <span class='ocr_line' id='line_1_1' title="bbox 186 296 293 348; baseline 0.019 -2"><span class='ocrx_word' id='word_1_1' title='bbox 186 296 293 348; x_wconf 83' lang='lat'>533</span> 
     </span>
    </p>
   </div>
   <div class='ocr_carea' id='block_1_2' title="bbox 1382 291 2551 354">
    <p class='ocr_par' dir='ltr' id='par_1_2' title="bbox 1382 291 2551 354">
     <span class='ocr_line' id='line_1_2' title="bbox 1382 291 2551 354; baseline 0.003 -7"><span class='ocrx_word' id='word_1_2' title='bbox 1382 292 1747 349; x_wconf 73' lang='lat' dir='ltr'>PROCEMIA.</span> <span class='ocrx_word' id='word_1_3' title='bbox 1787 322 1861 333; x_wconf 94' lang='lat'>—</span> <span class='ocrx_word' id='word_1_4' title='bbox 1913 291 2075 345; x_wconf 83' lang='lat' dir='ltr'><strong>VITA</strong></span> <span class='ocrx_word' id='word_1_5' title='bbox 2121 291 2551 354; x_wconf 80' lang='lat' dir='ltr'>BURCHARDI.</span> 
     </span>
    </p>
   </div>
   <div class='ocr_carea' id='block_1_3' title="bbox 3617 311 3717 364">
    <p class='ocr_par' dir='ltr' id='par_1_3' title="bbox 3617 311 3717 364">
     <span class='ocr_line' id='line_1_3' title="bbox 3617 311 3717 364; baseline 0.03 -3"><span class='ocrx_word' id='word_1_6' title='bbox 3617 311 3717 364; x_wconf 62' lang='grc'>534</span> 
     </span>
    </p>
   </div>
   <div class='ocr_carea' id='block_1_4' title="bbox 179 411 3711 484">
    <p class='ocr_par' dir='ltr' id='par_1_4' title="bbox 179 411 3711 484">
     <span class='ocr_line' id='line_1_4' title="bbox 179 411 3711 484; baseline 0.005 -17"><span class='ocrx_word' id='word_1_7' title='bbox 179 412 511 467; x_wconf 82' lang='lat' dir='ltr'>Triburiam</span> <span class='ocrx_word' id='word_1_8' title='bbox 568 413 681 483; x_wconf 87' lang='lat'>(23)</span> <span class='ocrx_word' id='word_1_9' title='bbox 728 422 860 466; x_wconf 89' lang='lat' dir='ltr'>cum</span> <span class='ocrx_word' id='word_1_10' title='bbox 912 427 980 466; x_wconf 93' lang='lat' dir='ltr'>eo</span> <span class='ocrx_word' id='word_1_11' title='bbox 1021 411 1143 479; x_wconf 95' lang='lat' dir='ltr'>ivit,</span> <span class='ocrx_word' id='word_1_12' title='bbox 1194 412 1387 484; x_wconf 91' lang='lat' dir='ltr'>ibique</span> <span class='ocrx_word' id='word_1_13' title='bbox 1419 420 1535 468; x_wconf 89' lang='lat' dir='ltr'>tres</span> <span class='ocrx_word' id='word_1_14' title='bbox 1574 415 1695 470; x_wconf 90' lang='lat' dir='ltr'>dies</span> <span class='ocrx_word' id='word_1_15' title='bbox 1741 431 1901 469; x_wconf 89' lang='lat' dir='ltr'>man-</span> <span class='ocrx_word' id='word_1_16' title='bbox 1930 416 1976 466; x_wconf 87' lang='lat' dir='ltr'><strong>A</strong></span> <span class='ocrx_word' id='word_1_17' title='bbox 2020 411 2213 483; x_wconf 91' lang='lat' dir='ltr'>ducat,</span> <span class='ocrx_word' id='word_1_18' title='bbox 2263 420 2364 473; x_wconf 91' lang='lat' dir='ltr'>ubi</span> <span class='ocrx_word' id='word_1_19' title='bbox 2411 421 2602 475; x_wconf 88' lang='lat' dir='ltr'>anima</span> <span class='ocrx_word' id='word_1_20' title='bbox 2647 438 2776 477; x_wconf 91' lang='lat' dir='ltr'>mea</span> <span class='ocrx_word' id='word_1_21' title='bbox 2829 424 3112 479; x_wconf 81' lang='lat' dir='ltr'>terribiles</span> <span class='ocrx_word' id='word_1_22' title='bbox 3160 442 3428 481; x_wconf 85' lang='lat' dir='ltr'>occursus</span> <span class='ocrx_word' id='word_1_23' title='bbox 3482 445 3597 484; x_wconf 90' lang='lat' dir='ltr'>non</span> <span class='ocrx_word' id='word_1_24' title='bbox 3640 431 3711 484; x_wconf 83' lang='lat' dir='ltr'>ti-</span> 
     </span>
    </p>
   </div>
   <div class='ocr_carea' id='block_1_5' title="bbox 178 500 1894 575">
    <p class='ocr_par' dir='ltr' id='par_1_5' title="bbox 178 500 1894 575">
     <span class='ocr_line' id='line_1_5' title="bbox 178 500 1894 575; baseline 0 -20"><span class='ocrx_word' id='word_1_25' title='bbox 178 502 276 555; x_wconf 89' lang='lat' dir='ltr'>sit.</span> <span class='ocrx_word' id='word_1_26' title='bbox 329 501 546 555; x_wconf 85' lang='lat' dir='ltr'>Deinde</span> <span class='ocrx_word' id='word_1_27' title='bbox 593 506 828 572; x_wconf 90' lang='lat' dir='ltr'>accepta</span> <span class='ocrx_word' id='word_1_28' title='bbox 870 500 1107 555; x_wconf 76' lang='lat' dir='ltr'>licentia</span> <span class='ocrx_word' id='word_1_29' title='bbox 1157 516 1290 555; x_wconf 90' lang='lat' dir='ltr'>cum</span> <span class='ocrx_word' id='word_1_30' title='bbox 1328 502 1531 569; x_wconf 91' lang='lat' dir='ltr'>abiret,</span> <span class='ocrx_word' id='word_1_31' title='bbox 1590 520 1781 575; x_wconf 83' lang='lat' dir='ltr'>regem</span> <span class='ocrx_word' id='word_1_32' title='bbox 1830 519 1894 555; x_wconf 90' lang='lat' dir='ltr'>se</span> 
     </span>
    </p>
   </div>
   <div class='ocr_carea' id='block_1_6' title="bbox 180 588 1895 663">
    <p class='ocr_par' dir='ltr' id='par_1_6' title="bbox 180 588 1895 663">
     <span class='ocr_line' id='line_1_6' title="bbox 180 588 1895 663; baseline 0 -20"><span class='ocrx_word' id='word_1_33' title='bbox 180 590 363 663; x_wconf 90' lang='lat' dir='ltr'>[ultra</span> <span class='ocrx_word' id='word_1_34' title='bbox 407 588 501 662; x_wconf 67' lang='grc' dir='ltr'>ωδ]</span> <span class='ocrx_word' id='word_1_35' title='bbox 553 605 667 644; x_wconf 89' lang='lat' dir='ltr'>non</span> <span class='ocrx_word' id='word_1_36' title='bbox 717 590 1000 652; x_wconf 90' lang='lat' dir='ltr'>visurum,</span> <span class='ocrx_word' id='word_1_37' title='bbox 1058 589 1259 642; x_wconf 86' lang='lat' dir='ltr'>multis</span> <span class='ocrx_word' id='word_1_38' title='bbox 1313 592 1680 655; x_wconf 77' lang='lat' dir='ltr'>audientibus</span> <span class='ocrx_word' id='word_1_39' title='bbox 1727 589 1895 663; x_wconf 90' lang='lat' dir='ltr'>quasi</span> 
     </span>
    </p>
   </div>
   <div class='ocr_carea' id='block_1_7' title="bbox 170 677 1890 749">
    <p class='ocr_par' dir='ltr' id='par_1_7' title="bbox 170 677 1890 749">
     <span class='ocr_line' id='line_1_7' title="bbox 170 677 1890 749; baseline 0.001 -18"><span class='ocrx_word' id='word_1_40' title='bbox 170 679 491 749; x_wconf 88' lang='lat' dir='ltr'>joculando</span> <span class='ocrx_word' id='word_1_41' title='bbox 543 677 833 748; x_wconf 66' lang='lat' dir='ltr'>prmdixit.</span> <span class='ocrx_word' id='word_1_42' title='bbox 886 679 1147 746; x_wconf 86' lang='lat' dir='ltr'>Cumque</span> <span class='ocrx_word' id='word_1_43' title='bbox 1196 679 1573 733; x_wconf 87' lang='lat' dir='ltr'>Wormaciam</span> <span class='ocrx_word' id='word_1_44' title='bbox 1622 680 1890 745; x_wconf 87' lang='lat' dir='ltr'>venisset,</span> 
     </span>
    </p>
   </div>
   <div class='ocr_carea' id='block_1_8' title="bbox 178 763 1891 840">
    <p class='ocr_par' dir='ltr' id='par_1_8' title="bbox 178 763 1891 840">
     <span class='ocr_line' id='line_1_8' title="bbox 178 763 1891 840; baseline 0.001 -19"><span class='ocrx_word' id='word_1_45' title='bbox 178 767 515 837; x_wconf 82' lang='lat' dir='ltr'>dysenteria</span> <span class='ocrx_word' id='word_1_46' title='bbox 570 766 774 821; x_wconf 90' lang='lat' dir='ltr'>morbo</span> <span class='ocrx_word' id='word_1_47' title='bbox 832 763 901 803; x_wconf 78' lang='grc'>⁸⁰⁶</span> <span class='ocrx_word' id='word_1_48' title='bbox 955 766 1108 819; x_wconf 90' lang='lat' dir='ltr'>ultra</span> <span class='ocrx_word' id='word_1_49' title='bbox 1169 766 1412 821; x_wconf 91' lang='lat' dir='ltr'>modum</span> <span class='ocrx_word' id='word_1_50' title='bbox 1471 768 1891 840; x_wconf 87' lang='lat' dir='ltr'>comprimeba-</span> 
     </span>
    </p>
   </div>
   <div class='ocr_carea' id='block_1_9' title="bbox 176 860 292 910">
    <p class='ocr_par' dir='ltr' id='par_1_9' title="bbox 176 860 292 910">
     <span class='ocr_line' id='line_1_9' title="bbox 176 860 292 910; baseline 0.009 -1"><span class='ocrx_word' id='word_1_51' title='bbox 176 860 292 910; x_wconf 91' lang='lat' dir='ltr'>tur.</span> 
     </span>
    </p>
   </div>
   <div class='ocr_carea' id='block_1_10' title="bbox 245 940 1891 1014">
    <p class='ocr_par' dir='ltr' id='par_1_10' title="bbox 245 940 1891 1014">
     <span class='ocr_line' id='line_1_10' title="bbox 245 940 1891 1014; baseline 0.001 -17"><span class='ocrx_word' id='word_1_52' title='bbox 245 946 340 997; x_wconf 89' lang='lat'>22.</span> <span class='ocrx_word' id='word_1_53' title='bbox 388 943 644 1007; x_wconf 86' lang='lat' dir='ltr'>Quadam</span> <span class='ocrx_word' id='word_1_54' title='bbox 700 959 835 998; x_wconf 89' lang='lat' dir='ltr'>vero</span> <span class='ocrx_word' id='word_1_55' title='bbox 888 940 981 997; x_wconf 93' lang='lat' dir='ltr'>die</span> <span class='ocrx_word' id='word_1_56' title='bbox 1037 950 1175 995; x_wconf 89' lang='lat' dir='ltr'>cum</span> <span class='ocrx_word' id='word_1_57' title='bbox 1236 959 1445 1014; x_wconf 91' lang='lat' dir='ltr'>corpus</span> <span class='ocrx_word' id='word_1_58' title='bbox 1499 945 1566 999; x_wconf 90' lang='lat' dir='ltr'>ad</span> <span class='ocrx_word' id='word_1_59' title='bbox 1629 961 1891 999; x_wconf 84' lang='lat' dir='ltr'>occasum</span> 
     </span>
    </p>
   </div>
   <div class='ocr_carea' id='block_1_11' title="bbox 175 1030 1891 1102">
    <p class='ocr_par' dir='ltr' id='par_1_11' title="bbox 175 1030 1891 1102">
     <span class='ocr_line' id='line_1_11' title="bbox 175 1030 1891 1102; baseline 0.002 -19"><span class='ocrx_word' id='word_1_60' title='bbox 175 1048 418 1102; x_wconf 79' lang='lat' dir='ltr'>vergere</span> <span class='ocrx_word' id='word_1_61' title='bbox 481 1030 862 1099; x_wconf 82' lang='lat' dir='ltr'>intellexisset,</span> <span class='ocrx_word' id='word_1_62' title='bbox 932 1031 1262 1085; x_wconf 84' lang='lat' dir='ltr'>convocatis</span> <span class='ocrx_word' id='word_1_63' title='bbox 1324 1032 1639 1102; x_wconf 87' lang='lat' dir='ltr'>discipulis,</span> <span class='ocrx_word' id='word_1_64' title='bbox 1699 1040 1891 1087; x_wconf 87' lang='lat' dir='ltr'>orato-</span> 
     </span>
    </p>
   </div>
   <div class='ocr_carea' id='block_1_12' title="bbox 173 1117 1893 1190">
    <p class='ocr_par' dir='ltr' id='par_1_12' title="bbox 173 1117 1893 1190">
     <span class='ocr_line' id='line_1_12' title="bbox 173 1117 1893 1190; baseline 0 -15"><span class='ocrx_word' id='word_1_65' title='bbox 173 1121 333 1175; x_wconf 87' lang='lat' dir='ltr'>rium</span> <span class='ocrx_word' id='word_1_66' title='bbox 401 1120 654 1186; x_wconf 87' lang='lat' dir='ltr'>intravit,</span> <span class='ocrx_word' id='word_1_67' title='bbox 739 1120 1131 1190; x_wconf 87' lang='lat' dir='ltr'>omnibusque</span> <span class='ocrx_word' id='word_1_68' title='bbox 1210 1117 1288 1154; x_wconf 76' lang='lat'>&quot;0&quot;</span> <span class='ocrx_word' id='word_1_69' title='bbox 1350 1121 1707 1176; x_wconf 79' lang='lat' dir='ltr'>debitoribus</span> <span class='ocrx_word' id='word_1_70' title='bbox 1773 1122 1893 1177; x_wconf 90' lang='lat' dir='ltr'>suis</span> 
     </span>
    </p>
   </div>
   <div class='ocr_carea' id='block_1_13' title="bbox 171 1206 1892 1280">
    <p class='ocr_par' dir='ltr' id='par_1_13' title="bbox 171 1206 1892 1280">
     <span class='ocr_line' id='line_1_13' title="bbox 171 1206 1892 1280; baseline 0 -15"><span class='ocrx_word' id='word_1_71' title='bbox 171 1210 488 1265; x_wconf 84' lang='lat' dir='ltr'>commissa</span> <span class='ocrx_word' id='word_1_72' title='bbox 535 1210 832 1263; x_wconf 88' lang='lat' dir='ltr'>adversum</span> <span class='ocrx_word' id='word_1_73' title='bbox 861 1225 920 1263; x_wconf 90' lang='lat' dir='ltr'>se</span> <span class='ocrx_word' id='word_1_74' title='bbox 947 1209 1172 1280; x_wconf 87' lang='lat' dir='ltr'>piacula</span> <span class='ocrx_word' id='word_1_75' title='bbox 1214 1206 1291 1245; x_wconf 75' lang='grc'>⁸0⁸</span> <span class='ocrx_word' id='word_1_76' title='bbox 1321 1210 1562 1275; x_wconf 89' lang='lat' dir='ltr'>dimisit,</span> <span class='ocrx_word' id='word_1_77' title='bbox 1595 1216 1651 1265; x_wconf 91' lang='lat' dir='ltr'>et</span> <span class='ocrx_word' id='word_1_78' title='bbox 1681 1212 1892 1265; x_wconf 87' lang='lat' dir='ltr'>hanni-</span> 
     </span>
    </p>
   </div>
   <div class='ocr_carea' id='block_1_14' title="bbox 171 1297 1886 1368">
    <p class='ocr_par' dir='ltr' id='par_1_14' title="bbox 171 1297 1886 1368">
     <span class='ocr_line' id='line_1_14' title="bbox 171 1297 1886 1368; baseline 0 -14"><span class='ocrx_word' id='word_1_79' title='bbox 171 1306 264 1355; x_wconf 87' lang='lat' dir='ltr'>tos</span> <span class='ocrx_word' id='word_1_80' title='bbox 298 1316 407 1354; x_wconf 89' lang='lat' dir='ltr'>seu</span> <span class='ocrx_word' id='word_1_81' title='bbox 452 1315 485 1353; x_wconf 92' lang='lat' dir='ltr'>a</span> <span class='ocrx_word' id='word_1_82' title='bbox 514 1315 572 1353; x_wconf 92' lang='lat' dir='ltr'>se</span> <span class='ocrx_word' id='word_1_83' title='bbox 602 1297 675 1333; x_wconf 70' lang='grc'>⁸⁰⁹</span> <span class='ocrx_word' id='word_1_84' title='bbox 716 1299 1230 1352; x_wconf 87' lang='lat' dir='ltr'>auathematisatos</span> <span class='ocrx_word' id='word_1_85' title='bbox 1280 1300 1593 1353; x_wconf 91' lang='lat' dir='ltr'>clementer</span> <span class='ocrx_word' id='word_1_86' title='bbox 1623 1300 1886 1368; x_wconf 85' lang='lat' dir='ltr'>absolvit,</span> 
     </span>
    </p>
   </div>
   <div class='ocr_carea' id='block_1_15' title="bbox 171 1385 1893 1459">
    <p class='ocr_par' dir='ltr' id='par_1_15' title="bbox 171 1385 1893 1459">
     <span class='ocr_line' id='line_1_15' title="bbox 171 1385 1893 1459; baseline 0.001 -18"><span class='ocrx_word' id='word_1_87' title='bbox 171 1390 381 1459; x_wconf 91' lang='lat' dir='ltr'>eisque</span> <span class='ocrx_word' id='word_1_88' title='bbox 413 1386 675 1441; x_wconf 89' lang='lat' dir='ltr'>omnibus</span> <span class='ocrx_word' id='word_1_89' title='bbox 722 1388 936 1457; x_wconf 91' lang='lat' dir='ltr'>scripta</span> <span class='ocrx_word' id='word_1_90' title='bbox 979 1385 1363 1440; x_wconf 86' lang='lat' dir='ltr'>absolutionis</span> <span class='ocrx_word' id='word_1_91' title='bbox 1400 1387 1769 1458; x_wconf 80' lang='lat' dir='ltr'>singulariter</span> <span class='ocrx_word' id='word_1_92' title='bbox 1813 1389 1893 1442; x_wconf 88' lang='lat' dir='ltr'>di-</span> 
     </span>
    </p>
   </div>
   <div class='ocr_carea' id='block_1_16' title="bbox 174 1470 1890 1545">
    <p class='ocr_par' dir='ltr' id='par_1_16' title="bbox 174 1470 1890 1545">
     <span class='ocr_line' id='line_1_16' title="bbox 174 1470 1890 1545; baseline 0.002 -16"><span class='ocrx_word' id='word_1_93' title='bbox 174 1477 347 1530; x_wconf 81' lang='lat' dir='ltr'>rexit.</span> <span class='ocrx_word' id='word_1_94' title='bbox 412 1476 616 1530; x_wconf 87' lang='lat' dir='ltr'>Deinde</span> <span class='ocrx_word' id='word_1_95' title='bbox 676 1491 828 1545; x_wconf 88' lang='lat' dir='ltr'>aqua</span> <span class='ocrx_word' id='word_1_96' title='bbox 895 1474 1203 1545; x_wconf 89' lang='lat' dir='ltr'>purissima</span> <span class='ocrx_word' id='word_1_97' title='bbox 1261 1480 1449 1530; x_wconf 90' lang='lat' dir='ltr'>totum</span> <span class='ocrx_word' id='word_1_98' title='bbox 1498 1492 1557 1530; x_wconf 91' lang='lat' dir='ltr'>se</span> <span class='ocrx_word' id='word_1_99' title='bbox 1618 1470 1772 1543; x_wconf 87' lang='lat' dir='ltr'>lavit,</span> <span class='ocrx_word' id='word_1_100' title='bbox 1834 1484 1890 1533; x_wconf 87' lang='lat' dir='ltr'>et</span> 
     </span>
    </p>
   </div>
   <div class='ocr_carea' id='block_1_17' title="bbox 171 1562 1885 1635">
    <p class='ocr_par' dir='ltr' id='par_1_17' title="bbox 171 1562 1885 1635">
     <span class='ocr_line' id='line_1_17' title="bbox 171 1562 1885 1635; baseline 0 -17"><span class='ocrx_word' id='word_1_101' title='bbox 171 1566 397 1618; x_wconf 87' lang='lat' dir='ltr'>collum</span> <span class='ocrx_word' id='word_1_102' title='bbox 445 1580 509 1616; x_wconf 90' lang='lat' dir='ltr'>ac</span> <span class='ocrx_word' id='word_1_103' title='bbox 544 1562 613 1600; x_wconf 69' lang='grc' dir='ltr'>διο</span> <span class='ocrx_word' id='word_1_104' title='bbox 654 1563 895 1617; x_wconf 85' lang='lat' dir='ltr'>barbam</span> <span class='ocrx_word' id='word_1_105' title='bbox 927 1568 1094 1634; x_wconf 88' lang='lat' dir='ltr'>atque</span> <span class='ocrx_word' id='word_1_106' title='bbox 1142 1579 1418 1617; x_wconf 87' lang='lat' dir='ltr'>coronam</span> <span class='ocrx_word' id='word_1_107' title='bbox 1468 1564 1669 1618; x_wconf 89' lang='lat' dir='ltr'>radere</span> <span class='ocrx_word' id='word_1_108' title='bbox 1693 1566 1885 1635; x_wconf 86' lang='lat' dir='ltr'>jussit,</span> 
     </span>
    </p>
   </div>
   <div class='ocr_carea' id='block_1_18' title="bbox 170 1651 1882 1724">
    <p class='ocr_par' dir='ltr' id='par_1_18' title="bbox 170 1651 1882 1724">
     <span class='ocr_line' id='line_1_18' title="bbox 170 1651 1882 1724; baseline 0 -17"><span class='ocrx_word' id='word_1_109' title='bbox 170 1652 513 1723; x_wconf 90' lang='lat' dir='ltr'>indutisque</span> <span class='ocrx_word' id='word_1_110' title='bbox 567 1651 823 1706; x_wconf 89' lang='lat' dir='ltr'>vestibus</span> <span class='ocrx_word' id='word_1_111' title='bbox 880 1652 1061 1721; x_wconf 89' lang='lat' dir='ltr'>puris,</span> <span class='ocrx_word' id='word_1_112' title='bbox 1121 1668 1260 1705; x_wconf 90' lang='lat' dir='ltr'>suos</span> <span class='ocrx_word' id='word_1_113' title='bbox 1322 1653 1532 1706; x_wconf 88' lang='lat' dir='ltr'>milites</span> <span class='ocrx_word' id='word_1_114' title='bbox 1591 1658 1765 1724; x_wconf 88' lang='lat' dir='ltr'>atque</span> <span class='ocrx_word' id='word_1_115' title='bbox 1814 1655 1882 1690; x_wconf 76' lang='grc'>⁸¹¹</span> 
     </span>
    </p>
   </div>
   <div class='ocr_carea' id='block_1_19' title="bbox 170 1738 1889 1811">
    <p class='ocr_par' dir='ltr' id='par_1_19' title="bbox 170 1738 1889 1811">
     <span class='ocr_line' id='line_1_19' title="bbox 170 1738 1889 1811; baseline 0.001 -16"><span class='ocrx_word' id='word_1_116' title='bbox 170 1741 417 1795; x_wconf 87' lang='lat' dir='ltr'>clientes</span> <span class='ocrx_word' id='word_1_117' title='bbox 459 1755 677 1794; x_wconf 87' lang='lat' dir='ltr'>necnon</span> <span class='ocrx_word' id='word_1_118' title='bbox 726 1744 784 1794; x_wconf 90' lang='lat' dir='ltr'>et</span> <span class='ocrx_word' id='word_1_119' title='bbox 827 1740 970 1792; x_wconf 91' lang='lat' dir='ltr'>alios</span> <span class='ocrx_word' id='word_1_120' title='bbox 1020 1738 1118 1811; x_wconf 87' lang='lat' dir='ltr'>qui</span> <span class='ocrx_word' id='word_1_121' title='bbox 1162 1740 1409 1794; x_wconf 91' lang='lat' dir='ltr'>aderant</span> <span class='ocrx_word' id='word_1_122' title='bbox 1454 1741 1525 1795; x_wconf 88' lang='lat' dir='ltr'>ad</span> <span class='ocrx_word' id='word_1_123' title='bbox 1564 1756 1623 1794; x_wconf 91' lang='lat' dir='ltr'>se</span> <span class='ocrx_word' id='word_1_124' title='bbox 1670 1742 1889 1797; x_wconf 90' lang='lat' dir='ltr'>intrare</span> 
     </span>
    </p>
   </div>
   <div class='ocr_carea' id='block_1_20' title="bbox 170 1826 1891 1899">
    <p class='ocr_par' dir='ltr' id='par_1_20' title="bbox 170 1826 1891 1899">
     <span class='ocr_line' id='line_1_20' title="bbox 170 1826 1891 1899; baseline 0.001 -18"><span class='ocrx_word' id='word_1_125' title='bbox 170 1828 471 1899; x_wconf 66' lang='lat' dir='ltr'>praecepit.</span> <span class='ocrx_word' id='word_1_126' title='bbox 521 1828 678 1881; x_wconf 91' lang='lat' dir='ltr'>Tunc</span> <span class='ocrx_word' id='word_1_127' title='bbox 737 1826 1021 1881; x_wconf 88' lang='lat' dir='ltr'>universis</span> <span class='ocrx_word' id='word_1_128' title='bbox 1069 1844 1285 1898; x_wconf 88' lang='lat' dir='ltr'>magno</span> <span class='ocrx_word' id='word_1_129' title='bbox 1335 1829 1471 1883; x_wconf 88' lang='lat' dir='ltr'>ﬂetu</span> <span class='ocrx_word' id='word_1_130' title='bbox 1522 1830 1891 1899; x_wconf 88' lang='lat' dir='ltr'>singultanti-</span> 
     </span>
    </p>
   </div>
   <div class='ocr_carea' id='block_1_21' title="bbox 171 1912 1889 1985">
    <p class='ocr_par' dir='ltr' id='par_1_21' title="bbox 171 1912 1889 1985">
     <span class='ocr_line' id='line_1_21' title="bbox 171 1912 1889 1985; baseline 0.001 -15"><span class='ocrx_word' id='word_1_131' title='bbox 171 1917 303 1981; x_wconf 90' lang='lat' dir='ltr'>bus,</span> <span class='ocrx_word' id='word_1_132' title='bbox 360 1915 443 1969; x_wconf 91' lang='lat' dir='ltr'>vir</span> <span class='ocrx_word' id='word_1_133' title='bbox 477 1915 577 1968; x_wconf 91' lang='lat' dir='ltr'>Dei</span> <span class='ocrx_word' id='word_1_134' title='bbox 627 1914 718 1968; x_wconf 82' lang='lat' dir='ltr'>vix</span> <span class='ocrx_word' id='word_1_135' title='bbox 789 1912 868 1948; x_wconf 67' lang='grc' dir='ltr'>δι’</span> <span class='ocrx_word' id='word_1_136' title='bbox 908 1930 1021 1985; x_wconf 89' lang='lat' dir='ltr'>qua</span> <span class='ocrx_word' id='word_1_137' title='bbox 1072 1921 1305 1985; x_wconf 87' lang='lat' dir='ltr'>poterat</span> <span class='ocrx_word' id='word_1_138' title='bbox 1358 1933 1536 1971; x_wconf 91' lang='lat' dir='ltr'>manu</span> <span class='ocrx_word' id='word_1_139' title='bbox 1591 1917 1889 1972; x_wconf 91' lang='lat' dir='ltr'>silentium</span> 
     </span>
    </p>
   </div>
   <div class='ocr_carea' id='block_1_22' title="bbox 170 2003 1885 2072">
    <p class='ocr_par' dir='ltr' id='par_1_22' title="bbox 170 2003 1885 2072">
     <span class='ocr_line' id='line_1_22' title="bbox 170 2003 1885 2072; baseline 0.001 -15"><span class='ocrx_word' id='word_1_140' title='bbox 170 2004 457 2069; x_wconf 89' lang='lat' dir='ltr'>indicens,</span> <span class='ocrx_word' id='word_1_141' title='bbox 504 2003 627 2056; x_wconf 91' lang='lat' dir='ltr'>ait:</span> <span class='ocrx_word' id='word_1_142' title='bbox 664 2021 694 2053; x_wconf 70' lang='grc' dir='ltr'><strong><em>α</em></strong></span> <span class='ocrx_word' id='word_1_143' title='bbox 746 2004 940 2056; x_wconf 83' lang='lat' dir='ltr'>Patres</span> <span class='ocrx_word' id='word_1_144' title='bbox 986 2004 1321 2069; x_wconf 89' lang='lat' dir='ltr'>venerandi,</span> <span class='ocrx_word' id='word_1_145' title='bbox 1374 2007 1582 2061; x_wconf 86' lang='lat' dir='ltr'>fratres</span> <span class='ocrx_word' id='word_1_146' title='bbox 1631 2006 1885 2072; x_wconf 86' lang='lat' dir='ltr'>amandi,</span> 
     </span>
    </p>
   </div>
   <div class='ocr_carea' id='block_1_23' title="bbox 170 2090 1890 2164">
    <p class='ocr_par' dir='ltr' id='par_1_23' title="bbox 170 2090 1890 2164">
     <span class='ocr_line' id='line_1_23' title="bbox 170 2090 1890 2164; baseline 0 -17"><span class='ocrx_word' id='word_1_147' title='bbox 170 2092 344 2147; x_wconf 71' lang='lat' dir='ltr'>filioli</span> <span class='ocrx_word' id='word_1_148' title='bbox 399 2090 774 2157; x_wconf 90' lang='lat' dir='ltr'>dilectissimi,</span> <span class='ocrx_word' id='word_1_149' title='bbox 828 2095 1012 2145; x_wconf 90' lang='lat' dir='ltr'>vestro</span> <span class='ocrx_word' id='word_1_150' title='bbox 1062 2093 1279 2146; x_wconf 81' lang='lat' dir='ltr'>auxilio</span> <span class='ocrx_word' id='word_1_151' title='bbox 1331 2094 1489 2163; x_wconf 89' lang='lat' dir='ltr'>apud</span> <span class='ocrx_word' id='word_1_152' title='bbox 1540 2096 1724 2150; x_wconf 89' lang='lat' dir='ltr'>Deum</span> <span class='ocrx_word' id='word_1_153' title='bbox 1765 2094 1890 2164; x_wconf 89' lang='lat' dir='ltr'>jam</span> 
     </span>
    </p>
   </div>
   <div class='ocr_carea' id='block_1_24' title="bbox 170 2180 1889 2254">
    <p class='ocr_par' dir='ltr' id='par_1_24' title="bbox 170 2180 1889 2254">
     <span class='ocr_line' id='line_1_24' title="bbox 170 2180 1889 2254; baseline 0.002 -21"><span class='ocrx_word' id='word_1_154' title='bbox 170 2181 435 2250; x_wconf 83' lang='lat' dir='ltr'>indigeo.</span> <span class='ocrx_word' id='word_1_155' title='bbox 481 2180 714 2234; x_wconf 79' lang='lat' dir='ltr'>Multum</span> <span class='ocrx_word' id='word_1_156' title='bbox 750 2180 904 2233; x_wconf 91' lang='lat' dir='ltr'>enim</span> <span class='ocrx_word' id='word_1_157' title='bbox 937 2181 1126 2246; x_wconf 93' lang='lat' dir='ltr'>doleo,</span> <span class='ocrx_word' id='word_1_158' title='bbox 1166 2182 1321 2251; x_wconf 92' lang='lat' dir='ltr'>quod</span> <span class='ocrx_word' id='word_1_159' title='bbox 1353 2198 1453 2237; x_wconf 91' lang='lat' dir='ltr'>vos</span> <span class='ocrx_word' id='word_1_160' title='bbox 1484 2199 1667 2254; x_wconf 88' lang='lat' dir='ltr'>usque</span> <span class='ocrx_word' id='word_1_161' title='bbox 1716 2183 1889 2237; x_wconf 91' lang='lat' dir='ltr'>modo</span> 
     </span>
    </p>
   </div>
   <div class='ocr_carea' id='block_1_25' title="bbox 171 2268 1888 2341">
    <p class='ocr_par' dir='ltr' id='par_1_25' title="bbox 171 2268 1888 2341">
     <span class='ocr_line' id='line_1_25' title="bbox 171 2268 1888 2341; baseline 0.001 -18"><span class='ocrx_word' id='word_1_162' title='bbox 171 2269 535 2341; x_wconf 88' lang='lat' dir='ltr'>negligenter</span> <span class='ocrx_word' id='word_1_163' title='bbox 572 2268 967 2338; x_wconf 80' lang='lat' dir='ltr'>prsecedebam</span> <span class='ocrx_word' id='word_1_164' title='bbox 1002 2285 1212 2340; x_wconf 89' lang='lat' dir='ltr'>meque</span> <span class='ocrx_word' id='word_1_165' title='bbox 1261 2271 1410 2325; x_wconf 90' lang='lat' dir='ltr'>ultra</span> <span class='ocrx_word' id='word_1_166' title='bbox 1443 2272 1679 2326; x_wconf 91' lang='lat' dir='ltr'>modum</span> <span class='ocrx_word' id='word_1_167' title='bbox 1712 2286 1888 2341; x_wconf 89' lang='lat' dir='ltr'>supra</span> 
     </span>
    </p>
   </div>
   <div class='ocr_carea' id='block_1_26' title="bbox 171 2356 1885 2431">
    <p class='ocr_par' dir='ltr' id='par_1_26' title="bbox 171 2356 1885 2431">
     <span class='ocr_line' id='line_1_26' title="bbox 171 2356 1885 2431; baseline 0.001 -20"><span class='ocrx_word' id='word_1_168' title='bbox 171 2356 243 2394; x_wconf 79' lang='grc'>⁴¹⁸</span> <span class='ocrx_word' id='word_1_169' title='bbox 294 2374 397 2411; x_wconf 88' lang='lat' dir='ltr'>vos</span> <span class='ocrx_word' id='word_1_170' title='bbox 444 2357 683 2427; x_wconf 86' lang='lat' dir='ltr'>superbe</span> <span class='ocrx_word' id='word_1_171' title='bbox 741 2357 1057 2411; x_wconf 84' lang='lat' dir='ltr'>exaltabam</span> <span class='ocrx_word' id='word_1_172' title='bbox 1102 2356 1197 2424; x_wconf 64' lang='grc' dir='ltr'>ιιι,</span> <span class='ocrx_word' id='word_1_173' title='bbox 1250 2363 1308 2412; x_wconf 90' lang='lat' dir='ltr'>et</span> <span class='ocrx_word' id='word_1_174' title='bbox 1358 2376 1502 2428; x_wconf 91' lang='lat' dir='ltr'>non,</span> <span class='ocrx_word' id='word_1_175' title='bbox 1553 2365 1618 2415; x_wconf 91' lang='lat' dir='ltr'>ut</span> <span class='ocrx_word' id='word_1_176' title='bbox 1659 2360 1885 2431; x_wconf 91' lang='lat' dir='ltr'>justum</span> 
     </span>
    </p>
   </div>
   <div class='ocr_carea' id='block_1_27' title="bbox 172 2444 1887 2519">
    <p class='ocr_par' dir='ltr' id='par_1_27' title="bbox 172 2444 1887 2519">
     <span class='ocr_line' id='line_1_27' title="bbox 172 2444 1887 2519; baseline 0 -17"><span class='ocrx_word' id='word_1_177' title='bbox 172 2452 321 2512; x_wconf 91' lang='lat' dir='ltr'>erat,</span> <span class='ocrx_word' id='word_1_178' title='bbox 376 2462 472 2500; x_wconf 83' lang='lat' dir='ltr'>vos</span> <span class='ocrx_word' id='word_1_179' title='bbox 500 2444 953 2499; x_wconf 84' lang='lat' dir='ltr'>honoriﬁcabam</span> <span class='ocrx_word' id='word_1_180' title='bbox 999 2462 1103 2500; x_wconf 90' lang='lat' dir='ltr'>nec</span> <span class='ocrx_word' id='word_1_181' title='bbox 1152 2446 1492 2516; x_wconf 85' lang='lat' dir='ltr'>diligebam.</span> <span class='ocrx_word' id='word_1_182' title='bbox 1535 2449 1645 2504; x_wconf 91' lang='lat' dir='ltr'>Sed</span> <span class='ocrx_word' id='word_1_183' title='bbox 1678 2464 1887 2519; x_wconf 89' lang='lat' dir='ltr'>super-</span> 
     </span>
    </p>
   </div>
   <div class='ocr_carea' id='block_1_28' title="bbox 170 2532 1883 2606">
    <p class='ocr_par' dir='ltr' id='par_1_28' title="bbox 170 2532 1883 2606">
     <span class='ocr_line' id='line_1_28' title="bbox 170 2532 1883 2606; baseline -0.001 -17"><span class='ocrx_word' id='word_1_184' title='bbox 170 2535 267 2590; x_wconf 88' lang='lat' dir='ltr'>bia</span> <span class='ocrx_word' id='word_1_185' title='bbox 296 2535 414 2601; x_wconf 90' lang='lat' dir='ltr'>illa,</span> <span class='ocrx_word' id='word_1_186' title='bbox 447 2534 579 2605; x_wconf 92' lang='lat' dir='ltr'>quid</span> <span class='ocrx_word' id='word_1_187' title='bbox 622 2534 766 2588; x_wconf 89' lang='lat' dir='ltr'>mihi</span> <span class='ocrx_word' id='word_1_188' title='bbox 797 2534 968 2588; x_wconf 92' lang='lat' dir='ltr'>modo</span> <span class='ocrx_word' id='word_1_189' title='bbox 1016 2533 1245 2604; x_wconf 85' lang='lat' dir='ltr'>proﬁcit</span> <span class='ocrx_word' id='word_1_190' title='bbox 1275 2532 1368 2600; x_wconf 67' lang='lat'>“5,</span> <span class='ocrx_word' id='word_1_191' title='bbox 1408 2537 1497 2591; x_wconf 88' lang='lat' dir='ltr'>vel</span> <span class='ocrx_word' id='word_1_192' title='bbox 1535 2536 1883 2606; x_wconf 85' lang='lat' dir='ltr'>arrogantia,</span> 
     </span>
    </p>
   </div>
   <div class='ocr_carea' id='block_1_29' title="bbox 172 2620 1888 2695">
    <p class='ocr_par' dir='ltr' id='par_1_29' title="bbox 172 2620 1888 2695">
     <span class='ocr_line' id='line_1_29' title="bbox 172 2620 1888 2695; baseline 0.001 -18"><span class='ocrx_word' id='word_1_193' title='bbox 172 2624 316 2695; x_wconf 92' lang='lat' dir='ltr'>quid</span> <span class='ocrx_word' id='word_1_194' title='bbox 372 2638 463 2676; x_wconf 92' lang='lat' dir='ltr'>me</span> <span class='ocrx_word' id='word_1_195' title='bbox 513 2622 740 2693; x_wconf 87' lang='lat' dir='ltr'>adjuvat</span> <span class='ocrx_word' id='word_1_196' title='bbox 797 2620 918 2676; x_wconf 70' lang='lat'>“5?</span> <span class='ocrx_word' id='word_1_197' title='bbox 973 2623 1214 2676; x_wconf 86' lang='lat' dir='ltr'>Multum</span> <span class='ocrx_word' id='word_1_198' title='bbox 1269 2623 1419 2679; x_wconf 92' lang='lat' dir='ltr'>mihi</span> <span class='ocrx_word' id='word_1_199' title='bbox 1476 2641 1629 2679; x_wconf 92' lang='lat' dir='ltr'>nunc</span> <span class='ocrx_word' id='word_1_200' title='bbox 1690 2624 1888 2678; x_wconf 81' lang='lat' dir='ltr'>obiicit</span> 
     </span>
    </p>
   </div>
   <div class='ocr_carea' id='block_1_30' title="bbox 173 2709 1886 2784">
    <p class='ocr_par' dir='ltr' id='par_1_30' title="bbox 173 2709 1886 2784">
     <span class='ocr_line' id='line_1_30' title="bbox 173 2709 1886 2784; baseline 0.001 -19"><span class='ocrx_word' id='word_1_201' title='bbox 173 2710 245 2748; x_wconf 77' lang='lat'>“7</span> <span class='ocrx_word' id='word_1_202' title='bbox 299 2712 592 2781; x_wconf 91' lang='lat' dir='ltr'>multaque</span> <span class='ocrx_word' id='word_1_203' title='bbox 644 2709 718 2747; x_wconf 72' lang='lat'>“3</span> <span class='ocrx_word' id='word_1_204' title='bbox 766 2711 909 2765; x_wconf 89' lang='lat' dir='ltr'>mihi</span> <span class='ocrx_word' id='word_1_205' title='bbox 966 2710 1311 2766; x_wconf 76' lang='lat' dir='ltr'>offendicula</span> <span class='ocrx_word' id='word_1_206' title='bbox 1366 2714 1541 2784; x_wconf 89' lang='lat' dir='ltr'>parit.</span> <span class='ocrx_word' id='word_1_207' title='bbox 1602 2714 1886 2770; x_wconf 88' lang='lat' dir='ltr'>Hesterno</span> 
     </span>
    </p>
   </div>
   <div class='ocr_carea' id='block_1_31' title="bbox 174 2798 1887 2872">
    <p class='ocr_par' dir='ltr' id='par_1_31' title="bbox 174 2798 1887 2872">
     <span class='ocr_line' id='line_1_31' title="bbox 174 2798 1887 2872; baseline 0.001 -16"><span class='ocrx_word' id='word_1_208' title='bbox 174 2818 430 2871; x_wconf 90' lang='lat' dir='ltr'>namque</span> <span class='ocrx_word' id='word_1_209' title='bbox 460 2799 529 2836; x_wconf 77' lang='lat'>&quot;9</span> <span class='ocrx_word' id='word_1_210' title='bbox 557 2817 706 2855; x_wconf 94' lang='lat' dir='ltr'>unus</span> <span class='ocrx_word' id='word_1_211' title='bbox 736 2799 815 2854; x_wconf 90' lang='lat' dir='ltr'>fui</span> <span class='ocrx_word' id='word_1_212' title='bbox 839 2817 903 2854; x_wconf 84' lang='lat' dir='ltr'>ex</span> <span class='ocrx_word' id='word_1_213' title='bbox 925 2800 1221 2854; x_wconf 86' lang='lat' dir='ltr'>ditissimis</span> <span class='ocrx_word' id='word_1_214' title='bbox 1251 2798 1343 2867; x_wconf 82' lang='grc'>⁴²⁰,</span> <span class='ocrx_word' id='word_1_215' title='bbox 1379 2803 1480 2857; x_wconf 92' lang='lat' dir='ltr'>sed</span> <span class='ocrx_word' id='word_1_216' title='bbox 1507 2804 1625 2871; x_wconf 87' lang='lat' dir='ltr'>jam</span> <span class='ocrx_word' id='word_1_217' title='bbox 1650 2808 1887 2872; x_wconf 89' lang='lat' dir='ltr'>expecto</span> 
     </span>
    </p>
   </div>
   <div class='ocr_carea' id='block_1_32' title="bbox 177 2888 1882 2961">
    <p class='ocr_par' dir='ltr' id='par_1_32' title="bbox 177 2888 1882 2961">
     <span class='ocr_line' id='line_1_32' title="bbox 177 2888 1882 2961; baseline -0.001 -17"><span class='ocrx_word' id='word_1_218' title='bbox 177 2891 335 2961; x_wconf 89' lang='lat' dir='ltr'>quod</span> <span class='ocrx_word' id='word_1_219' title='bbox 391 2888 460 2923; x_wconf 81' lang='grc'>¹⁸²¹</span> <span class='ocrx_word' id='word_1_220' title='bbox 511 2905 644 2943; x_wconf 85' lang='lat' dir='ltr'>mox</span> <span class='ocrx_word' id='word_1_221' title='bbox 699 2889 925 2943; x_wconf 86' lang='lat' dir='ltr'>futurus</span> <span class='ocrx_word' id='word_1_222' title='bbox 973 2889 1077 2942; x_wconf 91' lang='lat' dir='ltr'>sim</span> <span class='ocrx_word' id='word_1_223' title='bbox 1133 2888 1296 2958; x_wconf 82' lang='lat' dir='ltr'>quasi</span> <span class='ocrx_word' id='word_1_224' title='bbox 1352 2894 1570 2944; x_wconf 88' lang='lat' dir='ltr'>stercus</span> <span class='ocrx_word' id='word_1_225' title='bbox 1614 2895 1673 2945; x_wconf 92' lang='lat' dir='ltr'>et</span> <span class='ocrx_word' id='word_1_226' title='bbox 1722 2889 1882 2943; x_wconf 89' lang='lat' dir='ltr'>cinis.</span> 
     </span>
    </p>
   </div>
   <div class='ocr_carea' id='block_1_33' title="bbox 2012 503 3708 577">
    <p class='ocr_par' dir='ltr' id='par_1_33' title="bbox 2012 503 3708 577">
     <span class='ocr_line' id='line_1_33' title="bbox 2012 503 3708 577; baseline 0.012 -29"><span class='ocrx_word' id='word_1_227' title='bbox 2012 503 2188 553; x_wconf 90' lang='lat' dir='ltr'>meat.</span> <span class='ocrx_word' id='word_1_228' title='bbox 2235 521 2264 553; x_wconf 74' lang='lat' dir='ltr'>u</span> <span class='ocrx_word' id='word_1_229' title='bbox 2319 505 2548 559; x_wconf 87' lang='lat' dir='ltr'>Talibus</span> <span class='ocrx_word' id='word_1_230' title='bbox 2598 506 2761 560; x_wconf 89' lang='lat' dir='ltr'>dictis</span> <span class='ocrx_word' id='word_1_231' title='bbox 2810 525 2910 561; x_wconf 91' lang='lat' dir='ltr'>nos</span> <span class='ocrx_word' id='word_1_232' title='bbox 2957 510 3323 577; x_wconf 88' lang='lat' dir='ltr'>admonebat,</span> <span class='ocrx_word' id='word_1_233' title='bbox 3369 516 3428 564; x_wconf 87' lang='lat' dir='ltr'>et</span> <span class='ocrx_word' id='word_1_234' title='bbox 3472 514 3708 570; x_wconf 89' lang='lat' dir='ltr'>verbum</span> 
     </span>
    </p>
   </div>
   <div class='ocr_carea' id='block_1_34' title="bbox 2012 586 3707 670">
    <p class='ocr_par' dir='ltr' id='par_1_34' title="bbox 2012 586 3707 670">
     <span class='ocr_line' id='line_1_34' title="bbox 2012 586 3707 670; baseline 0.009 -30"><span class='ocrx_word' id='word_1_235' title='bbox 2012 586 2110 640; x_wconf 91' lang='lat' dir='ltr'>Dei</span> <span class='ocrx_word' id='word_1_236' title='bbox 2153 605 2276 646; x_wconf 91' lang='lat' dir='ltr'>non</span> <span class='ocrx_word' id='word_1_237' title='bbox 2327 594 2577 648; x_wconf 89' lang='lat' dir='ltr'>humane</span> <span class='ocrx_word' id='word_1_238' title='bbox 2620 612 2827 650; x_wconf 89' lang='lat' dir='ltr'>sonans</span> <span class='ocrx_word' id='word_1_239' title='bbox 2855 598 3127 664; x_wconf 87' lang='lat' dir='ltr'>docebat;</span> <span class='ocrx_word' id='word_1_240' title='bbox 3181 600 3531 670; x_wconf 85' lang='lat' dir='ltr'>tandemque</span> <span class='ocrx_word' id='word_1_241' title='bbox 3579 617 3707 656; x_wconf 92' lang='lat' dir='ltr'>cor-</span> 
     </span>
    </p>
   </div>
   <div class='ocr_carea' id='block_1_35' title="bbox 2008 675 3704 757">
    <p class='ocr_par' dir='ltr' id='par_1_35' title="bbox 2008 675 3704 757">
     <span class='ocr_line' id='line_1_35' title="bbox 2008 675 3704 757; baseline 0.008 -27"><span class='ocrx_word' id='word_1_242' title='bbox 2008 675 2169 744; x_wconf 91' lang='lat' dir='ltr'>poris</span> <span class='ocrx_word' id='word_1_243' title='bbox 2223 681 2312 735; x_wconf 90' lang='lat' dir='ltr'>sui</span> <span class='ocrx_word' id='word_1_244' title='bbox 2369 682 2800 738; x_wconf 88' lang='lat' dir='ltr'>dissolutionem</span> <span class='ocrx_word' id='word_1_245' title='bbox 2855 692 3050 755; x_wconf 87' lang='lat' dir='ltr'>aperte</span> <span class='ocrx_word' id='word_1_246' title='bbox 3107 688 3539 757; x_wconf 89' lang='lat' dir='ltr'>pronunciabat.</span> <span class='ocrx_word' id='word_1_247' title='bbox 3604 688 3704 743; x_wconf 85' lang='lat' dir='ltr'>His</span> 
     </span>
    </p>
   </div>
   <div class='ocr_carea' id='block_1_36' title="bbox 2006 763 3704 845">
    <p class='ocr_par' dir='ltr' id='par_1_36' title="bbox 2006 763 3704 845">
     <span class='ocr_line' id='line_1_36' title="bbox 2006 763 3704 845; baseline 0.007 -26"><span class='ocrx_word' id='word_1_248' title='bbox 2006 763 2173 820; x_wconf 88' lang='lat' dir='ltr'>dictis</span> <span class='ocrx_word' id='word_1_249' title='bbox 2207 769 2407 832; x_wconf 86' lang='lat' dir='ltr'>ﬁnitis,</span> <span class='ocrx_word' id='word_1_250' title='bbox 2455 787 2583 825; x_wconf 90' lang='lat' dir='ltr'>cum</span> <span class='ocrx_word' id='word_1_251' title='bbox 2634 773 2881 826; x_wconf 87' lang='lat' dir='ltr'>maxima</span> <span class='ocrx_word' id='word_1_252' title='bbox 2925 774 3158 828; x_wconf 84' lang='lat' dir='ltr'>tristitia</span> <span class='ocrx_word' id='word_1_253' title='bbox 3208 775 3356 829; x_wconf 84' lang='lat' dir='ltr'>foras</span> <span class='ocrx_word' id='word_1_254' title='bbox 3404 778 3704 845; x_wconf 80' lang='lat' dir='ltr'>exivimus,</span> 
     </span>
    </p>
   </div>
   <div class='ocr_carea' id='block_1_37' title="bbox 2007 857 3704 929">
    <p class='ocr_par' dir='ltr' id='par_1_37' title="bbox 2007 857 3704 929">
     <span class='ocr_line' id='line_1_37' title="bbox 2007 857 3704 929; baseline 0.008 -23"><span class='ocrx_word' id='word_1_255' title='bbox 2007 857 2063 907; x_wconf 92' lang='lat' dir='ltr'>et</span> <span class='ocrx_word' id='word_1_256' title='bbox 2091 858 2238 912; x_wconf 90' lang='lat' dir='ltr'>tanti</span> <span class='ocrx_word' id='word_1_257' title='bbox 2288 860 2533 929; x_wconf 85' lang='lat' dir='ltr'>pastoris</span> <span class='ocrx_word' id='word_1_258' title='bbox 2581 858 2877 914; x_wconf 90' lang='lat' dir='ltr'>interitum</span> <span class='ocrx_word' id='word_1_259' title='bbox 2928 877 3127 916; x_wconf 90' lang='lat' dir='ltr'>omnes</span> <span class='ocrx_word' id='word_1_260' title='bbox 3169 863 3228 917; x_wconf 92' lang='lat' dir='ltr'>in</span> <span class='ocrx_word' id='word_1_261' title='bbox 3260 879 3566 918; x_wconf 90' lang='lat' dir='ltr'>commune</span> <span class='ocrx_word' id='word_1_262' title='bbox 3617 868 3704 919; x_wconf 88' lang='lat' dir='ltr'>la-</span> 
     </span>
    </p>
   </div>
   <div class='ocr_carea' id='block_1_38' title="bbox 2005 947 3703 1022">
    <p class='ocr_par' dir='ltr' id='par_1_38' title="bbox 2005 947 3703 1022">
     <span class='ocr_line' id='line_1_38' title="bbox 2005 947 3703 1022; baseline 0.006 -26"><span class='ocrx_word' id='word_1_263' title='bbox 2005 947 2321 1001; x_wconf 88' lang='lat' dir='ltr'>mentando</span> <span class='ocrx_word' id='word_1_264' title='bbox 2380 947 2657 1001; x_wconf 87' lang='lat' dir='ltr'>ﬂevimus.</span> <span class='ocrx_word' id='word_1_265' title='bbox 2718 950 2877 1003; x_wconf 92' lang='lat' dir='ltr'>Tunc</span> <span class='ocrx_word' id='word_1_266' title='bbox 2955 951 3243 1020; x_wconf 90' lang='lat' dir='ltr'>principes</span> <span class='ocrx_word' id='word_1_267' title='bbox 3313 952 3411 1022; x_wconf 87' lang='lat' dir='ltr'>qui</span> <span class='ocrx_word' id='word_1_268' title='bbox 3470 954 3703 1007; x_wconf 86' lang='lat' dir='ltr'>aderant</span> 
     </span>
    </p>
   </div>
   <div class='ocr_carea' id='block_1_39' title="bbox 2004 1031 3703 1110">
    <p class='ocr_par' dir='ltr' id='par_1_39' title="bbox 2004 1031 3703 1110">
     <span class='ocr_line' id='line_1_39' title="bbox 2004 1031 3703 1110; baseline 0.006 -25"><span class='ocrx_word' id='word_1_269' title='bbox 2004 1031 2306 1101; x_wconf 90' lang='lat' dir='ltr'>intrantes,</span> <span class='ocrx_word' id='word_1_270' title='bbox 2356 1036 2775 1091; x_wconf 89' lang='lat' dir='ltr'>thesaurarium</span> <span class='ocrx_word' id='word_1_271' title='bbox 2820 1044 2878 1092; x_wconf 91' lang='lat' dir='ltr'>et</span> <span class='ocrx_word' id='word_1_272' title='bbox 2913 1055 3220 1106; x_wconf 91' lang='lat' dir='ltr'>cameram,</span> <span class='ocrx_word' id='word_1_273' title='bbox 3275 1041 3372 1094; x_wconf 91' lang='lat' dir='ltr'>ubi</span> <span class='ocrx_word' id='word_1_274' title='bbox 3399 1043 3703 1110; x_wconf 90' lang='lat' dir='ltr'>pecuniam</span> 
     </span>
    </p>
   </div>
   <div class='ocr_carea' id='block_1_40' title="bbox 2004 1122 3703 1198">
    <p class='ocr_par' dir='ltr' id='par_1_40' title="bbox 2004 1122 3703 1198">
     <span class='ocr_line' id='line_1_40' title="bbox 2004 1122 3703 1198; baseline 0.005 -23"><span class='ocrx_word' id='word_1_275' title='bbox 2004 1122 2285 1192; x_wconf 88' lang='lat' dir='ltr'>putabant</span> <span class='ocrx_word' id='word_1_276' title='bbox 2332 1124 2686 1179; x_wconf 89' lang='lat' dir='ltr'>reconditam</span> <span class='ocrx_word' id='word_1_277' title='bbox 2726 1124 2815 1191; x_wconf 72' lang='grc'>⁸³⁸,</span> <span class='ocrx_word' id='word_1_278' title='bbox 2868 1126 3173 1196; x_wconf 87' lang='lat' dir='ltr'>diligenter</span> <span class='ocrx_word' id='word_1_279' title='bbox 3219 1129 3462 1198; x_wconf 86' lang='lat' dir='ltr'>angulos</span> <span class='ocrx_word' id='word_1_280' title='bbox 3499 1146 3703 1184; x_wconf 92' lang='lat' dir='ltr'>omnes</span> 
     </span>
    </p>
   </div>
   <div class='ocr_carea' id='block_1_41' title="bbox 2002 1211 3703 1281">
    <p class='ocr_par' dir='ltr' id='par_1_41' title="bbox 2002 1211 3703 1281">
     <span class='ocr_line' id='line_1_41' title="bbox 2002 1211 3703 1281; baseline 0.005 -18"><span class='ocrx_word' id='word_1_281' title='bbox 2002 1211 2341 1281; x_wconf 90' lang='lat' dir='ltr'>perscrutati</span> <span class='ocrx_word' id='word_1_282' title='bbox 2373 1218 2524 1279; x_wconf 93' lang='lat' dir='ltr'>sunt,</span> <span class='ocrx_word' id='word_1_283' title='bbox 2573 1218 2630 1267; x_wconf 89' lang='lat' dir='ltr'>et</span> <span class='ocrx_word' id='word_1_284' title='bbox 2679 1216 2910 1268; x_wconf 90' lang='lat' dir='ltr'>tandem</span> <span class='ocrx_word' id='word_1_285' title='bbox 2958 1216 3165 1269; x_wconf 90' lang='lat' dir='ltr'>scrinia</span> <span class='ocrx_word' id='word_1_286' title='bbox 3206 1217 3482 1270; x_wconf 89' lang='lat' dir='ltr'>librorum</span> <span class='ocrx_word' id='word_1_287' title='bbox 3529 1219 3703 1272; x_wconf 92' lang='lat' dir='ltr'>volu-</span> 
     </span>
    </p>
   </div>
   <div class='ocr_carea' id='block_1_42' title="bbox 2002 1299 3707 1373">
    <p class='ocr_par' dir='ltr' id='par_1_42' title="bbox 2002 1299 3707 1373">
     <span class='ocr_line' id='line_1_42' title="bbox 2002 1299 3707 1373; baseline 0.004 -21"><span class='ocrx_word' id='word_1_288' title='bbox 2002 1299 2256 1353; x_wconf 89' lang='lat' dir='ltr'>minibus</span> <span class='ocrx_word' id='word_1_289' title='bbox 2302 1300 2474 1368; x_wconf 89' lang='lat' dir='ltr'>plena</span> <span class='ocrx_word' id='word_1_290' title='bbox 2504 1317 2601 1370; x_wconf 89' lang='lat' dir='ltr'>spe</span> <span class='ocrx_word' id='word_1_291' title='bbox 2644 1302 2906 1369; x_wconf 72' lang='lat' dir='ltr'>pecunia:</span> <span class='ocrx_word' id='word_1_292' title='bbox 2956 1304 3367 1373; x_wconf 89' lang='lat' dir='ltr'>subvertentes,</span> <span class='ocrx_word' id='word_1_293' title='bbox 3410 1321 3556 1358; x_wconf 91' lang='lat' dir='ltr'>vano</span> <span class='ocrx_word' id='word_1_294' title='bbox 3589 1306 3707 1360; x_wconf 82' lang='lat' dir='ltr'>for-</span> 
     </span>
    </p>
   </div>
   <div class='ocr_carea' id='block_1_43' title="bbox 2000 1388 3704 1461">
    <p class='ocr_par' dir='ltr' id='par_1_43' title="bbox 2000 1388 3704 1461">
     <span class='ocr_line' id='line_1_43' title="bbox 2000 1388 3704 1461; baseline 0.004 -20"><span class='ocrx_word' id='word_1_295' title='bbox 2000 1391 2158 1441; x_wconf 61' lang='lat' dir='ltr'>tuum</span> <span class='ocrx_word' id='word_1_296' title='bbox 2191 1388 2383 1442; x_wconf 92' lang='lat' dir='ltr'>labore</span> <span class='ocrx_word' id='word_1_297' title='bbox 2433 1389 2586 1442; x_wconf 91' lang='lat' dir='ltr'>illusi</span> <span class='ocrx_word' id='word_1_298' title='bbox 2616 1388 2689 1424; x_wconf 75' lang='grc'>’⁸⁵⁵</span> <span class='ocrx_word' id='word_1_299' title='bbox 2738 1397 2888 1443; x_wconf 89' lang='lat' dir='ltr'>sunt.</span> <span class='ocrx_word' id='word_1_300' title='bbox 2941 1392 3081 1445; x_wconf 86' lang='lat' dir='ltr'>Nam</span> <span class='ocrx_word' id='word_1_301' title='bbox 3130 1396 3335 1461; x_wconf 83' lang='lat' dir='ltr'>praeter</span> <span class='ocrx_word' id='word_1_302' title='bbox 3365 1393 3704 1447; x_wconf 85' lang='lat' dir='ltr'>thesaurum</span> 
     </span>
    </p>
   </div>
   <div class='ocr_carea' id='block_1_44' title="bbox 2000 1475 3703 1549">
    <p class='ocr_par' dir='ltr' id='par_1_44' title="bbox 2000 1475 3703 1549">
     <span class='ocr_line' id='line_1_44' title="bbox 2000 1475 3703 1549; baseline 0.002 -20"><span class='ocrx_word' id='word_1_303' title='bbox 2000 1475 2445 1529; x_wconf 88' lang='lat' dir='ltr'>ecclesiasticum</span> <span class='ocrx_word' id='word_1_304' title='bbox 2487 1493 2591 1530; x_wconf 91' lang='lat' dir='ltr'>nec</span> <span class='ocrx_word' id='word_1_305' title='bbox 2624 1492 2832 1531; x_wconf 89' lang='lat' dir='ltr'>aurum</span> <span class='ocrx_word' id='word_1_306' title='bbox 2862 1493 2966 1531; x_wconf 91' lang='lat' dir='ltr'>nec</span> <span class='ocrx_word' id='word_1_307' title='bbox 3007 1484 3311 1549; x_wconf 88' lang='lat' dir='ltr'>argentum</span> <span class='ocrx_word' id='word_1_308' title='bbox 3343 1480 3422 1532; x_wconf 87' lang='lat' dir='ltr'>ibi</span> <span class='ocrx_word' id='word_1_309' title='bbox 3467 1480 3703 1533; x_wconf 89' lang='lat' dir='ltr'>invene-</span> 
     </span>
    </p>
   </div>
   <div class='ocr_carea' id='block_1_45' title="bbox 2000 1562 3706 1637">
    <p class='ocr_par' dir='ltr' id='par_1_45' title="bbox 2000 1562 3706 1637">
     <span class='ocr_line' id='line_1_45' title="bbox 2000 1562 3706 1637; baseline 0.001 -18"><span class='ocrx_word' id='word_1_310' title='bbox 2000 1569 2137 1619; x_wconf 91' lang='lat' dir='ltr'>runt</span> <span class='ocrx_word' id='word_1_311' title='bbox 2186 1562 2275 1631; x_wconf 69' lang='lat'>‘3‘,</span> <span class='ocrx_word' id='word_1_312' title='bbox 2328 1566 2572 1635; x_wconf 80' lang='lat' dir='ltr'>exceptis</span> <span class='ocrx_word' id='word_1_313' title='bbox 2615 1565 2794 1618; x_wconf 90' lang='lat' dir='ltr'>tribus</span> <span class='ocrx_word' id='word_1_314' title='bbox 2827 1570 3052 1619; x_wconf 90' lang='lat' dir='ltr'>tantum</span> <span class='ocrx_word' id='word_1_315' title='bbox 3100 1567 3372 1633; x_wconf 78' lang='lat' dir='ltr'>denariis,</span> <span class='ocrx_word' id='word_1_316' title='bbox 3424 1583 3567 1637; x_wconf 85' lang='lat' dir='ltr'>quos</span> <span class='ocrx_word' id='word_1_317' title='bbox 3614 1569 3706 1621; x_wconf 92' lang='lat' dir='ltr'>vir</span> 
     </span>
    </p>
   </div>
   <div class='ocr_carea' id='block_1_46' title="bbox 2000 1651 3703 1725">
    <p class='ocr_par' dir='ltr' id='par_1_46' title="bbox 2000 1651 3703 1725">
     <span class='ocr_line' id='line_1_46' title="bbox 2000 1651 3703 1725; baseline 0.001 -19"><span class='ocrx_word' id='word_1_318' title='bbox 2000 1658 2231 1707; x_wconf 90' lang='lat' dir='ltr'>sanctus</span> <span class='ocrx_word' id='word_1_319' title='bbox 2290 1652 2351 1706; x_wconf 92' lang='lat' dir='ltr'>iu</span> <span class='ocrx_word' id='word_1_320' title='bbox 2409 1659 2672 1707; x_wconf 85' lang='lat' dir='ltr'>wantone</span> <span class='ocrx_word' id='word_1_321' title='bbox 2716 1651 2790 1687; x_wconf 74' lang='grc'>’⁸³⁷</span> <span class='ocrx_word' id='word_1_322' title='bbox 2845 1655 2960 1722; x_wconf 69' lang='grc'>(24)</span> <span class='ocrx_word' id='word_1_323' title='bbox 3012 1671 3113 1707; x_wconf 90' lang='lat' dir='ltr'>suo</span> <span class='ocrx_word' id='word_1_324' title='bbox 3161 1654 3414 1725; x_wconf 90' lang='lat' dir='ltr'>reliquit,</span> <span class='ocrx_word' id='word_1_325' title='bbox 3468 1655 3703 1725; x_wconf 87' lang='lat' dir='ltr'>quando</span> 
     </span>
    </p>
   </div>
   <div class='ocr_carea' id='block_1_47' title="bbox 2000 1741 3702 1812">
    <p class='ocr_par' dir='ltr' id='par_1_47' title="bbox 2000 1741 3702 1812">
     <span class='ocr_line' id='line_1_47' title="bbox 2000 1741 3702 1812; baseline 0.002 -17"><span class='ocrx_word' id='word_1_326' title='bbox 2000 1741 2148 1795; x_wconf 90' lang='lat' dir='ltr'>alios</span> <span class='ocrx_word' id='word_1_327' title='bbox 2197 1742 2547 1812; x_wconf 88' lang='lat' dir='ltr'>pauperibus</span> <span class='ocrx_word' id='word_1_328' title='bbox 2616 1743 2890 1810; x_wconf 85' lang='lat' dir='ltr'>erogavit.</span> <span class='ocrx_word' id='word_1_329' title='bbox 2943 1744 3122 1812; x_wconf 86' lang='lat' dir='ltr'>Igitur</span> <span class='ocrx_word' id='word_1_330' title='bbox 3167 1759 3331 1796; x_wconf 91' lang='lat' dir='ltr'>soror</span> <span class='ocrx_word' id='word_1_331' title='bbox 3377 1743 3577 1812; x_wconf 84' lang='lat' dir='ltr'>ipsius,</span> <span class='ocrx_word' id='word_1_332' title='bbox 3628 1743 3702 1799; x_wconf 90' lang='lat' dir='ltr'>de</span> 
     </span>
    </p>
   </div>
   <div class='ocr_carea' id='block_1_48' title="bbox 2000 1829 3701 1901">
    <p class='ocr_par' dir='ltr' id='par_1_48' title="bbox 2000 1829 3701 1901">
     <span class='ocr_line' id='line_1_48' title="bbox 2000 1829 3701 1901; baseline 0.002 -19"><span class='ocrx_word' id='word_1_333' title='bbox 2000 1845 2115 1901; x_wconf 89' lang='lat' dir='ltr'>qua</span> <span class='ocrx_word' id='word_1_334' title='bbox 2165 1844 2339 1898; x_wconf 89' lang='lat' dir='ltr'>supra</span> <span class='ocrx_word' id='word_1_335' title='bbox 2403 1829 2653 1884; x_wconf 83' lang='lat' dir='ltr'>diximus</span> <span class='ocrx_word' id='word_1_336' title='bbox 2699 1831 2827 1901; x_wconf 81' lang='grc'>(25),</span> <span class='ocrx_word' id='word_1_337' title='bbox 2892 1831 3176 1885; x_wconf 88' lang='lat' dir='ltr'>abbatissa</span> <span class='ocrx_word' id='word_1_338' title='bbox 3227 1831 3587 1897; x_wconf 86' lang='lat' dir='ltr'>venerabilis,</span> <span class='ocrx_word' id='word_1_339' title='bbox 3638 1832 3701 1886; x_wconf 87' lang='lat' dir='ltr'>in</span> 
     </span>
    </p>
   </div>
   <div class='ocr_carea' id='block_1_49' title="bbox 1999 1915 3700 1989">
    <p class='ocr_par' dir='ltr' id='par_1_49' title="bbox 1999 1915 3700 1989">
     <span class='ocr_line' id='line_1_49' title="bbox 1999 1915 3700 1989; baseline 0.003 -19"><span class='ocrx_word' id='word_1_340' title='bbox 1999 1915 2357 1971; x_wconf 89' lang='lat' dir='ltr'>orationibus</span> <span class='ocrx_word' id='word_1_341' title='bbox 2404 1915 2477 1951; x_wconf 68' lang='grc'>’⁸⁸³</span> <span class='ocrx_word' id='word_1_342' title='bbox 2530 1922 2587 1971; x_wconf 91' lang='lat' dir='ltr'>et</span> <span class='ocrx_word' id='word_1_343' title='bbox 2636 1917 2842 1988; x_wconf 87' lang='lat' dir='ltr'>vigiliis</span> <span class='ocrx_word' id='word_1_344' title='bbox 2893 1920 3282 1989; x_wconf 90' lang='lat' dir='ltr'>perdurando,</span> <span class='ocrx_word' id='word_1_345' title='bbox 3338 1920 3411 1974; x_wconf 89' lang='lat' dir='ltr'>ab</span> <span class='ocrx_word' id='word_1_346' title='bbox 3460 1935 3527 1973; x_wconf 92' lang='lat' dir='ltr'>eo</span> <span class='ocrx_word' id='word_1_347' title='bbox 3579 1936 3700 1975; x_wconf 90' lang='lat' dir='ltr'>nou</span> 
     </span>
    </p>
   </div>
   <div class='ocr_carea' id='block_1_50' title="bbox 1998 2002 2379 2060">
    <p class='ocr_par' dir='ltr' id='par_1_50' title="bbox 1998 2002 2379 2060">
     <span class='ocr_line' id='line_1_50' title="bbox 1998 2002 2379 2060; baseline -0.005 0"><span class='ocrx_word' id='word_1_348' title='bbox 1998 2004 2260 2060; x_wconf 90' lang='lat' dir='ltr'>discessit</span> <span class='ocrx_word' id='word_1_349' title='bbox 2290 2002 2379 2058; x_wconf 69' lang='lat'><strong>‘39.</strong></span> 
     </span>
    </p>
   </div>
   <div class='ocr_carea' id='block_1_51' title="bbox 2069 2093 3699 2165">
    <p class='ocr_par' dir='ltr' id='par_1_51' title="bbox 2069 2093 3699 2165">
     <span class='ocr_line' id='line_1_51' title="bbox 2069 2093 3699 2165; baseline 0.004 -20"><span class='ocrx_word' id='word_1_350' title='bbox 2069 2095 2159 2147; x_wconf 88' lang='lat'>23.</span> <span class='ocrx_word' id='word_1_351' title='bbox 2231 2094 2486 2164; x_wconf 90' lang='lat' dir='ltr'>Cumque</span> <span class='ocrx_word' id='word_1_352' title='bbox 2563 2093 2683 2149; x_wconf 90' lang='lat' dir='ltr'>dies</span> <span class='ocrx_word' id='word_1_353' title='bbox 2756 2111 2967 2165; x_wconf 90' lang='lat' dir='ltr'>paucos</span> <span class='ocrx_word' id='word_1_354' title='bbox 3037 2094 3289 2149; x_wconf 84' lang='lat' dir='ltr'>maxima</span> <span class='ocrx_word' id='word_1_355' title='bbox 3364 2094 3699 2151; x_wconf 78' lang='lat' dir='ltr'>inﬁrmitate</span> 
     </span>
    </p>
   </div>
   <div class='ocr_carea' id='block_1_52' title="bbox 1997 2178 3700 2253">
    <p class='ocr_par' dir='ltr' id='par_1_52' title="bbox 1997 2178 3700 2253">
     <span class='ocr_line' id='line_1_52' title="bbox 1997 2178 3700 2253; baseline 0.002 -20"><span class='ocrx_word' id='word_1_356' title='bbox 1997 2183 2324 2249; x_wconf 64' lang='lat' dir='ltr'>mgrotaret,</span> <span class='ocrx_word' id='word_1_357' title='bbox 2383 2186 2551 2235; x_wconf 90' lang='lat' dir='ltr'>nocte</span> <span class='ocrx_word' id='word_1_358' title='bbox 2601 2178 2676 2217; x_wconf 68' lang='grc' dir='ltr'>’διο</span> <span class='ocrx_word' id='word_1_359' title='bbox 2731 2183 3001 2252; x_wconf 89' lang='lat' dir='ltr'>quadam,</span> <span class='ocrx_word' id='word_1_360' title='bbox 3054 2187 3363 2253; x_wconf 89' lang='lat' dir='ltr'>antequam</span> <span class='ocrx_word' id='word_1_361' title='bbox 3421 2184 3700 2239; x_wconf 90' lang='lat' dir='ltr'>diesceret</span> 
     </span>
    </p>
   </div>
   <div class='ocr_carea' id='block_1_53' title="bbox 1994 2266 3695 2337">
    <p class='ocr_par' dir='ltr' id='par_1_53' title="bbox 1994 2266 3695 2337">
     <span class='ocr_line' id='line_1_53' title="bbox 1994 2266 3695 2337; baseline 0.004 -17"><span class='ocrx_word' id='word_1_362' title='bbox 1994 2266 2097 2334; x_wconf 71' lang='lat' dir='ltr'>W,</span> <span class='ocrx_word' id='word_1_363' title='bbox 2145 2268 2244 2321; x_wconf 92' lang='lat' dir='ltr'>Dei</span> <span class='ocrx_word' id='word_1_364' title='bbox 2293 2284 2488 2323; x_wconf 86' lang='lat' dir='ltr'>servus</span> <span class='ocrx_word' id='word_1_365' title='bbox 2532 2269 2602 2323; x_wconf 93' lang='lat' dir='ltr'>de</span> <span class='ocrx_word' id='word_1_366' title='bbox 2649 2270 2793 2323; x_wconf 89' lang='lat' dir='ltr'>lecto</span> <span class='ocrx_word' id='word_1_367' title='bbox 2836 2287 2896 2323; x_wconf 91' lang='lat' dir='ltr'>se</span> <span class='ocrx_word' id='word_1_368' title='bbox 2927 2272 3126 2337; x_wconf 83' lang='lat' dir='ltr'>erexit,</span> <span class='ocrx_word' id='word_1_369' title='bbox 3177 2276 3234 2325; x_wconf 94' lang='lat' dir='ltr'>et</span> <span class='ocrx_word' id='word_1_370' title='bbox 3262 2271 3442 2325; x_wconf 89' lang='lat' dir='ltr'>oculis</span> <span class='ocrx_word' id='word_1_371' title='bbox 3486 2287 3550 2325; x_wconf 89' lang='lat' dir='ltr'>ac</span> <span class='ocrx_word' id='word_1_372' title='bbox 3581 2288 3695 2326; x_wconf 84' lang='lat' dir='ltr'>ma</span> 
     </span>
    </p>
   </div>
   <div class='ocr_carea' id='block_1_54' title="bbox 1994 2356 3696 2425">
    <p class='ocr_par' dir='ltr' id='par_1_54' title="bbox 1994 2356 3696 2425">
     <span class='ocr_line' id='line_1_54' title="bbox 1994 2356 3696 2425; baseline 0.003 -16"><span class='ocrx_word' id='word_1_373' title='bbox 1994 2356 2169 2410; x_wconf 91' lang='lat' dir='ltr'>nibus</span> <span class='ocrx_word' id='word_1_374' title='bbox 2217 2356 2275 2410; x_wconf 92' lang='lat' dir='ltr'>in</span> <span class='ocrx_word' id='word_1_375' title='bbox 2306 2358 2513 2412; x_wconf 83' lang='lat' dir='ltr'>coelum</span> <span class='ocrx_word' id='word_1_376' title='bbox 2555 2359 2788 2412; x_wconf 88' lang='lat' dir='ltr'>intentis</span> <span class='ocrx_word' id='word_1_377' title='bbox 2835 2356 2923 2425; x_wconf 66' lang='grc'>³⁸³,</span> <span class='ocrx_word' id='word_1_378' title='bbox 2956 2358 3171 2413; x_wconf 89' lang='lat' dir='ltr'>diutius</span> <span class='ocrx_word' id='word_1_379' title='bbox 3216 2359 3416 2414; x_wconf 91' lang='lat' dir='ltr'>oravit.</span> <span class='ocrx_word' id='word_1_380' title='bbox 3461 2358 3551 2413; x_wconf 87' lang='lat' dir='ltr'>Illi</span> <span class='ocrx_word' id='word_1_381' title='bbox 3595 2376 3696 2414; x_wconf 86' lang='lat' dir='ltr'>au-</span> 
     </span>
    </p>
   </div>
   <div class='ocr_carea' id='block_1_55' title="bbox 1992 2445 3698 2517">
    <p class='ocr_par' dir='ltr' id='par_1_55' title="bbox 1992 2445 3698 2517">
     <span class='ocr_line' id='line_1_55' title="bbox 1992 2445 3698 2517; baseline 0.002 -17"><span class='ocrx_word' id='word_1_382' title='bbox 1992 2449 2111 2500; x_wconf 89' lang='lat' dir='ltr'>tem</span> <span class='ocrx_word' id='word_1_383' title='bbox 2162 2445 2262 2515; x_wconf 88' lang='lat' dir='ltr'>qui</span> <span class='ocrx_word' id='word_1_384' title='bbox 2313 2447 2555 2500; x_wconf 89' lang='lat' dir='ltr'>aderant</span> <span class='ocrx_word' id='word_1_385' title='bbox 2600 2446 2753 2500; x_wconf 87' lang='lat' dir='ltr'>labia</span> <span class='ocrx_word' id='word_1_386' title='bbox 2801 2447 2924 2517; x_wconf 84' lang='lat' dir='ltr'>ejus</span> <span class='ocrx_word' id='word_1_387' title='bbox 2970 2448 3187 2501; x_wconf 89' lang='lat' dir='ltr'>moveri</span> <span class='ocrx_word' id='word_1_388' title='bbox 3236 2446 3538 2513; x_wconf 81' lang='lat' dir='ltr'>videbant;</span> <span class='ocrx_word' id='word_1_389' title='bbox 3596 2449 3698 2503; x_wconf 91' lang='lat' dir='ltr'>sed</span> 
     </span>
    </p>
   </div>
   <div class='ocr_carea' id='block_1_56' title="bbox 1993 2533 3695 2605">
    <p class='ocr_par' dir='ltr' id='par_1_56' title="bbox 1993 2533 3695 2605">
     <span class='ocr_line' id='line_1_56' title="bbox 1993 2533 3695 2605; baseline 0.001 -18"><span class='ocrx_word' id='word_1_390' title='bbox 1993 2534 2137 2605; x_wconf 89' lang='lat' dir='ltr'>quid</span> <span class='ocrx_word' id='word_1_391' title='bbox 2193 2540 2405 2602; x_wconf 84' lang='lat' dir='ltr'>oraret,</span> <span class='ocrx_word' id='word_1_392' title='bbox 2463 2533 2724 2605; x_wconf 85' lang='lat' dir='ltr'>quamvis</span> <span class='ocrx_word' id='word_1_393' title='bbox 2790 2539 2955 2589; x_wconf 89' lang='lat' dir='ltr'>caute</span> <span class='ocrx_word' id='word_1_394' title='bbox 3012 2534 3401 2600; x_wconf 88' lang='lat' dir='ltr'>intenderent,</span> <span class='ocrx_word' id='word_1_395' title='bbox 3460 2534 3695 2605; x_wconf 90' lang='lat' dir='ltr'>penitus</span> 
     </span>
    </p>
   </div>
   <div class='ocr_carea' id='block_1_57' title="bbox 1992 2621 3697 2693">
    <p class='ocr_par' dir='ltr' id='par_1_57' title="bbox 1992 2621 3697 2693">
     <span class='ocr_line' id='line_1_57' title="bbox 1992 2621 3697 2693; baseline 0.001 -17"><span class='ocrx_word' id='word_1_396' title='bbox 1992 2638 2111 2676; x_wconf 90' lang='lat' dir='ltr'>non</span> <span class='ocrx_word' id='word_1_397' title='bbox 2166 2621 2584 2692; x_wconf 88' lang='lat' dir='ltr'>intelligebant.</span> <span class='ocrx_word' id='word_1_398' title='bbox 2646 2622 2863 2677; x_wconf 88' lang='lat' dir='ltr'>Deinde</span> <span class='ocrx_word' id='word_1_399' title='bbox 2907 2623 2966 2676; x_wconf 91' lang='lat' dir='ltr'>in</span> <span class='ocrx_word' id='word_1_400' title='bbox 3023 2624 3235 2677; x_wconf 90' lang='lat' dir='ltr'>lectum</span> <span class='ocrx_word' id='word_1_401' title='bbox 3290 2639 3349 2677; x_wconf 91' lang='lat' dir='ltr'>se</span> <span class='ocrx_word' id='word_1_402' title='bbox 3402 2623 3697 2693; x_wconf 90' lang='lat' dir='ltr'>deponens</span> 
     </span>
    </p>
   </div>
   <div class='ocr_carea' id='block_1_58' title="bbox 1993 2708 3696 2781">
    <p class='ocr_par' dir='ltr' id='par_1_58' title="bbox 1993 2708 3696 2781">
     <span class='ocr_line' id='line_1_58' title="bbox 1993 2708 3696 2781; baseline 0.002 -19"><span class='ocrx_word' id='word_1_403' title='bbox 1993 2708 2088 2777; x_wconf 56' lang='grc' dir='ltr'>ιη,</span> <span class='ocrx_word' id='word_1_404' title='bbox 2141 2710 2354 2763; x_wconf 89' lang='lat' dir='ltr'>sororis</span> <span class='ocrx_word' id='word_1_405' title='bbox 2396 2710 2688 2764; x_wconf 81' lang='lat' dir='ltr'>dexteram</span> <span class='ocrx_word' id='word_1_406' title='bbox 2740 2709 2814 2744; x_wconf 75' lang='grc'>’⁸⁸⁸⁸</span> <span class='ocrx_word' id='word_1_407' title='bbox 2857 2711 3043 2781; x_wconf 84' lang='lat' dir='ltr'>tetigit</span> <span class='ocrx_word' id='word_1_408' title='bbox 3084 2710 3178 2779; x_wconf 67' lang='lat' dir='ltr'>m,</span> <span class='ocrx_word' id='word_1_409' title='bbox 3224 2716 3280 2764; x_wconf 94' lang='lat' dir='ltr'>et</span> <span class='ocrx_word' id='word_1_410' title='bbox 3327 2711 3466 2764; x_wconf 83' lang='lat' dir='ltr'>dixit</span> <span class='ocrx_word' id='word_1_411' title='bbox 3507 2726 3521 2763; x_wconf 90' lang='lat'><strong>:</strong></span> <span class='ocrx_word' id='word_1_412' title='bbox 3558 2713 3696 2765; x_wconf 87' lang='lat' dir='ltr'>Ecce</span> 
     </span>
    </p>
   </div>
   <div class='ocr_carea' id='block_1_59' title="bbox 1994 2796 3689 2869">
    <p class='ocr_par' dir='ltr' id='par_1_59' title="bbox 1994 2796 3689 2869">
     <span class='ocr_line' id='line_1_59' title="bbox 1994 2796 3689 2869; baseline 0 -17"><span class='ocrx_word' id='word_1_413' title='bbox 1994 2798 2142 2868; x_wconf 88' lang='lat' dir='ltr'>quod</span> <span class='ocrx_word' id='word_1_414' title='bbox 2190 2800 2472 2867; x_wconf 70' lang='lat' dir='ltr'>concupiui</span> <span class='ocrx_word' id='word_1_415' title='bbox 2506 2815 2626 2869; x_wconf 72' lang='lat' dir='ltr'>jam</span> <span class='ocrx_word' id='word_1_416' title='bbox 2671 2800 2847 2853; x_wconf 82' lang='lat' dir='ltr'>video.</span> <span class='ocrx_word' id='word_1_417' title='bbox 2905 2799 3115 2853; x_wconf 91' lang='lat' dir='ltr'>Deinde</span> <span class='ocrx_word' id='word_1_418' title='bbox 3166 2799 3309 2854; x_wconf 81' lang='lat' dir='ltr'>dixit</span> <span class='ocrx_word' id='word_1_419' title='bbox 3352 2796 3425 2833; x_wconf 67' lang='lat'>&quot;5</span> <span class='ocrx_word' id='word_1_420' title='bbox 3459 2815 3471 2851; x_wconf 93' lang='lat'>:</span> <span class='ocrx_word' id='word_1_421' title='bbox 3507 2801 3689 2853; x_wconf 85' lang='lat' dir='ltr'>Domi-</span> 
     </span>
    </p>
   </div>
   <div class='ocr_carea' id='block_1_60' title="bbox 1992 2886 3695 2957">
    <p class='ocr_par' dir='ltr' id='par_1_60' title="bbox 1992 2886 3695 2957">
     <span class='ocr_line' id='line_1_60' title="bbox 1992 2886 3695 2957; baseline -0.001 -16"><span class='ocrx_word' id='word_1_422' title='bbox 1992 2901 2096 2941; x_wconf 86' lang='lat' dir='ltr'>nus</span> <span class='ocrx_word' id='word_1_423' title='bbox 2142 2887 2433 2941; x_wconf 79' lang='lat' dir='ltr'>vobiscum.</span> <span class='ocrx_word' id='word_1_424' title='bbox 2480 2888 2597 2942; x_wconf 90' lang='lat' dir='ltr'>Hoc</span> <span class='ocrx_word' id='word_1_425' title='bbox 2643 2903 2772 2941; x_wconf 88' lang='lat' dir='ltr'>cum</span> <span class='ocrx_word' id='word_1_426' title='bbox 2821 2887 2989 2941; x_wconf 89' lang='lat' dir='ltr'>tertio</span> <span class='ocrx_word' id='word_1_427' title='bbox 3036 2888 3269 2953; x_wconf 89' lang='lat' dir='ltr'>diceret,</span> <span class='ocrx_word' id='word_1_428' title='bbox 3319 2886 3695 2957; x_wconf 84' lang='lat' dir='ltr'>Redemptori</span> 
     </span>
    </p>
   </div>
   <div class='ocr_carea' id='block_1_61' title="bbox 172 2974 3689 3047">
    <p class='ocr_par' dir='ltr' id='par_1_61' title="bbox 172 2974 3689 3047">
     <span class='ocr_line' id='line_1_61' title="bbox 172 2974 3689 3047; baseline -0.002 -12"><span class='ocrx_word' id='word_1_429' title='bbox 172 2980 326 3035; x_wconf 86' lang='lat' dir='ltr'>Talis</span> <span class='ocrx_word' id='word_1_430' title='bbox 370 2978 531 3032; x_wconf 89' lang='lat' dir='ltr'>enim</span> <span class='ocrx_word' id='word_1_431' title='bbox 562 2977 633 3014; x_wconf 79' lang='grc'>⁴²²</span> <span class='ocrx_word' id='word_1_432' title='bbox 663 2982 748 3032; x_wconf 90' lang='lat' dir='ltr'>est</span> <span class='ocrx_word' id='word_1_433' title='bbox 778 2977 1045 3047; x_wconf 88' lang='lat' dir='ltr'>gloriatio</span> <span class='ocrx_word' id='word_1_434' title='bbox 1082 2975 1161 3011; x_wconf 65' lang='grc' dir='ltr'>ἠδ</span> <span class='ocrx_word' id='word_1_435' title='bbox 1191 2980 1408 3044; x_wconf 89' lang='lat' dir='ltr'>nostra,</span> <span class='ocrx_word' id='word_1_436' title='bbox 1444 2979 1573 3032; x_wconf 90' lang='lat' dir='ltr'>talis</span> <span class='ocrx_word' id='word_1_437' title='bbox 1614 2984 1672 3033; x_wconf 91' lang='lat' dir='ltr'>et</span> <span class='ocrx_word' id='word_1_438' title='bbox 1697 2978 1885 3033; x_wconf 90' lang='lat' dir='ltr'>domi-</span> <span class='ocrx_word' id='word_1_439' title='bbox 1917 2977 1957 3030; x_wconf 87' lang='lat' dir='ltr'><strong>C</strong></span> <span class='ocrx_word' id='word_1_440' title='bbox 1994 2980 2211 3040; x_wconf 88' lang='lat' dir='ltr'>nostro,</span> <span class='ocrx_word' id='word_1_441' title='bbox 2263 2975 2356 3027; x_wconf 92' lang='lat' dir='ltr'>cui</span> <span class='ocrx_word' id='word_1_442' title='bbox 2399 2975 2648 3039; x_wconf 90' lang='lat' dir='ltr'>servivit,</span> <span class='ocrx_word' id='word_1_443' title='bbox 2699 2991 2871 3045; x_wconf 90' lang='lat' dir='ltr'>quem</span> <span class='ocrx_word' id='word_1_444' title='bbox 2914 2976 3141 3039; x_wconf 87' lang='lat' dir='ltr'>amavit,</span> <span class='ocrx_word' id='word_1_445' title='bbox 3186 2991 3358 3046; x_wconf 91' lang='lat' dir='ltr'>quem</span> <span class='ocrx_word' id='word_1_446' title='bbox 3406 2974 3689 3045; x_wconf 67' lang='lat' dir='ltr'>quaesivit,</span> 
     </span>
    </p>
   </div>
   <div class='ocr_carea' id='block_1_62' title="bbox 175 3064 1883 3138">
    <p class='ocr_par' dir='ltr' id='par_1_62' title="bbox 175 3064 1883 3138">
     <span class='ocr_line' id='line_1_62' title="bbox 175 3064 1883 3138; baseline -0.001 -16"><span class='ocrx_word' id='word_1_447' title='bbox 175 3067 335 3123; x_wconf 89' lang='lat' dir='ltr'>natio</span> <span class='ocrx_word' id='word_1_448' title='bbox 382 3066 674 3120; x_wconf 89' lang='lat' dir='ltr'>mundana</span> <span class='ocrx_word' id='word_1_449' title='bbox 701 3064 795 3121; x_wconf 69' lang='grc'>⁴²⁴.</span> <span class='ocrx_word' id='word_1_450' title='bbox 833 3065 1029 3120; x_wconf 88' lang='lat' dir='ltr'>Nudus</span> <span class='ocrx_word' id='word_1_451' title='bbox 1063 3065 1280 3136; x_wconf 88' lang='lat' dir='ltr'>quippe</span> <span class='ocrx_word' id='word_1_452' title='bbox 1324 3081 1589 3138; x_wconf 86' lang='lat' dir='ltr'>egressus</span> <span class='ocrx_word' id='word_1_453' title='bbox 1637 3083 1767 3122; x_wconf 90' lang='lat' dir='ltr'>sum</span> <span class='ocrx_word' id='word_1_454' title='bbox 1814 3067 1883 3121; x_wconf 91' lang='lat' dir='ltr'>de</span> 
     </span>
    </p>
   </div>
   <div class='ocr_carea' id='block_1_63' title="bbox 174 3151 1883 3223">
    <p class='ocr_par' dir='ltr' id='par_1_63' title="bbox 174 3151 1883 3223">
     <span class='ocr_line' id='line_1_63' title="bbox 174 3151 1883 3223; baseline -0.001 -13"><span class='ocrx_word' id='word_1_455' title='bbox 174 3155 249 3192; x_wconf 73' lang='grc'>⁵³⁵</span> <span class='ocrx_word' id='word_1_456' title='bbox 282 3162 451 3211; x_wconf 87' lang='lat' dir='ltr'>utero</span> <span class='ocrx_word' id='word_1_457' title='bbox 488 3156 682 3209; x_wconf 87' lang='lat' dir='ltr'>matris</span> <span class='ocrx_word' id='word_1_458' title='bbox 714 3171 877 3223; x_wconf 64' lang='lat' dir='ltr'>meae,</span> <span class='ocrx_word' id='word_1_459' title='bbox 933 3155 1125 3209; x_wconf 91' lang='lat' dir='ltr'>nudus</span> <span class='ocrx_word' id='word_1_460' title='bbox 1156 3151 1230 3189; x_wconf 80' lang='grc'>⁸²⁶</span> <span class='ocrx_word' id='word_1_461' title='bbox 1258 3161 1515 3211; x_wconf 87' lang='lat' dir='ltr'>revertar</span> <span class='ocrx_word' id='word_1_462' title='bbox 1544 3157 1704 3223; x_wconf 89' lang='lat' dir='ltr'>illuc,</span> <span class='ocrx_word' id='word_1_463' title='bbox 1740 3156 1883 3209; x_wconf 85' lang='lat' dir='ltr'>nihil</span> 
     </span>
    </p>
   </div>
   <div class='ocr_carea' id='block_1_64' title="bbox 173 3241 1885 3317">
    <p class='ocr_par' dir='ltr' id='par_1_64' title="bbox 173 3241 1885 3317">
     <span class='ocr_line' id='line_1_64' title="bbox 173 3241 1885 3317; baseline -0.002 -16"><span class='ocrx_word' id='word_1_464' title='bbox 173 3250 388 3317; x_wconf 68' lang='lat' dir='ltr'>praeter</span> <span class='ocrx_word' id='word_1_465' title='bbox 418 3248 643 3315; x_wconf 91' lang='lat' dir='ltr'>peccata</span> <span class='ocrx_word' id='word_1_466' title='bbox 675 3241 748 3277; x_wconf 74' lang='lat'>“7</span> <span class='ocrx_word' id='word_1_467' title='bbox 780 3259 1007 3297; x_wconf 90' lang='lat' dir='ltr'>mecum</span> <span class='ocrx_word' id='word_1_468' title='bbox 1056 3247 1379 3313; x_wconf 87' lang='lat' dir='ltr'>reportans,</span> <span class='ocrx_word' id='word_1_469' title='bbox 1410 3244 1522 3298; x_wconf 90' lang='lat' dir='ltr'>nisi</span> <span class='ocrx_word' id='word_1_470' title='bbox 1560 3245 1661 3299; x_wconf 91' lang='lat' dir='ltr'>Dei</span> <span class='ocrx_word' id='word_1_471' title='bbox 1711 3244 1885 3298; x_wconf 90' lang='lat' dir='ltr'>mise-</span> 
     </span>
    </p>
   </div>
   <div class='ocr_carea' id='block_1_65' title="bbox 174 3330 1884 3401">
    <p class='ocr_par' dir='ltr' id='par_1_65' title="bbox 174 3330 1884 3401">
     <span class='ocr_line' id='line_1_65' title="bbox 174 3330 1884 3401; baseline -0.002 -12"><span class='ocrx_word' id='word_1_472' title='bbox 174 3334 429 3389; x_wconf 90' lang='lat' dir='ltr'>ricordia</span> <span class='ocrx_word' id='word_1_473' title='bbox 484 3330 558 3367; x_wconf 75' lang='grc'>⁸²⁸</span> <span class='ocrx_word' id='word_1_474' title='bbox 614 3333 950 3386; x_wconf 84' lang='lat' dir='ltr'>exhortante</span> <span class='ocrx_word' id='word_1_475' title='bbox 1008 3331 1228 3401; x_wconf 88' lang='lat' dir='ltr'>aliquid</span> <span class='ocrx_word' id='word_1_476' title='bbox 1281 3331 1417 3387; x_wconf 88' lang='lat' dir='ltr'>boni</span> <span class='ocrx_word' id='word_1_477' title='bbox 1474 3333 1729 3394; x_wconf 84' lang='lat' dir='ltr'>fecerim,</span> <span class='ocrx_word' id='word_1_478' title='bbox 1786 3334 1884 3387; x_wconf 88' lang='lat' dir='ltr'>ali-</span> 
     </span>
    </p>
   </div>
   <div class='ocr_carea' id='block_1_66' title="bbox 176 3419 1879 3493">
    <p class='ocr_par' dir='ltr' id='par_1_66' title="bbox 176 3419 1879 3493">
     <span class='ocr_line' id='line_1_66' title="bbox 176 3419 1879 3493; baseline -0.001 -17"><span class='ocrx_word' id='word_1_479' title='bbox 176 3423 415 3493; x_wconf 86' lang='lat' dir='ltr'>quando</span> <span class='ocrx_word' id='word_1_480' title='bbox 446 3421 553 3475; x_wconf 90' lang='lat' dir='ltr'>hoc</span> <span class='ocrx_word' id='word_1_481' title='bbox 580 3420 731 3490; x_wconf 91' lang='lat' dir='ltr'>apud</span> <span class='ocrx_word' id='word_1_482' title='bbox 775 3422 955 3475; x_wconf 91' lang='lat' dir='ltr'>Deum</span> <span class='ocrx_word' id='word_1_483' title='bbox 1002 3436 1093 3474; x_wconf 92' lang='lat' dir='ltr'>me</span> <span class='ocrx_word' id='word_1_484' title='bbox 1123 3419 1493 3475; x_wconf 88' lang='lat' dir='ltr'>inventurum</span> <span class='ocrx_word' id='word_1_485' title='bbox 1541 3438 1660 3475; x_wconf 90' lang='lat' dir='ltr'>esse</span> <span class='ocrx_word' id='word_1_486' title='bbox 1691 3438 1879 3492; x_wconf 92' lang='lat' dir='ltr'>spero.</span> 
     </span>
    </p>
   </div>
   <div class='ocr_carea' id='block_1_67' title="bbox 178 3507 1880 3579">
    <p class='ocr_par' dir='ltr' id='par_1_67' title="bbox 178 3507 1880 3579">
     <span class='ocr_line' id='line_1_67' title="bbox 178 3507 1880 3579; baseline -0.002 -15"><span class='ocrx_word' id='word_1_487' title='bbox 178 3512 317 3564; x_wconf 87' lang='lat' dir='ltr'>Ecce</span> <span class='ocrx_word' id='word_1_488' title='bbox 343 3525 499 3563; x_wconf 87' lang='lat' dir='ltr'>nunc</span> <span class='ocrx_word' id='word_1_489' title='bbox 528 3524 655 3562; x_wconf 91' lang='lat' dir='ltr'>sum</span> <span class='ocrx_word' id='word_1_490' title='bbox 697 3509 873 3575; x_wconf 90' lang='lat' dir='ltr'>lotus;</span> <span class='ocrx_word' id='word_1_491' title='bbox 905 3523 1034 3561; x_wconf 91' lang='lat' dir='ltr'>ecce</span> <span class='ocrx_word' id='word_1_492' title='bbox 1062 3507 1213 3561; x_wconf 88' lang='lat' dir='ltr'>viam</span> <span class='ocrx_word' id='word_1_493' title='bbox 1244 3507 1642 3579; x_wconf 87' lang='lat' dir='ltr'>longissimam</span> <span class='ocrx_word' id='word_1_494' title='bbox 1674 3509 1880 3576; x_wconf 90' lang='lat' dir='ltr'>iturus,</span> 
     </span>
    </p>
   </div>
   <div class='ocr_carea' id='block_1_68' title="bbox 176 3596 1882 3669">
    <p class='ocr_par' dir='ltr' id='par_1_68' title="bbox 176 3596 1882 3669">
     <span class='ocr_line' id='line_1_68' title="bbox 176 3596 1882 3669; baseline -0.002 -16"><span class='ocrx_word' id='word_1_495' title='bbox 176 3597 532 3669; x_wconf 88' lang='lat' dir='ltr'>legationem</span> <span class='ocrx_word' id='word_1_496' title='bbox 580 3596 947 3650; x_wconf 90' lang='lat' dir='ltr'>durissimam</span> <span class='ocrx_word' id='word_1_497' title='bbox 979 3601 1216 3666; x_wconf 87' lang='lat' dir='ltr'>expecto</span> <span class='ocrx_word' id='word_1_498' title='bbox 1248 3599 1501 3665; x_wconf 89' lang='lat' dir='ltr'>paratus.</span> <span class='ocrx_word' id='word_1_499' title='bbox 1552 3598 1623 3650; x_wconf 73' lang='lat' dir='ltr'><strong>Ex</strong></span> <span class='ocrx_word' id='word_1_500' title='bbox 1656 3596 1745 3650; x_wconf 89' lang='lat' dir='ltr'>his</span> <span class='ocrx_word' id='word_1_501' title='bbox 1773 3596 1882 3650; x_wconf 90' lang='lat' dir='ltr'>mi-</span> 
     </span>
    </p>
   </div>
   <div class='ocr_carea' id='block_1_69' title="bbox 177 3682 1881 3755">
    <p class='ocr_par' dir='ltr' id='par_1_69' title="bbox 177 3682 1881 3755">
     <span class='ocr_line' id='line_1_69' title="bbox 177 3682 1881 3755; baseline -0.002 -14"><span class='ocrx_word' id='word_1_502' title='bbox 177 3687 343 3741; x_wconf 89' lang='lat' dir='ltr'>seriis</span> <span class='ocrx_word' id='word_1_503' title='bbox 392 3684 559 3739; x_wconf 86' lang='lat' dir='ltr'>facile</span> <span class='ocrx_word' id='word_1_504' title='bbox 609 3700 955 3755; x_wconf 88' lang='lat' dir='ltr'>cognoscere</span> <span class='ocrx_word' id='word_1_505' title='bbox 995 3685 1253 3754; x_wconf 92' lang='lat' dir='ltr'>potestis,</span> <span class='ocrx_word' id='word_1_506' title='bbox 1301 3684 1538 3738; x_wconf 89' lang='lat' dir='ltr'>liventes</span> <span class='ocrx_word' id='word_1_507' title='bbox 1594 3682 1666 3721; x_wconf 76' lang='lat'>&quot;9</span> <span class='ocrx_word' id='word_1_508' title='bbox 1714 3700 1881 3738; x_wconf 86' lang='lat' dir='ltr'>mun-</span> 
     </span>
    </p>
   </div>
   <div class='ocr_carea' id='block_1_70' title="bbox 175 3773 1884 3844">
    <p class='ocr_par' dir='ltr' id='par_1_70' title="bbox 175 3773 1884 3844">
     <span class='ocr_line' id='line_1_70' title="bbox 175 3773 1884 3844; baseline -0.001 -14"><span class='ocrx_word' id='word_1_509' title='bbox 175 3776 464 3830; x_wconf 88' lang='lat' dir='ltr'>dauarum</span> <span class='ocrx_word' id='word_1_510' title='bbox 515 3790 705 3827; x_wconf 90' lang='lat' dir='ltr'>rerum</span> <span class='ocrx_word' id='word_1_511' title='bbox 737 3773 1108 3844; x_wconf 90' lang='lat' dir='ltr'>gloriationes</span> <span class='ocrx_word' id='word_1_512' title='bbox 1148 3788 1321 3844; x_wconf 92' lang='lat' dir='ltr'>quam</span> <span class='ocrx_word' id='word_1_513' title='bbox 1364 3773 1597 3843; x_wconf 87' lang='lat' dir='ltr'>fragiles</span> <span class='ocrx_word' id='word_1_514' title='bbox 1627 3778 1684 3828; x_wconf 93' lang='lat' dir='ltr'>et</span> <span class='ocrx_word' id='word_1_515' title='bbox 1712 3773 1884 3828; x_wconf 89' lang='lat' dir='ltr'>insta-</span> 
     </span>
    </p>
   </div>
   <div class='ocr_carea' id='block_1_71' title="bbox 176 3858 1881 3932">
    <p class='ocr_par' dir='ltr' id='par_1_71' title="bbox 176 3858 1881 3932">
     <span class='ocr_line' id='line_1_71' title="bbox 176 3858 1881 3932; baseline 0 -15"><span class='ocrx_word' id='word_1_516' title='bbox 176 3863 321 3917; x_wconf 89' lang='lat' dir='ltr'>biles</span> <span class='ocrx_word' id='word_1_517' title='bbox 353 3861 470 3915; x_wconf 86' lang='lat' dir='ltr'>sint</span> <span class='ocrx_word' id='word_1_518' title='bbox 510 3858 605 3927; x_wconf 63' lang='lat'>“3°,</span> <span class='ocrx_word' id='word_1_519' title='bbox 646 3877 820 3932; x_wconf 91' lang='lat' dir='ltr'>quam</span> <span class='ocrx_word' id='word_1_520' title='bbox 865 3862 1051 3930; x_wconf 66' lang='lat' dir='ltr'>plenae</span> <span class='ocrx_word' id='word_1_521' title='bbox 1082 3861 1241 3928; x_wconf 92' lang='lat' dir='ltr'>mali,</span> <span class='ocrx_word' id='word_1_522' title='bbox 1288 3877 1463 3932; x_wconf 89' lang='lat' dir='ltr'>quam</span> <span class='ocrx_word' id='word_1_523' title='bbox 1512 3878 1675 3917; x_wconf 68' lang='lat' dir='ltr'>caecae</span> <span class='ocrx_word' id='word_1_524' title='bbox 1704 3861 1881 3917; x_wconf 90' lang='lat' dir='ltr'>futuri</span> 
     </span>
    </p>
   </div>
   <div class='ocr_carea' id='block_1_72' title="bbox 177 3948 1881 4020">
    <p class='ocr_par' dir='ltr' id='par_1_72' title="bbox 177 3948 1881 4020">
     <span class='ocr_line' id='line_1_72' title="bbox 177 3948 1881 4020; baseline 0 -16"><span class='ocrx_word' id='word_1_525' title='bbox 177 3948 280 4017; x_wconf 66' lang='lat' dir='ltr'>&quot;l;</span> <span class='ocrx_word' id='word_1_526' title='bbox 334 3965 482 4020; x_wconf 91' lang='lat' dir='ltr'>quas</span> <span class='ocrx_word' id='word_1_527' title='bbox 534 3964 634 4019; x_wconf 92' lang='lat' dir='ltr'>per</span> <span class='ocrx_word' id='word_1_528' title='bbox 690 3949 989 4018; x_wconf 89' lang='lat' dir='ltr'>speculum</span> <span class='ocrx_word' id='word_1_529' title='bbox 1051 3964 1205 4002; x_wconf 90' lang='lat' dir='ltr'>nunc</span> <span class='ocrx_word' id='word_1_530' title='bbox 1258 3964 1541 4018; x_wconf 91' lang='lat' dir='ltr'>cognosco</span> <span class='ocrx_word' id='word_1_531' title='bbox 1597 3950 1762 4020; x_wconf 89' lang='lat' dir='ltr'>quasi</span> <span class='ocrx_word' id='word_1_532' title='bbox 1820 3951 1881 4004; x_wconf 91' lang='lat' dir='ltr'>in</span> 
     </span>
    </p>
   </div>
   <div class='ocr_carea' id='block_1_73' title="bbox 177 4035 1879 4109">
    <p class='ocr_par' dir='ltr' id='par_1_73' title="bbox 177 4035 1879 4109">
     <span class='ocr_line' id='line_1_73' title="bbox 177 4035 1879 4109; baseline 0.001 -17"><span class='ocrx_word' id='word_1_533' title='bbox 177 4038 515 4107; x_wconf 62' lang='lat' dir='ltr'>aenigmate,</span> <span class='ocrx_word' id='word_1_534' title='bbox 580 4035 841 4107; x_wconf 85' lang='lat' dir='ltr'>quamvis</span> <span class='ocrx_word' id='word_1_535' title='bbox 909 4035 1125 4090; x_wconf 90' lang='lat' dir='ltr'>eisdem</span> <span class='ocrx_word' id='word_1_536' title='bbox 1180 4036 1365 4090; x_wconf 90' lang='lat' dir='ltr'>adhuc</span> <span class='ocrx_word' id='word_1_537' title='bbox 1430 4037 1754 4109; x_wconf 90' lang='lat' dir='ltr'>subjaceam</span> <span class='ocrx_word' id='word_1_538' title='bbox 1815 4055 1879 4093; x_wconf 87' lang='lat' dir='ltr'>ex</span> 
     </span>
    </p>
   </div>
   <div class='ocr_carea' id='block_1_74' title="bbox 178 4122 1881 4198">
    <p class='ocr_par' dir='ltr' id='par_1_74' title="bbox 178 4122 1881 4198">
     <span class='ocr_line' id='line_1_74' title="bbox 178 4122 1881 4198; baseline 0.001 -19"><span class='ocrx_word' id='word_1_539' title='bbox 178 4131 365 4196; x_wconf 88' lang='lat' dir='ltr'>parte.</span> <span class='ocrx_word' id='word_1_540' title='bbox 415 4125 559 4194; x_wconf 86' lang='lat' dir='ltr'>Ergo</span> <span class='ocrx_word' id='word_1_541' title='bbox 601 4124 691 4178; x_wconf 91' lang='lat' dir='ltr'>cui</span> <span class='ocrx_word' id='word_1_542' title='bbox 735 4123 942 4177; x_wconf 87' lang='lat' dir='ltr'>servivi</span> <span class='ocrx_word' id='word_1_543' title='bbox 972 4125 1043 4177; x_wconf 91' lang='lat' dir='ltr'>ab</span> <span class='ocrx_word' id='word_1_544' title='bbox 1074 4124 1239 4178; x_wconf 90' lang='lat' dir='ltr'>initio</span> <span class='ocrx_word' id='word_1_545' title='bbox 1271 4122 1365 4191; x_wconf 68' lang='grc' dir='ltr'>ιδ’,</span> <span class='ocrx_word' id='word_1_546' title='bbox 1398 4126 1512 4178; x_wconf 92' lang='lat' dir='ltr'>Deo</span> <span class='ocrx_word' id='word_1_547' title='bbox 1560 4141 1705 4190; x_wconf 89' lang='lat' dir='ltr'>meo,</span> <span class='ocrx_word' id='word_1_548' title='bbox 1756 4127 1881 4198; x_wconf 89' lang='lat' dir='ltr'>regi</span> 
     </span>
    </p>
   </div>
   <div class='ocr_carea' id='block_1_75' title="bbox 180 4211 1877 4282">
    <p class='ocr_par' dir='ltr' id='par_1_75' title="bbox 180 4211 1877 4282">
     <span class='ocr_line' id='line_1_75' title="bbox 180 4211 1877 4282; baseline 0.002 -16"><span class='ocrx_word' id='word_1_549' title='bbox 180 4212 560 4282; x_wconf 89' lang='lat' dir='ltr'>sempiterno,</span> <span class='ocrx_word' id='word_1_550' title='bbox 610 4228 702 4265; x_wconf 94' lang='lat' dir='ltr'>me</span> <span class='ocrx_word' id='word_1_551' title='bbox 754 4227 997 4282; x_wconf 87' lang='lat' dir='ltr'>meaque</span> <span class='ocrx_word' id='word_1_552' title='bbox 1043 4213 1237 4266; x_wconf 90' lang='lat' dir='ltr'>omnia</span> <span class='ocrx_word' id='word_1_553' title='bbox 1286 4211 1677 4267; x_wconf 81' lang='lat' dir='ltr'>indubitanter</span> <span class='ocrx_word' id='word_1_554' title='bbox 1721 4231 1877 4269; x_wconf 89' lang='lat' dir='ltr'>com-</span> 
     </span>
    </p>
   </div>
   <div class='ocr_carea' id='block_1_76' title="bbox 180 4296 1877 4373">
    <p class='ocr_par' dir='ltr' id='par_1_76' title="bbox 180 4296 1877 4373">
     <span class='ocr_line' id='line_1_76' title="bbox 180 4296 1877 4373; baseline 0.004 -22"><span class='ocrx_word' id='word_1_555' title='bbox 180 4300 374 4365; x_wconf 84' lang='lat' dir='ltr'>mitto,</span> <span class='ocrx_word' id='word_1_556' title='bbox 425 4303 484 4351; x_wconf 91' lang='lat' dir='ltr'>ut</span> <span class='ocrx_word' id='word_1_557' title='bbox 514 4298 634 4369; x_wconf 90' lang='lat' dir='ltr'>ipse</span> <span class='ocrx_word' id='word_1_558' title='bbox 680 4314 773 4353; x_wconf 92' lang='lat' dir='ltr'>me</span> <span class='ocrx_word' id='word_1_559' title='bbox 826 4296 900 4333; x_wconf 73' lang='grc'>⁸⁸³</span> <span class='ocrx_word' id='word_1_560' title='bbox 948 4298 1217 4354; x_wconf 81' lang='lat' dir='ltr'>defendat</span> <span class='ocrx_word' id='word_1_561' title='bbox 1246 4305 1303 4354; x_wconf 91' lang='lat' dir='ltr'>et</span> <span class='ocrx_word' id='word_1_562' title='bbox 1333 4316 1525 4354; x_wconf 92' lang='lat' dir='ltr'>secum</span> <span class='ocrx_word' id='word_1_563' title='bbox 1570 4301 1707 4356; x_wconf 91' lang='lat' dir='ltr'>illuc</span> <span class='ocrx_word' id='word_1_564' title='bbox 1750 4318 1877 4373; x_wconf 90' lang='lat' dir='ltr'>per-</span> 
     </span>
    </p>
   </div>
   <div class='ocr_carea' id='block_1_77' title="bbox 1994 3062 3697 3134">
    <p class='ocr_par' dir='ltr' id='par_1_77' title="bbox 1994 3062 3697 3134">
     <span class='ocr_line' id='line_1_77' title="bbox 1994 3062 3697 3134; baseline 0.001 -18"><span class='ocrx_word' id='word_1_565' title='bbox 1994 3078 2166 3134; x_wconf 93' lang='lat' dir='ltr'>quem</span> <span class='ocrx_word' id='word_1_566' title='bbox 2200 3078 2426 3131; x_wconf 89' lang='lat' dir='ltr'>semper</span> <span class='ocrx_word' id='word_1_567' title='bbox 2455 3062 2687 3134; x_wconf 91' lang='lat' dir='ltr'>optavit,</span> <span class='ocrx_word' id='word_1_568' title='bbox 2734 3063 2999 3134; x_wconf 88' lang='lat' dir='ltr'>spiritum</span> <span class='ocrx_word' id='word_1_569' title='bbox 3046 3063 3475 3117; x_wconf 77' lang='lat' dir='ltr'>immaculatum</span> <span class='ocrx_word' id='word_1_570' title='bbox 3507 3062 3697 3117; x_wconf 89' lang='lat' dir='ltr'>reddi-</span> 
     </span>
    </p>
   </div>
   <div class='ocr_carea' id='block_1_78' title="bbox 1993 3151 3693 3221">
    <p class='ocr_par' dir='ltr' id='par_1_78' title="bbox 1993 3151 3693 3221">
     <span class='ocr_line' id='line_1_78' title="bbox 1993 3151 3693 3221; baseline 0 -15"><span class='ocrx_word' id='word_1_571' title='bbox 1993 3152 2078 3206; x_wconf 91' lang='lat' dir='ltr'>dit</span> <span class='ocrx_word' id='word_1_572' title='bbox 2125 3151 2236 3221; x_wconf 86' lang='lat' dir='ltr'>(an.</span> <span class='ocrx_word' id='word_1_573' title='bbox 2284 3152 2437 3211; x_wconf 79' lang='grc'>1025,</span> <span class='ocrx_word' id='word_1_574' title='bbox 2491 3154 2637 3220; x_wconf 85' lang='lat' dir='ltr'>Aug.</span> <span class='ocrx_word' id='word_1_575' title='bbox 2681 3153 2797 3221; x_wconf 93' lang='lat'>20.)</span> <span class='ocrx_word' id='word_1_576' title='bbox 2850 3153 3058 3207; x_wconf 88' lang='lat' dir='ltr'>Habuit</span> <span class='ocrx_word' id='word_1_577' title='bbox 3104 3158 3300 3206; x_wconf 89' lang='lat' dir='ltr'>autem</span> <span class='ocrx_word' id='word_1_578' title='bbox 3345 3167 3540 3205; x_wconf 87' lang='lat' dir='ltr'>servus</span> <span class='ocrx_word' id='word_1_579' title='bbox 3590 3151 3693 3206; x_wconf 92' lang='lat' dir='ltr'>Dei</span> 
     </span>
    </p>
   </div>
   <div class='ocr_carea' id='block_1_79' title="bbox 1993 3239 3690 3311">
    <p class='ocr_par' dir='ltr' id='par_1_79' title="bbox 1993 3239 3690 3311">
     <span class='ocr_line' id='line_1_79' title="bbox 1993 3239 3690 3311; baseline 0.001 -19"><span class='ocrx_word' id='word_1_580' title='bbox 1993 3239 2278 3311; x_wconf 90' lang='lat' dir='ltr'>quoddam</span> <span class='ocrx_word' id='word_1_581' title='bbox 2315 3239 2604 3301; x_wconf 89' lang='lat' dir='ltr'>scrinium,</span> <span class='ocrx_word' id='word_1_582' title='bbox 2649 3241 2804 3311; x_wconf 90' lang='lat' dir='ltr'>quod</span> <span class='ocrx_word' id='word_1_583' title='bbox 2835 3242 3027 3295; x_wconf 91' lang='lat' dir='ltr'>nullus</span> <span class='ocrx_word' id='word_1_584' title='bbox 3069 3246 3332 3295; x_wconf 90' lang='lat' dir='ltr'>nostrum</span> <span class='ocrx_word' id='word_1_585' title='bbox 3376 3239 3690 3311; x_wconf 90' lang='lat' dir='ltr'>aliquando</span> 
     </span>
    </p>
   </div>
   <div class='ocr_carea' id='block_1_80' title="bbox 1992 3328 3690 3400">
    <p class='ocr_par' dir='ltr' id='par_1_80' title="bbox 1992 3328 3690 3400">
     <span class='ocr_line' id='line_1_80' title="bbox 1992 3328 3690 3400; baseline 0 -17"><span class='ocrx_word' id='word_1_586' title='bbox 1992 3334 2255 3399; x_wconf 89' lang='lat' dir='ltr'>apertum</span> <span class='ocrx_word' id='word_1_587' title='bbox 2311 3328 2469 3383; x_wconf 91' lang='lat' dir='ltr'>vidit.</span> <span class='ocrx_word' id='word_1_588' title='bbox 2524 3330 2702 3398; x_wconf 85' lang='lat' dir='ltr'>Hujus</span> <span class='ocrx_word' id='word_1_589' title='bbox 2750 3330 2985 3400; x_wconf 81' lang='lat' dir='ltr'>quidem</span> <span class='ocrx_word' id='word_1_590' title='bbox 3031 3330 3249 3384; x_wconf 88' lang='lat' dir='ltr'>clavem</span> <span class='ocrx_word' id='word_1_591' title='bbox 3299 3328 3483 3383; x_wconf 88' lang='lat' dir='ltr'>sorori</span> <span class='ocrx_word' id='word_1_592' title='bbox 3532 3345 3690 3383; x_wconf 86' lang='lat' dir='ltr'>com-</span> 
     </span>
    </p>
   </div>
   <div class='ocr_carea' id='block_1_81' title="bbox 1992 3416 3692 3489">
    <p class='ocr_par' dir='ltr' id='par_1_81' title="bbox 1992 3416 3692 3489">
     <span class='ocr_line' id='line_1_81' title="bbox 1992 3416 3692 3489; baseline 0.001 -18"><span class='ocrx_word' id='word_1_593' title='bbox 1992 3416 2167 3482; x_wconf 86' lang='lat' dir='ltr'>misit,</span> <span class='ocrx_word' id='word_1_594' title='bbox 2216 3420 2280 3470; x_wconf 89' lang='lat' dir='ltr'>ut</span> <span class='ocrx_word' id='word_1_595' title='bbox 2309 3416 2580 3488; x_wconf 91' lang='lat' dir='ltr'>quicquid</span> <span class='ocrx_word' id='word_1_596' title='bbox 2634 3416 2900 3489; x_wconf 89' lang='lat' dir='ltr'>[interius</span> <span class='ocrx_word' id='word_1_597' title='bbox 2938 3416 3032 3486; x_wconf 67' lang='lat' dir='ltr'>lm]</span> <span class='ocrx_word' id='word_1_598' title='bbox 3081 3417 3412 3483; x_wconf 90' lang='lat' dir='ltr'>invenisset,</span> <span class='ocrx_word' id='word_1_599' title='bbox 3449 3417 3509 3471; x_wconf 83' lang='lat' dir='ltr'>in</span> <span class='ocrx_word' id='word_1_600' title='bbox 3552 3418 3692 3472; x_wconf 87' lang='lat' dir='ltr'>dile-</span> 
     </span>
    </p>
   </div>
   <div class='ocr_carea' id='block_1_82' title="bbox 1991 3505 3692 3570">
    <p class='ocr_par' dir='ltr' id='par_1_82' title="bbox 1991 3505 3692 3570">
     <span class='ocr_line' id='line_1_82' title="bbox 1991 3505 3692 3570; baseline 0.002 -13"><span class='ocrx_word' id='word_1_601' title='bbox 1991 3505 2236 3558; x_wconf 87' lang='lat' dir='ltr'>ctiouem</span> <span class='ocrx_word' id='word_1_602' title='bbox 2287 3508 2344 3558; x_wconf 90' lang='lat' dir='ltr'>et</span> <span class='ocrx_word' id='word_1_603' title='bbox 2376 3505 2716 3559; x_wconf 88' lang='lat' dir='ltr'>memoriam</span> <span class='ocrx_word' id='word_1_604' title='bbox 2763 3506 2892 3560; x_wconf 77' lang='lat' dir='ltr'>vitae</span> <span class='ocrx_word' id='word_1_605' title='bbox 2943 3522 3059 3560; x_wconf 62' lang='lat' dir='ltr'>suae</span> <span class='ocrx_word' id='word_1_606' title='bbox 3106 3505 3415 3560; x_wconf 90' lang='lat' dir='ltr'>habuisset.</span> <span class='ocrx_word' id='word_1_607' title='bbox 3450 3505 3585 3570; x_wconf 71' lang='lat' dir='ltr'>Qua:</span> <span class='ocrx_word' id='word_1_608' title='bbox 3617 3505 3692 3544; x_wconf 70' lang='grc'>⁸⁸⁸</span> 
     </span>
    </p>
   </div>
   <div class='ocr_carea' id='block_1_83' title="bbox 1991 3592 3689 3664">
    <p class='ocr_par' dir='ltr' id='par_1_83' title="bbox 1991 3592 3689 3664">
     <span class='ocr_line' id='line_1_83' title="bbox 1991 3592 3689 3664; baseline 0.003 -18"><span class='ocrx_word' id='word_1_609' title='bbox 1991 3593 2181 3647; x_wconf 90' lang='lat' dir='ltr'>statim</span> <span class='ocrx_word' id='word_1_610' title='bbox 2208 3597 2336 3663; x_wconf 92' lang='lat' dir='ltr'>post</span> <span class='ocrx_word' id='word_1_611' title='bbox 2365 3593 2589 3647; x_wconf 91' lang='lat' dir='ltr'>obitum</span> <span class='ocrx_word' id='word_1_612' title='bbox 2630 3592 2840 3661; x_wconf 80' lang='lat' dir='ltr'>fratris,</span> <span class='ocrx_word' id='word_1_613' title='bbox 2891 3594 3238 3664; x_wconf 82' lang='lat' dir='ltr'>quibusdam</span> <span class='ocrx_word' id='word_1_614' title='bbox 3268 3594 3587 3649; x_wconf 89' lang='lat' dir='ltr'>convocatis</span> <span class='ocrx_word' id='word_1_615' title='bbox 3619 3611 3689 3651; x_wconf 85' lang='lat' dir='ltr'>ex</span> 
     </span>
    </p>
   </div>
   <div class='ocr_carea' id='block_1_84' title="bbox 1991 3681 3687 3756">
    <p class='ocr_par' dir='ltr' id='par_1_84' title="bbox 1991 3681 3687 3756">
     <span class='ocr_line' id='line_1_84' title="bbox 1991 3681 3687 3756; baseline 0.002 -21"><span class='ocrx_word' id='word_1_616' title='bbox 1991 3682 2220 3749; x_wconf 90' lang='lat' dir='ltr'>nostris,</span> <span class='ocrx_word' id='word_1_617' title='bbox 2267 3681 2417 3735; x_wconf 91' lang='lat' dir='ltr'>dicta</span> <span class='ocrx_word' id='word_1_618' title='bbox 2465 3681 2619 3735; x_wconf 90' lang='lat' dir='ltr'>illius</span> <span class='ocrx_word' id='word_1_619' title='bbox 2662 3683 2916 3736; x_wconf 88' lang='lat' dir='ltr'>narravit</span> <span class='ocrx_word' id='word_1_620' title='bbox 2964 3687 3021 3736; x_wconf 89' lang='lat' dir='ltr'>et</span> <span class='ocrx_word' id='word_1_621' title='bbox 3048 3688 3183 3737; x_wconf 92' lang='lat' dir='ltr'>tunc</span> <span class='ocrx_word' id='word_1_622' title='bbox 3228 3681 3503 3737; x_wconf 87' lang='lat' dir='ltr'>scrinium</span> <span class='ocrx_word' id='word_1_623' title='bbox 3552 3700 3687 3756; x_wconf 89' lang='lat' dir='ltr'>ape-</span> 
     </span>
    </p>
   </div>
   <div class='ocr_carea' id='block_1_85' title="bbox 1989 3767 3763 3827">
    <p class='ocr_par' dir='ltr' id='par_1_85' title="bbox 1989 3767 3763 3827">
     <span class='ocr_line' id='line_1_85' title="bbox 1989 3767 3763 3827; baseline 0.002 -3"><span class='ocrx_word' id='word_1_624' title='bbox 1989 3770 2125 3824; x_wconf 92' lang='lat' dir='ltr'>ruit.</span> <span class='ocrx_word' id='word_1_625' title='bbox 2180 3770 2508 3824; x_wconf 91' lang='lat' dir='ltr'>lnvenimus</span> <span class='ocrx_word' id='word_1_626' title='bbox 2556 3772 2750 3824; x_wconf 87' lang='lat' dir='ltr'>autem</span> <span class='ocrx_word' id='word_1_627' title='bbox 2779 3770 2840 3824; x_wconf 92' lang='lat' dir='ltr'>in</span> <span class='ocrx_word' id='word_1_628' title='bbox 2880 3767 2950 3808; x_wconf 73' lang='lat'>“9</span> <span class='ocrx_word' id='word_1_629' title='bbox 2979 3787 3047 3825; x_wconf 92' lang='lat' dir='ltr'>eo</span> <span class='ocrx_word' id='word_1_630' title='bbox 3080 3771 3329 3824; x_wconf 90' lang='lat' dir='ltr'>cilicium</span> <span class='ocrx_word' id='word_1_631' title='bbox 3371 3770 3685 3827; x_wconf 87' lang='lat' dir='ltr'>hirsutissi-</span> <span class='ocrx_word' id='word_1_632' title='bbox 3758 3778 3763 3785; x_wconf 88' lang='lat'>&#39;</span> 
     </span>
    </p>
   </div>
   <div class='ocr_carea' id='block_1_86' title="bbox 1989 3850 3686 3930">
    <p class='ocr_par' dir='ltr' id='par_1_86' title="bbox 1989 3850 3686 3930">
     <span class='ocr_line' id='line_1_86' title="bbox 1989 3850 3686 3930; baseline 0.002 -18"><span class='ocrx_word' id='word_1_633' title='bbox 1989 3874 2150 3912; x_wconf 89' lang='lat' dir='ltr'>mum</span> <span class='ocrx_word' id='word_1_634' title='bbox 2190 3863 2247 3912; x_wconf 91' lang='lat' dir='ltr'>et</span> <span class='ocrx_word' id='word_1_635' title='bbox 2277 3862 2536 3913; x_wconf 88' lang='lat' dir='ltr'>catenam</span> <span class='ocrx_word' id='word_1_636' title='bbox 2566 3857 2811 3913; x_wconf 83' lang='lat' dir='ltr'>ferream</span> <span class='ocrx_word' id='word_1_637' title='bbox 2840 3876 2907 3914; x_wconf 86' lang='lat' dir='ltr'>ex</span> <span class='ocrx_word' id='word_1_638' title='bbox 2936 3876 3052 3914; x_wconf 89' lang='lat' dir='ltr'>una</span> <span class='ocrx_word' id='word_1_639' title='bbox 3080 3862 3241 3929; x_wconf 89' lang='lat' dir='ltr'>parte</span> <span class='ocrx_word' id='word_1_640' title='bbox 3284 3858 3448 3930; x_wconf 90' lang='lat' dir='ltr'>quasi</span> <span class='ocrx_word' id='word_1_641' title='bbox 3478 3876 3549 3915; x_wconf 81' lang='lat' dir='ltr'>ex</span> <span class='ocrx_word' id='word_1_642' title='bbox 3578 3850 3686 3916; x_wconf 89' lang='lat' dir='ltr'>usu</span> 
     </span>
    </p>
   </div>
   <div class='ocr_carea' id='block_1_87' title="bbox 1988 3947 3684 4019">
    <p class='ocr_par' dir='ltr' id='par_1_87' title="bbox 1988 3947 3684 4019">
     <span class='ocr_line' id='line_1_87' title="bbox 1988 3947 3684 4019; baseline 0.001 -16"><span class='ocrx_word' id='word_1_643' title='bbox 1988 3947 2310 4003; x_wconf 90' lang='lat' dir='ltr'>contritam.</span> <span class='ocrx_word' id='word_1_644' title='bbox 2365 3947 2528 4012; x_wconf 86' lang='lat' dir='ltr'>Quod</span> <span class='ocrx_word' id='word_1_645' title='bbox 2578 3950 2640 4000; x_wconf 88' lang='lat' dir='ltr'>ut</span> <span class='ocrx_word' id='word_1_646' title='bbox 2692 3947 2961 4015; x_wconf 88' lang='lat' dir='ltr'>vidimus,</span> <span class='ocrx_word' id='word_1_647' title='bbox 3013 3947 3286 4019; x_wconf 89' lang='lat' dir='ltr'>primum,</span> <span class='ocrx_word' id='word_1_648' title='bbox 3342 3953 3539 4003; x_wconf 91' lang='lat' dir='ltr'>contra</span> <span class='ocrx_word' id='word_1_649' title='bbox 3586 3950 3684 4005; x_wconf 91' lang='lat' dir='ltr'>Dei</span> 
     </span>
    </p>
   </div>
   <div class='ocr_carea' id='block_1_88' title="bbox 1987 4032 3683 4108">
    <p class='ocr_par' dir='ltr' id='par_1_88' title="bbox 1987 4032 3683 4108">
     <span class='ocr_line' id='line_1_88' title="bbox 1987 4032 3683 4108; baseline 0.002 -18"><span class='ocrx_word' id='word_1_650' title='bbox 1987 4036 2267 4091; x_wconf 87' lang='lat' dir='ltr'>famulum</span> <span class='ocrx_word' id='word_1_651' title='bbox 2318 4032 2390 4072; x_wconf 73' lang='grc'>⁸³0</span> <span class='ocrx_word' id='word_1_652' title='bbox 2429 4051 2580 4106; x_wconf 59' lang='lat' dir='ltr'>sape</span> <span class='ocrx_word' id='word_1_653' title='bbox 2621 4051 2727 4089; x_wconf 90' lang='lat' dir='ltr'>nos</span> <span class='ocrx_word' id='word_1_654' title='bbox 2776 4037 3136 4108; x_wconf 89' lang='lat' dir='ltr'>negligenter</span> <span class='ocrx_word' id='word_1_655' title='bbox 3180 4035 3506 4107; x_wconf 88' lang='lat' dir='ltr'>deliquisse,</span> <span class='ocrx_word' id='word_1_656' title='bbox 3548 4042 3683 4094; x_wconf 91' lang='lat' dir='ltr'>tun-</span> 
     </span>
    </p>
   </div>
   <div class='ocr_carea' id='block_1_89' title="bbox 1988 4123 3684 4197">
    <p class='ocr_par' dir='ltr' id='par_1_89' title="bbox 1988 4123 3684 4197">
     <span class='ocr_line' id='line_1_89' title="bbox 1988 4123 3684 4197; baseline 0.002 -18"><span class='ocrx_word' id='word_1_657' title='bbox 1988 4125 2065 4179; x_wconf 92' lang='lat' dir='ltr'>sis</span> <span class='ocrx_word' id='word_1_658' title='bbox 2090 4123 2160 4160; x_wconf 70' lang='grc'>⁰⁵¹</span> <span class='ocrx_word' id='word_1_659' title='bbox 2214 4124 2536 4197; x_wconf 89' lang='lat' dir='ltr'>pectoribus</span> <span class='ocrx_word' id='word_1_660' title='bbox 2580 4125 2962 4179; x_wconf 90' lang='lat' dir='ltr'>communiter</span> <span class='ocrx_word' id='word_1_661' title='bbox 3005 4124 3074 4163; x_wconf 73' lang='grc'>⁸⁵³</span> <span class='ocrx_word' id='word_1_662' title='bbox 3121 4125 3430 4179; x_wconf 89' lang='lat' dir='ltr'>doluimus.</span> <span class='ocrx_word' id='word_1_663' title='bbox 3469 4125 3684 4183; x_wconf 90' lang='lat' dir='ltr'>Deinde</span> 
     </span>
    </p>
   </div>
   <div class='ocr_carea' id='block_1_90' title="bbox 1988 4213 3683 4284">
    <p class='ocr_par' dir='ltr' id='par_1_90' title="bbox 1988 4213 3683 4284">
     <span class='ocr_line' id='line_1_90' title="bbox 1988 4213 3683 4284; baseline 0.002 -17"><span class='ocrx_word' id='word_1_664' title='bbox 1988 4213 2111 4284; x_wconf 87' lang='lat' dir='ltr'>ejus</span> <span class='ocrx_word' id='word_1_665' title='bbox 2157 4213 2351 4269; x_wconf 88' lang='lat' dir='ltr'>felices</span> <span class='ocrx_word' id='word_1_666' title='bbox 2402 4219 2561 4266; x_wconf 92' lang='lat' dir='ltr'>actus</span> <span class='ocrx_word' id='word_1_667' title='bbox 2605 4214 2757 4284; x_wconf 85' lang='lat' dir='ltr'>apud</span> <span class='ocrx_word' id='word_1_668' title='bbox 2813 4215 2991 4268; x_wconf 92' lang='lat' dir='ltr'>Deum</span> <span class='ocrx_word' id='word_1_669' title='bbox 3032 4214 3113 4268; x_wconf 90' lang='lat' dir='ltr'>ita</span> <span class='ocrx_word' id='word_1_670' title='bbox 3158 4219 3333 4268; x_wconf 91' lang='lat' dir='ltr'>tectos</span> <span class='ocrx_word' id='word_1_671' title='bbox 3376 4214 3445 4252; x_wconf 77' lang='grc'>⁸⁸³</span> <span class='ocrx_word' id='word_1_672' title='bbox 3475 4219 3531 4269; x_wconf 88' lang='lat' dir='ltr'>et</span> <span class='ocrx_word' id='word_1_673' title='bbox 3559 4215 3683 4270; x_wconf 85' lang='lat' dir='ltr'>abs-</span> 
     </span>
    </p>
   </div>
   <div class='ocr_carea' id='block_1_91' title="bbox 1988 4301 3683 4373">
    <p class='ocr_par' dir='ltr' id='par_1_91' title="bbox 1988 4301 3683 4373">
     <span class='ocr_line' id='line_1_91' title="bbox 1988 4301 3683 4373; baseline 0.001 -18"><span class='ocrx_word' id='word_1_674' title='bbox 1988 4319 2192 4357; x_wconf 89' lang='lat' dir='ltr'>consos</span> <span class='ocrx_word' id='word_1_675' title='bbox 2249 4301 2319 4339; x_wconf 67' lang='lat'><strong>‘3‘</strong></span> <span class='ocrx_word' id='word_1_676' title='bbox 2373 4302 2546 4372; x_wconf 90' lang='lat' dir='ltr'>digne</span> <span class='ocrx_word' id='word_1_677' title='bbox 2610 4302 2980 4370; x_wconf 88' lang='lat' dir='ltr'>admirantes,</span> <span class='ocrx_word' id='word_1_678' title='bbox 3045 4303 3361 4373; x_wconf 89' lang='lat' dir='ltr'>gratiarum</span> <span class='ocrx_word' id='word_1_679' title='bbox 3426 4304 3683 4359; x_wconf 90' lang='lat' dir='ltr'>actiones</span> 
     </span>
    </p>
   </div>
   <div class='ocr_carea' id='block_1_92' title="bbox 1601 4462 2278 4518">
    <p class='ocr_par' dir='ltr' id='par_1_92' title="bbox 1601 4462 2278 4518">
     <span class='ocr_line' id='line_1_92' title="bbox 1601 4462 2278 4518; baseline 0.006 -4"><span class='ocrx_word' id='word_1_680' title='bbox 1601 4462 1832 4517; x_wconf 61' lang='grc' dir='ltr'>νΑΡιΙτΕ</span> <span class='ocrx_word' id='word_1_681' title='bbox 1875 4462 2168 4518; x_wconf 84' lang='lat' dir='ltr'>LECTION</span> <span class='ocrx_word' id='word_1_682' title='bbox 2177 4463 2278 4518; x_wconf 88' lang='lat' dir='ltr'>ES.</span> 
     </span>
    </p>
   </div>
   <div class='ocr_carea' id='block_1_93' title="bbox 248 4585 1150 4643">
    <p class='ocr_par' dir='ltr' id='par_1_93' title="bbox 248 4585 1150 4643">
     <span class='ocr_line' id='line_1_93' title="bbox 248 4585 1150 4643; baseline 0 -2"><span class='ocrx_word' id='word_1_683' title='bbox 248 4586 320 4623; x_wconf 66' lang='grc'>⁸0³</span> <span class='ocrx_word' id='word_1_684' title='bbox 352 4586 499 4641; x_wconf 83' lang='lat' dir='ltr'>deest</span> <span class='ocrx_word' id='word_1_685' title='bbox 528 4590 573 4640; x_wconf 85' lang='lat' dir='ltr'>l.</span> <span class='ocrx_word' id='word_1_686' title='bbox 652 4586 722 4624; x_wconf 74' lang='grc'>⁸⁰⁶</span> <span class='ocrx_word' id='word_1_687' title='bbox 769 4588 916 4643; x_wconf 81' lang='lat' dir='ltr'>deest</span> <span class='ocrx_word' id='word_1_688' title='bbox 945 4590 998 4641; x_wconf 89' lang='lat'>2.</span> <span class='ocrx_word' id='word_1_689' title='bbox 1079 4585 1150 4623; x_wconf 74' lang='grc'>¹⁰⁷</span> 
     </span>
    </p>
   </div>
   <div class='ocr_carea' id='block_1_94' title="bbox 1180 4588 1733 4661">
    <p class='ocr_par' dir='ltr' id='par_1_94' title="bbox 1180 4588 1733 4661">
     <span class='ocr_line' id='line_1_94' title="bbox 1180 4588 1733 4661; baseline 0.004 -18"><span class='ocrx_word' id='word_1_690' title='bbox 1180 4604 1293 4661; x_wconf 88' lang='lat' dir='ltr'>que</span> <span class='ocrx_word' id='word_1_691' title='bbox 1338 4588 1484 4645; x_wconf 80' lang='lat' dir='ltr'>deest</span> <span class='ocrx_word' id='word_1_692' title='bbox 1528 4592 1581 4645; x_wconf 92' lang='lat'>2.</span> <span class='ocrx_word' id='word_1_693' title='bbox 1657 4588 1733 4626; x_wconf 73' lang='grc'>⁸0⁸</span> 
     </span>
    </p>
   </div>
   <div class='ocr_carea' id='block_1_95' title="bbox 180 4656 1026 4728">
    <p class='ocr_par' dir='ltr' id='par_1_95' title="bbox 180 4656 1026 4728">
     <span class='ocr_line' id='line_1_95' title="bbox 180 4656 1026 4728; baseline 0.001 -17"><span class='ocrx_word' id='word_1_694' title='bbox 180 4656 251 4693; x_wconf 77' lang='grc'>⁸⁸³</span> <span class='ocrx_word' id='word_1_695' title='bbox 327 4658 475 4712; x_wconf 81' lang='lat' dir='ltr'>deest</span> <span class='ocrx_word' id='word_1_696' title='bbox 505 4660 556 4711; x_wconf 82' lang='lat'>2.</span> <span class='ocrx_word' id='word_1_697' title='bbox 631 4662 702 4695; x_wconf 77' lang='grc'>⁴¹³</span> <span class='ocrx_word' id='word_1_698' title='bbox 747 4675 922 4728; x_wconf 84' lang='lat' dir='ltr'>super</span> <span class='ocrx_word' id='word_1_699' title='bbox 966 4661 1026 4713; x_wconf 89' lang='lat'>2.</span> 
     </span>
    </p>
   </div>
   <div class='ocr_carea' id='block_1_96' title="bbox 181 4798 1365 4855">
    <p class='ocr_par' dir='ltr' id='par_1_96' title="bbox 181 4798 1365 4855">
     <span class='ocr_line' id='line_1_96' title="bbox 181 4798 1365 4855; baseline 0.002 -3"><span class='ocrx_word' id='word_1_700' title='bbox 181 4814 353 4852; x_wconf 90' lang='lat' dir='ltr'>mana</span> <span class='ocrx_word' id='word_1_701' title='bbox 383 4803 438 4852; x_wconf 90' lang='lat'>2.</span> <span class='ocrx_word' id='word_1_702' title='bbox 515 4802 582 4835; x_wconf 72' lang='grc' dir='ltr'>ηδ</span> <span class='ocrx_word' id='word_1_703' title='bbox 611 4817 675 4853; x_wconf 83' lang='lat' dir='ltr'>ex</span> <span class='ocrx_word' id='word_1_704' title='bbox 717 4803 768 4854; x_wconf 88' lang='lat'>2.</span> <span class='ocrx_word' id='word_1_705' title='bbox 850 4798 925 4834; x_wconf 72' lang='lat'>&quot;6</span> <span class='ocrx_word' id='word_1_706' title='bbox 970 4805 1027 4853; x_wconf 90' lang='lat' dir='ltr'>et</span> <span class='ocrx_word' id='word_1_707' title='bbox 1074 4816 1130 4854; x_wconf 79' lang='grc' dir='ltr'>ιι.</span> <span class='ocrx_word' id='word_1_708' title='bbox 1165 4805 1216 4855; x_wconf 88' lang='grc'>2.</span> <span class='ocrx_word' id='word_1_709' title='bbox 1295 4803 1365 4838; x_wconf 75' lang='lat'>&quot;7</span> 
     </span>
    </p>
   </div>
   <div class='ocr_carea' id='block_1_97' title="bbox 178 4868 573 4924">
    <p class='ocr_par' dir='ltr' id='par_1_97' title="bbox 178 4868 573 4924">
     <span class='ocr_line' id='line_1_97' title="bbox 178 4868 573 4924; baseline 0.003 -1"><span class='ocrx_word' id='word_1_710' title='bbox 178 4868 247 4906; x_wconf 68' lang='grc' dir='ltr'>ιδ’</span> <span class='ocrx_word' id='word_1_711' title='bbox 286 4868 473 4923; x_wconf 87' lang='lat' dir='ltr'>abitro</span> <span class='ocrx_word' id='word_1_712' title='bbox 530 4872 573 4924; x_wconf 92' lang='lat' dir='ltr'>l.</span> 
     </span>
    </p>
   </div>
   <div class='ocr_carea' id='block_1_98' title="bbox 1057 4593 3680 4743">
    <p class='ocr_par' dir='ltr' id='par_1_98' title="bbox 1057 4593 3680 4743">
     <span class='ocr_line' id='line_1_98' title="bbox 1079 4593 3676 4695; baseline 0.003 -52"><span class='ocrx_word' id='word_1_713' title='bbox 1079 4593 1150 4623; x_wconf 67' lang='lat'>“’7</span> <span class='ocrx_word' id='word_1_714' title='bbox 1180 4604 1293 4661; x_wconf 88' lang='lat' dir='ltr'>que</span> <span class='ocrx_word' id='word_1_715' title='bbox 1338 4593 1484 4645; x_wconf 80' lang='lat' dir='ltr'>deest</span> <span class='ocrx_word' id='word_1_716' title='bbox 1528 4593 1581 4645; x_wconf 90' lang='lat'>2.</span> <span class='ocrx_word' id='word_1_717' title='bbox 1657 4593 1733 4626; x_wconf 67' lang='grc' dir='ltr'>ὀδ</span> <span class='ocrx_word' id='word_1_718' title='bbox 1780 4593 2024 4695; x_wconf 71' lang='lat' dir='ltr'>paucula</span> <span class='ocrx_word' id='word_1_719' title='bbox 2065 4594 2123 4647; x_wconf 89' lang='lat'>2.</span> <span class='ocrx_word' id='word_1_720' title='bbox 2208 4593 2279 4628; x_wconf 77' lang='lat'>“’9</span> <span class='ocrx_word' id='word_1_721' title='bbox 2306 4593 2361 4647; x_wconf 94' lang='lat' dir='ltr'>b.</span> <span class='ocrx_word' id='word_1_722' title='bbox 2406 4596 2479 4646; x_wconf 92' lang='lat' dir='ltr'>et.</span> <span class='ocrx_word' id='word_1_723' title='bbox 2528 4609 2581 4647; x_wconf 93' lang='lat' dir='ltr'>a.</span> <span class='ocrx_word' id='word_1_724' title='bbox 2631 4595 2686 4672; x_wconf 85' lang='lat'>2_.</span> <span class='ocrx_word' id='word_1_725' title='bbox 2763 4593 2840 4627; x_wconf 75' lang='lat'><strong>&quot;0</strong></span> <span class='ocrx_word' id='word_1_726' title='bbox 2869 4597 2943 4648; x_wconf 91' lang='lat' dir='ltr'>et.</span> <span class='ocrx_word' id='word_1_727' title='bbox 2996 4593 3054 4647; x_wconf 90' lang='lat' dir='ltr'>b.</span> <span class='ocrx_word' id='word_1_728' title='bbox 3105 4609 3170 4647; x_wconf 90' lang='lat' dir='ltr'>ac</span> <span class='ocrx_word' id='word_1_729' title='bbox 3198 4596 3252 4674; x_wconf 65' lang='lat'>2.</span> <span class='ocrx_word' id='word_1_730' title='bbox 3327 4593 3401 4630; x_wconf 74' lang='grc' dir='ltr'><strong><em>⁸η</em></strong></span> <span class='ocrx_word' id='word_1_731' title='bbox 3441 4610 3492 4649; x_wconf 91' lang='lat' dir='ltr'>e.</span> <span class='ocrx_word' id='word_1_732' title='bbox 3525 4599 3581 4650; x_wconf 93' lang='lat' dir='ltr'>et</span> <span class='ocrx_word' id='word_1_733' title='bbox 3622 4600 3676 4651; x_wconf 91' lang='lat'>2.</span> 
     </span>
     <span class='ocr_line' id='line_1_99' title="bbox 1057 4660 3680 4743; baseline 0.003 -29"><span class='ocrx_word' id='word_1_734' title='bbox 1057 4729 1067 4739; x_wconf 43' lang='lat'><strong>.</strong></span> <span class='ocrx_word' id='word_1_735' title='bbox 1109 4660 1182 4743; x_wconf 51' lang='lat' dir='ltr'>“ﬁ</span> <span class='ocrx_word' id='word_1_736' title='bbox 1209 4662 1551 4743; x_wconf 53' lang='lat' dir='ltr'>extollebat!)</span> <span class='ocrx_word' id='word_1_737' title='bbox 1686 4734 1696 4743; x_wconf 41' lang='lat'><em>.</em></span> <span class='ocrx_word' id='word_1_738' title='bbox 1732 4661 1797 4743; x_wconf 53' lang='grc' dir='ltr'>’⁸ίᾷ</span> <span class='ocrx_word' id='word_1_739' title='bbox 1838 4664 2053 4743; x_wconf 60' lang='lat' dir='ltr'>profuit</span> <span class='ocrx_word' id='word_1_740' title='bbox 2081 4665 2135 4717; x_wconf 92' lang='lat'>2.</span> <span class='ocrx_word' id='word_1_741' title='bbox 2211 4661 2286 4743; x_wconf 56' lang='grc' dir='ltr'>ξ¹⁶</span> <span class='ocrx_word' id='word_1_742' title='bbox 2314 4668 2546 4743; x_wconf 54' lang='lat' dir='ltr'>arrogat</span> <span class='ocrx_word' id='word_1_743' title='bbox 2591 4664 2922 4743; x_wconf 41' lang='lat' dir='ltr'>adjuvat}.</span> <span class='ocrx_word' id='word_1_744' title='bbox 2997 4662 3071 4743; x_wconf 50' lang='lat'>“7</span> <span class='ocrx_word' id='word_1_745' title='bbox 3101 4664 3283 4743; x_wconf 77' lang='lat' dir='ltr'>obfuit</span> <span class='ocrx_word' id='word_1_746' title='bbox 3418 4666 3596 4743; x_wconf 53' lang='lat' dir='ltr'>allicit</span> <span class='ocrx_word' id='word_1_747' title='bbox 3625 4670 3680 4721; x_wconf 89' lang='lat'>2.</span> 
     </span>
    </p>
   </div>
   <div class='ocr_carea' id='block_1_99' title="bbox 182 4727 1973 4839">
    <p class='ocr_par' dir='ltr' id='par_1_99' title="bbox 182 4727 1973 4839">
     <span class='ocr_line' id='line_1_100' title="bbox 182 4727 1973 4798; baseline 0.004 -18"><span class='ocrx_word' id='word_1_748' title='bbox 182 4729 251 4764; x_wconf 75' lang='grc'>⁴¹⁸</span> <span class='ocrx_word' id='word_1_749' title='bbox 327 4744 441 4798; x_wconf 88' lang='lat' dir='ltr'>que</span> <span class='ocrx_word' id='word_1_750' title='bbox 483 4729 627 4783; x_wconf 87' lang='lat' dir='ltr'>deest</span> <span class='ocrx_word' id='word_1_751' title='bbox 668 4734 721 4782; x_wconf 94' lang='lat'>2.</span> <span class='ocrx_word' id='word_1_752' title='bbox 799 4727 873 4763; x_wconf 70' lang='lat'><strong><em>&quot;9</em></strong></span> <span class='ocrx_word' id='word_1_753' title='bbox 904 4746 959 4783; x_wconf 94' lang='lat' dir='ltr'>n.</span> <span class='ocrx_word' id='word_1_754' title='bbox 1013 4729 1105 4783; x_wconf 92' lang='lat' dir='ltr'>die</span> <span class='ocrx_word' id='word_1_755' title='bbox 1153 4732 1205 4783; x_wconf 89' lang='lat'>2.</span> <span class='ocrx_word' id='word_1_756' title='bbox 1283 4729 1359 4765; x_wconf 72' lang='lat'>&quot;0</span> <span class='ocrx_word' id='word_1_757' title='bbox 1388 4732 1728 4787; x_wconf 90' lang='lat' dir='ltr'>doctissimis</span> <span class='ocrx_word' id='word_1_758' title='bbox 1771 4727 1855 4788; x_wconf 78' lang='grc'><strong>2.’</strong></span> <span class='ocrx_word' id='word_1_759' title='bbox 1901 4733 1973 4768; x_wconf 68' lang='grc'>⁸²¹</span> 
     </span>
     <span class='ocr_line' id='line_1_101' title="bbox 182 4798 1973 4839; baseline 0 0"><span class='ocrx_word' id='word_1_760' title='bbox 182 4814 347 4839; x_wconf 65' lang='lat' dir='ltr'>mana</span> <span class='ocrx_word' id='word_1_761' title='bbox 383 4803 414 4839; x_wconf 69' lang='grc' dir='ltr'>ε)</span> <span class='ocrx_word' id='word_1_762' title='bbox 515 4802 582 4835; x_wconf 74' lang='grc' dir='ltr'>ηδ</span> <span class='ocrx_word' id='word_1_763' title='bbox 611 4817 674 4839; x_wconf 72' lang='grc' dir='ltr'>υτ</span> <span class='ocrx_word' id='word_1_764' title='bbox 717 4803 748 4839; x_wconf 69' lang='grc'>⁵)</span> <span class='ocrx_word' id='word_1_765' title='bbox 850 4798 925 4834; x_wconf 64' lang='grc' dir='ltr'>αῑσ</span> <span class='ocrx_word' id='word_1_766' title='bbox 970 4805 1023 4839; x_wconf 72' lang='grc' dir='ltr'>Μ</span> <span class='ocrx_word' id='word_1_767' title='bbox 1074 4816 1108 4839; x_wconf 86' lang='lat' dir='ltr'><strong>n</strong></span> <span class='ocrx_word' id='word_1_768' title='bbox 1165 4805 1196 4839; x_wconf 86' lang='lat'>‘)</span> <span class='ocrx_word' id='word_1_769' title='bbox 1295 4803 1365 4838; x_wconf 67' lang='lat'>“7</span> <span class='ocrx_word' id='word_1_770' title='bbox 1413 4820 1449 4839; x_wconf 70' lang='grc' dir='ltr'><strong>τι</strong></span> <span class='ocrx_word' id='word_1_771' title='bbox 1522 4819 1645 4839; x_wconf 73' lang='lat' dir='ltr'>mna</span> <span class='ocrx_word' id='word_1_772' title='bbox 1676 4808 1705 4839; x_wconf 69' lang='grc' dir='ltr'>ὅ)</span> <span class='ocrx_word' id='word_1_773' title='bbox 1811 4802 1884 4839; x_wconf 64' lang='grc' dir='ltr'><strong><em>ηε</em></strong></span> <span class='ocrx_word' id='word_1_774' title='bbox 1933 4821 1973 4839; x_wconf 76' lang='grc' dir='ltr'><strong><em>π</em></strong></span> 
     </span>
    </p>
   </div>
   <div class='ocr_carea' id='block_1_100' title="bbox 652 4807 3678 4932">
    <p class='ocr_par' dir='ltr' id='par_1_100' title="bbox 652 4807 3678 4932">
     <span class='ocr_line' id='line_1_102' title="bbox 652 4807 3669 4875; baseline 0.001 -22"><span class='ocrx_word' id='word_1_775' title='bbox 652 4817 675 4853; x_wconf 76' lang='grc' dir='ltr'>ι</span> <span class='ocrx_word' id='word_1_776' title='bbox 717 4807 768 4854; x_wconf 92' lang='grc'>2.</span> <span class='ocrx_word' id='word_1_777' title='bbox 850 4807 925 4834; x_wconf 67' lang='grc' dir='ltr'>ἠδ</span> <span class='ocrx_word' id='word_1_778' title='bbox 970 4807 1027 4853; x_wconf 91' lang='lat' dir='ltr'>et</span> <span class='ocrx_word' id='word_1_779' title='bbox 1074 4816 1130 4854; x_wconf 89' lang='lat' dir='ltr'>n.</span> <span class='ocrx_word' id='word_1_780' title='bbox 1165 4807 1216 4855; x_wconf 92' lang='lat'>2.</span> <span class='ocrx_word' id='word_1_781' title='bbox 1295 4807 1364 4838; x_wconf 73' lang='lat'>&quot;7</span> <span class='ocrx_word' id='word_1_782' title='bbox 1459 4846 1469 4856; x_wconf 93' lang='lat'>.</span> <span class='ocrx_word' id='word_1_783' title='bbox 1521 4819 1648 4857; x_wconf 88' lang='lat' dir='ltr'>mea</span> <span class='ocrx_word' id='word_1_784' title='bbox 1676 4808 1726 4858; x_wconf 87' lang='lat'>2.</span> <span class='ocrx_word' id='word_1_785' title='bbox 1811 4807 1884 4839; x_wconf 73' lang='grc'>⁵³³⁸</span> <span class='ocrx_word' id='word_1_786' title='bbox 1931 4821 2023 4858; x_wconf 94' lang='lat' dir='ltr'>me</span> <span class='ocrx_word' id='word_1_787' title='bbox 2052 4821 2129 4858; x_wconf 91' lang='lat' dir='ltr'>m.</span> <span class='ocrx_word' id='word_1_788' title='bbox 2162 4807 2222 4860; x_wconf 90' lang='lat'>2.</span> <span class='ocrx_word' id='word_1_789' title='bbox 2306 4807 2378 4841; x_wconf 66' lang='grc' dir='ltr'>αν</span> <span class='ocrx_word' id='word_1_790' title='bbox 2409 4807 2669 4875; x_wconf 86' lang='lat' dir='ltr'>lugentes</span> <span class='ocrx_word' id='word_1_791' title='bbox 2713 4807 2763 4858; x_wconf 91' lang='lat'>2.</span> <span class='ocrx_word' id='word_1_792' title='bbox 2843 4807 2920 4838; x_wconf 74' lang='grc'>’³³0</span> <span class='ocrx_word' id='word_1_793' title='bbox 2961 4810 3093 4858; x_wconf 87' lang='lat' dir='ltr'>sunt</span> <span class='ocrx_word' id='word_1_794' title='bbox 3140 4809 3187 4860; x_wconf 90' lang='grc'>1.</span> <span class='ocrx_word' id='word_1_795' title='bbox 3266 4807 3333 4841; x_wconf 82' lang='grc'>’⁸³¹</span> <span class='ocrx_word' id='word_1_796' title='bbox 3369 4807 3579 4861; x_wconf 63' lang='lat' dir='ltr'>futura;</span> <span class='ocrx_word' id='word_1_797' title='bbox 3630 4811 3669 4860; x_wconf 92' lang='lat' dir='ltr'>l.</span> 
     </span>
     <span class='ocr_line' id='line_1_103' title="bbox 652 4820 3678 4932; baseline 0.002 -7"><span class='ocrx_word' id='word_1_798' title='bbox 652 4872 723 4907; x_wconf 80' lang='grc'>⁸³³</span> <span class='ocrx_word' id='word_1_799' title='bbox 769 4871 914 4925; x_wconf 81' lang='lat' dir='ltr'>deest</span> <span class='ocrx_word' id='word_1_800' title='bbox 961 4874 1013 4924; x_wconf 91' lang='lat'>2.</span> <span class='ocrx_word' id='word_1_801' title='bbox 1091 4870 1165 4906; x_wconf 72' lang='lat' dir='ltr'>W‘</span> <span class='ocrx_word' id='word_1_802' title='bbox 1197 4820 1583 4928; x_wconf 54' lang='lat' dir='ltr'>absconditam</span> <span class='ocrx_word' id='word_1_803' title='bbox 1611 4878 1665 4929; x_wconf 89' lang='lat'>2.</span> <span class='ocrx_word' id='word_1_804' title='bbox 1742 4875 1814 4911; x_wconf 66' lang='grc' dir='ltr'>ιδ’</span> <span class='ocrx_word' id='word_1_805' title='bbox 1843 4876 1986 4929; x_wconf 91' lang='lat' dir='ltr'>elusi</span> <span class='ocrx_word' id='word_1_806' title='bbox 2028 4878 2080 4929; x_wconf 91' lang='lat'>2.</span> <span class='ocrx_word' id='word_1_807' title='bbox 2160 4874 2230 4911; x_wconf 81' lang='grc'>⁴³⁶</span> <span class='ocrx_word' id='word_1_808' title='bbox 2261 4892 2312 4930; x_wconf 90' lang='lat' dir='ltr'>a.</span> <span class='ocrx_word' id='word_1_809' title='bbox 2362 4874 2729 4928; x_wconf 88' lang='lat' dir='ltr'>inveniebant</span> <span class='ocrx_word' id='word_1_810' title='bbox 2771 4878 2826 4929; x_wconf 89' lang='lat'>2.</span> <span class='ocrx_word' id='word_1_811' title='bbox 2904 4872 2976 4910; x_wconf 74' lang='grc'>⁸⁸⁷</span> <span class='ocrx_word' id='word_1_812' title='bbox 3022 4876 3105 4929; x_wconf 88' lang='lat' dir='ltr'>vir</span> <span class='ocrx_word' id='word_1_813' title='bbox 3148 4876 3247 4930; x_wconf 91' lang='lat' dir='ltr'>Dei</span> <span class='ocrx_word' id='word_1_814' title='bbox 3292 4876 3351 4929; x_wconf 89' lang='lat' dir='ltr'>in</span> <span class='ocrx_word' id='word_1_815' title='bbox 3392 4878 3615 4930; x_wconf 89' lang='lat' dir='ltr'>sacculo</span> <span class='ocrx_word' id='word_1_816' title='bbox 3644 4881 3678 4932; x_wconf 88' lang='lat'>2</span> 
     </span>
    </p>
   </div>
   <div class='ocr_carea' id='block_1_101' title="bbox 2208 4589 3676 4651">
    <p class='ocr_par' dir='ltr' id='par_1_101' title="bbox 2208 4589 3676 4651">
     <span class='ocr_line' id='line_1_104' title="bbox 2208 4589 3676 4651; baseline 0.004 -6"><span class='ocrx_word' id='word_1_817' title='bbox 2208 4589 2279 4628; x_wconf 76' lang='lat'>“’9</span> <span class='ocrx_word' id='word_1_818' title='bbox 2306 4592 2361 4647; x_wconf 93' lang='lat' dir='ltr'>b.</span> <span class='ocrx_word' id='word_1_819' title='bbox 2406 4596 2479 4646; x_wconf 92' lang='lat' dir='ltr'>et.</span> <span class='ocrx_word' id='word_1_820' title='bbox 2528 4609 2581 4647; x_wconf 93' lang='lat' dir='ltr'>a.</span> <span class='ocrx_word' id='word_1_821' title='bbox 2631 4595 2686 4647; x_wconf 88' lang='lat'>2.</span> <span class='ocrx_word' id='word_1_822' title='bbox 2763 4590 2840 4627; x_wconf 74' lang='grc'>⁵¹⁰</span> <span class='ocrx_word' id='word_1_823' title='bbox 2869 4597 2943 4648; x_wconf 91' lang='lat' dir='ltr'>et.</span> <span class='ocrx_word' id='word_1_824' title='bbox 2996 4593 3054 4647; x_wconf 90' lang='lat' dir='ltr'>b.</span> <span class='ocrx_word' id='word_1_825' title='bbox 3105 4609 3170 4647; x_wconf 90' lang='lat' dir='ltr'>ac</span> <span class='ocrx_word' id='word_1_826' title='bbox 3198 4596 3251 4648; x_wconf 94' lang='lat'>2.</span> <span class='ocrx_word' id='word_1_827' title='bbox 3327 4593 3401 4630; x_wconf 74' lang='grc' dir='ltr'><strong><em>⁸η</em></strong></span> <span class='ocrx_word' id='word_1_828' title='bbox 3441 4610 3492 4649; x_wconf 91' lang='lat' dir='ltr'>e.</span> <span class='ocrx_word' id='word_1_829' title='bbox 3525 4599 3581 4650; x_wconf 93' lang='lat' dir='ltr'>et</span> <span class='ocrx_word' id='word_1_830' title='bbox 3622 4600 3676 4651; x_wconf 92' lang='lat'>2.</span> 
     </span>
    </p>
   </div>
   <div class='ocr_carea' id='block_1_102' title="bbox 2007 4733 3679 4805">
    <p class='ocr_par' dir='ltr' id='par_1_102' title="bbox 2007 4733 3679 4805">
     <span class='ocr_line' id='line_1_105' title="bbox 2007 4733 3679 4805; baseline 0.002 -18"><span class='ocrx_word' id='word_1_831' title='bbox 2007 4749 2180 4805; x_wconf 88' lang='lat' dir='ltr'>quam</span> <span class='ocrx_word' id='word_1_832' title='bbox 2211 4738 2263 4788; x_wconf 93' lang='lat'>2.</span> <span class='ocrx_word' id='word_1_833' title='bbox 2340 4733 2417 4805; x_wconf 53' lang='grc' dir='ltr'>ηε</span> <span class='ocrx_word' id='word_1_834' title='bbox 2461 4735 2605 4788; x_wconf 86' lang='lat' dir='ltr'>deest</span> <span class='ocrx_word' id='word_1_835' title='bbox 2650 4737 2710 4789; x_wconf 91' lang='lat'>2.</span> <span class='ocrx_word' id='word_1_836' title='bbox 2794 4737 2860 4805; x_wconf 61' lang='lat' dir='ltr'>“f</span> <span class='ocrx_word' id='word_1_837' title='bbox 2889 4734 3277 4805; x_wconf 9' lang='lat' dir='ltr'>congloriatioq</span> <span class='ocrx_word' id='word_1_838' title='bbox 3318 4738 3370 4789; x_wconf 89' lang='lat'>2.</span> <span class='ocrx_word' id='word_1_839' title='bbox 3452 4734 3530 4771; x_wconf 74' lang='grc'>³²⁴</span> <span class='ocrx_word' id='word_1_840' title='bbox 3570 4738 3679 4791; x_wconf 76' lang='lat' dir='ltr'>hu-</span> 
     </span>
    </p>
   </div>
   <div class='ocr_carea' id='block_1_103' title="bbox 2306 4802 3669 4875">
    <p class='ocr_par' dir='ltr' id='par_1_103' title="bbox 2306 4802 3669 4875">
     <span class='ocr_line' id='line_1_106' title="bbox 2306 4802 3669 4875; baseline 0.004 -20"><span class='ocrx_word' id='word_1_841' title='bbox 2306 4805 2378 4875; x_wconf 55' lang='lat'><strong>‘2?</strong></span> <span class='ocrx_word' id='word_1_842' title='bbox 2409 4804 2669 4875; x_wconf 86' lang='lat' dir='ltr'>lugentes</span> <span class='ocrx_word' id='word_1_843' title='bbox 2713 4807 2763 4858; x_wconf 91' lang='lat'>2.</span> <span class='ocrx_word' id='word_1_844' title='bbox 2843 4802 3093 4875; x_wconf 64' lang='lat' dir='ltr'>“39_suut</span> <span class='ocrx_word' id='word_1_845' title='bbox 3140 4809 3187 4860; x_wconf 90' lang='grc'>1.</span> <span class='ocrx_word' id='word_1_846' title='bbox 3266 4803 3333 4841; x_wconf 82' lang='grc'>’⁸³¹</span> <span class='ocrx_word' id='word_1_847' title='bbox 3369 4807 3579 4861; x_wconf 63' lang='lat' dir='ltr'>futura;</span> <span class='ocrx_word' id='word_1_848' title='bbox 3630 4811 3669 4860; x_wconf 87' lang='lat' dir='ltr'>l.</span> 
     </span>
    </p>
   </div>
   <div class='ocr_carea' id='block_1_104' title="bbox 178 4937 3675 5017">
    <p class='ocr_par' dir='ltr' id='par_1_104' title="bbox 178 4937 3675 5017">
     <span class='ocr_line' id='line_1_107' title="bbox 178 4937 3675 5017; baseline 0.003 -25"><span class='ocrx_word' id='word_1_849' title='bbox 178 4937 250 5017; x_wconf 55' lang='lat' dir='ltr'>ff</span> <span class='ocrx_word' id='word_1_850' title='bbox 324 4956 381 5017; x_wconf 70' lang='grc' dir='ltr'>ρ.</span> <span class='ocrx_word' id='word_1_851' title='bbox 437 4939 557 5017; x_wconf 83' lang='lat' dir='ltr'>suis</span> <span class='ocrx_word' id='word_1_852' title='bbox 592 4942 656 5017; x_wconf 87' lang='grc'>2.</span> <span class='ocrx_word' id='word_1_853' title='bbox 720 4940 808 5017; x_wconf 54' lang='lat' dir='ltr'>g9</span> <span class='ocrx_word' id='word_1_854' title='bbox 859 4941 1091 5017; x_wconf 79' lang='lat' dir='ltr'>recessit</span> <span class='ocrx_word' id='word_1_855' title='bbox 1135 4944 1189 4995; x_wconf 92' lang='lat'>2.</span> <span class='ocrx_word' id='word_1_856' title='bbox 1266 4941 1344 4978; x_wconf 74' lang='lat'>“0</span> <span class='ocrx_word' id='word_1_857' title='bbox 1385 4961 1444 4999; x_wconf 94' lang='lat' dir='ltr'>n.</span> <span class='ocrx_word' id='word_1_858' title='bbox 1504 4962 1560 5015; x_wconf 91' lang='lat' dir='ltr'>q.</span> <span class='ocrx_word' id='word_1_859' title='bbox 1609 4945 1801 5017; x_wconf 80' lang='lat' dir='ltr'>desunt</span> <span class='ocrx_word' id='word_1_860' title='bbox 1842 4950 1894 5000; x_wconf 94' lang='lat'>2.</span> <span class='ocrx_word' id='word_1_861' title='bbox 1974 4948 2041 5017; x_wconf 56' lang='lat' dir='ltr'>“l</span> <span class='ocrx_word' id='word_1_862' title='bbox 2088 4945 2412 5000; x_wconf 83' lang='lat' dir='ltr'>descederet</span> <span class='ocrx_word' id='word_1_863' title='bbox 2467 4950 2514 4999; x_wconf 92' lang='grc'>1.</span> <span class='ocrx_word' id='word_1_864' title='bbox 2591 4943 2665 4981; x_wconf 68' lang='grc'>⁸³³</span> <span class='ocrx_word' id='word_1_865' title='bbox 2710 4946 2967 5017; x_wconf 82' lang='lat' dir='ltr'>intentus</span> <span class='ocrx_word' id='word_1_866' title='bbox 3016 4949 3067 4999; x_wconf 94' lang='lat'>2.</span> <span class='ocrx_word' id='word_1_867' title='bbox 3146 4944 3219 4983; x_wconf 68' lang='grc' dir='ltr'>⁸η</span> <span class='ocrx_word' id='word_1_868' title='bbox 3280 4962 3569 5017; x_wconf 88' lang='lat' dir='ltr'>reponens</span> <span class='ocrx_word' id='word_1_869' title='bbox 3621 4950 3675 5001; x_wconf 93' lang='lat'>2.</span> 
     </span>
    </p>
   </div>
   <div class='ocr_carea' id='block_1_105' title="bbox 178 5009 631 5064">
    <p class='ocr_par' dir='ltr' id='par_1_105' title="bbox 178 5009 631 5064">
     <span class='ocr_line' id='line_1_108' title="bbox 178 5009 631 5064; baseline 0.002 -1"><span class='ocrx_word' id='word_1_870' title='bbox 178 5009 250 5044; x_wconf 66' lang='lat' dir='ltr'><strong><em>m</em></strong></span> <span class='ocrx_word' id='word_1_871' title='bbox 319 5009 551 5063; x_wconf 81' lang='lat' dir='ltr'>dextera</span> <span class='ocrx_word' id='word_1_872' title='bbox 585 5014 602 5064; x_wconf 93' lang='grc'>1</span> <span class='ocrx_word' id='word_1_873' title='bbox 620 5054 631 5064; x_wconf 92' lang='grc'><strong>.</strong></span> 
     </span>
    </p>
   </div>
   <div class='ocr_carea' id='block_1_106' title="bbox 178 5078 1225 5150">
    <p class='ocr_par' dir='ltr' id='par_1_106' title="bbox 178 5078 1225 5150">
     <span class='ocr_line' id='line_1_109' title="bbox 178 5078 1225 5150; baseline 0.006 -19"><span class='ocrx_word' id='word_1_874' title='bbox 178 5078 251 5113; x_wconf 72' lang='grc'>³⁸⁵</span> <span class='ocrx_word' id='word_1_875' title='bbox 318 5080 510 5150; x_wconf 83' lang='lat' dir='ltr'>inquit</span> <span class='ocrx_word' id='word_1_876' title='bbox 565 5084 616 5135; x_wconf 92' lang='lat'>2.</span> <span class='ocrx_word' id='word_1_877' title='bbox 694 5081 768 5114; x_wconf 71' lang='lat'>&quot;&#39;7</span> <span class='ocrx_word' id='word_1_878' title='bbox 833 5078 978 5137; x_wconf 71' lang='lat' dir='ltr'>deest</span> <span class='ocrx_word' id='word_1_879' title='bbox 1030 5086 1076 5137; x_wconf 86' lang='lat' dir='ltr'>l.</span> <span class='ocrx_word' id='word_1_880' title='bbox 1155 5082 1225 5119; x_wconf 78' lang='grc'>⁸⁸⁸</span> 
     </span>
    </p>
   </div>
   <div class='ocr_carea' id='block_1_107' title="bbox 174 5148 1298 5209">
    <p class='ocr_par' dir='ltr' id='par_1_107' title="bbox 174 5148 1298 5209">
     <span class='ocr_line' id='line_1_110' title="bbox 174 5148 1298 5209; baseline 0.004 -6"><span class='ocrx_word' id='word_1_881' title='bbox 174 5158 226 5204; x_wconf 73' lang='lat'>&#39;2.</span> <span class='ocrx_word' id='word_1_882' title='bbox 309 5148 378 5187; x_wconf 76' lang='grc'>⁸³³</span> <span class='ocrx_word' id='word_1_883' title='bbox 404 5148 587 5205; x_wconf 80' lang='lat' dir='ltr'>rectos</span> <span class='ocrx_word' id='word_1_884' title='bbox 622 5156 643 5208; x_wconf 87' lang='grc'>1</span> <span class='ocrx_word' id='word_1_885' title='bbox 728 5151 801 5187; x_wconf 63' lang='grc'>³³⁵⁸</span> <span class='ocrx_word' id='word_1_886' title='bbox 832 5158 886 5207; x_wconf 91' lang='lat' dir='ltr'>et</span> <span class='ocrx_word' id='word_1_887' title='bbox 918 5170 969 5207; x_wconf 92' lang='lat' dir='ltr'>a.</span> <span class='ocrx_word' id='word_1_888' title='bbox 1004 5154 1215 5209; x_wconf 84' lang='lat' dir='ltr'>desunt.</span> <span class='ocrx_word' id='word_1_889' title='bbox 1248 5148 1298 5208; x_wconf 76' lang='grc'>2.</span> 
     </span>
    </p>
   </div>
   <div class='ocr_carea' id='block_1_108' title="bbox 711 5010 3673 5155">
    <p class='ocr_par' dir='ltr' id='par_1_108' title="bbox 711 5010 3673 5155">
     <span class='ocr_line' id='line_1_111' title="bbox 711 5010 3673 5087; baseline 0.003 -23"><span class='ocrx_word' id='word_1_890' title='bbox 711 5010 783 5048; x_wconf 71' lang='grc'>⁸⁵⁵</span> <span class='ocrx_word' id='word_1_891' title='bbox 839 5012 1031 5083; x_wconf 88' lang='lat' dir='ltr'>attigit</span> <span class='ocrx_word' id='word_1_892' title='bbox 1072 5029 1174 5067; x_wconf 87' lang='lat' dir='ltr'>rec.</span> <span class='ocrx_word' id='word_1_893' title='bbox 1218 5029 1384 5069; x_wconf 86' lang='lat' dir='ltr'>manu</span> <span class='ocrx_word' id='word_1_894' title='bbox 1430 5010 1569 5070; x_wconf 58' lang='lat' dir='ltr'>corr.</span> <span class='ocrx_word' id='word_1_895' title='bbox 1627 5016 1817 5087; x_wconf 90' lang='lat' dir='ltr'>tetigit</span> <span class='ocrx_word' id='word_1_896' title='bbox 1842 5020 1896 5071; x_wconf 92' lang='lat'>2.</span> <span class='ocrx_word' id='word_1_897' title='bbox 1947 5016 2063 5071; x_wconf 87' lang='lat' dir='ltr'>cod.</span> <span class='ocrx_word' id='word_1_898' title='bbox 2112 5017 2371 5081; x_wconf 79' lang='lat' dir='ltr'>Francof.</span> <span class='ocrx_word' id='word_1_899' title='bbox 2427 5022 2477 5070; x_wconf 84' lang='lat' dir='ltr'>et</span> <span class='ocrx_word' id='word_1_900' title='bbox 2520 5017 2604 5070; x_wconf 80' lang='lat' dir='ltr'>ita</span> <span class='ocrx_word' id='word_1_901' title='bbox 2649 5016 2946 5070; x_wconf 84' lang='lat' dir='ltr'>adnotatur</span> <span class='ocrx_word' id='word_1_902' title='bbox 3000 5019 3058 5069; x_wconf 78' lang='lat' dir='ltr'>in</span> <span class='ocrx_word' id='word_1_903' title='bbox 3100 5032 3278 5085; x_wconf 86' lang='lat' dir='ltr'>marg.</span> <span class='ocrx_word' id='word_1_904' title='bbox 3309 5010 3423 5071; x_wconf 76' lang='lat' dir='ltr'>cod.</span> <span class='ocrx_word' id='word_1_905' title='bbox 3478 5018 3673 5072; x_wconf 85' lang='lat' dir='ltr'>Hamb.</span> 
     </span>
     <span class='ocr_line' id='line_1_112' title="bbox 711 5081 3673 5155; baseline 0.002 -20"><span class='ocrx_word' id='word_1_906' title='bbox 711 5081 793 5155; x_wconf 35' lang='lat' dir='ltr'>“T7”</span> <span class='ocrx_word' id='word_1_907' title='bbox 833 5084 978 5137; x_wconf 88' lang='lat' dir='ltr'>deest</span> <span class='ocrx_word' id='word_1_908' title='bbox 1026 5086 1076 5155; x_wconf 79' lang='grc'>1.</span> <span class='ocrx_word' id='word_1_909' title='bbox 1155 5082 1225 5119; x_wconf 78' lang='grc'>⁸⁸⁸</span> <span class='ocrx_word' id='word_1_910' title='bbox 1276 5086 1431 5155; x_wconf 90' lang='lat' dir='ltr'>quod</span> <span class='ocrx_word' id='word_1_911' title='bbox 1484 5090 1531 5140; x_wconf 86' lang='grc'>1.</span> <span class='ocrx_word' id='word_1_912' title='bbox 1590 5083 1658 5122; x_wconf 82' lang='lat'>“9</span> <span class='ocrx_word' id='word_1_913' title='bbox 1706 5087 1853 5141; x_wconf 84' lang='lat' dir='ltr'>deest</span> <span class='ocrx_word' id='word_1_914' title='bbox 1898 5090 1957 5142; x_wconf 90' lang='lat'>2.</span> <span class='ocrx_word' id='word_1_915' title='bbox 2039 5084 2114 5122; x_wconf 73' lang='grc'>³⁸0</span> <span class='ocrx_word' id='word_1_916' title='bbox 2164 5102 2391 5140; x_wconf 92' lang='lat' dir='ltr'>servum</span> <span class='ocrx_word' id='word_1_917' title='bbox 2442 5086 2535 5140; x_wconf 91' lang='lat' dir='ltr'>dei</span> <span class='ocrx_word' id='word_1_918' title='bbox 2584 5102 2686 5140; x_wconf 91' lang='lat' dir='ltr'>nos</span> <span class='ocrx_word' id='word_1_919' title='bbox 2732 5090 2780 5141; x_wconf 93' lang='lat'>2.</span> <span class='ocrx_word' id='word_1_920' title='bbox 2861 5087 2935 5123; x_wconf 71' lang='grc'><strong>⁸⁸⁸</strong></span> <span class='ocrx_word' id='word_1_921' title='bbox 2982 5102 3129 5155; x_wconf 85' lang='lat' dir='ltr'>saepe</span> <span class='ocrx_word' id='word_1_922' title='bbox 3179 5092 3221 5142; x_wconf 90' lang='lat' dir='ltr'>t.</span> <span class='ocrx_word' id='word_1_923' title='bbox 3270 5090 3323 5141; x_wconf 88' lang='lat'>2.</span> <span class='ocrx_word' id='word_1_924' title='bbox 3399 5084 3474 5123; x_wconf 70' lang='grc'>⁸³⁸³</span> <span class='ocrx_word' id='word_1_925' title='bbox 3529 5088 3673 5143; x_wconf 86' lang='lat' dir='ltr'>deest</span> 
     </span>
    </p>
   </div>
   <div class='ocr_carea' id='block_1_109' title="bbox 2039 5084 3673 5157">
    <p class='ocr_par' dir='ltr' id='par_1_109' title="bbox 2039 5084 3673 5157">
     <span class='ocr_line' id='line_1_113' title="bbox 2039 5084 3673 5157; baseline 0.001 -18"><span class='ocrx_word' id='word_1_926' title='bbox 2039 5084 2114 5122; x_wconf 68' lang='grc' dir='ltr'>διο</span> <span class='ocrx_word' id='word_1_927' title='bbox 2164 5102 2391 5140; x_wconf 92' lang='lat' dir='ltr'>servum</span> <span class='ocrx_word' id='word_1_928' title='bbox 2442 5086 2535 5140; x_wconf 91' lang='lat' dir='ltr'>dei</span> <span class='ocrx_word' id='word_1_929' title='bbox 2584 5102 2686 5140; x_wconf 91' lang='lat' dir='ltr'>nos</span> <span class='ocrx_word' id='word_1_930' title='bbox 2732 5090 2780 5141; x_wconf 93' lang='lat'>2.</span> <span class='ocrx_word' id='word_1_931' title='bbox 2861 5087 2935 5123; x_wconf 71' lang='grc'><strong>⁸⁸⁸</strong></span> <span class='ocrx_word' id='word_1_932' title='bbox 2982 5102 3129 5157; x_wconf 85' lang='lat' dir='ltr'>saepe</span> <span class='ocrx_word' id='word_1_933' title='bbox 3179 5084 3237 5142; x_wconf 25' lang='lat' dir='ltr'>t.’</span> <span class='ocrx_word' id='word_1_934' title='bbox 3270 5090 3323 5141; x_wconf 89' lang='lat'>2.</span> <span class='ocrx_word' id='word_1_935' title='bbox 3399 5084 3474 5123; x_wconf 70' lang='grc'>⁸³⁸³</span> <span class='ocrx_word' id='word_1_936' title='bbox 3529 5088 3673 5143; x_wconf 86' lang='lat' dir='ltr'>deest</span> 
     </span>
    </p>
   </div>
   <div class='ocr_carea' id='block_1_110' title="bbox 1842 5296 2059 5353">
    <p class='ocr_par' dir='ltr' id='par_1_110' title="bbox 1842 5296 2059 5353">
     <span class='ocr_line' id='line_1_114' title="bbox 1842 5296 2059 5353; baseline 0 -3"><span class='ocrx_word' id='word_1_937' title='bbox 1842 5296 2059 5353; x_wconf 73' lang='lat' dir='ltr'>NCT/E.</span> 
     </span>
    </p>
   </div>
   <div class='ocr_carea' id='block_1_111' title="bbox 256 5447 1119 5511">
    <p class='ocr_par' dir='ltr' id='par_1_111' title="bbox 256 5447 1119 5511">
     <span class='ocr_line' id='line_1_115' title="bbox 256 5447 1119 5511; baseline 0.002 -12"><span class='ocrx_word' id='word_1_938' title='bbox 256 5447 370 5511; x_wconf 78' lang='lat'>(23)</span> <span class='ocrx_word' id='word_1_939' title='bbox 402 5447 489 5500; x_wconf 91' lang='lat' dir='ltr'>lbi</span> <span class='ocrx_word' id='word_1_940' title='bbox 515 5463 614 5503; x_wconf 79' lang='lat' dir='ltr'>rex</span> <span class='ocrx_word' id='word_1_941' title='bbox 644 5449 756 5502; x_wconf 85' lang='lat' dir='ltr'>fuit</span> <span class='ocrx_word' id='word_1_942' title='bbox 784 5449 839 5502; x_wconf 93' lang='lat' dir='ltr'>d.</span> <span class='ocrx_word' id='word_1_943' title='bbox 873 5453 939 5503; x_wconf 82' lang='lat'>26</span> <span class='ocrx_word' id='word_1_944' title='bbox 967 5450 1119 5504; x_wconf 81' lang='lat' dir='ltr'>Julii.</span> 
     </span>
    </p>
   </div>
   <div class='ocr_carea' id='block_1_112' title="bbox 259 5517 1378 5587">
    <p class='ocr_par' dir='ltr' id='par_1_112' title="bbox 259 5517 1378 5587">
     <span class='ocr_line' id='line_1_116' title="bbox 259 5517 1378 5587; baseline 0.004 -17"><span class='ocrx_word' id='word_1_945' title='bbox 259 5517 369 5587; x_wconf 75' lang='grc'>(24)</span> <span class='ocrx_word' id='word_1_946' title='bbox 404 5517 461 5571; x_wconf 92' lang='lat' dir='ltr'>ld</span> <span class='ocrx_word' id='word_1_947' title='bbox 493 5523 577 5572; x_wconf 90' lang='lat' dir='ltr'>est</span> <span class='ocrx_word' id='word_1_948' title='bbox 599 5519 945 5587; x_wconf 87' lang='lat' dir='ltr'>chirotheca,</span> <span class='ocrx_word' id='word_1_949' title='bbox 983 5520 1202 5574; x_wconf 74' lang='lat' dir='ltr'>Gallica:</span> <span class='ocrx_word' id='word_1_950' title='bbox 1227 5526 1378 5587; x_wconf 81' lang='lat' dir='ltr'>gant.</span> 
     </span>
    </p>
   </div>
   <div class='ocr_carea' id='block_1_113' title="bbox 2048 5456 2355 5515">
    <p class='ocr_par' dir='ltr' id='par_1_113' title="bbox 2048 5456 2355 5515">
     <span class='ocr_line' id='line_1_117' title="bbox 2048 5456 2355 5515; baseline -0.01 -7"><span class='ocrx_word' id='word_1_951' title='bbox 2048 5456 2161 5515; x_wconf 72' lang='lat'>(25)</span> <span class='ocrx_word' id='word_1_952' title='bbox 2188 5470 2235 5506; x_wconf 89' lang='lat' dir='ltr'>c.</span> <span class='ocrx_word' id='word_1_953' title='bbox 2277 5456 2355 5507; x_wconf 80' lang='lat' dir='ltr'>l2.</span> 
     </span>
    </p>
   </div>
  </div>
