4022 6190
392 297 495 352 535
1465 294 1877 352 BURCHARDI
1915 298 2448 355 WORMACIENSIS
2486 296 2820 354 EPISCOPI.
3773 304 3861 356 536

393 423 513 478 Deo
561 426 759 477 nostro
804 436 924 476 non
971 419 1094 475 sine
1140 420 1390 475 lacrimis
1420 435 1526 492 pro
1574 420 1699 491 ejus
1740 419 1856 475 vita
1898 420 2095 476 retuli-
2122 423 2170 476 Α
2207 421 2567 492 salutemque
2621 418 2923 490 sepulchro
2972 422 3384 491 supponentes,
3438 418 3541 489 qui
3585 419 3723 474 servi
3779 422 3865 475 Dei

392 527 545 566 mus.
588 511 843 565 Aderant
892 509 954 564 in
996 507 1256 581 exequiis
1300 508 1424 579 ejus
1456 507 1545 562 sui
1574 506 1810 575 milites,
1856 508 1965 563 viri
1992 524 2095 563 ve—

394 598 681 654 nerabiles
722 602 780 653 et
807 598 1078 662 illustres,
1121 612 1445 667 corpusque
1487 593 1557 632 ⁴⁵⁶
1603 596 1726 666 ejus
1752 612 1856 667 per
1900 597 2096 650 omnia

393 686 741 742 monasteria
792 685 1280 749 circumferentes,
1342 684 1414 738 ad
1467 684 1656 739 sedem
1718 685 2095 757 principalem

394 775 629 831 tandem
691 776 1040 830 detulerunt.
1107 773 1304 844 Ibique
1370 772 1443 827 ab
1493 773 1773 827 universis
1823 774 2097 829 fratribus

395 863 794 918 venerabiliter
858 866 1172 933 acceptum,
1236 859 1417 914 solitis
1485 861 1911 916 custodiebatur
1967 863 2099 917 ofﬁ-

395 951 515 1006 ciis.
570 953 801 1006 Postera
846 956 1038 1004 autem
1069 948 1161 1003 die
1208 948 1269 1003 in
1297 949 1501 1003 eadem
1551 950 1786 1004 ecclesia
1831 950 1893 1005 in
1922 951 2097 1006 choro

396 1039 751 1104 occidentali,
814 1038 1079 1092 videlicet
1124 1042 1257 1092 ante
1307 1039 1483 1092 altare
1546 1039 1726 1094 sancti
1782 1039 2094 1107 Laurentii,

396 1128 707 1182 honoriﬁce
737 1127 1025 1196 sepultum
1058 1130 1144 1179 est
1174 1124 1247 1159 ⁸⁵⁸
1279 1126 1407 1196 (26).

465 1216 550 1269 24.
592 1215 702 1269 Sed
744 1214 842 1268 ubi
873 1229 1024 1267 nunc
1073 1218 1207 1267 sunt
1237 1214 1322 1268 illi
1367 1214 1640 1284 pestiferi,
1690 1214 1791 1285 qui
1836 1215 2010 1271 vitam
2042 1222 2100 1271 et

393 1308 556 1357 actus
606 1302 709 1357 viri
760 1302 864 1357 Dei
909 1302 1209 1356 venenosis
1260 1302 1474 1373 linguis
1520 1309 1838 1374 carpentes,
1895 1304 2093 1371 multa,

396 1409 528 1463 qum
558 1407 664 1446 nec
694 1391 806 1446 dici
838 1390 1057 1445 licitum
1090 1395 1197 1456 est,
1231 1407 1404 1460 super
1430 1392 1596 1446 illum
1621 1408 1871 1462 suosque
1900 1392 2100 1448 ﬁdeles

396 1480 571 1534 variis
614 1478 1131 1535 obtrectationibus
1180 1478 1407 1533 mentiti
1452 1481 1626 1534 sunt?
1672 1480 1715 1535 Ο
1760 1480 2001 1534 miseros
2045 1486 2097 1535 et

396 1569 692 1639 profanos,
742 1566 919 1621 totius
967 1567 1281 1621 honestatis
1329 1567 1570 1623 oblitos!
1616 1568 1659 1624 Ο
1698 1568 1875 1623 totius
1918 1569 2099 1623 virtu-

397 1656 473 1710 tis
509 1655 722 1710 inscios
766 1654 1053 1725 totiusque
1101 1655 1331 1726 pietatis
1379 1656 1560 1711 nudos
1610 1660 1667 1711 et
1714 1658 1834 1711 sola
1885 1658 2100 1712 ventris

398 1744 657 1815 ingluvie
742 1743 1062 1814 saginatas!
1150 1743 1193 1799 O
1270 1742 1448 1798 totius
1512 1744 1784 1799 bonitatis
1857 1746 2099 1813 steriles,

2201 510 2349 565 facta
2403 507 2716 563 mendaciis
2783 507 3130 576 lacerabant,
3190 506 3293 561 sed
3358 506 3468 577 ipsi
3523 506 3658 561 talia
3704 507 3866 563 facere

2204 598 2564 665 nesciebant;
2619 612 2867 668 quorum
2924 597 3072 650 Deus
3117 601 3319 649 venter
3359 602 3446 651 est
3473 599 3533 649 et
3579 595 3753 666 gloria
3790 612 3868 650 eo-

2203 703 2333 742 rum
2393 688 2454 742 in
2519 686 2875 752 confusione,
2943 684 3044 755 qui
3108 690 3338 739 terrena
3388 688 3614 737 tantum
3665 684 3869 755 sapiunt

2204 782 2263 832 et
2300 793 2430 848 quae
2482 775 2583 830 Dei
2628 779 2761 829 sunt
2808 773 3041 844 penitus
3081 773 3366 827 nesciunt.
3420 772 3523 827 Hic
3567 777 3749 826 autem
3790 790 3868 827 sa-

2204 866 2401 921 cerdos
2435 863 2643 920 Christi
2674 870 2791 917 toto
2823 862 3019 916 animo
3055 862 3302 931 totisque
3348 860 3570 914 viribus
3608 860 3675 914 ad
3716 862 3869 915 Deum

2204 969 2529 1019 conversus,
2582 950 2854 1023 quicquid
2902 950 3038 1004 boni
3084 949 3236 1017 fecit,
3271 948 3499 1005 Christo
3553 948 3656 1002 soli
3688 964 3871 1019 cogno-

2205 1044 2479 1097 scendum
2534 1040 2840 1111 diligenter
2886 1038 3197 1105 abscondit,
3239 1042 3298 1091 et
3335 1036 3540 1091 inanes
3569 1036 3770 1091 favores
3805 1038 3869 1091 si-

2205 1129 2421 1183 militer
2466 1133 2524 1183 et
2579 1128 2879 1183 hominum
2933 1126 3373 1181 obtrectationes
3426 1125 3595 1195 parvi
3648 1126 3870 1195 pendens

2206 1218 2379 1273 surda
2426 1233 2565 1271 aure
2610 1215 2891 1281 transivit,
2942 1214 3043 1286 qui
3085 1218 3309 1269 tantum
3363 1215 3478 1268 Deo
3524 1215 3738 1284 placere
3772 1220 3868 1267 stu-

2207 1306 2351 1360 duit.
2389 1306 2533 1376 Ergo
2577 1305 2825 1360 fructum
2856 1310 3137 1359 aeternum
3167 1308 3323 1373 apud
3353 1303 3537 1356 Deum
3567 1317 3668 1372 pro
3693 1302 3868 1355 talibus

2208 1395 2374 1448 illum
2426 1393 2738 1464 acquisisse
2783 1397 2839 1447 et
2868 1391 3108 1463 praemia
3153 1390 3511 1461 sempiterna
3559 1405 3660 1459 pro
3688 1390 3865 1443 secula-

2208 1482 2365 1537 ribus
2427 1498 2559 1537 eum
2616 1480 2919 1552 recepisse,
2970 1495 3265 1551 speramus
3316 1495 3379 1533 ac
3428 1478 3676 1531 firmiter
3724 1478 3867 1531 credi-

2208 1588 2357 1639 mus,
2390 1576 2445 1625 et
2473 1575 2538 1625 ut
2568 1585 2698 1625 cum
2727 1570 2950 1625 Christo
2982 1584 3220 1623 manens
3253 1566 3674 1637 sempiternum
3704 1566 3869 1619 habeat

2212 1659 2615 1726 sacerdotium,
2660 1664 2970 1729 praestante
3020 1656 3267 1711 Domino
3316 1659 3517 1709 nostro
3546 1655 3674 1708 Jesu
3716 1653 3867 1707 Chris-

2213 1753 2321 1816 sto,
2378 1747 2471 1801 cui
2509 1747 2582 1801 sit
2640 1748 2765 1801 laus
2803 1751 2860 1801 et
2925 1745 3110 1817 gloria
3162 1760 3269 1815 per
3304 1742 3540 1798 inﬁnita
3592 1741 3867 1796 seculorum

406 1832 554 1889 nihil
600 1832 738 1888 huic
789 1832 977 1887 simile
1023 1832 1317 1900 facientes,
1372 1833 1469 1888 sed
1510 1850 1671 1905 spem
1703 1850 1866 1888 suam
1916 1836 2105 1889 seculo
2214 1835 2422 1890 secula.
2456 1838 2658 1889 Amen.

1828 1995 2062 2050 VARIzE
2093 1994 2491 2051 LECTIONES.

479 2122 549 2205 f”
578 2140 710 2205 que.
740 2124 978 2205 deest}.
1056 2120 1127 2160 ⁸⁸⁵
1167 2121 1585 2205 anno‘Dom'ini
1619 2125 2078 2205 unm-secundo
2120 2141 2270 2180 anno
2320 2125 2564 2205 Conradi
2596 2122 2979 2205 imperatoris.
3031 2121 3137 2178 Ubi
3174 2125 3535 2205 _nunc.su_nt,
3590 2120 3692 2205 qui
3719 2121 3868 2205 felices

404 2192 715 2267 actusg'viri
758 2194 938 2267 sancti
976 2196 1278 2248 venenosis
1325 2193 1553 2267 linguis
1587 2198 1886 2267 carpentes
1944 2212 2097 2266 saepe
2156 2196 2506 2267 operarejus
2556 2192 2715 2266 parvi
2762 2194 3091 2267 pendebant
3138 2197 3192 2246 et
3235 2192 3646 2267 annihilabant
3664 2192 3705 2267 77
3741 2192 3867 2267 Nunc

408 2270 470 2320 ut
531 2265 626 2336 pie
705 2265 991 2321 credimus
1054 2270 1261 2336 regnat
1325 2262 1458 2319 cum
1523 2265 1638 2319 Deo
1686 2262 1987 2321 'Abraham
2026 2262 2103 2321 'in
2160 2262 2428 2321 eicelsis'
2460 2262 2573 2321 illis
2638 2272 2696 2321 et
2753 2262 3046 2337 perpetuis
3100 2263 3347 2335 gaudiis,
3424 2265 3632 2318 Amen.
3687 2266 3761 2317 ita
3805 2262 3869 2316 de

407 2339 563 2393 sinit.
598 2340 651 2391 2.

2045 2451 2269 2507 NOTAE.

481 2556 588 2632 (26)
638 2556 977 2632 sepulcrum
1034 2556 1207 2628 paulo
1273 2572 1446 2628 supra
1506 2556 1902 2628 pavimentum
1959 2558 2229 2614 eductum
2292 2560 2594 2616 claudebat
2654 2559 2799 2632 lapis
2858 2558 3369 2631 hemisphaericus,
3430 2557 3621 2613 addita
3695 2558 3752 2612 in
3796 2556 3877 2611 hac

415 2627 730 2700 epigraphe
761 2644 774 2683 :

1343 2729 1437 2779 Hic
1461 2729 1602 2793 jacet
1628 2730 1807 2792 Buggo
1837 2729 2107 2793 quondam
2136 2731 2287 2780 istius
2316 2732 2417 2781 loci
2443 2734 2737 2797 episcOpus.

486 2834 570 2888 Ita
599 2830 891 2887 Schannat
920 2828 1056 2884 Hist.
1086 2828 1312 2882 Worm.
1352 2832 1399 2896 l,
1429 2844 1487 2898 p.
1522 2828 1645 2883 334.

1578 3225 2777 3353 BUBCHABDI

1747 3448 2077 3505 EPISTOLA
2114 3448 2209 3503 AD
2246 3447 2620 3503 ALPERTUM

1325 3611 1493 3682 (Vide
1527 3626 1700 3682 supra
1736 3611 1797 3665 in
1834 3612 2155 3677 ALnnro,
2195 3610 2358 3680 hujus
2390 3609 2700 3677 voluminis,
2741 3609 2839 3663 col.
2883 3608 3035 3677 451.)
