3960 6192
172 287 271 339 537
1238 289 1711 348 DECRETOBUM
1756 293 1940 349 LIBRI
1978 293 2086 349 XX.
2119 321 2188 331 —
2229 292 2614 347 PBIEFATIO.

3576 298 3681 350 538

1418 598 2419 723 BURCHARDI

1059 828 1768 897 WORMACIENSIS
1837 832 2298 898 ECCLESIE
2363 832 2784 899 EPISCOPI

1247 1117 2601 1265 DECRETORUM

1583 1399 1839 1472 LIBRI
1898 1401 2262 1473 VIGINTI

179 1633 283 1698 Ex
310 1629 606 1697 conciliis
640 1642 704 1696 et
740 1629 1260 1699 orthodoxorum
1298 1636 1582 1700 Patrum
1612 1632 1908 1713 decretis,
1949 1646 2102 1700 tunc
2140 1634 2341 1700 etiam
2388 1633 2800 1701 diversarum
2847 1633 3195 1699 nationum
3232 1630 3522 1721 synodis,
3562 1652 3679 1696 ceu

262 1736 393 1802 loci
418 1758 790 1803 communes
821 1739 1131 1825 congesti,
1166 1739 1237 1804 in
1266 1738 1505 1827 quibus
1545 1751 1755 1805 totum
1792 1738 2296 1807 ecclesiasticum
2332 1761 2576 1805 munus
2614 1736 2949 1805 luculenta
2997 1737 3314 1803 brevitate
3345 1747 3409 1802 et
3437 1747 3675 1802 veteres

261 1842 721 1909 Ecclesiarum
751 1842 1230 1910 observationes
1257 1844 1728 1934 complectitur.

283 2018 515 2073 Parisiis
545 2019 698 2091 apud
726 2019 1008 2075 Joannem
1040 2022 1439 2087 Foucherium,
1472 2023 1575 2077 sub
1604 2023 1773 2156 Scutso
1799 2024 2120 2173 Floreqt2iai,
2154 2024 2246 2079 via
2270 2024 2340 2079 ad
2372 2025 2436 2079 D.
2469 2023 2767 2078 Iacobum.
2800 2053 2869 2063 ——
2904 2024 3059 2078 1549.
3091 2021 3232 2077 Cum
3262 2021 3570 2093 privilegio

1761 2108 1960 2157 enatus
2041 2108 2072 2157 ‘7
2105 2144 2117 2155 .

1761 2108 1960 2157 enatus
1987 2108 2117 2157 (2‘7).

2138 2290 2827 2299 "#—

1518 2472 2336 2570 BURCHARDUS

1134 2659 1545 2715 ECCLESIE
1601 2661 2225 2717 WORMACIENSIS
2277 2662 2723 2720 EPISCOPUS

1695 2808 2163 2885 BRUNIGHONI

703 2975 1043 3016 FIDELISSIMO
1083 2975 1186 3016 δυο
1225 2977 1289 3015 ΕΤ
1328 2976 1564 3016 EIUSDEM
1603 2976 1871 3017 ECCLESIiE
1909 2976 2237 3028 PMPOSITO,
2279 2976 2333 3016 IN
2373 2975 2604 3017 CHRISTO
2642 2976 2848 3017 DOMINO
2890 2976 3157 3017 SALUTEM.

242 3274 289 3326 Α
316 3272 512 3326 multis
543 3288 677 3327 sane
723 3272 947 3339 diebus,
987 3277 1044 3327 et
1085 3289 1237 3343 saepe
1293 3273 1525 3344 quidem
1564 3289 1754 3328 coram
1794 3274 1877 3327 fa—
1916 3278 1963 3329 A
1994 3289 2145 3328 mem
2175 3278 2371 3327 tamen
2419 3272 2555 3344 quia
2597 3288 2714 3327 non
2771 3276 2983 3326 certam
3032 3271 3308 3343 temporis
3355 3285 3684 3325 mensuram

175 3359 475 3414 miliaritas
520 3366 639 3426 tua,
678 3360 1011 3415 charissima
1046 3361 1242 3427 frater,
1299 3361 1581 3416 hortando
1630 3380 1661 3415 a
1710 3361 1875 3416 nobis

174 3447 492 3515 contendit,
521 3454 584 3503 ut
615 3450 752 3504 utile
796 3449 1033 3520 aliquod
1062 3466 1206 3520 opus
1248 3466 1364 3504 non
1396 3451 1588 3505 minus
1629 3467 1697 3505 ex
1744 3467 1870 3505 san-

173 3540 395 3590 ctorum
428 3537 662 3591 Patrum
686 3538 1001 3604 sententiis,
1036 3554 1209 3608 quam
1238 3538 1527 3592 canonicis
1556 3538 1871 3608 scripturis,

174 3625 259 3679 vel
318 3626 391 3678 ab
421 3627 799 3697 comprobatis
846 3627 1249 3697 paenitentium
1289 3627 1587 3698 exemplis,
1645 3627 1716 3681 ad
1778 3642 1875 3681 ne-

177 3712 488 3767 cessarium
559 3714 816 3768 Ecclesiae
887 3719 1097 3768 nostrae
1170 3714 1619 3769 deservientium
1682 3732 1872 3782 usum,

175 3801 441 3870 vigilanti
471 3802 657 3856 studio
683 3803 1032 3873 colligerem.
1068 3804 1135 3858 Et
1162 3804 1220 3857 id
1250 3803 1506 3875 quidem,
1537 3804 1625 3858 vel
1674 3820 1739 3858 ea
1786 3821 1877 3858 ra—

179 3889 333 3943 tione
364 3889 612 3944 maxime
641 3890 900 3961 Ilagitare
919 3891 1222 3960 videbaris,
1256 3892 1413 3963 quod
1434 3908 1717 3947 canonum
1747 3894 1879 3964 jura

182 3982 355 4048 atque
394 3977 801 4047 pmnitentium
846 3980 1067 4045 formae,
1108 3980 1169 4033 in
1214 3983 1409 4034 nostra
1455 3981 1687 4052 quidem
1736 3982 1876 4037 dio:-

180 4065 291 4119 cesi
320 4066 473 4125 adeo.
495 4066 727 4121 confusa
782 4066 916 4136 sint,
959 4072 1131 4139 atque
1174 4068 1323 4122 inter
1362 4085 1421 4122 se
1470 4069 1875 4140 discrepantia,

182 4158 242 4207 ut
273 4158 377 4207 aut
406 4169 476 4207 ex
524 4157 641 4208 toto
673 4154 949 4225 neglecta,
997 4160 1096 4209 aut
1151 4156 1308 4209 omni
1349 4172 1496 4226 pene
1546 4159 1879 4212 auctoritate

179 4241 473 4307 destituta,
532 4242 621 4296 vel
675 4242 893 4297 modice
970 4242 1031 4296 in
1114 4243 1495 4299 ecclesiastica
1578 4246 1879 4317 disciplina

174 4327 450 4385 institutis
474 4345 749 4401 apparere
780 4332 1020 4401 possint.
1066 4332 1189 4396 Qua
1218 4334 1287 4388 de
1331 4350 1501 4388 causa
1546 4351 1695 4406 saepe
1726 4337 1879 4390 acci-

174 4417 271 4483 dit,
306 4422 369 4470 ut
386 4418 461 4471 ad
488 4418 844 4488 poenitentiae
871 4420 1186 4475 remedium
1240 4422 1723 4493 confugientibus,
1747 4441 1877 4478 cum

174 4506 246 4560 ob
274 4521 566 4560 canonum
608 4507 1052 4578 descriptionem
1096 4509 1410 4577 confusam,
1459 4515 1584 4565 tum
1629 4511 1701 4565 ob
1740 4527 1877 4582 pre-

173 4593 533 4664 sbyterorum
566 4602 892 4651 nostrorum
921 4598 1330 4668 ignorantiam,
1370 4615 1485 4652 non
1525 4599 1691 4653 facile
1737 4602 1875 4654 sub-

171 4683 454 4737 veniatur.
509 4683 674 4748 Quod
707 4702 779 4739 an
810 4685 940 4740 ideo
984 4686 1351 4757 potissimum
1399 4688 1583 4755 ﬁeret,
1613 4704 1729 4742 non
1759 4688 1875 4743 im-

172 4773 460 4841 pudenter
491 4790 557 4829 ex
588 4790 681 4828 me
710 4776 947 4846 rogasti.
994 4777 1060 4831 Et
1107 4792 1437 4848 quanquam
1482 4776 1636 4832 idem
1679 4777 1877 4832 existi-

240 4964 355 5034 (27)
383 4965 649 5021 Eztraict
671 4966 764 5022 des
802 4970 1073 5037 Registres
1102 4968 1168 5023 de
1186 4970 1506 5024 Partement.

242 5037 321 5110 _La
378 5042 550 5110 court,
613 5054 742 5110 veue
789 5039 843 5091 la
901 5041 1160 5107 Requeste
1214 5042 1249 5092 ἁ
1302 5042 1398 5094 elle
1443 5042 1720 5109 presentée
1771 5057 1880 5110 par

176 5106 351 5179 Iehan
372 5106 619 5179 Faucher
646 5109 896 5162 Libraire
932 5106 1053 5163 Iure
1080 5125 1144 5163 en
1176 5106 1555 5165 Lhuniuefsite
1598 5111 1664 5164 de
1697 5106 1873 5179 paris,

169 5177 362 5251 parta
388 5177 566 5251 quelte
596 5179 638 5230 il
676 5181 980 5247 requeroict
1017 5181 1113 5249 ιαμ
1151 5186 1287 5235 estre
1324 5180 1534 5250 pomis
1568 5177 1873 5251 Imprimer,

170 5262 239 5321 ou
263 5249 414 5313 faire
452 5248 771 5321 Imprimer,
830 5265 941 5317 ung
971 5248 1111 5305 tiur’e
1170 5248 1385 5306 intitulé
1420 5254 1485 5307 D.
1539 5248 1867 5321 Bur'chardi,

179 5319 633 5389 Vuormaciensis,
680 5321 938 5389 episcopi,
1008 5322 1363 5376 Decretorum
1430 5322 1553 5376 Lib.
1621 5325 1733 5389 xx,
1808 5319 1877 5378 ea;

172 5388 427 5463 comitiis
457 5393 509 5442 et
529 5388 953 5463 orthodoxorum
977 5397 1206 5462 patrum
1242 5395 1474 5448 Decretis
1514 5398 1613 5447 etc.
1665 5388 1875 5463 Aper-

170 5460 274 5532 mis
303 5463 355 5512 et
407 5465 617 5532 perimet
645 5461 807 5515 audit
826 5460 1114 5532 suppiiant
1158 5464 1467 5532 Imprimer,
1497 5479 1567 5516 ou
1597 5460 1873 5529 faire'lm-

170 5529 380 5595 printer
409 5529 541 5584 ledit
561 5530 724 5599 Mure,
755 5536 806 5586 et
826 5529 1053 5601 emposer
1080 5549 1145 5587 en
1170 5529 1425 5599 vehte,Et
1443 5532 1675 5602 detrunca
1703 5535 1738 5587 ά
1756 5537 1875 5587 tous

1983 3378 2271 3416 canonum
2310 3378 2552 3416 censura
2581 3363 2861 3432 expressit
2890 3362 2961 3416 ad
3006 3362 3231 3432 singula
3274 3360 3680 3431 poenitentium

1983 3451 2189 3505 delicta
2256 3450 2664 3515 adhibendam,
2716 3451 2816 3504 sed
2885 3451 2945 3504 in
3010 3449 3426 3504 absolventium
3466 3447 3683 3519 judicio

1984 3539 2423 3609 relinquendam
2481 3539 2695 3603 statuit,
2742 3538 2951 3592 idcirco
3000 3537 3354 3608 poenitentia:
3414 3537 3687 3591 salutaria

1984 3626 2238 3680 remedia
2267 3628 2339 3680 ab
2370 3626 2654 3696 imperitis
2701 3626 2935 3697 quidem
2984 3626 3373 3681 sacerdotibus
3431 3642 3548 3679 non
3580 3642 3683 3695 pro

1985 3714 2325 3768 delictorum
2374 3714 2649 3784 qualitate
2693 3714 3088 3783 providentur,
3121 3729 3155 3767 a
3212 3713 3323 3784 piis
3354 3712 3589 3783 quidem
3630 3717 3688 3767 et

1985 3802 2272 3857 canonicis
2320 3801 2619 3872 scripturis
2676 3801 2969 3866 institutis,
3037 3802 3238 3855 eadem
3294 3800 3457 3854 facile
3513 3806 3690 3871 prout

1983 3889 2465 3961 uniuscujuslibet
2512 3889 2820 3944 inﬁrmitas
2880 3889 3144 3960 requirit,
3199 3888 3565 3943 adhibentur.
3623 3890 3688 3942 Et

1987 3980 2123 4051 quia
2159 3980 2268 4033 hoc
2297 3995 2387 4033 res
2428 3978 2507 4033 ita
2559 3977 2753 4047 habet,
2784 3994 2850 4033 eo
2880 3994 2972 4032 me
3020 3978 3251 4032 dilectio
3305 3981 3405 4031 tua
3444 3976 3682 4048 rogavit,

1985 4074 2050 4123 ιιι
2076 4069 2321 4139 opellam
2352 4069 2499 4122 hanc
2528 4073 2855 4138 congestam
2883 4067 3214 4137 junioribus
3244 4066 3455 4121 nostris
3497 4067 3688 4137 legen-

1988 4158 2119 4213 dam
2138 4173 2543 4228 proponerem,
2579 4173 2693 4227 quo
2725 4156 2836 4228 ipsi
2862 4157 2922 4211 in
2946 4156 3151 4211 idonea
3183 4155 3457 4210 nimirum
3498 4160 3684 4221 aetate,

1987 4262 2055 4300 ea
2111 4246 2349 4313 discant,
2425 4262 2554 4317 quae
2606 4246 2695 4300 vel
2746 4245 2927 4299 serior
2981 4245 3290 4316 aequalium
3357 4249 3688 4298 nostrorum

1988 4340 2125 4389 aetas
2181 4335 2352 4389 modo
2398 4332 2625 4405 assequi
2683 4351 2800 4389 non
2852 4334 3054 4406 possit,
3107 4335 3195 4388 vel
3263 4339 3686 4387 antecessorum

1987 4423 2342 4493 negligentia
2371 4439 2499 4489 non
2547 4422 2754 4494 attigit.
2805 4424 3012 4493 Utpote
3050 4422 3517 4478 decentissimum
3564 4422 3687 4476 fore

1990 4512 2343 4581 existimans,
2375 4517 2435 4566 ut
2481 4512 2609 4583 quis
2637 4528 2765 4566 cum
2808 4512 2967 4565 omni
3031 4511 3317 4582 probitate
3346 4528 3407 4564 se
3448 4510 3692 4582 discipu-

1986 4602 2106 4655 lum
2148 4600 2311 4671 prius
2385 4600 2670 4670 exhibeat,
2720 4615 2895 4671 quam
2970 4600 3218 4654 doctoris
3289 4600 3687 4654 auctoritatem

1984 4690 2137 4757 apud
2175 4690 2411 4759 vulgum
2437 4694 2649 4743 temere
2676 4693 3006 4759 praesumat.
3051 4689 3117 4742 Et
3154 4689 3213 4742 in
3243 4688 3447 4742 scholis
3489 4688 3687 4751 discat,

1987 4778 2142 4849 quod
2190 4794 2309 4832 sua:
2364 4777 2495 4832 ﬁdei
2564 4776 2895 4832 commissos
2951 4777 3168 4831 doceat.
3219 4776 3496 4847 Equidem
3544 4776 3691 4829 hanc

1985 4971 2458 5039 auttresflibraires
2480 4976 2529 5026 et
2552 4971 2902 5040 Imprimeurs
2924 4971 2989 5024 de
3004 4987 3059 5024 ce
3080 4975 3302 5035 ressoﬂ,
3325 4969 3529 5037 Iceltuy
3554 4968 3692 5022 (iure

1985 5044 2289 5112 Imprimer,
2320 5042 2468 5109 faire
2488 5044 2767 5111 imprimer
2787 5058 2855 5095 ou
2882 5057 3110 5111 exposer
3163 5056 3228 5095 en
3274 5046 3446 5104 vente,
3484 5042 3687 5093 auttres

1986 5130 2088 5183 que
2130 5116 2287 5169 ceulm
2324 5130 2425 5182 que
2474 5114 2605 5168 ledit
2646 5114 2932 5182 suppliant
2978 5127 3118 5165 aura
3166 5113 3340 5176 faictz
3378 5112 3682 5178 Imprimer,

1984 5199 2112 5239 suns
2142 5200 2237 5239 son
2280 5186 2461 5239 adueu
2483 5190 2533 5239 et
2584 5188 2999 5247 consantement,
3050 5184 3283 5250 Iusques
3308 5185 3343 5235 ὰ
3390 5183 3515 5250 cinq
3565 5196 3684 5244 aus,

1984 5269 2080 5309 sur
2112 5258 2270 5324 peine
2315 5256 2381 5310 de
2428 5258 2775 5325 conﬁscation
2831 5254 3015 5308 desdis
3069 5254 3256 5325 liures,
3303 5257 3353 5307 et
3375 5323 3383 5325 Α
3404 5251 3685 5325 d’amendc

1986 5323 2299 5381 arbitraire.
2368 5323 2533 5380 Faict
2576 5341 2640 5379 en
2701 5326 3005 5379 Partement
3061 5327 3093 5377 ὰ
3143 5324 3309 5377 Paris
3366 5323 3413 5376 te
3463 5323 3680 5376 demier

1986 5397 2121 5450 Iour
2142 5396 2208 5450 de
2241 5398 2524 5451 Decembre
2552 5397 2652 5451 Mil
2674 5400 2799 5463 cinq
2833 5411 2952 5449 cens
2980 5399 3249 5463 quarante
3278 5394 3432 5462 huyt.

2642 5467 2918 5521 Collation
2946 5470 3026 5519 est
3056 5467 3255 5520 Faicte.

2654 5537 2837 5607 Ainsy
2860 5537 3011 5603 signa
3044 5535 3124 5590 Dn
3154 5535 3370 5589 Tum.
