4022 6190
385 313 485 366 539

1473 311 1883 367 BUBCHARDI
1921 310 2078 365 WOB
2091 308 2458 365 MACIENSIS
2497 307 2816 365 EPISCOPI

3769 316 3853 368 550

381 439 539 490 tuam
615 434 977 506 petitionem,
1013 434 1403 503 dilectionem,
1454 435 1649 500 frater,
1703 434 2080 506 justissimam
2114 438 2158 489 A
2198 435 2363 505 sequi
2428 450 2617 505 posse.
2684 434 2993 490 Perutilem
3037 435 3270 506 quidem
3313 436 3372 491 in
3421 436 3665 491 docenda
3692 440 3852 510 plebe,

378 524 648 594 judicavi,
680 540 899 594 proque
937 524 1045 578 isto
1090 528 1204 578 tam
1235 524 1330 593 pio
1360 524 1429 578 ad
1460 523 1711 578 divinam
1744 523 2087 592 religionem

383 612 608 679 aﬁ‘ectu,
644 612 854 682 gratias
883 613 1160 666 maximas
1186 612 1392 680 habeo,
1440 628 1614 682 quem
1660 628 1761 682 pro
1824 612 2087 665 Ecclesiae

384 705 593 755 nostrae
632 704 802 766 statu,
856 717 971 754 non
1020 700 1183 769 segni
1239 699 1623 754 sollicitudine
1662 701 1882 771 jugiter
1923 700 2088 754 desu-

386 792 520 846 dare
553 788 966 843 animadverto.
1005 790 1209 842 Verum
1251 789 1403 859 quod
1436 794 1594 841 tuam
1624 788 2085 842 exhortationem

388 877 526 932 mihi
553 877 760 948 saepius
790 877 1132 930 inculcatam
1161 876 1362 930 tandiu
1390 876 1605 942 distuli,
1656 876 1923 946 ignaviae,
1965 881 2087 929 tor-

387 966 628 1037 porique
666 982 795 1019 meo
828 965 1066 1019 minime
1107 964 1548 1020 adscribendum
1580 964 1806 1034 putabis
1837 981 1849 1018 :
1906 963 2087 1034 siqui-

388 1054 516 1109 dem
551 1054 675 1108 duae
707 1054 1132 1123 impediverunt
1155 1069 1242 1107 me
1263 1069 1470 1118 causa,
1507 1053 1817 1123 quominus
1849 1052 1952 1105 tibi
1983 1068 2086 1122 pro

388 1148 486 1197 tuo
526 1143 805 1197 desiderio
830 1148 1095 1211 prompte
1128 1158 1346 1195 morem
1380 1142 1547 1213 gessi.
1572 1141 1826 1205 Quarum
1849 1141 2087 1194 alteram

380 1231 733 1285 inevitabiles
766 1230 1022 1285 Ecclesiae
1065 1236 1271 1283 nostra:
1335 1230 1695 1283 necessitates
1750 1230 2086 1295 attulerunt,

385 1336 513 1392 qua:
538 1320 793 1389 quotidie
814 1320 1093 1373 ﬂuctuum
1130 1335 1287 1371 more
1310 1318 1368 1371 in
1404 1335 1510 1371 nos
1538 1323 1865 1387 emergunt.
1898 1318 2090 1371 Altera

390 1425 457 1463 ex
499 1410 770 1479 gravibus
837 1407 1199 1461 saecularium
1253 1423 1442 1459 rerum
1494 1407 1645 1460 curis
1694 1407 1973 1471 oboritur,
2018 1406 2088 1460 ad

392 1513 532 1567 quas
594 1496 783 1563 inviti,
834 1496 1136 1565 imperiam
1184 1496 1587 1549 mandatorum
1644 1511 1817 1550 onere
1869 1501 2088 1565 pertra-

393 1585 606 1649 himur,
648 1602 777 1655 quae
808 1586 922 1638 duo
972 1600 1108 1638 sane
1149 1585 1409 1638 animum
1474 1600 1665 1637 meum
1712 1585 1783 1638 ad
1839 1584 2090 1639 coelestia

391 1674 702 1727 enitentem
735 1673 1031 1728 altiuscule
1061 1689 1358 1743 assurgere
1390 1689 1505 1726 non
1542 1672 1903 1743 permittunt.
1947 1674 2087 1727 Nam

391 1762 528 1816 dum
586 1761 848 1831 pluribus
904 1762 1072 1816 rebus
1129 1761 1489 1833 inquietatur
1519 1761 1767 1829 animus,
1802 1762 2088 1816 inﬁrmior

391 1856 492 1916 est,
525 1866 700 1921 quam
734 1856 795 1904 ut
852 1850 1189 1906 unicuilibet
1235 1868 1339 1922 par
1384 1868 1506 1905 esse
1540 1852 1729 1917 possit.
1787 1851 2089 1906 Nihilomi-

391 1955 500 1993 nus
524 1944 716 1992 tamen
751 1939 959 1993 sanctis
1007 1940 1120 1993 tuis
1173 1940 1547 2009 petitionibus
1589 1940 1890 1994 obsecutus
1918 1956 2089 2010 syno-

393 2026 542 2081 dalia
570 2031 874 2098 praecepta,
912 2032 1215 2098 sanctaque
1260 2028 1537 2094 instituta,
1590 2032 1703 2082 tam
1750 2044 1818 2082 ex
1865 2034 2090 2082 sancto-

394 2131 519 2170 rum
569 2117 798 2169 Patrum
847 2116 1163 2182 sententiis,
1205 2133 1377 2186 quam
1410 2133 1475 2170 ex
1525 2116 1812 2170 canonicis
1841 2116 2087 2187 scriptis,

391 2204 650 2274 adjutore
680 2205 814 2269 Deo,
866 2203 926 2258 in
953 2220 1128 2257 unum
1171 2205 1379 2258 fascem
1428 2221 1496 2257 ex
1556 2204 1910 2275 amplissimo
1955 2206 2091 2259 orbe

391 2292 614 2362 collegi.
646 2293 834 2363 anue
864 2300 929 2346 ut
964 2292 1147 2362 potui,
1181 2309 1298 2346 uno
1346 2292 1520 2347 veluti
1550 2309 1787 2361 corpore
1813 2308 2088 2355 connexa,

396 2380 596 2450 viginti
628 2380 789 2434 libris
837 2380 1088 2448 distinxi,
1120 2380 1200 2435 ita
1234 2386 1297 2435 ut
1334 2380 1595 2452 quisquis
1653 2396 1749 2433 eos
1787 2380 2094 2451 diligenter

393 2469 616 2540 legerit,
650 2470 898 2523 fructum
931 2486 1047 2523 non
1086 2470 1380 2540 vulgarem
1409 2470 1618 2523 sentiet
1664 2485 1723 2523 se
1745 2469 1902 2523 brevi
1950 2485 2093 2522 con-

2120 1715 2158 1768 Β

2198 522 2434 577 ﬁrmum
2492 527 2685 576 autem
2728 529 2967 595 propter
3022 524 3445 595 Scripturarum
3476 528 3853 594 auctoritatem,

2196 612 2507 666 honestum
2560 616 2832 682 tanquam
2882 613 3069 666 studio
3116 620 3172 667 et
3201 614 3502 683 diligentia
3529 616 3852 685 acquisitum.

2200 702 2396 770 Neque
2427 700 2580 753 enim
2629 700 2936 754 sacerdotis
2982 717 3191 755 nomen
3244 707 3517 770 meretur,
3562 703 3673 774 qui,
3716 721 3861 775 quam

2197 789 2438 843 sollicite
2486 788 2877 858 Evangelicam
2921 789 3136 842 minam
3166 791 3412 861 expendi
3456 798 3674 860 oportet
3717 792 3862 862 igno-

2196 883 2306 945 rat,
2368 882 2427 930 ut
2473 894 2654 931 caecus
2710 893 2856 931 casco
2935 878 3050 932 dux
3098 896 3219 932 esse
3265 895 3383 932 non
3429 885 3632 949 potest.
3682 880 3863 944 Quam-

2197 965 2398 1018 obrem
2432 965 2584 1018 hunc
2615 981 2808 1018 meum
2856 965 3112 1019 laborem
3164 982 3354 1033 nemo,
3416 973 3479 1020 ut
3519 967 3859 1022 collecticium

2196 1058 2555 1123 aspernetur.
2614 1052 2774 1106 Certe
2830 1054 3014 1124 coegit
3080 1070 3370 1108 sacrarum
3425 1055 3485 1108 in
3554 1054 3860 1110 immensum

2196 1141 2623 1212 Scripturarum
2672 1141 2880 1195 diffusa
2929 1141 3265 1210 amplitudo,
3313 1158 3542 1196 necnon
3576 1149 3861 1199 nostrorum

2197 1229 2572 1300 negligentia,
2612 1234 2665 1284 et
2712 1229 2935 1283 inscitia
2982 1230 3364 1297 sacerdotum,
3421 1230 3485 1283 in
3550 1231 3652 1284 hoc
3688 1247 3859 1301 genere

2198 1318 2501 1386 desudare,
2562 1318 2623 1371 in
2689 1333 2802 1388 quo
2860 1318 3130 1388 colligere
3191 1319 3428 1388 quidem
3489 1319 3698 1373 licitum
3753 1320 3855 1384 fuit,

2197 1422 2447 1461 canones
2498 1422 2630 1459 vero
2682 1407 2790 1460 soli
2848 1406 2987 1460 mihi
3048 1407 3271 1460 sanxire
3329 1407 3617 1461 illicitum.
3663 1407 3859 1470 Quantis

2199 1500 2392 1549 autem
2451 1494 2557 1548 hoc
2606 1495 2922 1561 laboribus,
3004 1500 3177 1565 atque
3227 1494 3442 1564 vigiliis
3518 1496 3855 1566 praestiterim,

2201 1585 2349 1638 Deus
2382 1584 2833 1653 Opt.j11dicabit,
2868 1599 3064 1653 quem,
3099 1584 3251 1653 quod
3303 1600 3412 1652 pro
3465 1589 3669 1637 nostra!
3713 1586 3857 1638 Eccle-

2198 1674 2297 1727 siae
2353 1673 2689 1727 necessitate
2746 1672 2998 1737 fecerim,
3052 1689 3166 1725 non
3213 1672 3367 1725 latet.
3420 1671 3606 1736 Quare
3652 1672 3859 1726 etiamsi

2198 1764 2409 1815 nostra:
2448 1760 2757 1831 provinciae
2786 1760 2997 1814 limites
3029 1776 3146 1813 non
3192 1760 3416 1825 exierit,
3481 1760 3623 1814 nihil
3668 1760 3857 1814 omnino

2199 1865 2353 1920 aegre
2386 1849 2655 1915 feremus,
2699 1850 2869 1904 modo
2916 1854 3240 1903 nostrorum
3288 1849 3682 1903 ministrorum
3712 1850 3856 1903 mani-

2198 1938 2303 1992 bus
2332 1944 2568 1993 teratur.
2624 1939 2799 1992 Porro
2847 1938 3193 2007 legentibus,
3243 1938 3422 1992 etiam
3468 1938 3526 1992 id
3570 1954 3856 2007 persuasum

2200 2043 2322 2081 esse
2365 2027 2652 2096 cupimus,
2699 2027 2843 2081 nihil
2890 2027 2959 2081 de
3009 2041 3138 2082 meo
3187 2027 3246 2080 in
3278 2027 3391 2081 hoc
3440 2042 3611 2096 opere
3648 2026 3856 2080 additum

2200 2131 2342 2180 esse,
2378 2116 2473 2168 sed
2506 2131 2575 2169 ex
2608 2115 2814 2169 divinis
2843 2114 3187 2169 testimoniis
3214 2115 3639 2184 Scripturarum
3678 2114 3859 2184 singula

2201 2219 2324 2258 esse
2380 2203 2671 2273 decerpta,
2715 2219 2781 2256 ea
2830 2220 2962 2256 sane
2993 2203 3127 2269 ﬁde,
3163 2208 3225 2257 ut
3272 2208 3613 2274 perpetuam
3664 2202 3861 2256 auctori-

2201 2298 2375 2347 tatem
2410 2291 2678 2346 habitura
2707 2308 2821 2345 non
2860 2291 3139 2346 dubitem.
3176 2294 3251 2346 Ex
3276 2292 3491 2363 quibus
3540 2296 3719 2347 autem
3756 2291 3858 2345 scri-

2202 2382 2315 2452 ptis
2341 2382 2643 2451 selegerim
2703 2380 2840 2435 ordo
2882 2396 3129 2452 sequens
3183 2380 3404 2435 indicat
3462 2382 3610 2435 Bene
3653 2381 3778 2441 vale.
3820 2384 3860 2432 et

2204 2468 2560 2522 orationibus
2590 2484 2683 2523 me
2713 2469 2799 2536 adj
2808 2484 2934 2522 uva.

655 2683 737 2737 EX
776 2683 1031 2748 QUIBUS
1072 2685 1271 2741 LOClS
1307 2686 1691 2742 AUCTOBUM
1730 2687 2043 2742 SCRIPTIS
2084 2687 2614 2743 ECCLESIASTICA
2655 2687 2809 2742 H/EC
2850 2689 3165 2745 DECRETA
3204 2690 3654 2745 COLLEGEBIT.

475 2814 546 2867 Ex
578 2813 907 2875 canonibus,
944 2814 1044 2884 qui
1077 2814 1295 2885 Corpus
1328 2832 1612 2870 canonum
1653 2823 1949 2872 vocantur.

474 2902 549 2955 Ex
579 2903 964 2972 apostolorum
1006 2919 1243 2957 canone.

468 2991 549 3046 Ex
572 2992 969 3046 transmarinis
1004 2992 1279 3046 conciliis.

471 3081 549 3134 Ex
587 3079 842 3133 conciliis
890 3080 951 3134 in
1012 3082 1335 3148 Germania,
1386 3082 1585 3151 Gallia,
1628 3083 1916 3154 Hispania,
1949 3085 2096 3138 cele—

402 3168 595 3224 bratis.

472 3258 545 3312 Ex
585 3258 979 3312 Romanorum
1008 3258 1347 3328 pontiﬁcum
1375 3258 1636 3313 decretis.

473 3347 549 3401 Ex
580 3346 921 3417 evangelicis
940 3346 1381 3417 apostolicisque
1415 3347 1739 3419 Scripturis.

2276 2820 2353 2872 Ex
2388 2819 2573 2872 Veteri
2595 2820 2982 2873 Testamento.

2277 2908 2356 2961 Ex
2387 2907 2549 2961 libris
2573 2908 2751 2961 sancti
2779 2908 3060 2978 Gregorii.

2280 2997 2355 3050 Ex
2384 2996 2748 3066 Hieronymo,
2789 2997 3136 3068 Augustino,
3192 2996 3521 3064 Ambrosio,
3581 2993 3862 3057 Benedicto,

2207 3084 2416 3137 Basilio
2450 3084 2668 3155 Magno,
2704 3084 2945 3139 Isidoro.

2279 3174 2357 3227 Ex
2390 3173 2772 3227 Poenitentiali
2798 3174 3078 3227 Romano.

2278 3262 2353 3315 Ex
2390 3260 2776 3316 Pmnitentiali
2812 3262 3119 3317 Theodori.

2276 3350 2355 3404 Ex
2382 3349 2767 3405 Pcenitentiali
2800 3351 2986 3406 Bedaa.

1125 3604 1524 3690 INDEX
1603 3606 2440 3696 SINGULORUM
2522 3609 3191 3698 LIBRORUM

1577 3778 1921 3822 BUBCHABDI
1966 3779 2431 3825 WOBMACIENSIS
2477 3780 2744 3826 EPISCOPI

1360 3885 1605 3937 Breviter
1651 3884 1788 3954 quid
1842 3900 2054 3954 quoquo
2097 3886 2235 3940 libro
2292 3889 2594 3942 continetur
2652 3887 2954 3943 ostendam.

476 4127 701 4181 Primus
731 4127 875 4182 liber
895 4127 1147 4182 continet
1180 4128 1250 4183 de
1276 4133 1557 4199 potestate
1594 4135 1651 4184 et
1680 4129 1929 4200 primatu
1961 4148 2099 4203 apo-
2134 4135 2175 4190 C
2283 4134 2527 4198 Quartus
2566 4135 2713 4190 liber
2761 4134 3016 4189 continet
3071 4139 3498 4190 sacramentum
3532 4131 3863 4206 baptismatis,

408 4214 623 4269 stolicte
667 4215 835 4281 sedis,
868 4215 1346 4285 patriarcharum,
1392 4222 1847 4290 ceterorumque
1894 4220 2104 4291 prima-

407 4309 535 4358 tum
590 4303 1187 4373 metropolitanorum,
1248 4311 1305 4359 et
1353 4306 1423 4360 de
1472 4307 1688 4376 synodo
1741 4309 2103 4375 celebranda,

407 4396 466 4446 et
496 4390 791 4446 vocatione
816 4392 887 4445 ad
918 4392 1216 4462 synodum.
1255 4395 1332 4448 De
1372 4397 1663 4461 accusatis,
1716 4402 1772 4451 et
1800 4394 2108 4453 accusato-

407 4478 588 4544 ribus,
621 4481 677 4532 et
720 4480 978 4534 testibus.
1018 4480 1092 4534 De
1143 4483 1471 4553 exspoliatis
1514 4484 1743 4555 injuste.
1788 4487 1865 4541 De
1889 4486 2106 4557 judici-

408 4566 535 4631 bus,
571 4581 634 4619 ac
664 4564 734 4621 de
761 4568 918 4621 omni
938 4567 1158 4623 honore
1197 4573 1564 4641 competenti,
1615 4590 1679 4627 ac
1716 4573 2014 4645 dignitate,
2053 4580 2109 4629 et

409 4653 634 4708 diverso
668 4657 899 4726 negotio
931 4661 986 4712 et
1018 4658 1333 4713 ministerio
1359 4663 1784 4731 episcoporum.

478 4742 770 4798 Secundus
799 4745 945 4800 liber
999 4748 1255 4803 continet
1307 4748 1375 4803 de
1420 4750 1763 4819 congruenti
1803 4750 2104 4819 dignitate,

407 4835 465 4886 et
494 4830 714 4886 diversa
761 4833 1137 4901 institutione,
1172 4852 1236 4891 ac
1277 4837 1650 4904 nutrimento,
1700 4840 1783 4892 vel
1836 4839 2109 4910 qualitate

409 4921 563 4988 vitae,
605 4925 662 4975 et
710 4923 930 4978 diverso
975 4925 1230 4995 negotio,
1296 4931 1351 4980 et
1390 4926 1710 4981 ministerio
1747 4927 2110 4999 presbytero-

411 5026 539 5065 rum
571 5014 627 5064 et
652 5012 1048 5079 diaconorum,
1077 5031 1179 5068 seu
1224 5014 1581 5085 reliquorum
1624 5014 1892 5070 ordinum
1941 5015 2112 5069 eccle-

411 5099 791 5155 siasticorum.

479 5185 700 5239 Tertius
745 5186 889 5241 liber
925 5186 1183 5242 continet
1229 5188 1299 5243 de
1330 5188 1653 5243 divinarum
1693 5190 1990 5244 domorum
2022 5188 2110 5244 in-

411 5271 728 5340 stitutione,
758 5280 813 5329 et
849 5277 1029 5345 cultu,
1061 5280 1119 5331 et
1156 5276 1393 5331 honore.
1430 5277 1507 5331 De
1537 5277 1773 5331 decimis
1802 5283 1858 5332 et
1875 5278 2114 5332 oblatio-

413 5360 582 5414 nibus
628 5365 683 5415 et
717 5362 957 5433 justitiis
1012 5365 1393 5435 singulorum,
1444 5370 1501 5419 et
1552 5361 1650 5436 qui
1694 5366 1829 5421 libri
1860 5366 1921 5420 in
1953 5382 2111 5419 sacro

413 5449 672 5519 catalogo
704 5451 1072 5522 recipiantur,
1128 5454 1228 5525 qui
1258 5471 1391 5509 vero
1440 5454 1774 5525 apocryphi,
1802 5461 1858 5510 et
1887 5455 2116 5526 quando

415 5539 745 5609 apponendi
775 5540 908 5594 sint.

2213 4228 2269 4279 et
2310 4224 2695 4279 ministerium
2753 4223 3229 4294 baptizandorum
3279 4229 3336 4278 et
3391 4224 3805 4295 baptizatornm,
3827 4224 3865 4269 et

2213 4312 2733 4383 consignandorum
2764 4318 2821 4367 et
2853 4312 3342 4384 consignatorum.

2284 4418 2526 4484 Quintus
2556 4418 2700 4473 liber
2744 4419 3000 4474 continet
3046 4419 3115 4473 de
3163 4422 3523 4473 sacramento
3565 4414 3792 4487 corporis
3825 4415 3865 4463 et

2214 4506 2508 4576 sanguinis
2539 4505 2790 4573 Domini,
2825 4512 2881 4561 et
2911 4506 2982 4562 de
3028 4506 3398 4578 perceptione
3424 4511 3484 4561 et
3521 4502 3864 4561 observatione

2214 4610 2437 4649 eorum.

2286 4701 2489 4755 Sextus
2518 4700 2664 4754 liber
2692 4701 2942 4755 continet
2982 4700 3051 4756 de
3098 4700 3423 4755 homicidiis
3451 4704 3669 4771 sponte,
3704 4700 3753 4750 et
3778 4706 3864 4748 non

2215 4793 2415 4858 sponte
2453 4788 2773 4843 commissis
2802 4796 2859 4843 et
2896 4790 2966 4843 de
3007 4789 3348 4860 parricidiis,
3382 4794 3437 4843 et
3466 4790 3538 4843 de
3569 4780 3867 4842 fratricidiis,

2216 4882 2274 4931 et
2310 4878 2378 4932 de
2409 4876 2522 4931 illis
2569 4877 2670 4948 qui
2706 4893 2913 4931 uxores
2943 4877 3229 4949 legitimas
3268 4882 3325 4931 et
3380 4877 3631 4931 seniores
3667 4888 3782 4928 suos
3806 4869 3869 4921 in-

2216 4965 2502 5021 terﬁciunt
2538 5009 2552 5032 ,
2612 4971 2670 5020 et
2699 4966 2768 5021 de
2813 4967 3094 5021 occisione
3147 4965 3677 5027 ecclesiasticarum,
3728 4964 3776 5014 et
3819 4956 3869 5010 de

2219 5055 2639 5119 observatione,
2671 5060 2727 5107 et
2756 5057 2824 5109 de
2851 5054 3189 5126 paenitentia
3216 5056 3595 5126 singulorum.

2288 5171 2574 5243 Septimus
2626 5169 2771 5223 liber
2830 5171 3086 5224 continet
3145 5169 3216 5223 de
3280 5170 3496 5223 incesta
3559 5162 3869 5238 capulatione

2219 5258 2749 5331 consanguinitatis,
2781 5264 2838 5315 et
2866 5258 2923 5312 in
2966 5275 3079 5330 quo
3136 5258 3402 5328 geniculo
3444 5257 3636 5311 ﬁdeles
3672 5260 3724 5307 et
3768 5262 3869 5304 con-

2214 5349 2385 5420 jungi
2423 5353 2477 5402 et
2503 5348 2756 5420 separari
2810 5347 3056 5402 debeant
3088 5364 3101 5402 :
3134 5351 3192 5402 et
3238 5346 3307 5401 de
3334 5344 3699 5409 revocatione,
3737 5344 3784 5393 et
3820 5334 3869 5388 de

2224 5437 2565 5509 pcenitentia
2592 5436 2976 5506 singulorum.

2296 5543 2535 5597 Octavus
2573 5541 2720 5597 liber
2749 5542 3003 5597 continet
3032 5541 3102 5595 de
3130 5539 3267 5594 viris
3295 5555 3360 5594 ac
3408 5536 3631 5594 feminis
3674 5535 3773 5588 Deo
3806 5525 3868 5581 di-
