3960 6192
117 234 200 287 Sil
1095 230 1573 287 DECRETORUM
1619 232 1799 289 LIBRI
1840 231 1945 286 XX.
1989 262 2055 270 ——
2100 232 2309 288 LIBER
2351 233 2627 289 PRIMUS.

3504 236 3609 289 542

108 356 257 421 catis,
292 359 350 409 et
382 370 606 409 sacrum
644 354 1009 425 propositum
1040 353 1612 423 transgredientibus,
1640 358 1698 408 et
1727 353 1797 407 de
1826 355 1872 407 A
1912 352 1981 406 de
2023 352 2399 423 principibus,
2450 358 2507 408 et
2552 352 2623 407 de
2653 353 2889 425 reliquis
2938 353 3120 421 laicis,
3155 360 3211 409 et
3242 356 3311 410 de
3357 357 3608 411 ministe-

108 443 480 509 revocatione,
508 448 564 497 et
593 442 663 496 de
695 441 1035 512 paenitentia
1065 458 1287 496 eorum.

174 533 369 585 Nonus
422 532 564 585 liber
610 531 870 585 continet
914 530 983 584 de
1018 530 1337 599 virginibus
1368 535 1425 583 et
1453 531 1639 584 viduis
1686 546 1801 584 non

110 622 322 685 velatis,
376 620 445 673 de
478 618 803 689 raptoribus
851 634 1071 683 earum,
1114 624 1172 672 et
1217 618 1288 672 de
1320 619 1680 689 separatione
1714 635 1803 672 eo-

112 726 249 775 rum,
289 709 359 762 de
390 708 792 777 conjunctione
823 706 1210 776 legitimorum
1256 706 1702 771 connubiorum,
1734 707 1803 761 de

113 797 457 858 concubinis,
505 802 560 849 et
591 796 659 849 de
703 795 1177 865 transgressione,
1211 801 1267 849 et
1311 796 1651 866 pcenitentia
1688 796 1803 849 sin-

114 886 307 955 guloru
318 902 371 938 m
382 928 393 938 .

178 974 445 1028 Decimus
495 973 641 1026 liber
690 973 943 1026 continet
994 973 1061 1027 de
1112 972 1585 1039 incantatoribus,
1636 976 1693 1026 et
1737 973 1804 1027 de

116 1062 445 1131 auguribus,
477 1061 546 1114 de
591 1060 823 1120 divinis,
849 1061 918 1114 de
949 1061 1253 1130 sortilegis,
1292 1066 1349 1114 et
1377 1061 1445 1115 de
1476 1060 1646 1113 variis
1672 1060 1805 1113 illii-

118 1150 366 1204 sionibus
399 1149 631 1212 diaboli,
668 1156 724 1201 et
753 1150 821 1203 de
867 1149 1178 1213 maledicis,
1210 1155 1267 1202 et
1296 1150 1364 1202 de
1412 1148 1805 1214 contentiosis,

116 1244 164 1291 et
208 1239 282 1292 de
311 1236 822 1307 conspiratoribus,
868 1242 925 1290 et
955 1237 1024 1290 de
1058 1237 1392 1305 poenitentia
1422 1237 1805 1307 singulorum.

183 1326 531 1380 Undecimus
576 1326 721 1379 liber
761 1325 1020 1379 continet
1056 1326 1125 1379 de
1161 1326 1722 1379 excommunicandis
1756 1330 1812 1379 et

114 1413 642 1473 excommunicatis.
697 1413 765 1466 de
798 1413 1038 1479 furibus,
1074 1418 1131 1466 et
1161 1413 1231 1466 de
1274 1413 1709 1483 praedatoribus,
1755 1418 1812 1467 et

113 1502 176 1555 de
227 1501 702 1571 prmsumptione,
740 1507 796 1554 et
839 1507 1195 1570 contemptu,
1230 1507 1287 1555 et
1323 1502 1701 1571 negligentia,
1755 1508 1814 1556 et

113 1588 595 1655 reconciliatione,
634 1594 691 1641 et
722 1588 1060 1658 poenitentia
1091 1604 1311 1641 eorum.

182 1676 565 1732 Duodecimus
596 1675 741 1730 liber
765 1675 1021 1729 continet
1046 1675 1116 1729 de
1146 1674 1424 1747 perjurio,
1457 1680 1513 1729 et
1543 1674 1612 1729 de
1641 1677 1813 1747 poeni-

114 1764 294 1819 tentia
321 1766 467 1833 ejus.

180 1853 407 1907 Tertius
454 1852 708 1907 decimus
756 1851 903 1906 liber
948 1851 1205 1906 continet
1234 1851 1305 1906 de
1338 1851 1725 1915 veneratione,
1758 1856 1815 1905 et

117 1942 518 1995 observatione
546 1942 688 1994 sacri
710 1940 935 2012 jejunii.

184 2029 434 2093 Quartus
459 2029 713 2083 decimus
745 2028 887 2082 liber
910 2027 1166 2082 continet
1195 2028 1265 2083 de
1282 2028 1535 2099 crapula,
1560 2032 1616 2083 et
1639 2027 1817 2083 ebrie-

118 2122 251 2183 tate,
286 2123 345 2171 et
371 2118 441 2171 de
472 2118 810 2188 poenitentia
842 2132 1067 2170 eorum.

186 2206 438 2271 Quintus
468 2207 723 2260 decimus
752 2206 899 2261 liber
938 2206 1197 2261 continet
1227 2205 1295 2259 de
1351 2204 1813 2275 imperatoribus,

1910 441 1994 494 rio
2026 458 2241 495 eorum.

1981 530 2183 583 Sextus
2240 529 2496 584 decimus
2556 530 2699 584 liber
2745 530 3000 584 continet
3050 530 3119 585 de
3165 532 3604 597 accusatoribus,

1910 618 1979 671 de
2005 618 2317 688 judicibus,
2366 618 2436 671 de
2467 618 2885 684 defensoribus,
2920 620 2990 673 de
3039 619 3194 674 falsis
3239 620 3495 686 testibus,
3551 626 3610 674 et

1912 706 1982 760 de
2013 707 2348 776 paenitentia
2381 707 2766 776 singulorum.

1984 796 2273 865 Septimus
2321 795 2573 849 decimus
2604 797 2751 850 liber
2796 797 3047 851 continet
3088 798 3157 851 de
3203 797 3607 863 fornicatione,

1914 888 1972 937 et
2014 884 2227 937 incestu
2264 884 2470 937 diversi
2521 885 2767 955 generis,
2817 891 2874 939 et
2916 885 2985 939 de
3016 886 3355 956 poenitentia
3398 885 3608 939 utrius-

1915 989 2027 1042 que
2058 989 2246 1039 sexus,
2289 979 2344 1025 et
2375 973 2611 1026 diversae
2641 974 2841 1027 relatis.

1987 1062 2227 1115 Octavus
2275 1061 2529 1115 decimus
2576 1062 2719 1115 liber
2763 1062 3015 1115 continet
3054 1062 3121 1115 de
3175 1061 3511 1126 visitatione,
3555 1066 3613 1115 et

1918 1149 2276 1219 paenitentia,
2310 1155 2366 1203 et
2398 1150 2853 1204 reconciliatione
2880 1150 3261 1204 inﬁrmorum.

1992 1238 2184 1291 Nonus
2214 1238 2470 1291 decimus
2516 1238 2678 1304 liber,
2712 1238 2812 1308 qui
2856 1239 3151 1293 Corrector
3194 1242 3448 1306 vocatur,
3477 1254 3612 1291 con-

1919 1327 2064 1379 tinet
2112 1327 2492 1380 correctiones
2544 1343 2852 1396 corporum
2900 1332 2955 1380 et
3002 1328 3324 1379 animarum
3378 1326 3610 1380 medici-

1923 1430 2043 1473 nas,
2078 1419 2133 1465 et
2163 1414 2329 1467 docet
2374 1430 2845 1485 unumquemque
2876 1414 3249 1478 sacerdotem,
3284 1413 3455 1467 etiam
3486 1414 3615 1466 sim-

1922 1502 2148 1572 plirem,
2182 1518 2295 1571 quo
2330 1504 2516 1566 modo,
2551 1504 2635 1555 vel
2671 1502 2918 1572 qualiter
2949 1502 3258 1571 unicuique
3290 1517 3616 1554 succurrere

1923 1590 2128 1655 valeat,
2189 1590 2470 1654 ordinato,
2536 1590 2621 1644 vel
2679 1591 2802 1643 sine
2854 1589 3075 1657 ordine,
3129 1589 3389 1659 pauperi,
3436 1586 3615 1647 diviti,

1924 1695 2122 1748 puero,
2199 1678 2416 1748 juveni,
2488 1680 2631 1739 seni,
2689 1678 2997 1749 decrepito,
3054 1693 3215 1745 sano,
3264 1676 3515 1740 inﬁrmo,
3558 1672 3617 1726 in

1922 1766 2081 1820 omni
2114 1772 2304 1832 astate,
2339 1767 2396 1820 in
2432 1774 2677 1838 utroque
2702 1783 2861 1821 sexu.

1995 1855 2315 1924 Vigesimus
2364 1855 2510 1910 liber
2557 1855 3026 1925 Speculationum
3085 1857 3359 1907 vocatur:
3414 1865 3620 1919 specu-

1927 1944 2077 1996 latur
2119 1943 2274 1996 enim
2302 1943 2370 1996 de
2407 1942 2790 2013 providentia,
2823 1950 2879 1995 et
2907 1943 2978 1995 de
3008 1936 3513 2012 prmdestinatione
3539 1934 3621 1988 di-

1924 2030 2080 2099 vina,
2111 2036 2167 2083 et
2195 2031 2265 2084 de
2292 2030 2537 2084 adventu
2581 2029 2931 2095 Antichristi,
2962 2030 3031 2083 de
3070 2029 3192 2097 ejus
3225 2024 3517 2096 operibus,
3550 2022 3619 2076 de

1925 2118 2363 2181 resurrectione,
2415 2120 2484 2172 de
2516 2119 2607 2172 die
2633 2118 2858 2189 judicii,
2891 2118 2961 2171 de
3007 2114 3383 2170 infernalibus
3412 2109 3618 2182 pmnis,

1933 2207 2003 2261 de
2030 2206 2299 2261 felicitate
2331 2212 2626 2278 perpetuae
2653 2208 2801 2263 vitae.

1257 2344 1463 2399 INDEX
1504 2345 1999 2402 CAPITULORUM
2039 2347 2225 2402 LIBRI
2268 2348 2485 2402 PRIMI.

119 2469 248 2523 CAP.
301 2469 342 2523 Ι.
402 2468 564 2532 Quod
619 2468 680 2523 in
737 2470 890 2525 Novo
935 2471 1295 2524 Testamento
1350 2474 1481 2539 post
1528 2468 1820 2524 Christum

189 2556 507 2611 Dominum
562 2562 823 2611 nostrum
880 2573 913 2611 a
963 2558 1133 2611 Petro
1181 2556 1547 2611 sacerdotalis
1586 2557 1821 2626 cmperit

190 2645 356 2698 ordo.

122 2732 189 2785 II.
226 2733 306 2786 De
336 2732 640 2803 privilegio
670 2733 835 2787 beato
875 2734 1041 2787 Petro
1074 2731 1303 2787 Domini
1348 2732 1467 2786 vice
1497 2733 1820 2788 solummo-

191 2821 269 2874 do
302 2823 628 2887 commisso,
663 2826 719 2876 et
741 2823 810 2875 de
856 2821 1197 2876 discretione
1222 2822 1536 2893 potestatis,
1566 2839 1695 2892 quae
1725 2822 1817 2876 in-

194 2914 284 2961 ter
308 2909 593 2979 apostolos
624 2910 747 2963 fuit.

128 2997 223 3050 IlI.
261 2998 325 3051 Ut
355 3014 617 3052 summus
658 2998 919 3052 sacerdos
949 3014 1067 3052 non
1092 3002 1325 3051 vocetur
1356 2998 1647 3053 Romanus
1682 3014 1824 3069 pon-

196 3086 363 3151 tifex,
396 3087 495 3140 sed
524 3090 727 3157 primm
757 3086 905 3141 sedis
935 3086 1256 3157 episcopus.

127 3175 215 3228 IV.
250 3175 410 3238 Quod
443 3176 749 3246 bipartitus
779 3177 853 3229 sit
883 3176 1023 3230 ordo
1053 3175 1433 3230 sacerdotum.

129 3264 190 3317 V.
229 3264 298 3317 Ut
330 3280 447 3317 non
488 3264 635 3330 laici,
672 3280 774 3318 nec
812 3264 1049 3335 bigami,
1101 3280 1217 3318 non
1264 3263 1564 3319 viduarum
1613 3263 1823 3332 mariti,

200 3353 300 3406 sed
334 3353 868 3420 irreprehensibiles
900 3352 1239 3406 ordinentur
1263 3352 1539 3422 episcopi.

129 3440 215 3493 VI.
257 3440 324 3494 Ut
354 3440 493 3494 dum
538 3441 839 3510 episcopus
868 3440 1119 3511 eligitur,
1155 3440 1202 3493 si
1249 3439 1691 3494 contradictores
1720 3439 1825 3493 ha-

198 3528 359 3596 beat,
390 3529 644 3600 quinque
676 3529 930 3599 episcopi
960 3529 1319 3582 conveniant.

129 3619 249 3672 VII.
284 3618 466 3684 Quod,
500 3619 829 3673 nolentibus
864 3617 1084 3672 clericis
1112 3619 1203 3672 vel
1231 3617 1480 3689 populis,
1529 3632 1699 3671 nemo
1728 3616 1827 3672 de-

198 3706 333 3760 beat
358 3707 662 3778 episcopus
687 3706 964 3761 ordinari.

130 3796 276 3849 VIII.
332 3795 442 3859 Qui
498 3795 751 3867 episcopi
808 3800 943 3849 sunt
996 3794 1323 3861 ordinandi,
1376 3793 1533 3866 quod
1586 3794 1833 3849 debeant

200 3885 368 3954 prius
398 3884 733 3940 examinari.

130 3974 218 4027 IX.
267 3974 336 4028 Ut
381 3973 637 4043 episcopi
684 3971 1117 4043 diligentissime
1164 3972 1483 4043 probentur
1522 3976 1831 4042 antequam

204 4063 565 4116 ordinentur.

130 4152 195 4205 X.
228 4152 393 4215 Quod
424 4152 637 4223 populo
686 4168 803 4205 non
847 4151 1017 4206 liceat
1044 4166 1148 4221 per
1176 4166 1234 4205 se
1264 4151 1620 4205 sacerdotum
1649 4151 1833 4205 facere

208 4242 503 4295 lectiones.

134 4330 225 4383 XI.
257 4329 423 4393 Quod
470 4345 589 4383 non
630 4329 951 4384 habeantur
998 4327 1271 4398 episcopi,
1319 4344 1461 4398 quos
1508 4344 1614 4383 nec
1652 4330 1837 4382 clerus

210 4433 315 4471 nec
367 4418 615 4488 populus
658 4417 850 4489 elegit,
900 4433 1003 4471 nec
1049 4415 1556 4487 comprovinciales
1587 4416 1837 4487 episcopi

210 4510 639 4559 consecrarunt.

132 4593 254 4646 XII.
286 4592 452 4655 Quod
506 4592 692 4645 nullus
734 4590 988 4646 ordinari
1020 4590 1321 4662 episcopus
1368 4591 1593 4658 debeat,
1626 4591 1736 4645 nisi
1770 4608 1836 4645 ex

212 4681 617 4735 conventione.

126 4769 283 4823 XIII.
318 4770 396 4823 De
428 4769 541 4824 illis
584 4769 682 4840 qui
715 4768 1005 4839 accipiunt
1032 4767 1314 4839 regimina
1356 4768 1747 4835 Ecclesiarum,
1780 4774 1838 4824 et

206 4864 446 4911 cunctos
476 4859 627 4912 fastu
656 4858 940 4930 superbiae
967 4858 1407 4929 parvipendunt.

122 4948 267 5001 XIV.
303 4948 382 5002 De
410 4947 522 5001 illis
549 4946 831 5018 episcopis
860 4948 960 5018 qui
991 4946 1287 5017 superbire
1314 4946 1619 5017 incipiunt.

118 5036 239 5091 XV.
275 5036 438 5100 Quod
489 5036 882 5090 ordinationes
932 5036 1331 5106 episcoporum
1378 5034 1689 5104 apostolica
1732 5050 1835 5089 au-

202 5125 466 5179 ctoritate
538 5142 571 5179 a
634 5124 853 5180 cunctis
911 5123 1484 5197 comprovincialibus
1543 5122 1669 5177 ﬁeri
1735 5122 1834 5177 de-

198 5212 399 5267 beant.

118 5302 269 5357 XVI.
303 5303 381 5356 Ne
429 5301 610 5357 laicus
640 5301 740 5357 ﬁat
767 5301 1067 5373 episcOpus
1112 5306 1241 5356 ante
1276 5300 1511 5371 triginta
1543 5316 1745 5365 annos,
1779 5305 1837 5355 et

199 5394 336 5444 ante
366 5390 503 5445 anni
532 5389 983 5446 conversionem.

114 5479 292 5533 XVII.
329 5480 405 5533 De
430 5479 590 5533 laicis
618 5495 735 5534 non
768 5484 984 5534 temere
1012 5477 1303 5534 faciendos
1334 5477 1651 5548 episcOpos.

1925 2472 2110 2525 XVIII.
2147 2471 2311 2535 Quod
2353 2487 2455 2538 per
2479 2469 2695 2541 gradus
2743 2468 3173 2533 ecclesiasticos,
3205 2465 3276 2520 ad
3319 2461 3621 2534 episcopa-

1998 2564 2091 2612 tus
2122 2559 2328 2613 debeat
2358 2560 2612 2613 ol’ticium
2640 2558 2943 2628 perveniri.

1924 2649 2055 2703 XIX.
2096 2650 2164 2702 Ut
2197 2650 2395 2701 laicam
2426 2648 2895 2701 communionem
2929 2662 3044 2700 non
3084 2642 3340 2714 accipiat,
3390 2638 3490 2711 qui
3520 2652 3624 2709 per

1998 2737 2372 2791 ambitionem
2403 2736 2792 2807 episcopatum
2822 2734 3123 2806 acceperit.

1927 2826 2028 2879 XX.
2059 2825 2223 2889 Quod
2272 2825 2571 2896 episcopus
2620 2841 2741 2878 esse
2789 2840 2901 2878 non
2954 2821 3154 2893 possit,
3201 2818 3303 2891 qui
3333 2815 3622 2871 nesciente

2004 2913 2447 2984 metropolitano
2474 2919 2835 2967 consecratus
2862 2911 3051 2967 fuerit.

1933 3003 2065 3056 XXI.
2094 3003 2173 3056 Ne
2205 3002 2455 3073 episcopi
2488 3018 2589 3073 per
2622 3001 3005 3056 Simoniacam
3032 2995 3297 3052 haeresim
3329 2989 3626 3063 regiminis

2007 3091 2193 3144 locum
2228 3090 2541 3145 obtineant.

1934 3178 2089 3233 XXII.
2126 3179 2203 3232 De
2236 3178 2326 3233 his
2373 3178 2473 3249 qui
2507 3177 2689 3248 pretio
2738 3192 2957 3231 sacram
2988 3170 3223 3229 mercati
3273 3174 3407 3225 sunt
3439 3165 3628 3238 digni-

2005 3272 2201 3321 tatem.

1934 3356 2117 3410 XXIII.
2148 3357 2224 3409 De
2254 3356 2453 3409 eadem
2488 3371 2567 3409 re.

1935 3443 2113 3499 XXIV.
2155 3443 2319 3508 Quod
2350 3460 2467 3497 non
2500 3447 2762 3513 oporteat
2790 3439 3181 3495 ordinationes
3228 3438 3629 3508 episcoporum

2009 3533 2107 3585 diu
2134 3532 2371 3585 differri.

1936 3622 2085 3676 XXV.
2122 3622 2198 3674 De
2243 3619 2700 3674 ordinationibus
2730 3618 3130 3689 episcoporum
3173 3614 3275 3668 diu
3302 3609 3633 3666 ditferendis

2010 3708 2267 3763 minime.

1938 3798 2115 3852 XXVI.
2166 3796 2403 3861 Quando
2446 3795 2577 3867 quis
2623 3794 2888 3850 debeata
2916 3790 3115 3845 vicinis
3158 3787 3467 3861 provinciae
3509 3784 3634 3856 epi-

2012 3885 2198 3955 scopis
2226 3883 2500 3938 ordinari.

1940 3974 2143 4029 XXVII.
2210 3974 2275 4027 Ut
2340 3971 2637 4043 episcopus
2702 3985 2820 4023 non
2859 3971 3223 4023 consecretur
3274 3964 3396 4019 sine
3452 3963 3635 4018 tribus

2013 4060 2317 4131 episcopis.

1940 4151 2166 4205 XXVIII.
2207 4150 2275 4204 Ut
2314 4148 2616 4219 episcopus
2647 4161 2764 4200 non
2811 4144 3004 4199 minus
3052 4160 3226 4215 quam
3260 4160 3292 4197 a
3321 4140 3503 4197 tribus
3537 4156 3635 4195 or-

1956 4302 1960 4305 ,
2021 4239 2272 4303 dinetur,
2301 4243 2372 4300 et,
2406 4237 2453 4291 si
2482 4237 2605 4291 ﬁeri
2634 4236 2829 4308 possit,
2862 4234 3324 4305 archiepiscopus
3355 4231 3425 4285 ab
3459 4229 3640 4285 omni-

2018 4328 2126 4381 bus
2153 4325 2747 4397 comprovincialibus.

1946 4417 2121 4470 XXIX.
2180 4416 2258 4470 De
2309 4416 2575 4485 episc0po
2630 4414 2732 4485 qui
2782 4412 2961 4467 alium
3014 4409 3135 4464 sine
3192 4426 3294 4464 sua
3348 4408 3639 4462 voluntate

2018 4503 2349 4574 episcopum
2385 4502 2766 4557 ordinaverat.

1947 4612 2074 4665 XXX
2126 4611 2203 4664 De
2251 4609 2566 4680 abjectione
2598 4608 2740 4678 ejus,
2788 4622 2961 4677 quem
3009 4606 3121 4660 duo
3168 4601 3640 4676 prmsumpserint

2019 4698 2284 4752 ordinare
2313 4696 2587 4768 episcopi.

1944 4806 2115 4860 XXXI.
2153 4806 2228 4859 De
2257 4821 2368 4857 non
2413 4800 2748 4858 ordinandis
2779 4800 3060 4871 episcopis
3107 4816 3211 4871 per
3242 4799 3391 4852 vicos
3423 4801 3479 4851 et
3524 4811 3640 4849 mo-

2019 4894 2169 4948 dicas
2195 4893 2467 4947 civitates.

1945 4998 2146 5053 XXXII.
2183 4998 2259 5050 De
2290 4996 2489 5050 eadem
2516 5010 2599 5048 re.

1948 5105 2173 5160 XXXIII.
2213 5105 2289 5157 De
2341 5102 2580 5156 Waniba
2622 5118 2757 5173 rege
2798 5101 3111 5165 Gallorum,
3156 5097 3256 5169 qui
3303 5100 3503 5151 contra
3533 5094 3636 5150 Ca-

2020 5209 2197 5247 nones
2256 5192 2318 5246 in
2381 5191 2629 5262 quadam
2697 5190 2893 5244 villula
2952 5189 3345 5260 episcopatum
3406 5186 3639 5253 fecerat,

2017 5280 2310 5353 quomodo
2340 5280 2703 5335 annullatum
2728 5284 2829 5333 est.

1947 5389 2162 5443 XXXIV.
2212 5388 2280 5441 Ut
2310 5387 2471 5457 plebs
2514 5402 2644 5455 quas
2691 5401 2990 5455 nunquam
3038 5383 3239 5438 habuit
3277 5382 3629 5454 episcopum,

2017 5476 2124 5530 nisi
2157 5492 2221 5529 ex
2255 5491 2537 5529 consensu
2576 5489 2692 5527 non
2723 5473 2948 5527 habeat.
