  <div class='ocr_page' id='page_1' title='image "/cluster/home/n/w/nwhite01/storage/ocr_20150623/140/hvd.32044054760004/277.png"; bbox 0 0 4022 6190; ppageno 0'>
   <div class='ocr_carea' id='block_1_1' title="bbox 429 252 3877 327">
    <p class='ocr_par' dir='ltr' id='par_1_1' title="bbox 429 252 3877 327">
     <span class='ocr_line' id='line_1_1' title="bbox 429 252 3877 327; baseline -0.004 -1"><span class='ocrx_word' id='word_1_1' title='bbox 429 273 531 327; x_wconf 68' lang='lat'><strong>543</strong></span> <span class='ocrx_word' id='word_1_2' title='bbox 1510 252 1915 321; x_wconf 78' lang='lat' dir='ltr'><strong>BURCHARDI</strong></span> <span class='ocrx_word' id='word_1_3' title='bbox 1959 264 2492 322; x_wconf 72' lang='lat' dir='ltr'><strong>wounACIENSIs</strong></span> <span class='ocrx_word' id='word_1_4' title='bbox 2529 263 2862 321; x_wconf 83' lang='lat' dir='ltr'><strong>EPISCOPI.</strong></span> <span class='ocrx_word' id='word_1_5' title='bbox 3793 273 3877 327; x_wconf 59' lang='grc' dir='ltr'>ω</span> 
     </span>
    </p>
   </div>
   <div class='ocr_carea' id='block_1_2' title="bbox 429 385 3879 464">
    <p class='ocr_par' dir='ltr' id='par_1_2' title="bbox 429 385 3879 464">
     <span class='ocr_line' id='line_1_2' title="bbox 429 385 3879 464; baseline -0.001 -16"><span class='ocrx_word' id='word_1_6' title='bbox 429 391 622 448; x_wconf 83' lang='lat' dir='ltr'><strong>XXXV.</strong></span> <span class='ocrx_word' id='word_1_7' title='bbox 660 391 728 446; x_wconf 99' lang='lat' dir='ltr'><strong>Ut</strong></span> <span class='ocrx_word' id='word_1_8' title='bbox 768 403 1137 460; x_wconf 82' lang='lat' dir='ltr'><strong>nequaquam</strong></span> <span class='ocrx_word' id='word_1_9' title='bbox 1179 386 1242 442; x_wconf 91' lang='lat' dir='ltr'><strong>in</strong></span> <span class='ocrx_word' id='word_1_10' title='bbox 1281 386 1426 442; x_wconf 89' lang='lat' dir='ltr'><strong>duos</strong></span> <span class='ocrx_word' id='word_1_11' title='bbox 1471 386 1952 458; x_wconf 90' lang='lat' dir='ltr'><strong>metropolitanos</strong></span> <span class='ocrx_word' id='word_1_12' title='bbox 1989 402 2128 458; x_wconf 90' lang='lat' dir='ltr'><strong>pro-</strong></span> <span class='ocrx_word' id='word_1_13' title='bbox 2158 391 2204 442; x_wconf 83' lang='lat' dir='ltr'><strong>A</strong></span> <span class='ocrx_word' id='word_1_14' title='bbox 2311 385 2881 458; x_wconf 82' lang='lat' dir='ltr'><strong>comprovincialium</strong></span> <span class='ocrx_word' id='word_1_15' title='bbox 2921 385 3322 458; x_wconf 89' lang='lat' dir='ltr'><strong>episcoporum</strong></span> <span class='ocrx_word' id='word_1_16' title='bbox 3365 389 3662 459; x_wconf 69' lang='lat' dir='ltr'><strong>praesentia</strong></span> <span class='ocrx_word' id='word_1_17' title='bbox 3694 391 3879 464; x_wconf 81' lang='lat' dir='ltr'><strong>aliquo-</strong></span> 
     </span>
    </p>
   </div>
   <div class='ocr_carea' id='block_1_3' title="bbox 502 478 1028 534">
    <p class='ocr_par' dir='ltr' id='par_1_3' title="bbox 502 478 1028 534">
     <span class='ocr_line' id='line_1_3' title="bbox 502 478 1028 534; baseline -0.002 -2"><span class='ocrx_word' id='word_1_18' title='bbox 502 480 688 534; x_wconf 90' lang='lat' dir='ltr'><strong>vincia</strong></span> <span class='ocrx_word' id='word_1_19' title='bbox 718 478 1028 534; x_wconf 82' lang='lat' dir='ltr'><strong>dividatur.</strong></span> 
     </span>
    </p>
   </div>
   <div class='ocr_carea' id='block_1_4' title="bbox 432 560 2134 637">
    <p class='ocr_par' dir='ltr' id='par_1_4' title="bbox 432 560 2134 637">
     <span class='ocr_line' id='line_1_4' title="bbox 432 560 2134 637; baseline -0.006 -12"><span class='ocrx_word' id='word_1_20' title='bbox 432 570 654 625; x_wconf 84' lang='lat' dir='ltr'><strong>XXXVI.</strong></span> <span class='ocrx_word' id='word_1_21' title='bbox 709 569 786 623; x_wconf 89' lang='lat' dir='ltr'><strong>De</strong></span> <span class='ocrx_word' id='word_1_22' title='bbox 833 567 947 622; x_wconf 82' lang='lat' dir='ltr'><strong>illis</strong></span> <span class='ocrx_word' id='word_1_23' title='bbox 993 563 1276 637; x_wconf 78' lang='lat' dir='ltr'><strong>episcopis</strong></span> <span class='ocrx_word' id='word_1_24' title='bbox 1317 563 1418 636; x_wconf 85' lang='lat' dir='ltr'><strong>qui</strong></span> <span class='ocrx_word' id='word_1_25' title='bbox 1460 578 1577 618; x_wconf 92' lang='lat' dir='ltr'><strong>non</strong></span> <span class='ocrx_word' id='word_1_26' title='bbox 1623 567 1758 618; x_wconf 92' lang='lat' dir='ltr'><strong>sunt</strong></span> <span class='ocrx_word' id='word_1_27' title='bbox 1802 560 2016 634; x_wconf 85' lang='lat' dir='ltr'><strong>recepti</strong></span> <span class='ocrx_word' id='word_1_28' title='bbox 2061 561 2134 616; x_wconf 91' lang='lat' dir='ltr'><strong>ab</strong></span> 
     </span>
    </p>
   </div>
   <div class='ocr_carea' id='block_1_5' title="bbox 502 651 1906 728">
    <p class='ocr_par' dir='ltr' id='par_1_5' title="bbox 502 651 1906 728">
     <span class='ocr_line' id='line_1_5' title="bbox 502 651 1906 728; baseline -0.005 -17"><span class='ocrx_word' id='word_1_29' title='bbox 502 658 636 722; x_wconf 86' lang='lat' dir='ltr'><strong>illis,</strong></span> <span class='ocrx_word' id='word_1_30' title='bbox 667 657 738 711; x_wconf 91' lang='lat' dir='ltr'><strong>ad</strong></span> <span class='ocrx_word' id='word_1_31' title='bbox 768 673 913 728; x_wconf 93' lang='lat' dir='ltr'><strong>quos</strong></span> <span class='ocrx_word' id='word_1_32' title='bbox 943 660 1078 709; x_wconf 89' lang='lat' dir='ltr'><strong>sunt</strong></span> <span class='ocrx_word' id='word_1_33' title='bbox 1107 653 1382 720; x_wconf 74' lang='lat' dir='ltr'><strong>ordinati,</strong></span> <span class='ocrx_word' id='word_1_34' title='bbox 1413 652 1502 706; x_wconf 93' lang='lat' dir='ltr'><strong>vel</strong></span> <span class='ocrx_word' id='word_1_35' title='bbox 1530 651 1906 706; x_wconf 88' lang='lat' dir='ltr'><strong>denominati.</strong></span> 
     </span>
    </p>
   </div>
   <div class='ocr_carea' id='block_1_6' title="bbox 429 739 2132 814">
    <p class='ocr_par' dir='ltr' id='par_1_6' title="bbox 429 739 2132 814">
     <span class='ocr_line' id='line_1_6' title="bbox 429 739 2132 814; baseline -0.005 -11"><span class='ocrx_word' id='word_1_36' title='bbox 429 746 678 803; x_wconf 83' lang='lat' dir='ltr'><strong>XXXVII.</strong></span> <span class='ocrx_word' id='word_1_37' title='bbox 716 746 793 798; x_wconf 92' lang='lat' dir='ltr'><strong>De</strong></span> <span class='ocrx_word' id='word_1_38' title='bbox 822 743 1092 814; x_wconf 91' lang='lat' dir='ltr'><strong>episcopo</strong></span> <span class='ocrx_word' id='word_1_39' title='bbox 1123 741 1222 813; x_wconf 91' lang='lat' dir='ltr'><strong>qui</strong></span> <span class='ocrx_word' id='word_1_40' title='bbox 1270 740 1598 810; x_wconf 87' lang='lat' dir='ltr'><strong>Ecclesiam,</strong></span> <span class='ocrx_word' id='word_1_41' title='bbox 1631 740 1700 795; x_wconf 90' lang='lat' dir='ltr'><strong>ad</strong></span> <span class='ocrx_word' id='word_1_42' title='bbox 1749 756 1922 811; x_wconf 90' lang='lat' dir='ltr'><strong>quam</strong></span> <span class='ocrx_word' id='word_1_43' title='bbox 1974 739 2132 794; x_wconf 86' lang='lat' dir='ltr'><strong>ordi-</strong></span> 
     </span>
    </p>
   </div>
   <div class='ocr_carea' id='block_1_7' title="bbox 505 829 1382 902">
    <p class='ocr_par' dir='ltr' id='par_1_7' title="bbox 505 829 1382 902">
     <span class='ocr_line' id='line_1_7' title="bbox 505 829 1382 902; baseline -0.003 -14"><span class='ocrx_word' id='word_1_44' title='bbox 505 839 672 888; x_wconf 89' lang='lat' dir='ltr'><strong>natus</strong></span> <span class='ocrx_word' id='word_1_45' title='bbox 702 838 808 898; x_wconf 91' lang='lat' dir='ltr'><strong>est,</strong></span> <span class='ocrx_word' id='word_1_46' title='bbox 844 831 1005 886; x_wconf 91' lang='lat' dir='ltr'><strong>adire</strong></span> <span class='ocrx_word' id='word_1_47' title='bbox 1037 829 1382 902; x_wconf 81' lang='lat' dir='ltr'><strong>neglexerit.</strong></span> 
     </span>
    </p>
   </div>
   <div class='ocr_carea' id='block_1_8' title="bbox 430 912 2134 991">
    <p class='ocr_par' dir='ltr' id='par_1_8' title="bbox 430 912 2134 991">
     <span class='ocr_line' id='line_1_8' title="bbox 430 912 2134 991; baseline -0.004 -14"><span class='ocrx_word' id='word_1_48' title='bbox 430 922 702 978; x_wconf 83' lang='lat' dir='ltr'><strong>XXXVIII.</strong></span> <span class='ocrx_word' id='word_1_49' title='bbox 756 921 834 974; x_wconf 87' lang='lat' dir='ltr'><strong>De</strong></span> <span class='ocrx_word' id='word_1_50' title='bbox 879 920 1147 991; x_wconf 90' lang='lat' dir='ltr'><strong>episcopo</strong></span> <span class='ocrx_word' id='word_1_51' title='bbox 1203 917 1304 989; x_wconf 89' lang='lat' dir='ltr'><strong>qui</strong></span> <span class='ocrx_word' id='word_1_52' title='bbox 1352 912 1471 972; x_wconf 88' lang='lat' dir='ltr'><strong>non</strong></span> <span class='ocrx_word' id='word_1_53' title='bbox 1517 917 1834 988; x_wconf 87' lang='lat' dir='ltr'><strong>susceperit</strong></span> <span class='ocrx_word' id='word_1_54' title='bbox 1878 916 2134 971; x_wconf 82' lang='lat' dir='ltr'><strong>ofﬁcium</strong></span> 
     </span>
    </p>
   </div>
   <div class='ocr_carea' id='block_1_9' title="bbox 505 1008 1040 1064">
    <p class='ocr_par' dir='ltr' id='par_1_9' title="bbox 505 1008 1040 1064">
     <span class='ocr_line' id='line_1_9' title="bbox 505 1008 1040 1064; baseline -0.006 -1"><span class='ocrx_word' id='word_1_55' title='bbox 505 1009 613 1064; x_wconf 87' lang='lat' dir='ltr'><strong>sibi</strong></span> <span class='ocrx_word' id='word_1_56' title='bbox 647 1008 1040 1063; x_wconf 90' lang='lat' dir='ltr'><strong>commissum.</strong></span> 
     </span>
    </p>
   </div>
   <div class='ocr_carea' id='block_1_10' title="bbox 431 1091 2134 1165">
    <p class='ocr_par' dir='ltr' id='par_1_10' title="bbox 431 1091 2134 1165">
     <span class='ocr_line' id='line_1_10' title="bbox 431 1091 2134 1165; baseline -0.005 -12"><span class='ocrx_word' id='word_1_57' title='bbox 431 1097 650 1153; x_wconf 88' lang='lat' dir='ltr'><strong>XXXIX.</strong></span> <span class='ocrx_word' id='word_1_58' title='bbox 692 1097 773 1148; x_wconf 89' lang='lat' dir='ltr'><strong>De</strong></span> <span class='ocrx_word' id='word_1_59' title='bbox 819 1093 1085 1165; x_wconf 88' lang='lat' dir='ltr'><strong>episcopo</strong></span> <span class='ocrx_word' id='word_1_60' title='bbox 1128 1097 1386 1160; x_wconf 88' lang='lat' dir='ltr'><strong>vacante,</strong></span> <span class='ocrx_word' id='word_1_61' title='bbox 1427 1091 1528 1164; x_wconf 88' lang='lat' dir='ltr'><strong>qui</strong></span> <span class='ocrx_word' id='word_1_62' title='bbox 1563 1091 1871 1147; x_wconf 88' lang='lat' dir='ltr'><strong>Ecclesiam</strong></span> <span class='ocrx_word' id='word_1_63' title='bbox 1931 1107 2134 1146; x_wconf 85' lang='lat' dir='ltr'><strong>vacan-</strong></span> 
     </span>
    </p>
   </div>
   <div class='ocr_carea' id='block_1_11' title="bbox 504 1183 946 1238">
    <p class='ocr_par' dir='ltr' id='par_1_11' title="bbox 504 1183 946 1238">
     <span class='ocr_line' id='line_1_11' title="bbox 504 1183 946 1238; baseline -0.002 0"><span class='ocrx_word' id='word_1_64' title='bbox 504 1189 622 1238; x_wconf 87' lang='lat' dir='ltr'><strong>tem</strong></span> <span class='ocrx_word' id='word_1_65' title='bbox 652 1183 946 1237; x_wconf 85' lang='lat' dir='ltr'><strong>invaserit.</strong></span> 
     </span>
    </p>
   </div>
   <div class='ocr_carea' id='block_1_12' title="bbox 431 1267 2138 1343">
    <p class='ocr_par' dir='ltr' id='par_1_12' title="bbox 431 1267 2138 1343">
     <span class='ocr_line' id='line_1_12' title="bbox 431 1267 2138 1343; baseline -0.004 -15"><span class='ocrx_word' id='word_1_66' title='bbox 431 1273 540 1328; x_wconf 96' lang='lat' dir='ltr'><strong>XL.</strong></span> <span class='ocrx_word' id='word_1_67' title='bbox 590 1273 669 1326; x_wconf 92' lang='lat' dir='ltr'><strong>De</strong></span> <span class='ocrx_word' id='word_1_68' title='bbox 722 1271 992 1343; x_wconf 82' lang='lat' dir='ltr'><strong>episcOpo</strong></span> <span class='ocrx_word' id='word_1_69' title='bbox 1053 1270 1156 1342; x_wconf 91' lang='lat' dir='ltr'><strong>qui</strong></span> <span class='ocrx_word' id='word_1_70' title='bbox 1199 1280 1286 1326; x_wconf 89' lang='lat' dir='ltr'><strong>est</strong></span> <span class='ocrx_word' id='word_1_71' title='bbox 1333 1269 1633 1324; x_wconf 89' lang='lat' dir='ltr'><strong>ordinatus</strong></span> <span class='ocrx_word' id='word_1_72' title='bbox 1687 1268 1760 1323; x_wconf 90' lang='lat' dir='ltr'><strong>ad</strong></span> <span class='ocrx_word' id='word_1_73' title='bbox 1807 1267 2138 1334; x_wconf 88' lang='lat' dir='ltr'><strong>Ecclesiam,</strong></span> 
     </span>
    </p>
   </div>
   <div class='ocr_carea' id='block_1_13' title="bbox 507 1363 1137 1430">
    <p class='ocr_par' dir='ltr' id='par_1_13' title="bbox 507 1363 1137 1430">
     <span class='ocr_line' id='line_1_13' title="bbox 507 1363 1137 1430; baseline -0.005 -16"><span class='ocrx_word' id='word_1_74' title='bbox 507 1365 566 1414; x_wconf 88' lang='lat' dir='ltr'><strong>et</strong></span> <span class='ocrx_word' id='word_1_75' title='bbox 595 1375 711 1414; x_wconf 89' lang='lat' dir='ltr'><strong>non</strong></span> <span class='ocrx_word' id='word_1_76' title='bbox 743 1365 828 1414; x_wconf 92' lang='lat' dir='ltr'><strong>est</strong></span> <span class='ocrx_word' id='word_1_77' title='bbox 855 1363 1137 1430; x_wconf 90' lang='lat' dir='ltr'><strong>receptus.</strong></span> 
     </span>
    </p>
   </div>
   <div class='ocr_carea' id='block_1_14' title="bbox 433 1447 2142 1520">
    <p class='ocr_par' dir='ltr' id='par_1_14' title="bbox 433 1447 2142 1520">
     <span class='ocr_line' id='line_1_14' title="bbox 433 1447 2142 1520; baseline -0.002 -15"><span class='ocrx_word' id='word_1_78' title='bbox 433 1451 568 1506; x_wconf 88' lang='lat' dir='ltr'><strong>XLI.</strong></span> <span class='ocrx_word' id='word_1_79' title='bbox 607 1452 681 1504; x_wconf 91' lang='lat' dir='ltr'><strong>De</strong></span> <span class='ocrx_word' id='word_1_80' title='bbox 713 1449 803 1504; x_wconf 89' lang='lat' dir='ltr'><strong>his</strong></span> <span class='ocrx_word' id='word_1_81' title='bbox 853 1449 954 1520; x_wconf 89' lang='lat' dir='ltr'><strong>qui</strong></span> <span class='ocrx_word' id='word_1_82' title='bbox 1001 1453 1417 1520; x_wconf 83' lang='lat' dir='ltr'><strong>promoventur</strong></span> <span class='ocrx_word' id='word_1_83' title='bbox 1457 1448 1530 1503; x_wconf 90' lang='lat' dir='ltr'><strong>ad</strong></span> <span class='ocrx_word' id='word_1_84' title='bbox 1573 1447 1989 1520; x_wconf 82' lang='lat' dir='ltr'><strong>episcopatum,</strong></span> <span class='ocrx_word' id='word_1_85' title='bbox 2039 1463 2142 1502; x_wconf 91' lang='lat' dir='ltr'><strong>nec</strong></span> 
     </span>
    </p>
   </div>
   <div class='ocr_carea' id='block_1_15' title="bbox 507 1537 1148 1608">
    <p class='ocr_par' dir='ltr' id='par_1_15' title="bbox 507 1537 1148 1608">
     <span class='ocr_line' id='line_1_15' title="bbox 507 1537 1148 1608; baseline 0.006 -17"><span class='ocrx_word' id='word_1_86' title='bbox 507 1537 890 1608; x_wconf 90' lang='lat' dir='ltr'><strong>recipiuntur.</strong></span> <span class='ocrx_word' id='word_1_87' title='bbox 1145 1594 1148 1595; x_wconf 30' lang='grc' dir='ltr'><em>ν</em></span> 
     </span>
    </p>
   </div>
   <div class='ocr_carea' id='block_1_16' title="bbox 437 1624 2139 1697">
    <p class='ocr_par' dir='ltr' id='par_1_16' title="bbox 437 1624 2139 1697">
     <span class='ocr_line' id='line_1_16' title="bbox 437 1624 2139 1697; baseline -0.002 -16"><span class='ocrx_word' id='word_1_88' title='bbox 437 1627 598 1682; x_wconf 86' lang='lat' dir='ltr'><strong>XLII.</strong></span> <span class='ocrx_word' id='word_1_89' title='bbox 652 1627 811 1691; x_wconf 87' lang='lat' dir='ltr'><strong>Quod</strong></span> <span class='ocrx_word' id='word_1_90' title='bbox 862 1625 1172 1680; x_wconf 83' lang='lat' dir='ltr'><strong>auctoritas</strong></span> <span class='ocrx_word' id='word_1_91' title='bbox 1213 1624 1749 1697; x_wconf 87' lang='lat' dir='ltr'><strong>congregandarum</strong></span> <span class='ocrx_word' id='word_1_92' title='bbox 1789 1625 2139 1696; x_wconf 89' lang='lat' dir='ltr'><strong>synodorum</strong></span> 
     </span>
    </p>
   </div>
   <div class='ocr_carea' id='block_1_17' title="bbox 510 1713 1445 1785">
    <p class='ocr_par' dir='ltr' id='par_1_17' title="bbox 510 1713 1445 1785">
     <span class='ocr_line' id='line_1_17' title="bbox 510 1713 1445 1785; baseline 0 -17"><span class='ocrx_word' id='word_1_93' title='bbox 510 1715 842 1785; x_wconf 61' lang='lat' dir='ltr'><strong>apostolica!</strong></span> <span class='ocrx_word' id='word_1_94' title='bbox 867 1713 987 1768; x_wconf 89' lang='lat' dir='ltr'><strong>sedi</strong></span> <span class='ocrx_word' id='word_1_95' title='bbox 1019 1713 1322 1768; x_wconf 91' lang='lat' dir='ltr'><strong>commissa</strong></span> <span class='ocrx_word' id='word_1_96' title='bbox 1353 1713 1445 1768; x_wconf 90' lang='lat' dir='ltr'><strong>sit.</strong></span> 
     </span>
    </p>
   </div>
   <div class='ocr_carea' id='block_1_18' title="bbox 439 1799 2139 1873">
    <p class='ocr_par' dir='ltr' id='par_1_18' title="bbox 439 1799 2139 1873">
     <span class='ocr_line' id='line_1_18' title="bbox 439 1799 2139 1873; baseline -0.002 -14"><span class='ocrx_word' id='word_1_97' title='bbox 439 1803 624 1860; x_wconf 87' lang='lat' dir='ltr'><strong>XLIII.</strong></span> <span class='ocrx_word' id='word_1_98' title='bbox 661 1802 823 1867; x_wconf 89' lang='lat' dir='ltr'><strong>Quod</strong></span> <span class='ocrx_word' id='word_1_99' title='bbox 855 1802 976 1856; x_wconf 90' lang='lat' dir='ltr'><strong>bini</strong></span> <span class='ocrx_word' id='word_1_100' title='bbox 1015 1806 1330 1856; x_wconf 89' lang='lat' dir='ltr'><strong>conventus</strong></span> <span class='ocrx_word' id='word_1_101' title='bbox 1372 1801 1724 1873; x_wconf 87' lang='lat' dir='ltr'><strong>episcopales</strong></span> <span class='ocrx_word' id='word_1_102' title='bbox 1769 1799 2010 1872; x_wconf 78' lang='lat' dir='ltr'><strong>singulis</strong></span> <span class='ocrx_word' id='word_1_103' title='bbox 2039 1816 2139 1856; x_wconf 87' lang='lat' dir='ltr'><strong>an-</strong></span> 
     </span>
    </p>
   </div>
   <div class='ocr_carea' id='block_1_19' title="bbox 513 1890 1054 1946">
    <p class='ocr_par' dir='ltr' id='par_1_19' title="bbox 513 1890 1054 1946">
     <span class='ocr_line' id='line_1_19' title="bbox 513 1890 1054 1946; baseline 0 -1"><span class='ocrx_word' id='word_1_104' title='bbox 513 1891 604 1945; x_wconf 91' lang='lat' dir='ltr'><strong>nis</strong></span> <span class='ocrx_word' id='word_1_105' title='bbox 632 1890 760 1946; x_wconf 85' lang='lat' dir='ltr'><strong>ﬁeri</strong></span> <span class='ocrx_word' id='word_1_106' title='bbox 788 1891 1054 1945; x_wconf 85' lang='lat' dir='ltr'><strong>debeant.</strong></span> 
     </span>
    </p>
   </div>
   <div class='ocr_carea' id='block_1_20' title="bbox 439 1977 1924 2050">
    <p class='ocr_par' dir='ltr' id='par_1_20' title="bbox 439 1977 1924 2050">
     <span class='ocr_line' id='line_1_20' title="bbox 439 1977 1924 2050; baseline -0.002 -16"><span class='ocrx_word' id='word_1_107' title='bbox 439 1980 619 2035; x_wconf 87' lang='lat' dir='ltr'><strong>XLIV.</strong></span> <span class='ocrx_word' id='word_1_108' title='bbox 656 1980 734 2033; x_wconf 92' lang='lat' dir='ltr'><strong>De</strong></span> <span class='ocrx_word' id='word_1_109' title='bbox 765 1978 1018 2050; x_wconf 91' lang='lat' dir='ltr'><strong>synodis,</strong></span> <span class='ocrx_word' id='word_1_110' title='bbox 1049 1993 1164 2049; x_wconf 93' lang='lat' dir='ltr'><strong>quo</strong></span> <span class='ocrx_word' id='word_1_111' title='bbox 1195 1981 1456 2048; x_wconf 90' lang='lat' dir='ltr'><strong>tempore</strong></span> <span class='ocrx_word' id='word_1_112' title='bbox 1485 1977 1599 2032; x_wconf 92' lang='lat' dir='ltr'><strong>sint</strong></span> <span class='ocrx_word' id='word_1_113' title='bbox 1626 1977 1924 2032; x_wconf 68' lang='lat' dir='ltr'><strong>habendae.</strong></span> 
     </span>
    </p>
   </div>
   <div class='ocr_carea' id='block_1_21' title="bbox 441 2066 1416 2138">
    <p class='ocr_par' dir='ltr' id='par_1_21' title="bbox 441 2066 1416 2138">
     <span class='ocr_line' id='line_1_21' title="bbox 441 2066 1416 2138; baseline -0.003 -15"><span class='ocrx_word' id='word_1_114' title='bbox 441 2069 594 2123; x_wconf 89' lang='lat' dir='ltr'><strong>XLV.</strong></span> <span class='ocrx_word' id='word_1_115' title='bbox 633 2068 711 2122; x_wconf 90' lang='lat' dir='ltr'><strong>De</strong></span> <span class='ocrx_word' id='word_1_116' title='bbox 745 2067 960 2138; x_wconf 86' lang='lat' dir='ltr'><strong>synodo</strong></span> <span class='ocrx_word' id='word_1_117' title='bbox 989 2066 1416 2136; x_wconf 87' lang='lat' dir='ltr'><strong>congreganda.</strong></span> 
     </span>
    </p>
   </div>
   <div class='ocr_carea' id='block_1_22' title="bbox 443 2153 2145 2226">
    <p class='ocr_par' dir='ltr' id='par_1_22' title="bbox 443 2153 2145 2226">
     <span class='ocr_line' id='line_1_22' title="bbox 443 2153 2145 2226; baseline -0.002 -14"><span class='ocrx_word' id='word_1_118' title='bbox 443 2158 618 2212; x_wconf 86' lang='lat' dir='ltr'><strong>XLVI.</strong></span> <span class='ocrx_word' id='word_1_119' title='bbox 670 2157 750 2211; x_wconf 91' lang='lat' dir='ltr'><strong>De</strong></span> <span class='ocrx_word' id='word_1_120' title='bbox 808 2155 1239 2225; x_wconf 88' lang='lat' dir='ltr'><strong>archiepiscopo</strong></span> <span class='ocrx_word' id='word_1_121' title='bbox 1293 2154 1394 2225; x_wconf 89' lang='lat' dir='ltr'><strong>qui</strong></span> <span class='ocrx_word' id='word_1_122' title='bbox 1458 2157 1722 2224; x_wconf 91' lang='lat' dir='ltr'><strong>tempore</strong></span> <span class='ocrx_word' id='word_1_123' title='bbox 1787 2154 1942 2226; x_wconf 90' lang='lat' dir='ltr'><strong>pacis</strong></span> <span class='ocrx_word' id='word_1_124' title='bbox 1993 2153 2145 2209; x_wconf 90' lang='lat' dir='ltr'><strong>ultra</strong></span> 
     </span>
    </p>
   </div>
   <div class='ocr_carea' id='block_1_23' title="bbox 516 2242 1874 2315">
    <p class='ocr_par' dir='ltr' id='par_1_23' title="bbox 516 2242 1874 2315">
     <span class='ocr_line' id='line_1_23' title="bbox 516 2242 1874 2315; baseline -0.001 -16"><span class='ocrx_word' id='word_1_125' title='bbox 516 2244 816 2300; x_wconf 90' lang='lat' dir='ltr'><strong>biennium</strong></span> <span class='ocrx_word' id='word_1_126' title='bbox 847 2243 1130 2315; x_wconf 87' lang='lat' dir='ltr'><strong>synodum</strong></span> <span class='ocrx_word' id='word_1_127' title='bbox 1162 2242 1506 2298; x_wconf 89' lang='lat' dir='ltr'><strong>annuntiare</strong></span> <span class='ocrx_word' id='word_1_128' title='bbox 1537 2243 1874 2314; x_wconf 83' lang='lat' dir='ltr'><strong>neglexerit.</strong></span> 
     </span>
    </p>
   </div>
   <div class='ocr_carea' id='block_1_24' title="bbox 443 2331 2143 2403">
    <p class='ocr_par' dir='ltr' id='par_1_24' title="bbox 443 2331 2143 2403">
     <span class='ocr_line' id='line_1_24' title="bbox 443 2331 2143 2403; baseline -0.004 -13"><span class='ocrx_word' id='word_1_129' title='bbox 443 2333 648 2390; x_wconf 87' lang='lat' dir='ltr'><strong>XLVII.</strong></span> <span class='ocrx_word' id='word_1_130' title='bbox 680 2334 760 2387; x_wconf 92' lang='lat' dir='ltr'><strong>De</strong></span> <span class='ocrx_word' id='word_1_131' title='bbox 809 2331 1092 2403; x_wconf 90' lang='lat' dir='ltr'><strong>episc0pis</strong></span> <span class='ocrx_word' id='word_1_132' title='bbox 1123 2331 1196 2385; x_wconf 91' lang='lat' dir='ltr'><strong>ad</strong></span> <span class='ocrx_word' id='word_1_133' title='bbox 1241 2331 1528 2402; x_wconf 81' lang='lat' dir='ltr'><strong>synodum</strong></span> <span class='ocrx_word' id='word_1_134' title='bbox 1574 2332 1809 2400; x_wconf 88' lang='lat' dir='ltr'><strong>vocatis,</strong></span> <span class='ocrx_word' id='word_1_135' title='bbox 1841 2336 1906 2386; x_wconf 91' lang='lat' dir='ltr'><strong>ut</strong></span> <span class='ocrx_word' id='word_1_136' title='bbox 1947 2331 2143 2386; x_wconf 90' lang='lat' dir='ltr'><strong>venire</strong></span> 
     </span>
    </p>
   </div>
   <div class='ocr_carea' id='block_1_25' title="bbox 513 2425 1051 2476">
    <p class='ocr_par' dir='ltr' id='par_1_25' title="bbox 513 2425 1051 2476">
     <span class='ocr_line' id='line_1_25' title="bbox 513 2425 1051 2476; baseline -0.004 -1"><span class='ocrx_word' id='word_1_137' title='bbox 513 2438 631 2476; x_wconf 90' lang='lat' dir='ltr'><strong>non</strong></span> <span class='ocrx_word' id='word_1_138' title='bbox 657 2425 1051 2475; x_wconf 88' lang='lat' dir='ltr'><strong>contemnant.</strong></span> 
     </span>
    </p>
   </div>
   <div class='ocr_carea' id='block_1_26' title="bbox 441 2504 2144 2578">
    <p class='ocr_par' dir='ltr' id='par_1_26' title="bbox 441 2504 2144 2578">
     <span class='ocr_line' id='line_1_26' title="bbox 441 2504 2144 2578; baseline -0.004 -14"><span class='ocrx_word' id='word_1_139' title='bbox 441 2510 677 2565; x_wconf 91' lang='lat' dir='ltr'><strong>XLVIII.</strong></span> <span class='ocrx_word' id='word_1_140' title='bbox 725 2509 932 2572; x_wconf 84' lang='lat' dir='ltr'><strong>Quales</strong></span> <span class='ocrx_word' id='word_1_141' title='bbox 971 2507 1226 2578; x_wconf 66' lang='lat' dir='ltr'><strong>epistolas</strong></span> <span class='ocrx_word' id='word_1_142' title='bbox 1252 2522 1285 2560; x_wconf 90' lang='lat' dir='ltr'><strong>a</strong></span> <span class='ocrx_word' id='word_1_143' title='bbox 1319 2505 1758 2577; x_wconf 86' lang='lat' dir='ltr'><strong>metropolitano</strong></span> <span class='ocrx_word' id='word_1_144' title='bbox 1803 2505 1919 2560; x_wconf 90' lang='lat' dir='ltr'><strong>sint</strong></span> <span class='ocrx_word' id='word_1_145' title='bbox 1956 2504 2144 2562; x_wconf 83' lang='lat' dir='ltr'><strong>fratri-</strong></span> 
     </span>
    </p>
   </div>
   <div class='ocr_carea' id='block_1_27' title="bbox 514 2595 990 2666">
    <p class='ocr_par' dir='ltr' id='par_1_27' title="bbox 514 2595 990 2666">
     <span class='ocr_line' id='line_1_27' title="bbox 514 2595 990 2666; baseline -0.004 -14"><span class='ocrx_word' id='word_1_146' title='bbox 514 2597 622 2652; x_wconf 87' lang='lat' dir='ltr'><strong>bus</strong></span> <span class='ocrx_word' id='word_1_147' title='bbox 652 2595 990 2666; x_wconf 64' lang='lat' dir='ltr'><strong>dirigendae.</strong></span> 
     </span>
    </p>
   </div>
   <div class='ocr_carea' id='block_1_28' title="bbox 449 2685 1076 2741">
    <p class='ocr_par' dir='ltr' id='par_1_28' title="bbox 449 2685 1076 2741">
     <span class='ocr_line' id='line_1_28' title="bbox 449 2685 1076 2741; baseline -0.006 0"><span class='ocrx_word' id='word_1_148' title='bbox 449 2685 624 2741; x_wconf 89' lang='lat' dir='ltr'><strong>XLIX.</strong></span> <span class='ocrx_word' id='word_1_149' title='bbox 656 2685 734 2738; x_wconf 83' lang='lat' dir='ltr'><strong>De</strong></span> <span class='ocrx_word' id='word_1_150' title='bbox 763 2685 963 2739; x_wconf 89' lang='lat' dir='ltr'><strong>eadem</strong></span> <span class='ocrx_word' id='word_1_151' title='bbox 994 2700 1076 2738; x_wconf 90' lang='lat' dir='ltr'><strong>re.</strong></span> 
     </span>
    </p>
   </div>
   <div class='ocr_carea' id='block_1_29' title="bbox 447 2769 1881 2844">
    <p class='ocr_par' dir='ltr' id='par_1_29' title="bbox 447 2769 1881 2844">
     <span class='ocr_line' id='line_1_29' title="bbox 447 2769 1881 2844; baseline -0.003 -16"><span class='ocrx_word' id='word_1_152' title='bbox 447 2775 504 2829; x_wconf 91' lang='lat' dir='ltr'><strong>L.</strong></span> <span class='ocrx_word' id='word_1_153' title='bbox 540 2775 617 2828; x_wconf 84' lang='lat' dir='ltr'><strong>De</strong></span> <span class='ocrx_word' id='word_1_154' title='bbox 648 2772 916 2844; x_wconf 93' lang='lat' dir='ltr'><strong>episcopo</strong></span> <span class='ocrx_word' id='word_1_155' title='bbox 946 2771 1048 2842; x_wconf 91' lang='lat' dir='ltr'><strong>qui</strong></span> <span class='ocrx_word' id='word_1_156' title='bbox 1076 2769 1294 2842; x_wconf 88' lang='lat' dir='ltr'><strong>synodo</strong></span> <span class='ocrx_word' id='word_1_157' title='bbox 1324 2769 1522 2825; x_wconf 88' lang='lat' dir='ltr'><strong>adesse</strong></span> <span class='ocrx_word' id='word_1_158' title='bbox 1551 2769 1881 2840; x_wconf 84' lang='lat' dir='ltr'><strong>neglexerit.</strong></span> 
     </span>
    </p>
   </div>
   <div class='ocr_carea' id='block_1_30' title="bbox 450 2858 2148 2934">
    <p class='ocr_par' dir='ltr' id='par_1_30' title="bbox 450 2858 2148 2934">
     <span class='ocr_line' id='line_1_30' title="bbox 450 2858 2148 2934; baseline -0.005 -13"><span class='ocrx_word' id='word_1_159' title='bbox 450 2865 535 2922; x_wconf 90' lang='lat' dir='ltr'><strong>LI.</strong></span> <span class='ocrx_word' id='word_1_160' title='bbox 571 2865 649 2918; x_wconf 92' lang='lat' dir='ltr'><strong>De</strong></span> <span class='ocrx_word' id='word_1_161' title='bbox 693 2862 959 2934; x_wconf 88' lang='lat' dir='ltr'><strong>episcopo</strong></span> <span class='ocrx_word' id='word_1_162' title='bbox 1008 2860 1112 2932; x_wconf 90' lang='lat' dir='ltr'><strong>qui</strong></span> <span class='ocrx_word' id='word_1_163' title='bbox 1149 2876 1254 2931; x_wconf 90' lang='lat' dir='ltr'><strong>per</strong></span> <span class='ocrx_word' id='word_1_164' title='bbox 1301 2859 1706 2932; x_wconf 76' lang='lat' dir='ltr'><strong>aegritudinem</strong></span> <span class='ocrx_word' id='word_1_165' title='bbox 1753 2859 1822 2914; x_wconf 90' lang='lat' dir='ltr'><strong>ad</strong></span> <span class='ocrx_word' id='word_1_166' title='bbox 1860 2858 2148 2931; x_wconf 84' lang='lat' dir='ltr'><strong>synodum</strong></span> 
     </span>
    </p>
   </div>
   <div class='ocr_carea' id='block_1_31' title="bbox 520 2949 904 3007">
    <p class='ocr_par' dir='ltr' id='par_1_31' title="bbox 520 2949 904 3007">
     <span class='ocr_line' id='line_1_31' title="bbox 520 2949 904 3007; baseline -0.008 0"><span class='ocrx_word' id='word_1_167' title='bbox 520 2967 636 3007; x_wconf 93' lang='lat' dir='ltr'><strong>non</strong></span> <span class='ocrx_word' id='word_1_168' title='bbox 664 2949 904 3005; x_wconf 89' lang='lat' dir='ltr'><strong>venerit.</strong></span> 
     </span>
    </p>
   </div>
   <div class='ocr_carea' id='block_1_32' title="bbox 449 3036 2151 3110">
    <p class='ocr_par' dir='ltr' id='par_1_32' title="bbox 449 3036 2151 3110">
     <span class='ocr_line' id='line_1_32' title="bbox 449 3036 2151 3110; baseline -0.003 -12"><span class='ocrx_word' id='word_1_169' title='bbox 449 3043 565 3098; x_wconf 88' lang='lat' dir='ltr'><strong>LII.</strong></span> <span class='ocrx_word' id='word_1_170' title='bbox 605 3041 681 3095; x_wconf 90' lang='lat' dir='ltr'><strong>De</strong></span> <span class='ocrx_word' id='word_1_171' title='bbox 712 3037 994 3110; x_wconf 83' lang='lat' dir='ltr'><strong>episcOpis</strong></span> <span class='ocrx_word' id='word_1_172' title='bbox 1033 3036 1104 3092; x_wconf 90' lang='lat' dir='ltr'><strong>ad</strong></span> <span class='ocrx_word' id='word_1_173' title='bbox 1139 3037 1427 3107; x_wconf 89' lang='lat' dir='ltr'><strong>synodum</strong></span> <span class='ocrx_word' id='word_1_174' title='bbox 1456 3037 1687 3104; x_wconf 86' lang='lat' dir='ltr'><strong>vocatis,</strong></span> <span class='ocrx_word' id='word_1_175' title='bbox 1734 3040 1792 3092; x_wconf 91' lang='lat' dir='ltr'><strong>et</strong></span> <span class='ocrx_word' id='word_1_176' title='bbox 1830 3037 2048 3106; x_wconf 90' lang='lat' dir='ltr'><strong>venire,</strong></span> <span class='ocrx_word' id='word_1_177' title='bbox 2091 3042 2151 3093; x_wconf 91' lang='lat' dir='ltr'><strong>et</strong></span> 
     </span>
    </p>
   </div>
   <div class='ocr_carea' id='block_1_33' title="bbox 520 3125 1640 3196">
    <p class='ocr_par' dir='ltr' id='par_1_33' title="bbox 520 3125 1640 3196">
     <span class='ocr_line' id='line_1_33' title="bbox 520 3125 1640 3196; baseline -0.003 -13"><span class='ocrx_word' id='word_1_178' title='bbox 520 3129 724 3183; x_wconf 87' lang='lat' dir='ltr'><strong>missos</strong></span> <span class='ocrx_word' id='word_1_179' title='bbox 754 3143 883 3182; x_wconf 90' lang='lat' dir='ltr'><strong>suos</strong></span> <span class='ocrx_word' id='word_1_180' title='bbox 910 3125 1138 3180; x_wconf 85' lang='lat' dir='ltr'><strong>mittere</strong></span> <span class='ocrx_word' id='word_1_181' title='bbox 1171 3125 1640 3196; x_wconf 89' lang='lat' dir='ltr'><strong>dedignantibus.</strong></span> 
     </span>
    </p>
   </div>
   <div class='ocr_carea' id='block_1_34' title="bbox 452 3213 2152 3273">
    <p class='ocr_par' dir='ltr' id='par_1_34' title="bbox 452 3213 2152 3273">
     <span class='ocr_line' id='line_1_34' title="bbox 452 3213 2152 3273; baseline -0.003 0"><span class='ocrx_word' id='word_1_182' title='bbox 452 3218 592 3273; x_wconf 91' lang='lat' dir='ltr'><strong>LIII.</strong></span> <span class='ocrx_word' id='word_1_183' title='bbox 645 3215 964 3270; x_wconf 88' lang='lat' dir='ltr'><strong>Concilium</strong></span> <span class='ocrx_word' id='word_1_184' title='bbox 1009 3213 1326 3268; x_wconf 82' lang='lat' dir='ltr'><strong>universale</strong></span> <span class='ocrx_word' id='word_1_185' title='bbox 1359 3229 1480 3268; x_wconf 90' lang='lat' dir='ltr'><strong>non</strong></span> <span class='ocrx_word' id='word_1_186' title='bbox 1533 3213 1646 3268; x_wconf 89' lang='lat' dir='ltr'><strong>nisi</strong></span> <span class='ocrx_word' id='word_1_187' title='bbox 1695 3213 2028 3268; x_wconf 88' lang='lat' dir='ltr'><strong>necessitate</strong></span> <span class='ocrx_word' id='word_1_188' title='bbox 2074 3213 2152 3268; x_wconf 82' lang='lat' dir='ltr'><strong>fa-</strong></span> 
     </span>
    </p>
   </div>
   <div class='ocr_carea' id='block_1_35' title="bbox 524 3304 814 3359">
    <p class='ocr_par' dir='ltr' id='par_1_35' title="bbox 524 3304 814 3359">
     <span class='ocr_line' id='line_1_35' title="bbox 524 3304 814 3359; baseline -0.007 0"><span class='ocrx_word' id='word_1_189' title='bbox 524 3304 814 3359; x_wconf 89' lang='lat' dir='ltr'><strong>ciendum.</strong></span> 
     </span>
    </p>
   </div>
   <div class='ocr_carea' id='block_1_36' title="bbox 2313 476 2915 530">
    <p class='ocr_par' dir='ltr' id='par_1_36' title="bbox 2313 476 2915 530">
     <span class='ocr_line' id='line_1_36' title="bbox 2313 476 2915 530; baseline -0.003 0"><span class='ocrx_word' id='word_1_190' title='bbox 2313 493 2441 530; x_wconf 91' lang='lat' dir='ltr'><strong>rum</strong></span> <span class='ocrx_word' id='word_1_191' title='bbox 2476 476 2673 529; x_wconf 90' lang='lat' dir='ltr'><strong>audiat</strong></span> <span class='ocrx_word' id='word_1_192' title='bbox 2700 491 2915 529; x_wconf 89' lang='lat' dir='ltr'><strong>causas.</strong></span> 
     </span>
    </p>
   </div>
   <div class='ocr_carea' id='block_1_37' title="bbox 2243 563 3881 638">
    <p class='ocr_par' dir='ltr' id='par_1_37' title="bbox 2243 563 3881 638">
     <span class='ocr_line' id='line_1_37' title="bbox 2243 563 3881 638; baseline 0.001 -19"><span class='ocrx_word' id='word_1_193' title='bbox 2243 564 2415 620; x_wconf 89' lang='lat' dir='ltr'><strong>LXVI.</strong></span> <span class='ocrx_word' id='word_1_194' title='bbox 2453 565 2523 619; x_wconf 93' lang='lat' dir='ltr'><strong>Ut</strong></span> <span class='ocrx_word' id='word_1_195' title='bbox 2569 564 2762 618; x_wconf 91' lang='lat' dir='ltr'><strong>nullus</strong></span> <span class='ocrx_word' id='word_1_196' title='bbox 2810 563 3028 634; x_wconf 90' lang='lat' dir='ltr'><strong>primas</strong></span> <span class='ocrx_word' id='word_1_197' title='bbox 3057 564 3144 618; x_wconf 89' lang='lat' dir='ltr'><strong>vel</strong></span> <span class='ocrx_word' id='word_1_198' title='bbox 3194 565 3660 634; x_wconf 88' lang='lat' dir='ltr'><strong>metropolitanus</strong></span> <span class='ocrx_word' id='word_1_199' title='bbox 3705 568 3881 638; x_wconf 83' lang='lat' dir='ltr'><strong>aliquid</strong></span> 
     </span>
    </p>
   </div>
   <div class='ocr_carea' id='block_1_38' title="bbox 2313 652 3886 724">
    <p class='ocr_par' dir='ltr' id='par_1_38' title="bbox 2313 652 3886 724">
     <span class='ocr_line' id='line_1_38' title="bbox 2313 652 3886 724; baseline 0.002 -16"><span class='ocrx_word' id='word_1_200' title='bbox 2313 657 2446 724; x_wconf 82' lang='lat' dir='ltr'><strong>agat</strong></span> <span class='ocrx_word' id='word_1_201' title='bbox 2473 653 2542 707; x_wconf 91' lang='lat' dir='ltr'><strong>de</strong></span> <span class='ocrx_word' id='word_1_202' title='bbox 2585 652 2868 718; x_wconf 89' lang='lat' dir='ltr'><strong>Ecclesiis,</strong></span> <span class='ocrx_word' id='word_1_203' title='bbox 2901 653 2987 706; x_wconf 92' lang='lat' dir='ltr'><strong>vel</strong></span> <span class='ocrx_word' id='word_1_204' title='bbox 3028 652 3318 722; x_wconf 90' lang='lat' dir='ltr'><strong>parochiis</strong></span> <span class='ocrx_word' id='word_1_205' title='bbox 3365 653 3886 723; x_wconf 78' lang='lat' dir='ltr'><strong>comprovincialium</strong></span> 
     </span>
    </p>
   </div>
   <div class='ocr_carea' id='block_1_39' title="bbox 2314 740 3887 812">
    <p class='ocr_par' dir='ltr' id='par_1_39' title="bbox 2314 740 3887 812">
     <span class='ocr_line' id='line_1_39' title="bbox 2314 740 3887 812; baseline 0.002 -17"><span class='ocrx_word' id='word_1_206' title='bbox 2314 741 2718 812; x_wconf 88' lang='lat' dir='ltr'><strong>episc0porum</strong></span> <span class='ocrx_word' id='word_1_207' title='bbox 2766 746 2824 794; x_wconf 89' lang='lat' dir='ltr'><strong>et</strong></span> <span class='ocrx_word' id='word_1_208' title='bbox 2872 740 2943 794; x_wconf 90' lang='lat' dir='ltr'><strong>de</strong></span> <span class='ocrx_word' id='word_1_209' title='bbox 2995 740 3252 812; x_wconf 90' lang='lat' dir='ltr'><strong>ipsorum</strong></span> <span class='ocrx_word' id='word_1_210' title='bbox 3309 741 3514 806; x_wconf 88' lang='lat' dir='ltr'><strong>causis,</strong></span> <span class='ocrx_word' id='word_1_211' title='bbox 3563 742 3679 796; x_wconf 86' lang='lat' dir='ltr'><strong>sine</strong></span> <span class='ocrx_word' id='word_1_212' title='bbox 3721 759 3887 798; x_wconf 89' lang='lat' dir='ltr'><strong>eorum</strong></span> 
     </span>
    </p>
   </div>
   <div class='ocr_carea' id='block_1_40' title="bbox 2314 829 3888 900">
    <p class='ocr_par' dir='ltr' id='par_1_40' title="bbox 2314 829 3888 900">
     <span class='ocr_line' id='line_1_40' title="bbox 2314 829 3888 900; baseline 0 -16"><span class='ocrx_word' id='word_1_213' title='bbox 2314 829 2552 884; x_wconf 90' lang='lat' dir='ltr'><strong>consilio</strong></span> <span class='ocrx_word' id='word_1_214' title='bbox 2593 829 2875 892; x_wconf 90' lang='lat' dir='ltr'><strong>omnium,</strong></span> <span class='ocrx_word' id='word_1_215' title='bbox 2927 833 2985 882; x_wconf 88' lang='lat' dir='ltr'><strong>et</strong></span> <span class='ocrx_word' id='word_1_216' title='bbox 3029 845 3134 884; x_wconf 89' lang='lat' dir='ltr'><strong>nec</strong></span> <span class='ocrx_word' id='word_1_217' title='bbox 3181 829 3291 900; x_wconf 90' lang='lat' dir='ltr'><strong>ipsi</strong></span> <span class='ocrx_word' id='word_1_218' title='bbox 3336 829 3549 900; x_wconf 90' lang='lat' dir='ltr'><strong>aliquid</strong></span> <span class='ocrx_word' id='word_1_219' title='bbox 3600 836 3756 900; x_wconf 87' lang='lat' dir='ltr'><strong>agant</strong></span> <span class='ocrx_word' id='word_1_220' title='bbox 3791 832 3888 884; x_wconf 83' lang='lat' dir='ltr'><strong>sine</strong></span> 
     </span>
    </p>
   </div>
   <div class='ocr_carea' id='block_1_41' title="bbox 2313 915 3891 990">
    <p class='ocr_par' dir='ltr' id='par_1_41' title="bbox 2313 915 3891 990">
     <span class='ocr_line' id='line_1_41' title="bbox 2313 915 3891 990; baseline 0.001 -19"><span class='ocrx_word' id='word_1_221' title='bbox 2313 917 2438 988; x_wconf 86' lang='lat' dir='ltr'><strong>ejus</strong></span> <span class='ocrx_word' id='word_1_222' title='bbox 2481 917 2742 980; x_wconf 84' lang='lat' dir='ltr'><strong>consilio,</strong></span> <span class='ocrx_word' id='word_1_223' title='bbox 2788 915 2900 970; x_wconf 91' lang='lat' dir='ltr'><strong>nisi</strong></span> <span class='ocrx_word' id='word_1_224' title='bbox 2944 922 3227 988; x_wconf 86' lang='lat' dir='ltr'><strong>quantum</strong></span> <span class='ocrx_word' id='word_1_225' title='bbox 3270 916 3344 971; x_wconf 92' lang='lat' dir='ltr'><strong>ad</strong></span> <span class='ocrx_word' id='word_1_226' title='bbox 3389 917 3648 988; x_wconf 89' lang='lat' dir='ltr'><strong>proprias</strong></span> <span class='ocrx_word' id='word_1_227' title='bbox 3687 918 3891 990; x_wconf 85' lang='lat' dir='ltr'><strong>pertinet</strong></span> 
     </span>
    </p>
   </div>
   <div class='ocr_carea' id='block_1_42' title="bbox 2314 1005 2634 1078">
    <p class='ocr_par' dir='ltr' id='par_1_42' title="bbox 2314 1005 2634 1078">
     <span class='ocr_line' id='line_1_42' title="bbox 2314 1005 2634 1078; baseline -0.003 -18"><span class='ocrx_word' id='word_1_228' title='bbox 2314 1005 2634 1078; x_wconf 85' lang='lat' dir='ltr'><strong>parochias.</strong></span> 
     </span>
    </p>
   </div>
   <div class='ocr_carea' id='block_1_43' title="bbox 2246 1095 3290 1167">
    <p class='ocr_par' dir='ltr' id='par_1_43' title="bbox 2246 1095 3290 1167">
     <span class='ocr_line' id='line_1_43' title="bbox 2246 1095 3290 1167; baseline 0.001 -19"><span class='ocrx_word' id='word_1_229' title='bbox 2246 1095 2446 1149; x_wconf 89' lang='lat' dir='ltr'><strong>LXVII.</strong></span> <span class='ocrx_word' id='word_1_230' title='bbox 2479 1097 2556 1150; x_wconf 90' lang='lat' dir='ltr'><strong>De</strong></span> <span class='ocrx_word' id='word_1_231' title='bbox 2586 1095 2954 1150; x_wconf 86' lang='lat' dir='ltr'><strong>contentione</strong></span> <span class='ocrx_word' id='word_1_232' title='bbox 2983 1095 3290 1167; x_wconf 62' lang='lat' dir='ltr'><strong>parochia.</strong></span> 
     </span>
    </p>
   </div>
   <div class='ocr_carea' id='block_1_44' title="bbox 2250 1183 3892 1255">
    <p class='ocr_par' dir='ltr' id='par_1_44' title="bbox 2250 1183 3892 1255">
     <span class='ocr_line' id='line_1_44' title="bbox 2250 1183 3892 1255; baseline 0 -17"><span class='ocrx_word' id='word_1_233' title='bbox 2250 1185 2474 1239; x_wconf 86' lang='lat' dir='ltr'><strong>LXVIII.</strong></span> <span class='ocrx_word' id='word_1_234' title='bbox 2511 1185 2581 1239; x_wconf 92' lang='lat' dir='ltr'><strong>Ut</strong></span> <span class='ocrx_word' id='word_1_235' title='bbox 2608 1184 2863 1254; x_wconf 87' lang='lat' dir='ltr'><strong>episcopi</strong></span> <span class='ocrx_word' id='word_1_236' title='bbox 2891 1183 2993 1255; x_wconf 92' lang='lat' dir='ltr'><strong>qui</strong></span> <span class='ocrx_word' id='word_1_237' title='bbox 3036 1185 3343 1255; x_wconf 82' lang='lat' dir='ltr'><strong>negligant</strong></span> <span class='ocrx_word' id='word_1_238' title='bbox 3372 1184 3498 1238; x_wconf 92' lang='lat' dir='ltr'><strong>loca</strong></span> <span class='ocrx_word' id='word_1_239' title='bbox 3526 1199 3645 1246; x_wconf 88' lang='lat' dir='ltr'><strong>sua,</strong></span> <span class='ocrx_word' id='word_1_240' title='bbox 3675 1200 3706 1238; x_wconf 91' lang='lat' dir='ltr'><strong>a</strong></span> <span class='ocrx_word' id='word_1_241' title='bbox 3732 1184 3892 1238; x_wconf 86' lang='lat' dir='ltr'><strong>vicinis</strong></span> 
     </span>
    </p>
   </div>
   <div class='ocr_carea' id='block_1_45' title="bbox 2318 1272 3587 1343">
    <p class='ocr_par' dir='ltr' id='par_1_45' title="bbox 2318 1272 3587 1343">
     <span class='ocr_line' id='line_1_45' title="bbox 2318 1272 3587 1343; baseline 0.001 -17"><span class='ocrx_word' id='word_1_242' title='bbox 2318 1272 2604 1343; x_wconf 91' lang='lat' dir='ltr'><strong>episcopis</strong></span> <span class='ocrx_word' id='word_1_243' title='bbox 2631 1277 2696 1327; x_wconf 88' lang='lat' dir='ltr'><strong>ut</strong></span> <span class='ocrx_word' id='word_1_244' title='bbox 2723 1288 2782 1327; x_wconf 92' lang='lat' dir='ltr'><strong>se</strong></span> <span class='ocrx_word' id='word_1_245' title='bbox 2801 1272 3113 1343; x_wconf 88' lang='lat' dir='ltr'><strong>corrigant,</strong></span> <span class='ocrx_word' id='word_1_246' title='bbox 3147 1273 3587 1328; x_wconf 90' lang='lat' dir='ltr'><strong>admoneantur.</strong></span> 
     </span>
    </p>
   </div>
   <div class='ocr_carea' id='block_1_46' title="bbox 2248 1360 3890 1433">
    <p class='ocr_par' dir='ltr' id='par_1_46' title="bbox 2248 1360 3890 1433">
     <span class='ocr_line' id='line_1_46' title="bbox 2248 1360 3890 1433; baseline -0.001 -18"><span class='ocrx_word' id='word_1_247' title='bbox 2248 1361 2419 1416; x_wconf 89' lang='lat' dir='ltr'><strong>LXIX.</strong></span> <span class='ocrx_word' id='word_1_248' title='bbox 2474 1362 2553 1416; x_wconf 91' lang='lat' dir='ltr'><strong>De</strong></span> <span class='ocrx_word' id='word_1_249' title='bbox 2603 1361 2825 1416; x_wconf 90' lang='lat' dir='ltr'><strong>duobus</strong></span> <span class='ocrx_word' id='word_1_250' title='bbox 2872 1360 3154 1433; x_wconf 88' lang='lat' dir='ltr'><strong>episcopis</strong></span> <span class='ocrx_word' id='word_1_251' title='bbox 3205 1361 3618 1416; x_wconf 88' lang='lat' dir='ltr'><strong>altercantibus</strong></span> <span class='ocrx_word' id='word_1_252' title='bbox 3658 1361 3722 1415; x_wconf 90' lang='lat' dir='ltr'><strong>de</strong></span> <span class='ocrx_word' id='word_1_253' title='bbox 3761 1376 3890 1431; x_wconf 51' lang='lat' dir='ltr'><strong>paro.</strong></span> 
     </span>
    </p>
   </div>
   <div class='ocr_carea' id='block_1_47' title="bbox 2319 1449 3066 1519">
    <p class='ocr_par' dir='ltr' id='par_1_47' title="bbox 2319 1449 3066 1519">
     <span class='ocr_line' id='line_1_47' title="bbox 2319 1449 3066 1519; baseline -0.001 -15"><span class='ocrx_word' id='word_1_254' title='bbox 2319 1449 2446 1504; x_wconf 89' lang='lat' dir='ltr'><strong>chia</strong></span> <span class='ocrx_word' id='word_1_255' title='bbox 2471 1449 2765 1519; x_wconf 73' lang='lat' dir='ltr'><strong>cujusdam</strong></span> <span class='ocrx_word' id='word_1_256' title='bbox 2797 1449 3066 1504; x_wconf 64' lang='lat' dir='ltr'><strong>basilicae.</strong></span> 
     </span>
    </p>
   </div>
   <div class='ocr_carea' id='block_1_48' title="bbox 2251 1537 3893 1610">
    <p class='ocr_par' dir='ltr' id='par_1_48' title="bbox 2251 1537 3893 1610">
     <span class='ocr_line' id='line_1_48' title="bbox 2251 1537 3893 1610; baseline -0.002 -16"><span class='ocrx_word' id='word_1_257' title='bbox 2251 1540 2404 1596; x_wconf 91' lang='lat' dir='ltr'><strong>LXX.</strong></span> <span class='ocrx_word' id='word_1_258' title='bbox 2463 1541 2542 1594; x_wconf 90' lang='lat' dir='ltr'><strong>De</strong></span> <span class='ocrx_word' id='word_1_259' title='bbox 2602 1538 2886 1610; x_wconf 89' lang='lat' dir='ltr'><strong>episcopis</strong></span> <span class='ocrx_word' id='word_1_260' title='bbox 2948 1539 3048 1610; x_wconf 90' lang='lat' dir='ltr'><strong>qui</strong></span> <span class='ocrx_word' id='word_1_261' title='bbox 3111 1537 3468 1593; x_wconf 89' lang='lat' dir='ltr'><strong>contendunt</strong></span> <span class='ocrx_word' id='word_1_262' title='bbox 3531 1537 3599 1592; x_wconf 90' lang='lat' dir='ltr'><strong>de</strong></span> <span class='ocrx_word' id='word_1_263' title='bbox 3659 1538 3893 1608; x_wconf 85' lang='lat' dir='ltr'><strong>parochiis</strong></span> 
     </span>
    </p>
   </div>
   <div class='ocr_carea' id='block_1_49' title="bbox 2321 1644 2460 1682">
    <p class='ocr_par' dir='ltr' id='par_1_49' title="bbox 2321 1644 2460 1682">
     <span class='ocr_line' id='line_1_49' title="bbox 2321 1644 2460 1682; baseline 0.007 -1"><span class='ocrx_word' id='word_1_264' title='bbox 2321 1644 2460 1682; x_wconf 78' lang='lat'><strong>$1115.</strong></span> 
     </span>
    </p>
   </div>
   <div class='ocr_carea' id='block_1_50' title="bbox 2252 1713 3893 1785">
    <p class='ocr_par' dir='ltr' id='par_1_50' title="bbox 2252 1713 3893 1785">
     <span class='ocr_line' id='line_1_50' title="bbox 2252 1713 3893 1785; baseline -0.002 -15"><span class='ocrx_word' id='word_1_265' title='bbox 2252 1717 2424 1772; x_wconf 85' lang='lat' dir='ltr'><strong>LXXI.</strong></span> <span class='ocrx_word' id='word_1_266' title='bbox 2460 1717 2528 1771; x_wconf 88' lang='lat' dir='ltr'><strong>Ut</strong></span> <span class='ocrx_word' id='word_1_267' title='bbox 2555 1715 2618 1770; x_wconf 93' lang='lat' dir='ltr'><strong>in</strong></span> <span class='ocrx_word' id='word_1_268' title='bbox 2647 1716 2825 1769; x_wconf 86' lang='lat' dir='ltr'><strong>altera</strong></span> <span class='ocrx_word' id='word_1_269' title='bbox 2874 1713 3146 1785; x_wconf 88' lang='lat' dir='ltr'><strong>parochia</strong></span> <span class='ocrx_word' id='word_1_270' title='bbox 3190 1714 3430 1769; x_wconf 89' lang='lat' dir='ltr'><strong>clericos</strong></span> <span class='ocrx_word' id='word_1_271' title='bbox 3460 1715 3692 1770; x_wconf 88' lang='lat' dir='ltr'><strong>alterius</strong></span> <span class='ocrx_word' id='word_1_272' title='bbox 3731 1714 3893 1768; x_wconf 66' lang='lat' dir='ltr'><strong>dioece-</strong></span> 
     </span>
    </p>
   </div>
   <div class='ocr_carea' id='block_1_51' title="bbox 2322 1803 3358 1875">
    <p class='ocr_par' dir='ltr' id='par_1_51' title="bbox 2322 1803 3358 1875">
     <span class='ocr_line' id='line_1_51' title="bbox 2322 1803 3358 1875; baseline -0.003 -17"><span class='ocrx_word' id='word_1_273' title='bbox 2322 1806 2398 1858; x_wconf 90' lang='lat' dir='ltr'><strong>sis</strong></span> <span class='ocrx_word' id='word_1_274' title='bbox 2428 1804 2730 1875; x_wconf 85' lang='lat' dir='ltr'><strong>episcopus</strong></span> <span class='ocrx_word' id='word_1_275' title='bbox 2763 1803 3089 1856; x_wconf 86' lang='lat' dir='ltr'><strong>nullatenus</strong></span> <span class='ocrx_word' id='word_1_276' title='bbox 3114 1803 3358 1856; x_wconf 89' lang='lat' dir='ltr'><strong>ordinet.</strong></span> 
     </span>
    </p>
   </div>
   <div class='ocr_carea' id='block_1_52' title="bbox 2252 1889 3896 1962">
    <p class='ocr_par' dir='ltr' id='par_1_52' title="bbox 2252 1889 3896 1962">
     <span class='ocr_line' id='line_1_52' title="bbox 2252 1889 3896 1962; baseline -0.005 -13"><span class='ocrx_word' id='word_1_277' title='bbox 2252 1894 2448 1948; x_wconf 85' lang='lat' dir='ltr'><strong>LXXII.</strong></span> <span class='ocrx_word' id='word_1_278' title='bbox 2499 1894 2568 1948; x_wconf 93' lang='lat' dir='ltr'><strong>Ut</strong></span> <span class='ocrx_word' id='word_1_279' title='bbox 2622 1892 2782 1947; x_wconf 91' lang='lat' dir='ltr'><strong>nullo</strong></span> <span class='ocrx_word' id='word_1_280' title='bbox 2839 1892 3011 1946; x_wconf 87' lang='lat' dir='ltr'><strong>modo</strong></span> <span class='ocrx_word' id='word_1_281' title='bbox 3058 1891 3128 1946; x_wconf 92' lang='lat' dir='ltr'><strong>de</strong></span> <span class='ocrx_word' id='word_1_282' title='bbox 3171 1907 3287 1944; x_wconf 91' lang='lat' dir='ltr'><strong>una</strong></span> <span class='ocrx_word' id='word_1_283' title='bbox 3332 1889 3607 1962; x_wconf 89' lang='lat' dir='ltr'><strong>parochia</strong></span> <span class='ocrx_word' id='word_1_284' title='bbox 3653 1890 3720 1945; x_wconf 89' lang='lat' dir='ltr'><strong>ad</strong></span> <span class='ocrx_word' id='word_1_285' title='bbox 3766 1889 3896 1943; x_wconf 82' lang='lat' dir='ltr'><strong>aliam</strong></span> 
     </span>
    </p>
   </div>
   <div class='ocr_carea' id='block_1_53' title="bbox 2324 1981 2904 2052">
    <p class='ocr_par' dir='ltr' id='par_1_53' title="bbox 2324 1981 2904 2052">
     <span class='ocr_line' id='line_1_53' title="bbox 2324 1981 2904 2052; baseline -0.003 -16"><span class='ocrx_word' id='word_1_286' title='bbox 2324 1981 2604 2052; x_wconf 82' lang='lat' dir='ltr'><strong>episcopis</strong></span> <span class='ocrx_word' id='word_1_287' title='bbox 2630 1985 2904 2035; x_wconf 89' lang='lat' dir='ltr'><strong>transeat.</strong></span> 
     </span>
    </p>
   </div>
   <div class='ocr_carea' id='block_1_54' title="bbox 2255 2065 3603 2140">
    <p class='ocr_par' dir='ltr' id='par_1_54' title="bbox 2255 2065 3603 2140">
     <span class='ocr_line' id='line_1_54' title="bbox 2255 2065 3603 2140; baseline -0.003 -16"><span class='ocrx_word' id='word_1_288' title='bbox 2255 2071 2483 2125; x_wconf 83' lang='lat' dir='ltr'><strong>LXXIII.</strong></span> <span class='ocrx_word' id='word_1_289' title='bbox 2517 2071 2592 2124; x_wconf 93' lang='lat' dir='ltr'><strong>De</strong></span> <span class='ocrx_word' id='word_1_290' title='bbox 2621 2067 3074 2140; x_wconf 72' lang='lat' dir='ltr'><strong>praesumptione</strong></span> <span class='ocrx_word' id='word_1_291' title='bbox 3104 2067 3306 2122; x_wconf 78' lang='lat' dir='ltr'><strong>aliena:</strong></span> <span class='ocrx_word' id='word_1_292' title='bbox 3337 2065 3603 2122; x_wconf 88' lang='lat' dir='ltr'><strong>dioecesis</strong></span> 
     </span>
    </p>
   </div>
   <div class='ocr_carea' id='block_1_55' title="bbox 2255 2153 3900 2229">
    <p class='ocr_par' dir='ltr' id='par_1_55' title="bbox 2255 2153 3900 2229">
     <span class='ocr_line' id='line_1_55' title="bbox 2255 2153 3900 2229; baseline -0.006 -15"><span class='ocrx_word' id='word_1_293' title='bbox 2255 2160 2472 2214; x_wconf 90' lang='lat' dir='ltr'><strong>LXXIV.</strong></span> <span class='ocrx_word' id='word_1_294' title='bbox 2507 2160 2587 2213; x_wconf 90' lang='lat' dir='ltr'><strong>Ne</strong></span> <span class='ocrx_word' id='word_1_295' title='bbox 2617 2158 2939 2229; x_wconf 90' lang='lat' dir='ltr'><strong>episcopus,</strong></span> <span class='ocrx_word' id='word_1_296' title='bbox 2981 2172 3086 2210; x_wconf 90' lang='lat' dir='ltr'><strong>sua</strong></span> <span class='ocrx_word' id='word_1_297' title='bbox 3126 2156 3350 2210; x_wconf 86' lang='lat' dir='ltr'><strong>civitate</strong></span> <span class='ocrx_word' id='word_1_298' title='bbox 3379 2155 3668 2227; x_wconf 89' lang='lat' dir='ltr'><strong>despecta,</strong></span> <span class='ocrx_word' id='word_1_299' title='bbox 3702 2153 3900 2208; x_wconf 85' lang='lat' dir='ltr'><strong>ambitus</strong></span> 
     </span>
    </p>
   </div>
   <div class='ocr_carea' id='block_1_56' title="bbox 2325 2246 3096 2302">
    <p class='ocr_par' dir='ltr' id='par_1_56' title="bbox 2325 2246 3096 2302">
     <span class='ocr_line' id='line_1_56' title="bbox 2325 2246 3096 2302; baseline -0.005 0"><span class='ocrx_word' id='word_1_300' title='bbox 2325 2263 2497 2302; x_wconf 90' lang='lat' dir='ltr'><strong>causa</strong></span> <span class='ocrx_word' id='word_1_301' title='bbox 2520 2247 2590 2301; x_wconf 88' lang='lat' dir='ltr'><strong>ad</strong></span> <span class='ocrx_word' id='word_1_302' title='bbox 2623 2246 2792 2300; x_wconf 91' lang='lat' dir='ltr'><strong>aliam</strong></span> <span class='ocrx_word' id='word_1_303' title='bbox 2824 2249 3096 2299; x_wconf 90' lang='lat' dir='ltr'><strong>transeat.</strong></span> 
     </span>
    </p>
   </div>
   <div class='ocr_carea' id='block_1_57' title="bbox 2257 2329 3904 2404">
    <p class='ocr_par' dir='ltr' id='par_1_57' title="bbox 2257 2329 3904 2404">
     <span class='ocr_line' id='line_1_57' title="bbox 2257 2329 3904 2404; baseline -0.005 -14"><span class='ocrx_word' id='word_1_304' title='bbox 2257 2336 2448 2390; x_wconf 85' lang='lat' dir='ltr'><strong>LXXV.</strong></span> <span class='ocrx_word' id='word_1_305' title='bbox 2515 2335 2586 2389; x_wconf 92' lang='lat' dir='ltr'><strong>Ut</strong></span> <span class='ocrx_word' id='word_1_306' title='bbox 2651 2333 2721 2388; x_wconf 91' lang='lat' dir='ltr'><strong>ab</strong></span> <span class='ocrx_word' id='word_1_307' title='bbox 2785 2333 3070 2404; x_wconf 89' lang='lat' dir='ltr'><strong>episcopis</strong></span> <span class='ocrx_word' id='word_1_308' title='bbox 3115 2332 3320 2400; x_wconf 68' lang='lat' dir='ltr'><strong>{aliena</strong></span> <span class='ocrx_word' id='word_1_309' title='bbox 3375 2330 3658 2402; x_wconf 89' lang='lat' dir='ltr'><strong>parochia</strong></span> <span class='ocrx_word' id='word_1_310' title='bbox 3709 2329 3904 2384; x_wconf 86' lang='lat' dir='ltr'><strong>minime</strong></span> 
     </span>
    </p>
   </div>
   <div class='ocr_carea' id='block_1_58' title="bbox 2326 2423 2692 2495">
    <p class='ocr_par' dir='ltr' id='par_1_58' title="bbox 2326 2423 2692 2495">
     <span class='ocr_line' id='line_1_58' title="bbox 2326 2423 2692 2495; baseline -0.005 -17"><span class='ocrx_word' id='word_1_311' title='bbox 2326 2423 2692 2495; x_wconf 87' lang='lat' dir='ltr'><strong>pervadatur.</strong></span> 
     </span>
    </p>
   </div>
   <div class='ocr_carea' id='block_1_59' title="bbox 2257 2511 2942 2568">
    <p class='ocr_par' dir='ltr' id='par_1_59' title="bbox 2257 2511 2942 2568">
     <span class='ocr_line' id='line_1_59' title="bbox 2257 2511 2942 2568; baseline -0.003 0"><span class='ocrx_word' id='word_1_312' title='bbox 2257 2513 2478 2568; x_wconf 86' lang='lat' dir='ltr'><strong>LXXVI.</strong></span> <span class='ocrx_word' id='word_1_313' title='bbox 2516 2513 2590 2566; x_wconf 91' lang='lat' dir='ltr'><strong>De</strong></span> <span class='ocrx_word' id='word_1_314' title='bbox 2621 2511 2824 2566; x_wconf 91' lang='lat' dir='ltr'><strong>eadem</strong></span> <span class='ocrx_word' id='word_1_315' title='bbox 2856 2525 2942 2566; x_wconf 91' lang='lat' dir='ltr'><strong>re.</strong></span> 
     </span>
    </p>
   </div>
   <div class='ocr_carea' id='block_1_60' title="bbox 2260 2597 3401 2670">
    <p class='ocr_par' dir='ltr' id='par_1_60' title="bbox 2260 2597 3401 2670">
     <span class='ocr_line' id='line_1_60' title="bbox 2260 2597 3401 2670; baseline -0.004 -14"><span class='ocrx_word' id='word_1_316' title='bbox 2260 2602 2500 2656; x_wconf 89' lang='lat' dir='ltr'><strong>LXXVII.</strong></span> <span class='ocrx_word' id='word_1_317' title='bbox 2530 2601 2604 2654; x_wconf 90' lang='lat' dir='ltr'><strong>De</strong></span> <span class='ocrx_word' id='word_1_318' title='bbox 2630 2599 2950 2654; x_wconf 86' lang='lat' dir='ltr'><strong>mutatione</strong></span> <span class='ocrx_word' id='word_1_319' title='bbox 2982 2597 3401 2670; x_wconf 89' lang='lat' dir='ltr'><strong>episcoporum.</strong></span> 
     </span>
    </p>
   </div>
   <div class='ocr_carea' id='block_1_61' title="bbox 2257 2688 2978 2745">
    <p class='ocr_par' dir='ltr' id='par_1_61' title="bbox 2257 2688 2978 2745">
     <span class='ocr_line' id='line_1_61' title="bbox 2257 2688 2978 2745; baseline -0.004 -1"><span class='ocrx_word' id='word_1_320' title='bbox 2257 2690 2528 2745; x_wconf 90' lang='lat' dir='ltr'><strong>LXXVIII.</strong></span> <span class='ocrx_word' id='word_1_321' title='bbox 2563 2690 2640 2744; x_wconf 91' lang='lat' dir='ltr'><strong>De</strong></span> <span class='ocrx_word' id='word_1_322' title='bbox 2673 2688 2873 2744; x_wconf 90' lang='lat' dir='ltr'><strong>eadem</strong></span> <span class='ocrx_word' id='word_1_323' title='bbox 2897 2703 2978 2742; x_wconf 91' lang='lat' dir='ltr'><strong>re.</strong></span> 
     </span>
    </p>
   </div>
   <div class='ocr_carea' id='block_1_62' title="bbox 2259 2777 2928 2834">
    <p class='ocr_par' dir='ltr' id='par_1_62' title="bbox 2259 2777 2928 2834">
     <span class='ocr_line' id='line_1_62' title="bbox 2259 2777 2928 2834; baseline -0.006 0"><span class='ocrx_word' id='word_1_324' title='bbox 2259 2780 2476 2834; x_wconf 89' lang='lat' dir='ltr'><strong>LXXIX.</strong></span> <span class='ocrx_word' id='word_1_325' title='bbox 2512 2780 2589 2834; x_wconf 90' lang='lat' dir='ltr'><strong>De</strong></span> <span class='ocrx_word' id='word_1_326' title='bbox 2618 2777 2817 2832; x_wconf 86' lang='lat' dir='ltr'><strong>eadem</strong></span> <span class='ocrx_word' id='word_1_327' title='bbox 2849 2793 2928 2830; x_wconf 92' lang='lat' dir='ltr'><strong>re.</strong></span> 
     </span>
    </p>
   </div>
   <div class='ocr_carea' id='block_1_63' title="bbox 2258 2860 3919 2936">
    <p class='ocr_par' dir='ltr' id='par_1_63' title="bbox 2258 2860 3919 2936">
     <span class='ocr_line' id='line_1_63' title="bbox 2258 2860 3919 2936; baseline -0.005 -14"><span class='ocrx_word' id='word_1_328' title='bbox 2258 2867 2448 2922; x_wconf 87' lang='lat' dir='ltr'><strong>LXXX.</strong></span> <span class='ocrx_word' id='word_1_329' title='bbox 2486 2868 2563 2922; x_wconf 90' lang='lat' dir='ltr'><strong>De</strong></span> <span class='ocrx_word' id='word_1_330' title='bbox 2594 2865 2864 2936; x_wconf 90' lang='lat' dir='ltr'><strong>episcopo</strong></span> <span class='ocrx_word' id='word_1_331' title='bbox 2915 2863 3014 2936; x_wconf 91' lang='lat' dir='ltr'><strong>qui</strong></span> <span class='ocrx_word' id='word_1_332' title='bbox 3045 2863 3102 2916; x_wconf 91' lang='lat' dir='ltr'><strong>in</strong></span> <span class='ocrx_word' id='word_1_333' title='bbox 3135 2877 3238 2917; x_wconf 90' lang='lat' dir='ltr'><strong>sua</strong></span> <span class='ocrx_word' id='word_1_334' title='bbox 3280 2861 3454 2917; x_wconf 81' lang='lat' dir='ltr'><strong>fuerit</strong></span> <span class='ocrx_word' id='word_1_335' title='bbox 3487 2865 3805 2934; x_wconf 85' lang='lat' dir='ltr'><strong>persecutus</strong></span> <span class='ocrx_word' id='word_1_336' title='bbox 3844 2860 3919 2914; x_wconf 85' lang='lat' dir='ltr'><strong>Ec-</strong></span> 
     </span>
    </p>
   </div>
   <div class='ocr_carea' id='block_1_64' title="bbox 2181 2939 3594 3024">
    <p class='ocr_par' dir='ltr' id='par_1_64' title="bbox 2181 2939 3594 3024">
     <span class='ocr_line' id='line_1_64' title="bbox 2181 2939 3594 3024; baseline -0.003 -18"><span class='ocrx_word' id='word_1_337' title='bbox 2181 2939 2222 2995; x_wconf 80' lang='lat' dir='ltr'><strong>C</strong></span> <span class='ocrx_word' id='word_1_338' title='bbox 2330 2955 2520 3021; x_wconf 84' lang='lat' dir='ltr'><strong>clesia,</strong></span> <span class='ocrx_word' id='word_1_339' title='bbox 2554 2955 2711 3024; x_wconf 90' lang='lat' dir='ltr'><strong>quod</strong></span> <span class='ocrx_word' id='word_1_340' title='bbox 2747 2953 2814 3006; x_wconf 86' lang='lat' dir='ltr'><strong>ad</strong></span> <span class='ocrx_word' id='word_1_341' title='bbox 2839 2951 3011 3006; x_wconf 90' lang='lat' dir='ltr'><strong>aliam</strong></span> <span class='ocrx_word' id='word_1_342' title='bbox 3043 2950 3098 3005; x_wconf 90' lang='lat' dir='ltr'><strong>ei</strong></span> <span class='ocrx_word' id='word_1_343' title='bbox 3127 2951 3200 3004; x_wconf 91' lang='lat' dir='ltr'><strong>sit</strong></span> <span class='ocrx_word' id='word_1_344' title='bbox 3225 2950 3594 3021; x_wconf 85' lang='lat' dir='ltr'><strong>fugiendum.</strong></span> 
     </span>
    </p>
   </div>
   <div class='ocr_carea' id='block_1_65' title="bbox 2260 3036 3920 3112">
    <p class='ocr_par' dir='ltr' id='par_1_65' title="bbox 2260 3036 3920 3112">
     <span class='ocr_line' id='line_1_65' title="bbox 2260 3036 3920 3112; baseline -0.007 -14"><span class='ocrx_word' id='word_1_345' title='bbox 2260 3043 2475 3098; x_wconf 91' lang='lat' dir='ltr'><strong>LXXXI.</strong></span> <span class='ocrx_word' id='word_1_346' title='bbox 2546 3043 2622 3097; x_wconf 93' lang='lat' dir='ltr'><strong>De</strong></span> <span class='ocrx_word' id='word_1_347' title='bbox 2686 3041 2954 3112; x_wconf 82' lang='lat' dir='ltr'><strong>episcopo</strong></span> <span class='ocrx_word' id='word_1_348' title='bbox 3030 3039 3132 3112; x_wconf 91' lang='lat' dir='ltr'><strong>qui</strong></span> <span class='ocrx_word' id='word_1_349' title='bbox 3195 3039 3575 3111; x_wconf 87' lang='lat' dir='ltr'><strong>principalem</strong></span> <span class='ocrx_word' id='word_1_350' title='bbox 3635 3036 3920 3093; x_wconf 86' lang='lat' dir='ltr'><strong>cathedram</strong></span> 
     </span>
    </p>
   </div>
   <div class='ocr_carea' id='block_1_66' title="bbox 2330 3128 3030 3200">
    <p class='ocr_par' dir='ltr' id='par_1_66' title="bbox 2330 3128 3030 3200">
     <span class='ocr_line' id='line_1_66' title="bbox 2330 3128 3030 3200; baseline -0.007 -14"><span class='ocrx_word' id='word_1_351' title='bbox 2330 3149 2449 3186; x_wconf 68' lang='lat' dir='ltr'><strong>suae</strong></span> <span class='ocrx_word' id='word_1_352' title='bbox 2481 3130 2740 3186; x_wconf 66' lang='lat' dir='ltr'><strong>Ecclesia;</strong></span> <span class='ocrx_word' id='word_1_353' title='bbox 2769 3128 3030 3200; x_wconf 90' lang='lat' dir='ltr'><strong>negligit.</strong></span> 
     </span>
    </p>
   </div>
   <div class='ocr_carea' id='block_1_67' title="bbox 2263 3215 3926 3290">
    <p class='ocr_par' dir='ltr' id='par_1_67' title="bbox 2263 3215 3926 3290">
     <span class='ocr_line' id='line_1_67' title="bbox 2263 3215 3926 3290; baseline -0.008 -14"><span class='ocrx_word' id='word_1_354' title='bbox 2263 3221 2505 3276; x_wconf 90' lang='lat' dir='ltr'><strong>LXXXII.</strong></span> <span class='ocrx_word' id='word_1_355' title='bbox 2547 3220 2627 3274; x_wconf 93' lang='lat' dir='ltr'><strong>De</strong></span> <span class='ocrx_word' id='word_1_356' title='bbox 2679 3219 2959 3290; x_wconf 88' lang='lat' dir='ltr'><strong>episcopis</strong></span> <span class='ocrx_word' id='word_1_357' title='bbox 3005 3216 3108 3288; x_wconf 91' lang='lat' dir='ltr'><strong>qui</strong></span> <span class='ocrx_word' id='word_1_358' title='bbox 3154 3216 3314 3271; x_wconf 81' lang='lat' dir='ltr'><strong>sedes</strong></span> <span class='ocrx_word' id='word_1_359' title='bbox 3360 3231 3494 3270; x_wconf 89' lang='lat' dir='ltr'><strong>suas</strong></span> <span class='ocrx_word' id='word_1_360' title='bbox 3545 3215 3853 3287; x_wconf 78' lang='lat' dir='ltr'><strong>negligant,</strong></span> <span class='ocrx_word' id='word_1_361' title='bbox 3883 3215 3926 3265; x_wconf 82' lang='lat' dir='ltr'><strong>et</strong></span> 
     </span>
    </p>
   </div>
   <div class='ocr_carea' id='block_1_68' title="bbox 2335 3305 3923 3380">
    <p class='ocr_par' dir='ltr' id='par_1_68' title="bbox 2335 3305 3923 3380">
     <span class='ocr_line' id='line_1_68' title="bbox 2335 3305 3923 3380; baseline -0.008 -16"><span class='ocrx_word' id='word_1_362' title='bbox 2335 3311 2395 3364; x_wconf 91' lang='lat' dir='ltr'><strong>in</strong></span> <span class='ocrx_word' id='word_1_363' title='bbox 2423 3308 2884 3380; x_wconf 84' lang='lat' dir='ltr'><strong>possessionibus</strong></span> <span class='ocrx_word' id='word_1_364' title='bbox 2913 3305 3032 3361; x_wconf 90' lang='lat' dir='ltr'><strong>suis</strong></span> <span class='ocrx_word' id='word_1_365' title='bbox 3059 3307 3232 3375; x_wconf 89' lang='lat' dir='ltr'><strong>longe</strong></span> <span class='ocrx_word' id='word_1_366' title='bbox 3260 3305 3464 3376; x_wconf 91' lang='lat' dir='ltr'><strong>positis</strong></span> <span class='ocrx_word' id='word_1_367' title='bbox 3509 3305 3614 3360; x_wconf 92' lang='lat' dir='ltr'><strong>diu</strong></span> <span class='ocrx_word' id='word_1_368' title='bbox 3646 3307 3923 3359; x_wconf 85' lang='lat' dir='ltr'><strong>morantur.</strong></span> 
     </span>
    </p>
   </div>
   <div class='ocr_carea' id='block_1_69' title="bbox 453 3389 3928 3468">
    <p class='ocr_par' dir='ltr' id='par_1_69' title="bbox 453 3389 3928 3468">
     <span class='ocr_line' id='line_1_69' title="bbox 453 3389 3928 3468; baseline -0 -23"><span class='ocrx_word' id='word_1_369' title='bbox 453 3395 588 3450; x_wconf 90' lang='lat' dir='ltr'><strong>LIV.</strong></span> <span class='ocrx_word' id='word_1_370' title='bbox 625 3394 695 3448; x_wconf 88' lang='lat' dir='ltr'><strong>Ut</strong></span> <span class='ocrx_word' id='word_1_371' title='bbox 732 3390 987 3464; x_wconf 89' lang='lat' dir='ltr'><strong>episcopi</strong></span> <span class='ocrx_word' id='word_1_372' title='bbox 1036 3389 1380 3461; x_wconf 89' lang='lat' dir='ltr'><strong>posteriores</strong></span> <span class='ocrx_word' id='word_1_373' title='bbox 1427 3405 1487 3445; x_wconf 89' lang='lat' dir='ltr'><strong>se</strong></span> <span class='ocrx_word' id='word_1_374' title='bbox 1532 3389 1821 3462; x_wconf 87' lang='lat' dir='ltr'><strong>prioribus</strong></span> <span class='ocrx_word' id='word_1_375' title='bbox 1871 3389 1990 3446; x_wconf 80' lang='lat' dir='ltr'><strong>suis</strong></span> <span class='ocrx_word' id='word_1_376' title='bbox 2034 3407 2154 3446; x_wconf 86' lang='lat' dir='ltr'><strong>non</strong></span> <span class='ocrx_word' id='word_1_377' title='bbox 2265 3399 2532 3455; x_wconf 89' lang='lat' dir='ltr'><strong>LXXXIII.</strong></span> <span class='ocrx_word' id='word_1_378' title='bbox 2588 3398 2666 3452; x_wconf 89' lang='lat' dir='ltr'><strong>De</strong></span> <span class='ocrx_word' id='word_1_379' title='bbox 2697 3396 2995 3468; x_wconf 87' lang='lat' dir='ltr'><strong>episcopis,</strong></span> <span class='ocrx_word' id='word_1_380' title='bbox 3027 3400 3096 3450; x_wconf 90' lang='lat' dir='ltr'><strong>ut</strong></span> <span class='ocrx_word' id='word_1_381' title='bbox 3142 3394 3384 3464; x_wconf 91' lang='lat' dir='ltr'><strong>singulis</strong></span> <span class='ocrx_word' id='word_1_382' title='bbox 3429 3394 3605 3447; x_wconf 89' lang='lat' dir='ltr'><strong>annis</strong></span> <span class='ocrx_word' id='word_1_383' title='bbox 3639 3390 3928 3464; x_wconf 85' lang='lat' dir='ltr'><strong>parochiam</strong></span> 
     </span>
    </p>
   </div>
   <div class='ocr_carea' id='block_1_70' title="bbox 525 3482 854 3555">
    <p class='ocr_par' dir='ltr' id='par_1_70' title="bbox 525 3482 854 3555">
     <span class='ocr_line' id='line_1_70' title="bbox 525 3482 854 3555; baseline -0.003 -18"><span class='ocrx_word' id='word_1_384' title='bbox 525 3482 854 3555; x_wconf 78' lang='lat' dir='ltr'><strong>pra-ferant.</strong></span> 
     </span>
    </p>
   </div>
   <div class='ocr_carea' id='block_1_71' title="bbox 2336 3486 2839 3542">
    <p class='ocr_par' dir='ltr' id='par_1_71' title="bbox 2336 3486 2839 3542">
     <span class='ocr_line' id='line_1_71' title="bbox 2336 3486 2839 3542; baseline -0.002 -1"><span class='ocrx_word' id='word_1_385' title='bbox 2336 3503 2498 3542; x_wconf 89' lang='lat' dir='ltr'><strong>suam</strong></span> <span class='ocrx_word' id='word_1_386' title='bbox 2528 3486 2839 3540; x_wconf 85' lang='lat' dir='ltr'><strong>circueant.</strong></span> 
     </span>
    </p>
   </div>
   <div class='ocr_carea' id='block_1_72' title="bbox 455 3567 3929 3646">
    <p class='ocr_par' dir='ltr' id='par_1_72' title="bbox 455 3567 3929 3646">
     <span class='ocr_line' id='line_1_72' title="bbox 455 3567 3929 3646; baseline -0.002 -16"><span class='ocrx_word' id='word_1_387' title='bbox 455 3575 560 3630; x_wconf 91' lang='lat' dir='ltr'><strong>LV.</strong></span> <span class='ocrx_word' id='word_1_388' title='bbox 597 3573 666 3628; x_wconf 88' lang='lat' dir='ltr'><strong>Ut</strong></span> <span class='ocrx_word' id='word_1_389' title='bbox 697 3569 949 3643; x_wconf 89' lang='lat' dir='ltr'><strong>episcopi</strong></span> <span class='ocrx_word' id='word_1_390' title='bbox 995 3568 1084 3624; x_wconf 90' lang='lat' dir='ltr'><strong>sui</strong></span> <span class='ocrx_word' id='word_1_391' title='bbox 1114 3567 1334 3624; x_wconf 90' lang='lat' dir='ltr'><strong>ordinis</strong></span> <span class='ocrx_word' id='word_1_392' title='bbox 1379 3571 1606 3640; x_wconf 89' lang='lat' dir='ltr'><strong>tempus</strong></span> <span class='ocrx_word' id='word_1_393' title='bbox 1639 3567 1963 3636; x_wconf 89' lang='lat' dir='ltr'><strong>observent,</strong></span> <span class='ocrx_word' id='word_1_394' title='bbox 2009 3569 2155 3624; x_wconf 90' lang='lat' dir='ltr'><strong>alter</strong></span> <span class='ocrx_word' id='word_1_395' title='bbox 2267 3576 2528 3633; x_wconf 80' lang='lat' dir='ltr'><strong>LXXXIV.</strong></span> <span class='ocrx_word' id='word_1_396' title='bbox 2586 3576 2663 3629; x_wconf 90' lang='lat' dir='ltr'><strong>De</strong></span> <span class='ocrx_word' id='word_1_397' title='bbox 2705 3573 2989 3646; x_wconf 84' lang='lat' dir='ltr'><strong>episcopis</strong></span> <span class='ocrx_word' id='word_1_398' title='bbox 3045 3572 3148 3644; x_wconf 91' lang='lat' dir='ltr'><strong>qui</strong></span> <span class='ocrx_word' id='word_1_399' title='bbox 3198 3587 3328 3626; x_wconf 88' lang='lat' dir='ltr'><strong>raro</strong></span> <span class='ocrx_word' id='word_1_400' title='bbox 3377 3574 3474 3625; x_wconf 91' lang='lat' dir='ltr'><strong>aut</strong></span> <span class='ocrx_word' id='word_1_401' title='bbox 3519 3584 3817 3642; x_wconf 88' lang='lat' dir='ltr'><strong>nunquam</strong></span> <span class='ocrx_word' id='word_1_402' title='bbox 3849 3579 3929 3636; x_wconf 79' lang='lat' dir='ltr'><strong>per</strong></span> 
     </span>
    </p>
   </div>
   <div class='ocr_carea' id='block_1_73' title="bbox 527 3657 1317 3730">
    <p class='ocr_par' dir='ltr' id='par_1_73' title="bbox 527 3657 1317 3730">
     <span class='ocr_line' id='line_1_73' title="bbox 527 3657 1317 3730; baseline -0.006 -12"><span class='ocrx_word' id='word_1_403' title='bbox 527 3661 694 3718; x_wconf 88' lang='lat' dir='ltr'><strong>alteri</strong></span> <span class='ocrx_word' id='word_1_404' title='bbox 723 3661 1006 3716; x_wconf 77' lang='lat' dir='ltr'><strong>honorem</strong></span> <span class='ocrx_word' id='word_1_405' title='bbox 1037 3657 1317 3730; x_wconf 72' lang='lat' dir='ltr'><strong>praebens.</strong></span> 
     </span>
    </p>
   </div>
   <div class='ocr_carea' id='block_1_74' title="bbox 458 3761 2154 3837">
    <p class='ocr_par' dir='ltr' id='par_1_74' title="bbox 458 3761 2154 3837">
     <span class='ocr_line' id='line_1_74' title="bbox 458 3761 2154 3837; baseline -0.003 -15"><span class='ocrx_word' id='word_1_406' title='bbox 458 3769 588 3824; x_wconf 92' lang='lat' dir='ltr'><strong>LVI.</strong></span> <span class='ocrx_word' id='word_1_407' title='bbox 623 3769 700 3821; x_wconf 91' lang='lat' dir='ltr'><strong>De</strong></span> <span class='ocrx_word' id='word_1_408' title='bbox 729 3765 1132 3837; x_wconf 91' lang='lat' dir='ltr'><strong>episcoporum</strong></span> <span class='ocrx_word' id='word_1_409' title='bbox 1178 3763 1401 3833; x_wconf 90' lang='lat' dir='ltr'><strong>ordine,</strong></span> <span class='ocrx_word' id='word_1_410' title='bbox 1440 3765 1506 3817; x_wconf 90' lang='lat' dir='ltr'><strong>ut</strong></span> <span class='ocrx_word' id='word_1_411' title='bbox 1535 3762 1636 3834; x_wconf 92' lang='lat' dir='ltr'><strong>qui</strong></span> <span class='ocrx_word' id='word_1_412' title='bbox 1680 3761 1970 3833; x_wconf 89' lang='lat' dir='ltr'><strong>posterius</strong></span> <span class='ocrx_word' id='word_1_413' title='bbox 1999 3762 2154 3819; x_wconf 89' lang='lat' dir='ltr'><strong>ordi-</strong></span> 
     </span>
    </p>
   </div>
   <div class='ocr_carea' id='block_1_75' title="bbox 525 3851 1974 3926">
    <p class='ocr_par' dir='ltr' id='par_1_75' title="bbox 525 3851 1974 3926">
     <span class='ocr_line' id='line_1_75' title="bbox 525 3851 1974 3926; baseline -0.005 -13"><span class='ocrx_word' id='word_1_414' title='bbox 525 3857 645 3913; x_wconf 91' lang='lat' dir='ltr'><strong>nati</strong></span> <span class='ocrx_word' id='word_1_415' title='bbox 677 3861 830 3919; x_wconf 90' lang='lat' dir='ltr'><strong>sunt,</strong></span> <span class='ocrx_word' id='word_1_416' title='bbox 855 3854 1146 3926; x_wconf 90' lang='lat' dir='ltr'><strong>prioribus</strong></span> <span class='ocrx_word' id='word_1_417' title='bbox 1171 3870 1230 3909; x_wconf 92' lang='lat' dir='ltr'><strong>se</strong></span> <span class='ocrx_word' id='word_1_418' title='bbox 1253 3869 1368 3908; x_wconf 90' lang='lat' dir='ltr'><strong>non</strong></span> <span class='ocrx_word' id='word_1_419' title='bbox 1395 3852 1644 3907; x_wconf 88' lang='lat' dir='ltr'><strong>audeant</strong></span> <span class='ocrx_word' id='word_1_420' title='bbox 1671 3851 1974 3907; x_wconf 83' lang='lat' dir='ltr'><strong>anteferre.</strong></span> 
     </span>
    </p>
   </div>
   <div class='ocr_carea' id='block_1_76' title="bbox 459 3949 2156 4022">
    <p class='ocr_par' dir='ltr' id='par_1_76' title="bbox 459 3949 2156 4022">
     <span class='ocr_line' id='line_1_76' title="bbox 459 3949 2156 4022; baseline -0.005 -9"><span class='ocrx_word' id='word_1_421' title='bbox 459 3958 618 4014; x_wconf 91' lang='lat' dir='ltr'><strong>LVII.</strong></span> <span class='ocrx_word' id='word_1_422' title='bbox 672 3957 749 4010; x_wconf 89' lang='lat' dir='ltr'><strong>De</strong></span> <span class='ocrx_word' id='word_1_423' title='bbox 798 3954 970 4008; x_wconf 91' lang='lat' dir='ltr'><strong>rebus</strong></span> <span class='ocrx_word' id='word_1_424' title='bbox 1033 3951 1222 4007; x_wconf 92' lang='lat' dir='ltr'><strong>dubiis</strong></span> <span class='ocrx_word' id='word_1_425' title='bbox 1301 3951 1361 4005; x_wconf 92' lang='lat' dir='ltr'><strong>in</strong></span> <span class='ocrx_word' id='word_1_426' title='bbox 1427 3949 1684 4005; x_wconf 89' lang='lat' dir='ltr'><strong>conciliis</strong></span> <span class='ocrx_word' id='word_1_427' title='bbox 1749 3949 2156 4022; x_wconf 90' lang='lat' dir='ltr'><strong>episcoporum</strong></span> 
     </span>
    </p>
   </div>
   <div class='ocr_carea' id='block_1_77' title="bbox 528 4039 974 4111">
    <p class='ocr_par' dir='ltr' id='par_1_77' title="bbox 528 4039 974 4111">
     <span class='ocr_line' id='line_1_77' title="bbox 528 4039 974 4111; baseline -0.007 -16"><span class='ocrx_word' id='word_1_428' title='bbox 528 4039 974 4111; x_wconf 92' lang='lat' dir='ltr'><strong>emergentibus.</strong></span> 
     </span>
    </p>
   </div>
   <div class='ocr_carea' id='block_1_78' title="bbox 2335 3659 3547 3736">
    <p class='ocr_par' dir='ltr' id='par_1_78' title="bbox 2335 3659 3547 3736">
     <span class='ocr_line' id='line_1_78' title="bbox 2335 3659 3547 3736; baseline -0.003 -18"><span class='ocrx_word' id='word_1_429' title='bbox 2335 3665 2552 3736; x_wconf 90' lang='lat' dir='ltr'><strong>seipsos</strong></span> <span class='ocrx_word' id='word_1_430' title='bbox 2572 3662 2768 3734; x_wconf 89' lang='lat' dir='ltr'><strong>plebes</strong></span> <span class='ocrx_word' id='word_1_431' title='bbox 2796 3662 2906 3717; x_wconf 92' lang='lat' dir='ltr'><strong>sibi</strong></span> <span class='ocrx_word' id='word_1_432' title='bbox 2936 3659 3269 3716; x_wconf 91' lang='lat' dir='ltr'><strong>commissas</strong></span> <span class='ocrx_word' id='word_1_433' title='bbox 3296 3659 3547 3714; x_wconf 88' lang='lat' dir='ltr'><strong>visitant.</strong></span> 
     </span>
    </p>
   </div>
   <div class='ocr_carea' id='block_1_79' title="bbox 2265 3742 3929 3822">
    <p class='ocr_par' dir='ltr' id='par_1_79' title="bbox 2265 3742 3929 3822">
     <span class='ocr_line' id='line_1_79' title="bbox 2265 3742 3929 3822; baseline -0.008 -14"><span class='ocrx_word' id='word_1_434' title='bbox 2265 3754 2499 3809; x_wconf 88' lang='lat' dir='ltr'><strong>LXXXV.</strong></span> <span class='ocrx_word' id='word_1_435' title='bbox 2547 3753 2618 3808; x_wconf 91' lang='lat' dir='ltr'><strong>Ut</strong></span> <span class='ocrx_word' id='word_1_436' title='bbox 2647 3750 2903 3822; x_wconf 91' lang='lat' dir='ltr'><strong>episcopi</strong></span> <span class='ocrx_word' id='word_1_437' title='bbox 2935 3749 3296 3821; x_wconf 89' lang='lat' dir='ltr'><strong>presbyteros</strong></span> <span class='ocrx_word' id='word_1_438' title='bbox 3345 3764 3476 3802; x_wconf 89' lang='lat' dir='ltr'><strong>suos</strong></span> <span class='ocrx_word' id='word_1_439' title='bbox 3507 3747 3584 3802; x_wconf 87' lang='lat' dir='ltr'><strong>de</strong></span> <span class='ocrx_word' id='word_1_440' title='bbox 3635 3742 3929 3800; x_wconf 84' lang='lat' dir='ltr'><strong>ministeriis</strong></span> 
     </span>
    </p>
   </div>
   <div class='ocr_carea' id='block_1_80' title="bbox 2337 3838 3267 3910">
    <p class='ocr_par' dir='ltr' id='par_1_80' title="bbox 2337 3838 3267 3910">
     <span class='ocr_line' id='line_1_80' title="bbox 2337 3838 3267 3910; baseline -0.005 -14"><span class='ocrx_word' id='word_1_441' title='bbox 2337 3842 2571 3896; x_wconf 92' lang='lat' dir='ltr'><strong>illorum</strong></span> <span class='ocrx_word' id='word_1_442' title='bbox 2600 3840 2909 3910; x_wconf 90' lang='lat' dir='ltr'><strong>diligenter</strong></span> <span class='ocrx_word' id='word_1_443' title='bbox 2939 3838 3267 3894; x_wconf 90' lang='lat' dir='ltr'><strong>discutiant.</strong></span> 
     </span>
    </p>
   </div>
   <div class='ocr_carea' id='block_1_81' title="bbox 2269 3920 3927 4000">
    <p class='ocr_par' dir='ltr' id='par_1_81' title="bbox 2269 3920 3927 4000">
     <span class='ocr_line' id='line_1_81' title="bbox 2269 3920 3927 4000; baseline -0.008 -14"><span class='ocrx_word' id='word_1_444' title='bbox 2269 3931 2529 3986; x_wconf 86' lang='lat' dir='ltr'><strong>LXXXVI.</strong></span> <span class='ocrx_word' id='word_1_445' title='bbox 2583 3930 2654 3985; x_wconf 89' lang='lat' dir='ltr'><strong>Ut</strong></span> <span class='ocrx_word' id='word_1_446' title='bbox 2691 3929 2993 4000; x_wconf 90' lang='lat' dir='ltr'><strong>episcopus</strong></span> <span class='ocrx_word' id='word_1_447' title='bbox 3032 3943 3164 3982; x_wconf 93' lang='lat' dir='ltr'><strong>cum</strong></span> <span class='ocrx_word' id='word_1_448' title='bbox 3197 3924 3392 3998; x_wconf 88' lang='lat' dir='ltr'><strong>paucis</strong></span> <span class='ocrx_word' id='word_1_449' title='bbox 3422 3939 3590 3979; x_wconf 88' lang='lat' dir='ltr'><strong>suam</strong></span> <span class='ocrx_word' id='word_1_450' title='bbox 3640 3920 3927 3996; x_wconf 77' lang='lat' dir='ltr'><strong>parochiam</strong></span> 
     </span>
    </p>
   </div>
   <div class='ocr_carea' id='block_1_82' title="bbox 2338 4019 2665 4074">
    <p class='ocr_par' dir='ltr' id='par_1_82' title="bbox 2338 4019 2665 4074">
     <span class='ocr_line' id='line_1_82' title="bbox 2338 4019 2665 4074; baseline -0.009 0"><span class='ocrx_word' id='word_1_451' title='bbox 2338 4019 2665 4074; x_wconf 86' lang='lat' dir='ltr'><strong>circumeat.</strong></span> 
     </span>
    </p>
   </div>
   <div class='ocr_carea' id='block_1_83' title="bbox 462 4101 3930 4208">
    <p class='ocr_par' dir='ltr' id='par_1_83' title="bbox 462 4101 3930 4208">
     <span class='ocr_line' id='line_1_83' title="bbox 462 4101 3930 4208; baseline -0.002 -15"><span class='ocrx_word' id='word_1_452' title='bbox 462 4138 643 4193; x_wconf 88' lang='lat' dir='ltr'><strong>LVIII.</strong></span> <span class='ocrx_word' id='word_1_453' title='bbox 688 4101 770 4192; x_wconf 70' lang='lat' dir='ltr'><strong>Ut</strong></span> <span class='ocrx_word' id='word_1_454' title='bbox 817 4133 1068 4207; x_wconf 89' lang='lat' dir='ltr'><strong>episcopi</strong></span> <span class='ocrx_word' id='word_1_455' title='bbox 1115 4132 1175 4187; x_wconf 88' lang='lat' dir='ltr'><strong>in</strong></span> <span class='ocrx_word' id='word_1_456' title='bbox 1234 4133 1455 4204; x_wconf 87' lang='lat' dir='ltr'><strong>synodo</strong></span> <span class='ocrx_word' id='word_1_457' title='bbox 1511 4133 1847 4202; x_wconf 85' lang='lat' dir='ltr'><strong>residentes,</strong></span> <span class='ocrx_word' id='word_1_458' title='bbox 1908 4151 2040 4208; x_wconf 66' lang='lat' dir='ltr'><strong>qum</strong></span> <span class='ocrx_word' id='word_1_459' title='bbox 2085 4137 2158 4192; x_wconf 89' lang='lat' dir='ltr'><strong>ad</strong></span> <span class='ocrx_word' id='word_1_460' title='bbox 2268 4106 2650 4208; x_wconf 41' lang='lat' dir='ltr'><strong>LxxvaIZ‘Si</strong></span> <span class='ocrx_word' id='word_1_461' title='bbox 2679 4103 3558 4208; x_wconf 41' lang='grc' dir='ltr'><strong>Ϋβίδθθρῗδῇῗξτοθξίδωξθέω</strong></span> <span class='ocrx_word' id='word_1_462' title='bbox 3608 4101 3830 4208; x_wconf 41' lang='lat' dir='ltr'><strong>Yffi?&quot;</strong></span> <span class='ocrx_word' id='word_1_463' title='bbox 3855 4111 3930 4150; x_wconf 47' lang='lat' dir='ltr'><strong>ne-</strong></span> 
     </span>
    </p>
   </div>
   <div class='ocr_carea' id='block_1_84' title="bbox 533 4192 3769 4296">
    <p class='ocr_par' dir='ltr' id='par_1_84' title="bbox 533 4192 3769 4296">
     <span class='ocr_line' id='line_1_84' title="bbox 533 4192 3769 4296; baseline -0.001 -15"><span class='ocrx_word' id='word_1_464' title='bbox 533 4192 1027 4281; x_wconf 41' lang='lat' dir='ltr'><strong>emendationem.</strong></span> <span class='ocrx_word' id='word_1_465' title='bbox 1059 4227 1189 4277; x_wconf 66' lang='lat' dir='ltr'><strong>vitae</strong></span> <span class='ocrx_word' id='word_1_466' title='bbox 1253 4192 1579 4295; x_wconf 74' lang='lat' dir='ltr'><strong>pertineant</strong></span> <span class='ocrx_word' id='word_1_467' title='bbox 1643 4192 1898 4296; x_wconf 70' lang='lat' dir='ltr'><strong>primum</strong></span> <span class='ocrx_word' id='word_1_468' title='bbox 1923 4192 2154 4282; x_wconf 42' lang='lat' dir='ltr'><strong>‘emen-</strong></span> <span class='ocrx_word' id='word_1_469' title='bbox 2184 4227 2228 4281; x_wconf 91' lang='lat' dir='ltr'><strong>D</strong></span> <span class='ocrx_word' id='word_1_470' title='bbox 2269 4285 2291 4296; x_wconf 65' lang='grc'><em>,</em></span> <span class='ocrx_word' id='word_1_471' title='bbox 2638 4193 2791 4296; x_wconf 45' lang='lat' dir='ltr'><strong>fros.</strong></span> <span class='ocrx_word' id='word_1_472' title='bbox 2824 4192 3137 4296; x_wconf 58' lang='lat' dir='ltr'><strong>P’°bal?&quot;,i’j</strong></span> <span class='ocrx_word' id='word_1_473' title='bbox 3170 4193 3298 4247; x_wconf 64' lang='grc' dir='ltr'><strong>νίίδθ</strong></span> <span class='ocrx_word' id='word_1_474' title='bbox 3326 4207 3434 4290; x_wconf 55' lang='grc' dir='ltr'><strong>μ’ίῖ</strong></span> <span class='ocrx_word' id='word_1_475' title='bbox 3463 4205 3524 4244; x_wconf 73' lang='grc'>⁸⁸</span> <span class='ocrx_word' id='word_1_476' title='bbox 3554 4192 3769 4288; x_wconf 48' lang='lat' dir='ltr'><strong>mitt‘ft&#39;</strong></span> 
     </span>
    </p>
   </div>
   <div class='ocr_carea' id='block_1_85' title="bbox 532 4315 690 4369">
    <p class='ocr_par' dir='ltr' id='par_1_85' title="bbox 532 4315 690 4369">
     <span class='ocr_line' id='line_1_85' title="bbox 532 4315 690 4369; baseline -0.013 0"><span class='ocrx_word' id='word_1_477' title='bbox 532 4315 690 4369; x_wconf 91' lang='lat' dir='ltr'><strong>dent.</strong></span> 
     </span>
    </p>
   </div>
   <div class='ocr_carea' id='block_1_86' title="bbox 463 4409 2162 4484">
    <p class='ocr_par' dir='ltr' id='par_1_86' title="bbox 463 4409 2162 4484">
     <span class='ocr_line' id='line_1_86' title="bbox 463 4409 2162 4484; baseline -0.001 -17"><span class='ocrx_word' id='word_1_478' title='bbox 463 4413 590 4468; x_wconf 89' lang='lat' dir='ltr'><strong>LIX.</strong></span> <span class='ocrx_word' id='word_1_479' title='bbox 641 4412 717 4466; x_wconf 92' lang='lat' dir='ltr'><strong>De</strong></span> <span class='ocrx_word' id='word_1_480' title='bbox 763 4409 1209 4480; x_wconf 91' lang='lat' dir='ltr'><strong>metropolitano</strong></span> <span class='ocrx_word' id='word_1_481' title='bbox 1257 4409 1304 4464; x_wconf 91' lang='lat' dir='ltr'><strong>si</strong></span> <span class='ocrx_word' id='word_1_482' title='bbox 1351 4410 1892 4480; x_wconf 86' lang='lat' dir='ltr'><strong>comprovincialem</strong></span> <span class='ocrx_word' id='word_1_483' title='bbox 1941 4411 2162 4484; x_wconf 86' lang='lat' dir='ltr'><strong>episco-</strong></span> 
     </span>
    </p>
   </div>
   <div class='ocr_carea' id='block_1_87' title="bbox 533 4497 1662 4571">
    <p class='ocr_par' dir='ltr' id='par_1_87' title="bbox 533 4497 1662 4571">
     <span class='ocr_line' id='line_1_87' title="bbox 533 4497 1662 4571; baseline 0.001 -18"><span class='ocrx_word' id='word_1_484' title='bbox 533 4515 676 4571; x_wconf 92' lang='lat' dir='ltr'><strong>pum</strong></span> <span class='ocrx_word' id='word_1_485' title='bbox 706 4499 765 4553; x_wconf 91' lang='lat' dir='ltr'><strong>in</strong></span> <span class='ocrx_word' id='word_1_486' title='bbox 798 4515 900 4553; x_wconf 89' lang='lat' dir='ltr'><strong>sua</strong></span> <span class='ocrx_word' id='word_1_487' title='bbox 927 4513 1095 4553; x_wconf 90' lang='lat' dir='ltr'><strong>causa</strong></span> <span class='ocrx_word' id='word_1_488' title='bbox 1124 4497 1322 4553; x_wconf 90' lang='lat' dir='ltr'><strong>audire</strong></span> <span class='ocrx_word' id='word_1_489' title='bbox 1356 4497 1662 4554; x_wconf 88' lang='lat' dir='ltr'><strong>distulerit.</strong></span> 
     </span>
    </p>
   </div>
   <div class='ocr_carea' id='block_1_88' title="bbox 464 4594 1982 4668">
    <p class='ocr_par' dir='ltr' id='par_1_88' title="bbox 464 4594 1982 4668">
     <span class='ocr_line' id='line_1_88' title="bbox 464 4594 1982 4668; baseline 0 -16"><span class='ocrx_word' id='word_1_490' title='bbox 464 4598 568 4652; x_wconf 89' lang='lat' dir='ltr'><strong>LX.</strong></span> <span class='ocrx_word' id='word_1_491' title='bbox 603 4598 670 4652; x_wconf 90' lang='lat' dir='ltr'><strong>Ut</strong></span> <span class='ocrx_word' id='word_1_492' title='bbox 699 4595 950 4668; x_wconf 88' lang='lat' dir='ltr'><strong>episcopi</strong></span> <span class='ocrx_word' id='word_1_493' title='bbox 975 4595 1128 4666; x_wconf 88' lang='lat' dir='ltr'><strong>justa</strong></span> <span class='ocrx_word' id='word_1_494' title='bbox 1146 4594 1365 4666; x_wconf 90' lang='lat' dir='ltr'><strong>judicia</strong></span> <span class='ocrx_word' id='word_1_495' title='bbox 1392 4611 1618 4666; x_wconf 90' lang='lat' dir='ltr'><strong>semper</strong></span> <span class='ocrx_word' id='word_1_496' title='bbox 1646 4595 1982 4668; x_wconf 90' lang='lat' dir='ltr'><strong>dijudicent.</strong></span> 
     </span>
    </p>
   </div>
   <div class='ocr_carea' id='block_1_89' title="bbox 466 4692 2162 4752">
    <p class='ocr_par' dir='ltr' id='par_1_89' title="bbox 466 4692 2162 4752">
     <span class='ocr_line' id='line_1_89' title="bbox 466 4692 2162 4752; baseline -0.002 0"><span class='ocrx_word' id='word_1_497' title='bbox 466 4697 594 4752; x_wconf 92' lang='lat' dir='ltr'><strong>LXI.</strong></span> <span class='ocrx_word' id='word_1_498' title='bbox 643 4696 712 4752; x_wconf 92' lang='lat' dir='ltr'><strong>Ut</strong></span> <span class='ocrx_word' id='word_1_499' title='bbox 762 4711 1046 4750; x_wconf 90' lang='lat' dir='ltr'><strong>canonum</strong></span> <span class='ocrx_word' id='word_1_500' title='bbox 1104 4697 1312 4748; x_wconf 86' lang='lat' dir='ltr'><strong>statuta</strong></span> <span class='ocrx_word' id='word_1_501' title='bbox 1363 4692 1432 4746; x_wconf 87' lang='lat' dir='ltr'><strong>ab</strong></span> <span class='ocrx_word' id='word_1_502' title='bbox 1478 4692 1746 4747; x_wconf 84' lang='lat' dir='ltr'><strong>omnibus</strong></span> <span class='ocrx_word' id='word_1_503' title='bbox 1802 4693 1912 4748; x_wconf 89' lang='lat' dir='ltr'><strong>rite</strong></span> <span class='ocrx_word' id='word_1_504' title='bbox 1967 4698 2162 4749; x_wconf 92' lang='lat' dir='ltr'><strong>custo-</strong></span> 
     </span>
    </p>
   </div>
   <div class='ocr_carea' id='block_1_90' title="bbox 534 4780 2165 4854">
    <p class='ocr_par' dir='ltr' id='par_1_90' title="bbox 534 4780 2165 4854">
     <span class='ocr_line' id='line_1_90' title="bbox 534 4780 2165 4854; baseline -0.002 -15"><span class='ocrx_word' id='word_1_505' title='bbox 534 4783 787 4851; x_wconf 91' lang='lat' dir='ltr'><strong>diantur,</strong></span> <span class='ocrx_word' id='word_1_506' title='bbox 826 4788 883 4838; x_wconf 91' lang='lat' dir='ltr'><strong>et</strong></span> <span class='ocrx_word' id='word_1_507' title='bbox 912 4783 1103 4838; x_wconf 91' lang='lat' dir='ltr'><strong>nullus</strong></span> <span class='ocrx_word' id='word_1_508' title='bbox 1134 4798 1200 4835; x_wconf 89' lang='lat' dir='ltr'><strong>ea</strong></span> <span class='ocrx_word' id='word_1_509' title='bbox 1247 4798 1350 4835; x_wconf 92' lang='lat' dir='ltr'><strong>suo</strong></span> <span class='ocrx_word' id='word_1_510' title='bbox 1384 4796 1553 4836; x_wconf 89' lang='lat' dir='ltr'><strong>sensu</strong></span> <span class='ocrx_word' id='word_1_511' title='bbox 1583 4780 1898 4851; x_wconf 89' lang='lat' dir='ltr'><strong>dijudicare</strong></span> <span class='ocrx_word' id='word_1_512' title='bbox 1946 4799 2165 4854; x_wconf 66' lang='lat' dir='ltr'><strong>praesu-</strong></span> 
     </span>
    </p>
   </div>
   <div class='ocr_carea' id='block_1_91' title="bbox 535 4877 674 4929">
    <p class='ocr_par' dir='ltr' id='par_1_91' title="bbox 535 4877 674 4929">
     <span class='ocr_line' id='line_1_91' title="bbox 535 4877 674 4929; baseline -0.014 0"><span class='ocrx_word' id='word_1_513' title='bbox 535 4877 674 4929; x_wconf 90' lang='lat' dir='ltr'><strong>mat.</strong></span> 
     </span>
    </p>
   </div>
   <div class='ocr_carea' id='block_1_92' title="bbox 467 4966 1516 5038">
    <p class='ocr_par' dir='ltr' id='par_1_92' title="bbox 467 4966 1516 5038">
     <span class='ocr_line' id='line_1_92' title="bbox 467 4966 1516 5038; baseline -0.006 -11"><span class='ocrx_word' id='word_1_514' title='bbox 467 4972 624 5027; x_wconf 87' lang='lat' dir='ltr'><strong>LXII.</strong></span> <span class='ocrx_word' id='word_1_515' title='bbox 663 4971 742 5026; x_wconf 89' lang='lat' dir='ltr'><strong>De</strong></span> <span class='ocrx_word' id='word_1_516' title='bbox 775 4967 1186 5024; x_wconf 90' lang='lat' dir='ltr'><strong>dissidentibus</strong></span> <span class='ocrx_word' id='word_1_517' title='bbox 1209 4966 1516 5038; x_wconf 89' lang='lat' dir='ltr'><strong>episcopis.</strong></span> 
     </span>
    </p>
   </div>
   <div class='ocr_carea' id='block_1_93' title="bbox 2269 4279 3938 4350">
    <p class='ocr_par' dir='ltr' id='par_1_93' title="bbox 2269 4279 3938 4350">
     <span class='ocr_line' id='line_1_93' title="bbox 2269 4279 3938 4350; baseline -0.009 -9"><span class='ocrx_word' id='word_1_518' title='bbox 2269 4284 2584 4341; x_wconf 90' lang='lat' dir='ltr'><strong>LXXXVIII.</strong></span> <span class='ocrx_word' id='word_1_519' title='bbox 2648 4282 2887 4347; x_wconf 88' lang='lat' dir='ltr'><strong>Qualem</strong></span> <span class='ocrx_word' id='word_1_520' title='bbox 2947 4281 3274 4336; x_wconf 89' lang='lat' dir='ltr'><strong>ministrum</strong></span> <span class='ocrx_word' id='word_1_521' title='bbox 3339 4279 3652 4350; x_wconf 86' lang='lat' dir='ltr'><strong>episcopus</strong></span> <span class='ocrx_word' id='word_1_522' title='bbox 3698 4279 3852 4348; x_wconf 86' lang='lat' dir='ltr'><strong>juxta</strong></span> <span class='ocrx_word' id='word_1_523' title='bbox 3894 4287 3938 4325; x_wconf 78' lang='lat' dir='ltr'><strong>se</strong></span> 
     </span>
    </p>
   </div>
   <div class='ocr_carea' id='block_1_94' title="bbox 2338 4371 2802 4428">
    <p class='ocr_par' dir='ltr' id='par_1_94' title="bbox 2338 4371 2802 4428">
     <span class='ocr_line' id='line_1_94' title="bbox 2338 4371 2802 4428; baseline -0.009 0"><span class='ocrx_word' id='word_1_524' title='bbox 2338 4373 2550 4428; x_wconf 90' lang='lat' dir='ltr'><strong>habere</strong></span> <span class='ocrx_word' id='word_1_525' title='bbox 2580 4371 2802 4426; x_wconf 86' lang='lat' dir='ltr'><strong>debeat.</strong></span> 
     </span>
    </p>
   </div>
   <div class='ocr_carea' id='block_1_95' title="bbox 2271 4451 3943 4531">
    <p class='ocr_par' dir='ltr' id='par_1_95' title="bbox 2271 4451 3943 4531">
     <span class='ocr_line' id='line_1_95' title="bbox 2271 4451 3943 4531; baseline -0.007 -15"><span class='ocrx_word' id='word_1_526' title='bbox 2271 4463 2529 4517; x_wconf 88' lang='lat' dir='ltr'><strong>LXXXIX.</strong></span> <span class='ocrx_word' id='word_1_527' title='bbox 2581 4454 2669 4514; x_wconf 88' lang='lat' dir='ltr'><strong>De</strong></span> <span class='ocrx_word' id='word_1_528' title='bbox 2709 4459 2997 4531; x_wconf 90' lang='lat' dir='ltr'><strong>episcopo,</strong></span> <span class='ocrx_word' id='word_1_529' title='bbox 3045 4474 3119 4514; x_wconf 93' lang='lat' dir='ltr'><strong>ne</strong></span> <span class='ocrx_word' id='word_1_530' title='bbox 3163 4457 3373 4514; x_wconf 88' lang='lat' dir='ltr'><strong>laicum</strong></span> <span class='ocrx_word' id='word_1_531' title='bbox 3433 4460 3619 4528; x_wconf 89' lang='lat' dir='ltr'><strong>ponat</strong></span> <span class='ocrx_word' id='word_1_532' title='bbox 3681 4453 3788 4510; x_wconf 90' lang='lat' dir='ltr'><strong>sibi</strong></span> <span class='ocrx_word' id='word_1_533' title='bbox 3828 4451 3943 4505; x_wconf 80' lang='lat' dir='ltr'><strong>vica-</strong></span> 
     </span>
    </p>
   </div>
   <div class='ocr_carea' id='block_1_96' title="bbox 2340 4566 2514 4605">
    <p class='ocr_par' dir='ltr' id='par_1_96' title="bbox 2340 4566 2514 4605">
     <span class='ocr_line' id='line_1_96' title="bbox 2340 4566 2514 4605; baseline -0.006 0"><span class='ocrx_word' id='word_1_534' title='bbox 2340 4566 2514 4605; x_wconf 84' lang='lat' dir='ltr'><strong>rium.</strong></span> 
     </span>
    </p>
   </div>
   <div class='ocr_carea' id='block_1_97' title="bbox 2269 4626 3946 4706">
    <p class='ocr_par' dir='ltr' id='par_1_97' title="bbox 2269 4626 3946 4706">
     <span class='ocr_line' id='line_1_97' title="bbox 2269 4626 3946 4706; baseline -0.009 -12"><span class='ocrx_word' id='word_1_535' title='bbox 2269 4638 2371 4694; x_wconf 89' lang='lat' dir='ltr'><strong>XC.</strong></span> <span class='ocrx_word' id='word_1_536' title='bbox 2416 4639 2488 4693; x_wconf 92' lang='lat' dir='ltr'><strong>Ut</strong></span> <span class='ocrx_word' id='word_1_537' title='bbox 2533 4636 2594 4692; x_wconf 92' lang='lat' dir='ltr'><strong>in</strong></span> <span class='ocrx_word' id='word_1_538' title='bbox 2641 4635 2976 4691; x_wconf 88' lang='lat' dir='ltr'><strong>circuitione</strong></span> <span class='ocrx_word' id='word_1_539' title='bbox 3029 4634 3305 4706; x_wconf 90' lang='lat' dir='ltr'><strong>episcopi,</strong></span> <span class='ocrx_word' id='word_1_540' title='bbox 3356 4649 3561 4687; x_wconf 89' lang='lat' dir='ltr'><strong>omnes</strong></span> <span class='ocrx_word' id='word_1_541' title='bbox 3601 4631 3708 4704; x_wconf 90' lang='lat' dir='ltr'><strong>qui</strong></span> <span class='ocrx_word' id='word_1_542' title='bbox 3747 4626 3946 4684; x_wconf 88' lang='lat' dir='ltr'><strong>suntin</strong></span> 
     </span>
    </p>
   </div>
   <div class='ocr_carea' id='block_1_98' title="bbox 2341 4720 3948 4796">
    <p class='ocr_par' dir='ltr' id='par_1_98' title="bbox 2341 4720 3948 4796">
     <span class='ocr_line' id='line_1_98' title="bbox 2341 4720 3948 4796; baseline -0.007 -16"><span class='ocrx_word' id='word_1_543' title='bbox 2341 4723 2612 4796; x_wconf 89' lang='lat' dir='ltr'><strong>parochia</strong></span> <span class='ocrx_word' id='word_1_544' title='bbox 2656 4723 3019 4795; x_wconf 88' lang='lat' dir='ltr'><strong>singularum</strong></span> <span class='ocrx_word' id='word_1_545' title='bbox 3067 4722 3444 4778; x_wconf 87' lang='lat' dir='ltr'><strong>Ecclesiarum</strong></span> <span class='ocrx_word' id='word_1_546' title='bbox 3501 4720 3832 4784; x_wconf 90' lang='lat' dir='ltr'><strong>matricum,</strong></span> <span class='ocrx_word' id='word_1_547' title='bbox 3875 4729 3948 4768; x_wconf 80' lang='lat' dir='ltr'><strong>ex-</strong></span> 
     </span>
    </p>
   </div>
   <div class='ocr_carea' id='block_1_99' title="bbox 2343 4808 3892 4885">
    <p class='ocr_par' dir='ltr' id='par_1_99' title="bbox 2343 4808 3892 4885">
     <span class='ocr_line' id='line_1_99' title="bbox 2343 4808 3892 4885; baseline -0.008 -17"><span class='ocrx_word' id='word_1_548' title='bbox 2343 4815 2522 4885; x_wconf 90' lang='lat' dir='ltr'><strong>ceptis</strong></span> <span class='ocrx_word' id='word_1_549' title='bbox 2543 4812 2813 4880; x_wconf 80' lang='lat' dir='ltr'><strong>inﬁrmis,</strong></span> <span class='ocrx_word' id='word_1_550' title='bbox 2842 4813 2909 4867; x_wconf 92' lang='lat' dir='ltr'><strong>ad</strong></span> <span class='ocrx_word' id='word_1_551' title='bbox 2941 4812 3222 4883; x_wconf 86' lang='lat' dir='ltr'><strong>synodum</strong></span> <span class='ocrx_word' id='word_1_552' title='bbox 3251 4811 3374 4882; x_wconf 91' lang='lat' dir='ltr'><strong>ejus</strong></span> <span class='ocrx_word' id='word_1_553' title='bbox 3403 4809 3601 4864; x_wconf 86' lang='lat' dir='ltr'><strong>venire</strong></span> <span class='ocrx_word' id='word_1_554' title='bbox 3638 4808 3892 4863; x_wconf 85' lang='lat' dir='ltr'><strong>debeant.</strong></span> 
     </span>
    </p>
   </div>
   <div class='ocr_carea' id='block_1_100' title="bbox 2272 4888 3946 4969">
    <p class='ocr_par' dir='ltr' id='par_1_100' title="bbox 2272 4888 3946 4969">
     <span class='ocr_line' id='line_1_100' title="bbox 2272 4888 3946 4969; baseline -0.011 -10"><span class='ocrx_word' id='word_1_555' title='bbox 2272 4902 2401 4959; x_wconf 87' lang='lat' dir='ltr'><strong>XCI.</strong></span> <span class='ocrx_word' id='word_1_556' title='bbox 2459 4901 2768 4958; x_wconf 87' lang='lat' dir='ltr'><strong>Decretalis</strong></span> <span class='ocrx_word' id='word_1_557' title='bbox 2817 4899 3152 4955; x_wconf 87' lang='lat' dir='ltr'><strong>constitutio</strong></span> <span class='ocrx_word' id='word_1_558' title='bbox 3208 4896 3546 4969; x_wconf 87' lang='lat' dir='ltr'><strong>Eutychiani</strong></span> <span class='ocrx_word' id='word_1_559' title='bbox 3594 4913 3787 4967; x_wconf 64' lang='lat' dir='ltr'><strong>pape,</strong></span> <span class='ocrx_word' id='word_1_560' title='bbox 3835 4888 3946 4963; x_wconf 89' lang='lat' dir='ltr'><strong>quid</strong></span> 
     </span>
    </p>
   </div>
   <div class='ocr_carea' id='block_1_101' title="bbox 2345 4986 3556 5062">
    <p class='ocr_par' dir='ltr' id='par_1_101' title="bbox 2345 4986 3556 5062">
     <span class='ocr_line' id='line_1_101' title="bbox 2345 4986 3556 5062; baseline -0.006 -17"><span class='ocrx_word' id='word_1_561' title='bbox 2345 4990 2602 5062; x_wconf 89' lang='lat' dir='ltr'><strong>episcopi</strong></span> <span class='ocrx_word' id='word_1_562' title='bbox 2630 4990 2689 5043; x_wconf 89' lang='lat' dir='ltr'><strong>in</strong></span> <span class='ocrx_word' id='word_1_563' title='bbox 2717 4989 2937 5060; x_wconf 87' lang='lat' dir='ltr'><strong>synodo</strong></span> <span class='ocrx_word' id='word_1_564' title='bbox 2968 4988 3261 5059; x_wconf 90' lang='lat' dir='ltr'><strong>inquirere</strong></span> <span class='ocrx_word' id='word_1_565' title='bbox 3293 4986 3556 5041; x_wconf 86' lang='lat' dir='ltr'><strong>debeant.</strong></span> 
     </span>
    </p>
   </div>
   <div class='ocr_carea' id='block_1_102' title="bbox 467 5065 3196 5149">
    <p class='ocr_par' dir='ltr' id='par_1_102' title="bbox 467 5065 3196 5149">
     <span class='ocr_line' id='line_1_102' title="bbox 467 5065 3196 5149; baseline -0.001 -26"><span class='ocrx_word' id='word_1_566' title='bbox 467 5069 640 5123; x_wconf 87' lang='lat' dir='ltr'><strong>LXIII.</strong></span> <span class='ocrx_word' id='word_1_567' title='bbox 679 5069 759 5122; x_wconf 86' lang='lat' dir='ltr'><strong>De</strong></span> <span class='ocrx_word' id='word_1_568' title='bbox 797 5065 1096 5121; x_wconf 87' lang='lat' dir='ltr'><strong>inﬂatione</strong></span> <span class='ocrx_word' id='word_1_569' title='bbox 1126 5065 1709 5134; x_wconf 89' lang='lat' dir='ltr'><strong>metropolitanorum</strong></span> <span class='ocrx_word' id='word_1_570' title='bbox 1733 5069 1791 5121; x_wconf 93' lang='lat' dir='ltr'><strong>et</strong></span> <span class='ocrx_word' id='word_1_571' title='bbox 1813 5065 1982 5133; x_wconf 79' lang='lat' dir='ltr'><strong>fastu,</strong></span> <span class='ocrx_word' id='word_1_572' title='bbox 2014 5067 2165 5122; x_wconf 91' lang='lat' dir='ltr'><strong>etde</strong></span> <span class='ocrx_word' id='word_1_573' title='bbox 2271 5081 2429 5136; x_wconf 66' lang='lat' dir='ltr'><strong>xc&quot;,</strong></span> <span class='ocrx_word' id='word_1_574' title='bbox 2459 5077 2869 5149; x_wconf 68' lang='lat' dir='ltr'><strong>Jusjurandum</strong></span> <span class='ocrx_word' id='word_1_575' title='bbox 2901 5077 3196 5147; x_wconf 58' lang='lat' dir='ltr'><strong>synodum,</strong></span> 
     </span>
    </p>
   </div>
   <div class='ocr_carea' id='block_1_103' title="bbox 534 5153 2164 5228">
    <p class='ocr_par' dir='ltr' id='par_1_103' title="bbox 534 5153 2164 5228">
     <span class='ocr_line' id='line_1_103' title="bbox 534 5153 2164 5228; baseline 0.001 -18"><span class='ocrx_word' id='word_1_576' title='bbox 534 5155 816 5228; x_wconf 87' lang='lat' dir='ltr'><strong>episcopis</strong></span> <span class='ocrx_word' id='word_1_577' title='bbox 865 5170 928 5210; x_wconf 90' lang='lat' dir='ltr'><strong>ac</strong></span> <span class='ocrx_word' id='word_1_578' title='bbox 976 5153 1214 5226; x_wconf 87' lang='lat' dir='ltr'><strong>reliquis</strong></span> <span class='ocrx_word' id='word_1_579' title='bbox 1261 5153 1482 5210; x_wconf 91' lang='lat' dir='ltr'><strong>clericis</strong></span> <span class='ocrx_word' id='word_1_580' title='bbox 1533 5153 1634 5226; x_wconf 88' lang='lat' dir='ltr'><strong>qui</strong></span> <span class='ocrx_word' id='word_1_581' title='bbox 1664 5154 1954 5210; x_wconf 65' lang='lat' dir='ltr'><strong>[eduntur</strong></span> <span class='ocrx_word' id='word_1_582' title='bbox 1984 5171 2164 5211; x_wconf 90' lang='lat' dir='ltr'><strong>ame-</strong></span> 
     </span>
    </p>
   </div>
   <div class='ocr_carea' id='block_1_104' title="bbox 536 5244 906 5317">
    <p class='ocr_par' dir='ltr' id='par_1_104' title="bbox 536 5244 906 5317">
     <span class='ocr_line' id='line_1_104' title="bbox 536 5244 906 5317; baseline -0.003 -17"><span class='ocrx_word' id='word_1_583' title='bbox 536 5244 906 5317; x_wconf 89' lang='lat' dir='ltr'><strong>tropolitano.</strong></span> 
     </span>
    </p>
   </div>
   <div class='ocr_carea' id='block_1_105' title="bbox 469 5339 2164 5412">
    <p class='ocr_par' dir='ltr' id='par_1_105' title="bbox 469 5339 2164 5412">
     <span class='ocr_line' id='line_1_105' title="bbox 469 5339 2164 5412; baseline -0.003 -13"><span class='ocrx_word' id='word_1_584' title='bbox 469 5343 642 5399; x_wconf 90' lang='lat' dir='ltr'><strong>LXIV.</strong></span> <span class='ocrx_word' id='word_1_585' title='bbox 679 5343 749 5398; x_wconf 90' lang='lat' dir='ltr'><strong>Ut</strong></span> <span class='ocrx_word' id='word_1_586' title='bbox 794 5341 990 5412; x_wconf 84' lang='lat' dir='ltr'><strong>plebes</strong></span> <span class='ocrx_word' id='word_1_587' title='bbox 1038 5340 1252 5396; x_wconf 88' lang='lat' dir='ltr'><strong>alienas</strong></span> <span class='ocrx_word' id='word_1_588' title='bbox 1293 5340 1438 5395; x_wconf 86' lang='lat' dir='ltr'><strong>alius</strong></span> <span class='ocrx_word' id='word_1_589' title='bbox 1487 5339 1791 5411; x_wconf 89' lang='lat' dir='ltr'><strong>episcopus</strong></span> <span class='ocrx_word' id='word_1_590' title='bbox 1830 5355 1950 5395; x_wconf 93' lang='lat' dir='ltr'><strong>non</strong></span> <span class='ocrx_word' id='word_1_591' title='bbox 1994 5355 2164 5394; x_wconf 84' lang='lat' dir='ltr'><strong>usur-</strong></span> 
     </span>
    </p>
   </div>
   <div class='ocr_carea' id='block_1_106' title="bbox 471 5435 2164 5588">
    <p class='ocr_par' dir='ltr' id='par_1_106' title="bbox 471 5435 2164 5588">
     <span class='ocr_line' id='line_1_106' title="bbox 471 5435 2164 5588; baseline -0.001 -15"><span class='ocrx_word' id='word_1_592' title='bbox 471 5435 654 5573; x_wconf 42' lang='lat' dir='ltr'><strong>LXpVaf.</strong></span> <span class='ocrx_word' id='word_1_593' title='bbox 683 5517 752 5572; x_wconf 91' lang='lat' dir='ltr'><strong>Ut</strong></span> <span class='ocrx_word' id='word_1_594' title='bbox 817 5515 1010 5571; x_wconf 88' lang='lat' dir='ltr'><strong>nullus</strong></span> <span class='ocrx_word' id='word_1_595' title='bbox 1075 5515 1560 5588; x_wconf 85' lang='lat' dir='ltr'><strong>metropolitanus</strong></span> <span class='ocrx_word' id='word_1_596' title='bbox 1625 5515 1842 5588; x_wconf 83' lang='lat' dir='ltr'><strong>absque</strong></span> <span class='ocrx_word' id='word_1_597' title='bbox 1904 5515 2164 5571; x_wconf 90' lang='lat' dir='ltr'><strong>omnium</strong></span> 
     </span>
    </p>
   </div>
   <div class='ocr_carea' id='block_1_107' title="bbox 2273 5153 3286 5224">
    <p class='ocr_par' dir='ltr' id='par_1_107' title="bbox 2273 5153 3286 5224">
     <span class='ocr_line' id='line_1_107' title="bbox 2273 5153 3286 5224; baseline -0.007 0"><span class='ocrx_word' id='word_1_598' title='bbox 2273 5166 2471 5224; x_wconf 82' lang='lat' dir='ltr'><strong>XCIII.</strong></span> <span class='ocrx_word' id='word_1_599' title='bbox 2489 5153 2895 5221; x_wconf 29' lang='lat' dir='ltr'><strong>&#39;Juramentum</strong></span> <span class='ocrx_word' id='word_1_600' title='bbox 2929 5170 3286 5219; x_wconf 60' lang='lat' dir='ltr'><strong>ceterorum.</strong></span> 
     </span>
    </p>
   </div>
   <div class='ocr_carea' id='block_1_108' title="bbox 2272 5239 3951 5328">
    <p class='ocr_par' dir='ltr' id='par_1_108' title="bbox 2272 5239 3951 5328">
     <span class='ocr_line' id='line_1_108' title="bbox 2272 5239 3951 5328; baseline -0.008 -20"><span class='ocrx_word' id='word_1_601' title='bbox 2272 5253 2450 5308; x_wconf 93' lang='lat' dir='ltr'><strong>XCIV.</strong></span> <span class='ocrx_word' id='word_1_602' title='bbox 2492 5253 2627 5328; x_wconf 68' lang='lat' dir='ltr'><strong>l_’_ost</strong></span> <span class='ocrx_word' id='word_1_603' title='bbox 2667 5251 2870 5306; x_wconf 90' lang='lat' dir='ltr'><strong>datum</strong></span> <span class='ocrx_word' id='word_1_604' title='bbox 2917 5254 3340 5304; x_wconf 89' lang='lat' dir='ltr'><strong>sacramentum</strong></span> <span class='ocrx_word' id='word_1_605' title='bbox 3385 5245 3645 5318; x_wconf 89' lang='lat' dir='ltr'><strong>episcopi</strong></span> <span class='ocrx_word' id='word_1_606' title='bbox 3696 5245 3830 5300; x_wconf 91' lang='lat' dir='ltr'><strong>illos</strong></span> <span class='ocrx_word' id='word_1_607' title='bbox 3873 5239 3951 5311; x_wconf 85' lang='lat' dir='ltr'><strong>qui</strong></span> 
     </span>
    </p>
   </div>
   <div class='ocr_carea' id='block_1_109' title="bbox 2339 5333 3957 5410">
    <p class='ocr_par' dir='ltr' id='par_1_109' title="bbox 2339 5333 3957 5410">
     <span class='ocr_line' id='line_1_109' title="bbox 2339 5333 3957 5410; baseline -0.009 -16"><span class='ocrx_word' id='word_1_608' title='bbox 2339 5339 2664 5410; x_wconf 89' lang='lat' dir='ltr'><strong>juraverint</strong></span> <span class='ocrx_word' id='word_1_609' title='bbox 2694 5355 2799 5410; x_wconf 91' lang='lat' dir='ltr'><strong>per</strong></span> <span class='ocrx_word' id='word_1_610' title='bbox 2822 5337 3114 5408; x_wconf 89' lang='lat' dir='ltr'><strong>octoginta</strong></span> <span class='ocrx_word' id='word_1_611' title='bbox 3141 5342 3269 5392; x_wconf 89' lang='lat' dir='ltr'><strong>octo</strong></span> <span class='ocrx_word' id='word_1_612' title='bbox 3309 5333 3817 5401; x_wconf 81' lang='lat' dir='ltr'><strong>interrogationes,</strong></span> <span class='ocrx_word' id='word_1_613' title='bbox 3849 5342 3957 5400; x_wconf 69' lang='lat' dir='ltr'><strong>qua</strong></span> 
     </span>
    </p>
   </div>
   <div class='ocr_carea' id='block_1_110' title="bbox 2345 5417 3957 5486">
    <p class='ocr_par' dir='ltr' id='par_1_110' title="bbox 2345 5417 3957 5486">
     <span class='ocr_line' id='line_1_110' title="bbox 2345 5417 3957 5486; baseline -0.008 -5"><span class='ocrx_word' id='word_1_614' title='bbox 2345 5427 2407 5482; x_wconf 90' lang='lat' dir='ltr'><strong>in</strong></span> <span class='ocrx_word' id='word_1_615' title='bbox 2433 5432 2696 5482; x_wconf 89' lang='lat' dir='ltr'><strong>contextu</strong></span> <span class='ocrx_word' id='word_1_616' title='bbox 2746 5426 3062 5482; x_wconf 86' lang='lat' dir='ltr'><strong>secundum</strong></span> <span class='ocrx_word' id='word_1_617' title='bbox 3093 5426 3355 5482; x_wconf 88' lang='lat' dir='ltr'><strong>ordinem</strong></span> <span class='ocrx_word' id='word_1_618' title='bbox 3402 5421 3804 5486; x_wconf 85' lang='lat' dir='ltr'><strong>inveniuntur,</strong></span> <span class='ocrx_word' id='word_1_619' title='bbox 3852 5417 3957 5471; x_wconf 87' lang='lat' dir='ltr'><strong>dili-</strong></span> 
     </span>
    </p>
   </div>
   <div class='ocr_carea' id='block_1_111' title="bbox 2344 5513 3079 5586">
    <p class='ocr_par' dir='ltr' id='par_1_111' title="bbox 2344 5513 3079 5586">
     <span class='ocr_line' id='line_1_111' title="bbox 2344 5513 3079 5586; baseline -0.004 -16"><span class='ocrx_word' id='word_1_620' title='bbox 2344 5513 2674 5586; x_wconf 80' lang='lat' dir='ltr'><strong>gentissime</strong></span> <span class='ocrx_word' id='word_1_621' title='bbox 2703 5513 3079 5586; x_wconf 83' lang='lat' dir='ltr'><strong>interrogent.</strong></span> 
     </span>
    </p>
   </div>
  </div>
