4022 6190
134 237 236 289 545

130 358 283 416 XCV.
323 357 399 412 Ut
428 353 692 426 episcopi
721 352 902 408 libros
932 352 1236 425 gentilium
1264 370 1379 408 non
1411 353 1630 424 legant.

131 448 313 505 XCVI.
371 446 443 501 Ut
490 443 774 516 episcopi,
826 445 1002 513 prout
1038 442 1243 513 vulgus
1285 442 1617 512 intelligere
1667 445 1867 515 possit,

202 535 531 591 secundum
572 532 997 605 proprietatem
1027 531 1343 585 communis
1372 530 1590 602 lingua:
1632 533 1868 588 illorum

200 622 692 696 praedicationem
728 625 1077 691 temperent.

135 714 342 769 XCVII.
408 709 812 782 Reprehensio
843 707 1102 780 episcopi
1149 708 1208 761 in
1238 708 1461 779 pulpito
1513 727 1771 782 paganos
1799 710 1869 765 li-

204 803 344 857 bros
405 800 779 871 exponentis,
847 815 915 852 eo
973 798 1127 869 quod
1184 812 1313 852 cum
1374 799 1532 853 Jovis
1603 800 1870 855 laudibus

207 891 422 945 Christi
447 889 649 943 laudes
680 904 796 942 non
827 886 1191 941 conveniant.

137 979 374 1034 XCVIII.
434 979 730 1042 Quantum
788 975 1102 1031 discrimen
1152 973 1457 1029 immineat
1513 976 1867 1048 pastoribus,

204 1067 310 1138 qui
343 1067 648 1119 veritatem
682 1064 893 1119 Christi
920 1062 1235 1135 praedicare
1265 1064 1588 1134 negligant.

140 1156 313 1210 XCIX.
352 1154 519 1216 Quod
570 1154 911 1223 episcopum
962 1154 1232 1220 oporteat
1276 1152 1400 1207 sine
1439 1152 1866 1209 intermissione

207 1244 527 1299 Ecclesium
556 1258 723 1296 suam
745 1242 965 1307 docere,
1002 1246 1058 1293 et
1088 1254 1307 1294 amare.

138 1333 194 1388 C.
249 1333 333 1386 De
366 1331 692 1401 ignorantia
736 1329 1004 1383 omnibus
1052 1326 1304 1383 maxime
1355 1331 1746 1386 sacerdotibus
1775 1332 1866 1385 vi-

208 1420 413 1475 tande.

136 1511 227 1566 CI.
285 1510 360 1564 Ut
405 1506 709 1578 episcopus
760 1504 1096 1559 dissidentes
1136 1506 1489 1561 concordare
1535 1510 1859 1579 compellat.

138 1600 256 1653 CII.
304 1598 379 1652 Ut
424 1596 485 1650 in
526 1596 617 1650 die
668 1594 966 1649 Dominica
1013 1609 1213 1648 rerum
1260 1595 1706 1665 dijudicationes
1745 1614 1862 1652 non

214 1688 386 1741 ﬁant.

140 1776 289 1831 CIII.
328 1775 408 1828 De
438 1772 750 1828 domestica
782 1775 840 1826 et
869 1770 1131 1825 interiori
1162 1772 1611 1828 conversatione.

141 1865 277 1919 CIV.
340 1863 409 1919 Ut
460 1862 760 1933 episcopus
812 1860 976 1932 quasi
1030 1859 1241 1929 hospes
1299 1876 1359 1915 se
1415 1862 1709 1918 continere
1768 1863 1864 1918 de-

214 1954 374 2007 beat.

141 2043 254 2097 CV.
297 2042 369 2095 Ut
401 2039 647 2111 episcopi
672 2038 1012 2109 frequenter
1042 2036 1242 2090 missas
1270 2037 1576 2094 celebrent.

143 2131 281 2185 CVI.
324 2130 408 2183 Ne
460 2128 760 2198 episcopus
806 2126 994 2197 pretio
1050 2132 1352 2196 corruptus
1405 2127 1644 2183 alterius
1690 2128 1865 2184 cleri-

216 2234 353 2273 cum
382 2216 643 2271 ordinare
669 2219 1019 2286 praesumat.

141 2308 309 2363 CVII.
349 2307 418 2360 Ut
467 2306 775 2376 episcopus
825 2304 1063 2358 clericos
1094 2302 1328 2357 alterius
1360 2305 1649 2375 parochim
1674 2307 1864 2362 nulla-

215 2401 389 2449 tenus
419 2394 655 2450 ordinet.

145 2484 336 2540 CVIII.
385 2483 456 2537 Ut
492 2483 680 2536 nullus
725 2480 1055 2551 episcopus,
1098 2478 1159 2532 in
1194 2478 1430 2534 alterius
1464 2482 1719 2555 episcopi
1763 2501 1865 2556 pa-

217 2572 441 2639 rochia,
474 2570 545 2625 ad
584 2568 1018 2642 promotionem
1048 2566 1353 2623 ministerii
1397 2572 1667 2627 accedere
1713 2590 1864 2643 prm-

215 2666 430 2715 sumat.

146 2750 277 2804 CIX.
319 2750 400 2803 Ne
431 2748 735 2819 episcOpus
785 2743 1021 2798 alterius
1055 2743 1315 2799 Ecclesiae
1366 2747 1634 2802 clericum
1685 2748 1861 2804 auda-

218 2843 337 2891 cter
362 2836 627 2890 invadere
659 2837 920 2887 attentet.

148 2926 247 2980 CX.
288 2926 363 2979 De
396 2940 509 2978 non
540 2919 965 2994 praesumendis
995 2917 1208 2972 illicitis
1238 2922 1722 2978 ordinationibus.

160 3013 288 3067 CXI.
325 3014 404 3067 De
437 3012 705 3082 episcopo
737 3025 908 3074 caeco,
942 3007 1063 3078 qui,
1101 3023 1204 3077 per
1231 3012 1638 3081 presbyterum
1671 3029 1858 3081 suum,

217 3103 617 3172 presbyterum
650 3106 708 3153 et
738 3098 1010 3152 diaconos
1042 3097 1185 3151 duos
1226 3101 1611 3157 ordinaverat.

147 3191 298 3245 CXII.
344 3189 506 3253 Quod
547 3204 662 3242 non
708 3190 973 3256 oporteat
1024 3184 1363 3259 episcopum
1410 3205 1515 3260 per
1560 3191 1863 3261 pecuniam

216 3279 553 3349 quempiam
586 3276 879 3330 ordinare.

146 3368 327 3421 CXIII.
366 3367 532 3431 Quod
562 3381 774 3419 munus
803 3364 977 3419 etiam
1010 3363 1084 3417 sit
1112 3381 1144 3417 a
1166 3364 1370 3437 lingua
1402 3367 1718 3421 vitandum.

147 3456 322 3510 CXIV.
364 3456 436 3509 Ut
479 3470 596 3508 non
648 3453 839 3507 valeat
887 3452 1174 3506 sententia
1215 3455 1492 3526 episcopi,
1543 3454 1653 3508 nisi
1693 3455 1860 3509 cleri-

217 3560 422 3598 corum
455 3557 692 3596 suorum
728 3540 1038 3611 praesentia
1065 3540 1348 3596 ﬁrmetur.

149 3632 294 3687 CXV.
334 3632 406 3685 Ut
448 3630 755 3700 episcOpus
806 3628 1123 3683 secundum
1172 3631 1424 3685 reditum
1454 3630 1859 3698 Ecclesiarum,

220 3733 533 3773 numerum
566 3716 907 3770 clericorum
940 3716 1127 3770 faciat.

152 3810 327 3864 CXVI.
359 3808 437 3861 De
464 3804 747 3877 episcopis
778 3805 1122 3875 peregrinis.

154 3897 355 3951 CXVII.
395 3895 465 3949 Ut
496 3895 723 3948 levitate
754 3899 1026 3964 vagantes
1062 3894 1339 3966 episcopi,
1385 3896 1454 3951 ad
1485 3895 1718 3967 propria
1765 3911 1856 3948 re-

223 3986 348 4039 dire
377 3984 819 4053 compellantur.

157 4074 383 4128 CXVIII.
441 4072 700 4136 Quandiu
736 4072 1038 4143 episcopus
1065 4071 1125 4127 in
1177 4074 1365 4128 aliena
1407 4074 1633 4128 civitate
1663 4089 1857 4127 remo-

224 4169 407 4216 retur.

154 4250 331 4307 CXIX.
370 4250 449 4303 De
489 4247 868 4320 suscipiendis
915 4248 1198 4321 episcopis
1249 4250 1350 4321 qui
1400 4249 1855 4322 persecutionem

222 4338 548 4408 patiuntur.

155 4426 298 4481 CXX.
330 4426 409 4479 De
440 4424 555 4478 illis
584 4423 681 4494 qui
714 4439 774 4477 se
804 4423 1003 4479 dicunt
1031 4424 1329 4497 episcopos
1359 4441 1498 4481 esse.

154 4515 321 4569 CXXI.
344 4513 601 4577 Qualiter
630 4512 925 4583 peregrini
965 4514 1215 4584 episcopi
1244 4514 1613 4585 recipiantur.

152 4603 353 4658 CXXII.
396 4603 474 4655 De
504 4601 783 4672 episcopis
822 4601 909 4656 vel
956 4603 1301 4673 presbyteris
1340 4603 1569 4674 ignotis,
1612 4607 1674 4657 ut
1722 4607 1856 4657 ante

219 4690 622 4762 probationem
674 4690 1005 4761 synodalem
1069 4691 1397 4746 ministrare
1449 4708 1567 4746 non
1613 4692 1856 4763 permit-

225 4784 444 4833 tantur.

155 4867 378 4923 CXXIII.
424 4867 496 4921 Ut
545 4865 848 4937 episcopus
879 4867 1189 4922 hostilitate
1239 4868 1510 4939 expulsus
1562 4869 1629 4923 ad
1681 4869 1856 4923 aliam

223 4960 523 5009 vacantem
550 4961 803 5009 transeat
836 4957 1165 5010 Ecclesiam.

153 5042 372 5100 CXXIV.
437 5045 514 5097 De
587 5043 873 5114 episcopis
949 5045 1105 5116 quod
1181 5060 1382 5099 omnes
1450 5045 1714 5100 homines
1770 5047 1853 5101 eis

220 5136 350 5202 jure
372 5132 603 5185 obedire
645 5132 910 5187 debeant.

154 5221 344 5276 CXXV.
396 5220 557 5285 Quod
608 5220 857 5292 episcopi
915 5221 1098 5275 claves
1136 5220 1251 5275 sint
1308 5222 1587 5291 Ecclesiaa,
1640 5226 1697 5277 et
1751 5222 1853 5277 ha-

220 5312 397 5365 beant
428 5314 772 5381 potestatem
803 5310 1068 5366 claudere
1107 5313 1335 5379 ccelum,
1379 5316 1436 5366 et
1465 5313 1686 5383 aperire
1713 5328 1851 5383 por-

223 5404 310 5451 tas
340 5399 482 5467 ejus.

150 5485 371 5543 CXXVI.
423 5487 582 5551 Quod
631 5487 925 5559 episcopos
977 5486 1253 5542 Dominus
1296 5486 1370 5543 ad
1412 5486 1851 5559 gloriﬁcandum

1152 227 1630 287 DECRETORUM
1675 233 1860 289 LIBRI
1898 235 2007 290 XX.
2046 264 2113 273 —-
2159 235 2367 290 LIBER
2411 236 2691 294 PRIMUS.

3580 250 3680 303 546

1890 358 1938 413 Α
2050 373 2110 410 se
2161 357 2417 428 elegerit,
2477 364 2533 415 et
2583 362 2739 433 quod
2792 378 2994 418 omnes
3042 365 3329 436 principes
3378 373 3543 424 terrae
3604 372 3687 425 eis

2055 445 2288 501 obedire
2315 453 2597 518 oporteat,
2630 454 2686 502 et
2715 450 2901 521 capita
2932 468 3033 506 sua
3059 453 3428 512 submittere.

1980 535 2219 676 CXIXVII.
2265 536 2343 590 De
2387 537 2686 610 episcopis,
2722 540 2879 611 quod
2925 557 2983 595 se
3020 541 3265 598 invicem
3316 544 3557 615 diligere
3588 546 3685 601 de-

2094 628 2247 678 eant.

1983 711 2251 853 CXXVIII.
2294 713 2361 767 Ut
2402 715 2706 786 episcopus
2759 716 3093 789 episcopum
3144 718 3321 773 alium
3379 737 3496 775 non
3544 738 3683 777 con-

2051 815 2119 852 cu
2146 805 2252 853 cet.

2051 805 2252 853 culcet.

1980 886 2190 942 CXXIX.
2230 888 2307 942 De
2340 889 2621 961 episcopis
2651 891 2749 963 qui
2785 908 2820 947 a
2848 909 2906 947 se
2935 893 3178 949 fratrum
3219 896 3500 967 adjutorio
3539 898 3682 954 sub-

2050 977 2347 1033 traxerint.

1979 1065 2169 1120 CXXX.
2205 1067 2283 1120 De
2324 1067 2607 1139 episcopis
2640 1069 2738 1140 qui
2779 1085 2863 1138 se,
2897 1071 3062 1142 quasi
3106 1072 3311 1127 canino
3359 1072 3551 1140 dente,
3586 1073 3681 1128 in-

2046 1153 2227 1209 vicem
2259 1157 2627 1211 corroserint.

1976 1243 2194 1299 CXXXI.
2260 1245 2338 1299 De
2411 1245 2693 1317 episcopis
2760 1248 2860 1319 qui
2925 1248 3197 1304 fratribus
3260 1265 3466 1305 nocere
3535 1250 3683 1306 desi-

2048 1332 2273 1387 derant.

1977 1420 2215 1475 CXXXII.
2256 1422 2327 1475 Ut
2368 1421 2439 1475 de
2471 1422 2734 1494 episcopo
2774 1440 2876 1478 suo
2925 1425 3119 1479 nullus
3164 1426 3459 1497 querelam
3490 1426 3679 1495 faciat,

2049 1507 2157 1560 nisi
2189 1508 2349 1577 prius
2380 1524 2511 1562 eum
2538 1510 2606 1563 de
2638 1511 2839 1566 eadem
2869 1528 3021 1582 saepe
3052 1513 3400 1583 interpellet.

1976 1596 2244 1652 CXXXIII.
2299 1598 2370 1651 Ut
2420 1598 2675 1669 episcopi
2722 1616 2757 1654 a
2806 1600 2927 1655 solo
2986 1602 3233 1655 Domino
3288 1602 3405 1655 sint
3465 1602 3680 1672 dijudi-

2047 1685 2234 1738 candi.

1978 1772 2239 1827 CXXXIV.
2299 1772 2477 1827 Nimis
2530 1774 2852 1831 timendum
2902 1781 2959 1832 et
3005 1777 3437 1848 praevidendum
3484 1794 3557 1832 ne
3606 1779 3683 1833 of-

2046 1859 2361 1914 fendantur
2379 1860 2657 1932 episcopi.

1978 1946 2212 2001 CXXXV.
2264 1948 2342 2001 De
2373 1947 2657 2018 episcopis
2699 1950 2799 2019 qui
2851 1952 2922 2006 ab
2974 1954 3177 2007 ovibus
3217 1954 3331 2009 suis
3379 1955 3683 2009 criminan-

2046 2040 2160 2099 tur,
2208 2040 2267 2089 ut
2295 2051 2495 2089 eorum
2526 2035 2854 2092 criminatio
2879 2055 2993 2092 non
3025 2041 3357 2110 recipiatur.

1977 2121 2238 2177 CXXXVI.
2311 2122 2618 2194 Episcopos
2678 2141 2712 2179 a
2767 2127 2885 2179 suis
2937 2128 3136 2184 ovibus
3194 2146 3307 2183 non
3360 2131 3681 2201 reprehen—

2046 2210 2285 2277 dendos,
2320 2212 2471 2282 quod
2511 2212 2681 2280 absit,
2714 2214 2825 2268 nisi
2854 2215 2913 2269 in
2952 2216 3064 2271 fide
3104 2218 3439 2274 erraverint.

1976 2297 2272 2354 CXXXVII.
2305 2300 2383 2353 De
2416 2300 2617 2354 eadem
2647 2317 2729 2355 re.

1976 2386 2298 2442 CXXXVIII.
2334 2388 2414 2441 De
2444 2388 2643 2443 eadem
2675 2405 2756 2444 re.

1975 2475 2237 2532 CXXXIX.
2284 2477 2361 2531 De
2392 2477 2595 2531 eadem
2621 2494 2700 2533 re.

1975 2563 2124 2617 CXL.
2158 2565 2234 2618 De
2262 2564 2554 2619 infamatis
2585 2571 2641 2620 et
2680 2566 3001 2622 dilaceratis
3045 2568 3349 2641 episcopis,
3397 2573 3456 2624 et
3483 2586 3517 2623 a
3543 2568 3677 2623 civi-

2047 2652 2261 2706 tatibus
2291 2653 2538 2724 propriis
2568 2654 2770 2724 pulsis.

1974 2740 2151 2795 CXLI.
2204 2742 2275 2795 Ut
2304 2743 2607 2813 episcopus
2652 2759 2772 2798 non
2815 2744 3182 2815 dijudicetur,
3214 2744 3314 2815 qui
3362 2745 3479 2798 suis
3511 2744 3680 2799 rebus

2044 2834 2131 2884 est
2160 2832 2527 2901 exspoliatus.

1892 2926 1933 2982 ο
1972 2918 2174 2973 CXLII.
2209 2920 2284 2973 De
2310 2919 2508 2973 eadem
2541 2936 2620 2975 re.

1974 3008 2205 3063 CXLIII.
2243 3009 2322 3063 De
2356 3009 2557 3063 eadem
2584 3027 2663 3064 re.

1973 3096 2193 3151 CXLIV.
2265 3099 2336 3153 Ut
2398 3098 2652 3169 episcopi
2698 3097 2991 3152 criminati
3057 3097 3235 3152 libere
3304 3099 3678 3169 apostolicam

2045 3187 2344 3256 appellent
2390 3187 2605 3255 sedem,
2639 3192 2695 3242 et
2742 3190 3016 3257 pleraque
3055 3187 3166 3240 alia
3197 3187 3345 3242 circa
3389 3188 3676 3259 judicium

2044 3275 2418 3329 observanda.

1972 3363 2160 3418 CXLV.
2226 3365 2534 3435 Episcopus
2592 3364 2640 3418 si
2690 3364 2758 3418 ab
2811 3364 3008 3435 aliquo
3059 3365 3344 3434 pulsatur,
3398 3381 3504 3436 per
3554 3368 3675 3438 epi-

2042 3468 2242 3522 scopos
2266 3452 2489 3523 judices
2510 3469 2680 3506 causa
2709 3451 2963 3506 ﬁniatur.

1971 3540 2189 3594 CXLVI.
2278 3541 2357 3594 De
2427 3541 2706 3611 episcopis
2770 3539 3062 3611 judicibus
3134 3557 3277 3611 quos
3352 3532 3675 3597 communis

2041 3645 2244 3683 sensus
2278 3630 2537 3699 elegerit.

1970 3716 2215 3772 CXLVII.
2304 3718 2375 3771 Ut
2448 3716 2701 3788 episcopi
2775 3715 3288 3787 comprovinciales
3367 3721 3676 3789 peregrina

2033 3806 2255 3875 judicia
2280 3822 2395 3860 non
2425 3807 2745 3877 patiuntur.

1969 3893 2236 3948 CXLVIII.
2290 3895 2367 3948 De
2418 3895 2687 3965 episcopo
2726 3892 3050 3959 criminato,
3082 3893 3129 3947 si
3171 3894 3420 3966 judicem
3470 3911 3671 3968 suspe-

2040 3988 2195 4035 ctum
2228 3982 2510 4036 habuerit.

1968 4070 2185 4125 CXLIX.
2220 4070 2279 4125 Si
2325 4071 2454 4141 quis
2493 4069 2795 4141 episcopus
2826 4068 2886 4123 in
2939 4068 3179 4123 crimine
3233 4071 3499 4127 detentus
3542 4073 3673 4127 fue-

2040 4160 2135 4228 rit,
2189 4163 2245 4213 et
2292 4176 2407 4213 non
2449 4164 2637 4230 potest
2686 4158 2967 4228 plarimos
3015 4174 3389 4230 congregare,
3440 4176 3475 4214 a
3527 4160 3669 4215 duo-

2039 4246 2223 4302 decim
2254 4247 2537 4318 episcopis
2570 4246 2860 4301 audiatur.

1967 4334 2070 4389 CL.
2106 4336 2183 4389 De
2230 4335 2500 4405 episcopo
2546 4335 2870 4399 criminato,
2907 4334 2953 4389 si
2996 4334 3251 4406 episcopi
3303 4337 3672 4409 comprovin-

2036 4424 2207 4478 ciales
2237 4424 2297 4478 in
2324 4425 2449 4494 ejus
2477 4424 2881 4479 criminatione
2907 4423 3301 4479 dissenserint.

1967 4512 2097 4568 CLI.
2152 4513 2222 4567 Ut
2280 4512 2563 4584 episcopis
2615 4513 2807 4567 nullus
2863 4512 3043 4566 laicus
3100 4512 3318 4568 crimen
3371 4514 3670 4585 imponere

2036 4601 2236 4671 possit.

1965 4689 2119 4745 CLII.
2150 4690 2313 4755 Quod
2343 4689 2563 4744 inimici
2593 4693 2950 4743 accusatores
2989 4705 3108 4744 esse
3144 4707 3260 4745 non
3288 4692 3532 4763 possint.

1965 4780 2149 4833 CLIII.
2186 4780 2256 4834 Ut
2300 4778 2555 4849 episcopi
2594 4782 2991 4831 accusatorum
3019 4779 3420 4851 episcOporum
3448 4781 3668 4851 judices

2035 4883 2155 4921 esse
2179 4866 2439 4920 debeant.

1964 4955 2137 5010 CLIV.
2190 4955 2445 5020 Qualiter
2486 4957 2782 5008 accusatus
2821 4954 3126 5025 episcopus
3170 4955 3563 5011 discutiendus
3594 4957 3668 5011 sit

2035 5044 2186 5115 apud
2245 5043 2593 5113 patriarchas
2649 5044 2739 5097 vel
2781 5044 3076 5114 primates,
3129 5049 3184 5097 et
3236 5050 3376 5114 quot
3424 5046 3663 5100 testibus

2034 5132 2293 5186 convinci
2323 5132 2549 5186 debeat.

1963 5222 2114 5277 CLV.
2152 5223 2227 5275 De
2254 5220 2589 5292 patriarchis
2628 5225 2684 5274 et
2704 5219 3063 5292 primatibus.

1963 5311 2143 5365 CLVI.
2178 5311 2255 5363 De
2293 5310 2585 5364 vocatione
2613 5308 2860 5362 accusati
2892 5308 3171 5379 episcopi.

1963 5399 2167 5455 CLVII.
2206 5398 2276 5453 Ut
2317 5397 2590 5465 primates
2623 5398 2692 5452 de
2735 5402 2998 5451 accusato
3046 5396 3316 5469 episcopo
3360 5414 3479 5454 non
3529 5405 3658 5455 ante

2033 5486 2377 5543 sententiam
2404 5485 2700 5558 proferant
2726 5485 3130 5554 damnationis,
3164 5502 3335 5559 quam
3367 5492 3465 5543 aut
3492 5504 3656 5542 reum
