4022 6190
390 298 492 352 547

1471 291 1801 348 BUBCHAR
1814 290 1885 347 1)1
1923 291 2458 349 WORMACIENSIS
2497 289 2834 347 EPISCOPI.
3753 299 3834 352 548

459 418 711 490 seipsum
751 415 1111 485 conﬁteatur,
1151 420 1252 470 aut
1295 415 1570 470 canonice
1609 431 1715 486 per
1759 415 2091 470 innocentes
2119 417 2166 471 Α
2206 414 2481 470 CLXXXV.
2521 415 2599 469 De
2629 413 2912 484 episcopis
2954 412 3076 484 qui,
3129 429 3187 468 se
3218 412 3555 482 viventibus,
3599 433 3844 475 successo-

461 512 632 562 testes
658 505 1047 560 convincatur.

388 597 620 652 CLVIII.
659 594 854 659 Qualis
883 594 1099 664 primas
1129 608 1270 653 esse.
1300 593 1388 646 vel
1417 591 1556 663 quid
1591 607 1761 662 agere
1792 592 2017 647 debeat.

389 685 559 739 CLIX.
603 683 673 737 Ut
719 683 974 753 episcopi
1022 682 1383 752 singularum
1435 680 1697 751 gentium
1738 681 1922 736 sciant
1965 679 2094 752 quis

457 773 610 827 inter
638 787 736 826 eos
766 770 839 824 sit
868 770 1112 840 primus.

391 861 538 917 CLX.
574 861 642 914 Ut
671 859 975 930 episcopus
1016 862 1308 912 accusatus
1345 873 1465 911 non
1515 857 1926 912 communione
1974 855 2088 928 pri-

461 953 642 1014 vetur,
671 947 784 1000 nisi
816 947 908 1000 die
938 949 1150 1000 statuta
1178 945 1372 1000 venire
1407 946 1679 1000 noluerit.

390 1038 560 1092 CLXI.
599 1038 674 1091 De
715 1036 957 1090 Maximo
1006 1034 1295 1106 episcopo,
1348 1035 1521 1088 variis
1551 1034 1892 1088 criminibus
1939 1033 2094 1088 infa-

463 1131 642 1188 mato,
684 1129 740 1178 et
781 1124 852 1178 ad
883 1123 1166 1194 synodum
1223 1123 1438 1193 sapius
1487 1129 1706 1190 vocato,
1755 1122 1856 1193 qui
1901 1122 2095 1177 venire

462 1219 518 1268 et
548 1229 606 1268 se
637 1227 904 1267 excusare
935 1213 1288 1282 neglexerat.

391 1302 593 1358 CLXII.
640 1302 716 1356 De
747 1300 1018 1370 episcopo
1049 1295 1342 1370 inculpata
1375 1299 1476 1371 qui
1507 1299 1577 1353 ad
1611 1299 1892 1370 synodum
1929 1315 2092 1354 voca-

458 1397 551 1446 tus
575 1390 770 1443 venire
805 1394 1249 1458 contempserat.

389 1478 621 1532 CLXIII.
654 1476 760 1540 Qui
795 1477 1066 1546 primates
1095 1475 1229 1540 sint,
1265 1475 1364 1545 qui
1395 1476 1844 1546 metrOpolitani.

390 1566 587 1619 CIXIV.
638 1564 797 1628 Quod
855 1565 1116 1633 neganda
1167 1565 1241 1616 sit
1291 1564 1566 1618 accusatis
1623 1564 1852 1618 licentia
1901 1565 2094 1619 crimi-

460 1652 658 1716 nandi,
691 1652 1030 1722 priusquam
1060 1667 1118 1704 se
1150 1651 1390 1705 crimine
1441 1653 1721 1717 exuerint,
1756 1661 1812 1706 et
1841 1653 2094 1707 familia-

463 1741 623 1794 ribus
653 1744 828 1809 atque
859 1744 1064 1808 sponte
1111 1738 1400 1802 confessis,
1452 1744 1510 1791 et
1539 1739 1629 1791 his
1681 1739 1780 1810 qui
1829 1739 2094 1793 hesterno

459 1833 559 1881 aut
592 1826 880 1899 perendie,
915 1833 1013 1879 aut
1032 1831 1162 1879 ante
1192 1826 1428 1880 fuerunt
1451 1825 1692 1880 inimici.

391 1917 584 1971 CLXV.
647 1916 723 1969 De
775 1914 1272 1968 criminationibus
1333 1915 1604 1968 adversus
1668 1914 1930 1969 doctores
1976 1931 2094 1968 non

460 2002 859 2074 suscipiendis,
893 2008 948 2055 et
969 2002 1037 2056 de
1066 2002 1387 2072 peregrinis
1411 2001 1662 2072 judiciis.

391 2092 607 2146 CLXVI.
670 2091 739 2144 Ut
791 2091 1062 2144 adversus
1118 2089 1408 2144 doctorem
1476 2089 1866 2144 accusationes
1922 2106 2092 2145 nemo

461 2177 756 2249 suscipiat.

386 2268 635 2322 CLXVII.
696 2266 764 2320 Ut
813 2281 985 2321 nemo
1035 2265 1372 2338 episcopum
1431 2266 1584 2338 apud
1641 2267 1940 2322 saeculares
1995 2283 2090 2322 ac-

461 2360 639 2410 cuset.

389 2444 666 2500 CLXVIII.
723 2445 800 2499 De
853 2442 1138 2514 episcopis
1192 2443 1254 2497 in
1301 2443 1584 2514 judicium
1646 2444 1916 2498 saculare
1977 2460 2094 2498 non

461 2533 748 2588 vocandis.

387 2620 603 2676 CLXIX.
642 2620 714 2674 Ut
744 2636 861 2674 non
887 2623 1186 2674 accusetur
1215 2619 1520 2690 episcopus
1550 2636 1584 2674 a
1612 2619 1951 2674 criminosis.

389 2709 579 2766 CLXX.
659 2709 824 2773 Quod
893 2709 1088 2762 nullus
1164 2709 1465 2779 episcopus
1517 2714 1678 2764 extra
1731 2724 1894 2763 suam
1959 2725 2093 2780 pro-

457 2799 705 2852 vinciam
737 2799 806 2852 ad
832 2797 1118 2867 judicium
1153 2796 1445 2851 invitetur.

386 2887 606 2944 CLXXI.
677 2887 758 2941 De
824 2885 1272 2951 accusatoribus,
1351 2890 1408 2940 et
1479 2885 1723 2942 testibus
1796 2885 2095 2957 episcopo-

458 2992 611 3029 rum.

387 3064 632 3119 CLXXII.
670 3062 747 3116 De
779 3062 978 3117 eadem
1011 3077 1093 3117 re.

388 3152 656 3207 CLXXIII.
691 3150 830 3214 Qua
857 3150 974 3204 sint
999 3148 1244 3204 infames
1272 3166 1555 3220 persona.

389 3240 673 3295 CLXXIV.‘
707 3239 783 3292 De
831 3238 1098 3308 episcopo
1147 3244 1432 3305 accusato,
1466 3243 1521 3292 et
1551 3239 1622 3294 ab
1665 3239 2091 3295 accusatoribus

461 3326 823 3397 recipiendis,
852 3331 908 3379 et
937 3327 1255 3381 vocatione.

390 3416 625 3470 CLXXV.
678 3415 757 3468 De
805 3415 1179 3470 damnatione
1223 3415 1647 3487 episcoporum,
1697 3417 2091 3472 accusantium

463 3505 796 3573 episcopum
837 3503 1054 3574 absque
1084 3503 1424 3558 auctoritate
1455 3505 1783 3574 apostolica
1813 3505 1980 3560 sedis.

393 3592 655 3648 CLXXVI.
721 3593 790 3646 Ut
846 3597 1141 3645 accusatus
1203 3592 1291 3646 vel
1342 3591 1634 3662 judicatus
1685 3593 1755 3647 ab
1811 3594 2092 3664 episcopis

461 3679 1056 3751 comprovincialibus,
1106 3681 1348 3736 licenter
1379 3683 1649 3752 appellet,
1681 3687 1738 3737 et
1781 3683 1949 3738 adeat
1978 3683 2089 3738 Ro-

461 3785 697 3823 manum
729 3768 1082 3838 pontiﬁcem.

390 3857 677 3912 CLXXVII.
725 3859 791 3912 Ut
829 3873 932 3927 per
968 3857 1178 3928 scripta
1225 3858 1442 3914 nullius
1487 3858 1771 3913 accusatio
1817 3859 2090 3930 suscipia-

462 3954 556 3999 tur
584 3961 652 3999 eo
685 3945 918 3998 absente
950 3948 1047 4014 qui
1080 3952 1393 3999 accusatur.

390 4032 705 4088 CLXXVIII.
761 4033 829 4086 Ut
873 4032 1224 4086 difﬁciliores
1244 4048 1431 4086 causa
1463 4034 1533 4087 ad
1567 4033 1786 4102 apicem
1818 4035 2090 4089 Romana

459 4123 609 4177 sedis
641 4121 987 4187 referantur,
1019 4126 1082 4174 ut
1109 4123 1426 4190 apostolico
1448 4121 1831 4178 terminentur
1843 4124 2086 4195 judicio,

459 4213 623 4281 cujus
680 4211 830 4264 sedis
897 4209 1236 4265 auctoritate
1289 4227 1488 4266 omnes
1552 4211 1816 4267 Ecclesia
1874 4228 2084 4284 regun-

458 4303 572 4352 tur.

390 4387 652 4442 CLXXIX.
713 4385 876 4451 Quod
945 4401 1146 4440 omnes
1209 4387 1462 4458 episcopi
1521 4389 1746 4460 possint
1797 4389 2090 4460 appellare

463 4475 781 4528 Romanam
811 4473 1004 4529 sedem
1034 4473 1094 4528 in
1133 4476 1566 4532 necessitatibus
1597 4477 1789 4548 positi.

391 4565 624 4618 CLXXX.
692 4563 769 4617 De
839 4563 1087 4618 induciis
1157 4564 1594 4620 criminatorum
1664 4565 2086 4637 episcoporum,

463 4654 662 4723 quales
693 4668 813 4706 esse
839 4651 1066 4706 debent.

388 4739 648 4793 CLXXXI.
685 4739 763 4793 De
790 4739 1062 4810 episcopo
1102 4739 1486 4808 Centuriensi,
1535 4741 1636 4813 qui
1665 4757 1896 4796 causam
1927 4757 2087 4796 suam

458 4827 517 4880 in
549 4827 761 4898 synodo
791 4843 961 4898 agere
993 4834 1281 4883 renuerat.

388 4915 674 4970 CLXXXII.
709 4916 996 4992 Iudicium
1028 4916 1282 4986 episcopi
1312 4916 1414 4987 qui
1444 4933 1550 4987 pro
1602 4917 1844 4971 crimine
1877 4917 2090 4988 ejectus

457 5004 530 5057 ab
582 4999 792 5072 ofﬁcio,
853 5010 1052 5074 postea
1117 5004 1512 5076 episcopatum
1578 5023 1740 5061 more
1805 5005 2090 5077 pradonis

458 5091 688 5146 invasit.

389 5181 696 5235 CLXXXIII.
739 5181 854 5236 Cur
901 5180 1082 5236 sancti
1113 5180 1358 5252 apostoli
1387 5197 1703 5255 eorumque
1737 5199 2091 5238 successores

457 5268 747 5323 voluerint
812 5269 1105 5323 difﬁcilem
1168 5283 1290 5324 esse
1345 5269 1767 5326 accusationem
1831 5271 2091 5326 sacerdo-

458 5361 602 5411 tum.

385 5445 694 5500 CLXXXIV.
758 5445 818 5499 Si
873 5444 1177 5516 episcopus
1230 5445 1500 5516 expulsus
1559 5463 1731 5503 ausus
1780 5447 1955 5504 fuerit
2002 5446 2089 5502 in-

457 5532 620 5604 gredi
651 5531 969 5589 civitatem.

2277 521 2366 558 res
2391 505 2608 574 eligere
2631 503 2974 558 desiderant.

2205 593 2511 648 CLXXXVI.
2564 593 2635 646 Ut
2663 594 2930 662 episcopo
2981 591 3208 645 vivente
3258 589 3452 646 nullus
3495 596 3849 664 superordine-

2345 697 2389 734 ι’.

2206 685 2534 824 Οἰέἰιὶέὶζνῐῐ.
2584 768 2747 833 Quod
2804 784 2922 823 non
2980 767 3150 823 liceat
3198 768 3464 839 episcopo
3519 785 3849 826 successorem

2429 875 2508 912 re.

2205 860 2564 1003 CLgng;V(III.
2616 946 2777 1010 Quod
2815 961 3104 1018 nusquam
3153 961 3406 999 canones
3453 947 3776 1018 pracipiant,
3805 957 3853 1003 ut

2273 1053 2378 1108 pro
2407 1035 2753 1106 agritudine
2792 1035 3065 1106 episcopi,
3111 1034 3257 1088 alius
3287 1036 3567 1100 succedat,
3596 1042 3647 1089 et
3677 1037 3715 1090 si
3752 1037 3850 1108 ipse

2274 1141 2378 1195 pro
2410 1140 2512 1177 sua
2544 1123 2807 1178 molestia
2837 1123 3086 1194 petierit,
3119 1124 3373 1194 qualiter
3401 1123 3524 1176 ﬁeri
3554 1125 3730 1193 possit.

2205 1214 2507 1269 CLXXXIX.
2567 1214 2645 1267 De
2697 1211 3039 1268 Ariminensi
3111 1212 3406 1282 episcopo,
3459 1212 3644 1266 dolore
3688 1213 3850 1283 capitis

2276 1301 2596 1367 laborante,
2629 1305 2686 1355 ct
2723 1300 2783 1354 in
2816 1301 2940 1371 ejus
2965 1301 3092 1355 loco
3123 1301 3303 1354 altero
3325 1301 3647 1370 subrogato.

2207 1408 2351 1463 CXC.
2388 1409 2465 1462 De
2491 1407 2763 1478 episcopo
2795 1407 2896 1478 qui
2939 1423 3044 1478 per
3071 1406 3471 1461 inﬁrmitatem
3514 1406 3571 1459 in
3598 1406 3847 1461 hebetudi-

2277 1513 2407 1550 nem
2443 1496 2652 1550 mentis
2681 1496 2974 1549 inciderit.

2207 1586 2378 1641 CXCI.
2415 1586 2492 1638 De
2519 1584 2790 1654 episcopo
2830 1584 2931 1654 qui
2962 1587 3198 1654 propter
3227 1582 3492 1636 dolorem
3521 1583 3707 1652 capitis
3733 1600 3847 1653 sepe

2278 1675 2339 1728 in
2370 1675 2682 1728 amentiam
2709 1674 3033 1727 devenerat.

2209 1763 2402 1818 CXCII.
2453 1763 2530 1816 De
2568 1761 2846 1816 restitutis
2891 1760 3171 1831 episc0pis
3217 1776 3322 1831 per
3363 1762 3671 1815 Romanum
3700 1760 3847 1829 ponti-

2273 1852 2458 1904 licem.

2201 1939 2422 1995 CXCIII.
2484 1939 2555 1993 Ut
2601 1937 2922 1992 sacerdotes
2972 1937 3219 2004 Domini,
3266 1937 3419 1991 sicut
3461 1937 3655 2005 vulgus
3698 1936 3840 1990 facere

2274 2028 2438 2092 solet,
2465 2027 2662 2098 jurare
2697 2042 2810 2080 non
2843 2030 3213 2096 prasumant,
3245 2026 3334 2079 vel
3375 2025 3778 2095 compellantur.

2203 2115 2427 2171 CXCIV.
2489 2117 2567 2169 De
2619 2115 2886 2185 episcopo
2939 2114 3172 2167 sinistro
3202 2129 3437 2167 rumore
3495 2129 3726 2184 asperso,
3771 2129 3846 2183 per

2273 2209 2696 2258 sacramentum
2727 2208 2920 2257 autem
2953 2208 3012 2256 et
3041 2206 3286 2273 purgato
3319 2207 3380 2256 et
3411 2201 3680 2255 absoluto.

2203 2310 2395 2365 CXCV.
2477 2309 2768 2364 Correctio
2837 2307 3092 2380 episcopi

2275 2399 2418 2452 buit.

2205 2487 2422 2542 CXCVI.
2474 2487 2551 2540 De
2597 2486 2868 2557 episcopo
2919 2501 3024 2555 per
3073 2489 3499 2540 sacramentum
3553 2487 3771 2556 purgato
3815 2488 3858 2534 et

2276 2574 2560 2628 absoluto.

2206 2663 2445 2718 CXCVII.
2485 2661 2746 2726 Qualiter
2794 2676 2963 2715 senex
3012 2659 3315 2732 episcopus
3363 2659 3742 2731 corripiendus
3785 2656 3856 2721 sit,

2277 2757 2335 2805 et
2418 2751 2708 2822 quomodo
2766 2749 2904 2804 mali
2972 2751 3100 2820 ejus
3159 2749 3458 2804 consiliari
3519 2745 3860 2803 excommuni-

2275 2840 2470 2896 candi.

2205 2928 2474 2982 CXCVIII.
2511 2929 2588 2981 De
2619 2927 2962 2998 purgatione
2989 2926 3188 2982 Leonis
3216 2942 3406 2996 papa.

2201 3016 2420 3072 CXCIX.
2471 3015 2529 3071 Si
2579 3017 2708 3087 quis
2759 3032 2824 3069 ex
2884 3015 3264 3070 ecclesiastico
3322 3014 3531 3069 ordine
3603 3013 3858 3068 damnatus

2269 3104 2444 3159 fuerit
2468 3121 2501 3158 a
2528 3104 2766 3176 synodo,
2815 3109 2871 3158 et
2901 3120 3073 3158 ausus
3121 3103 3294 3158 fuerit
3325 3103 3400 3158 de
3433 3119 3588 3157 sacro
3638 3101 3848 3155 ministe-

2270 3192 2355 3245 rio
2387 3192 2607 3262 aliquid
2637 3192 2990 3263 contingere.

3171 2306 3272 2378 qui
3347 2306 3714 2361 concubinam
3774 2306 3850 2359 ba-

2201 3298 2302 3354 CC.
2355 3297 2411 3354 Si
2459 3297 2669 3369 aliquis
2715 3315 2785 3352 ex
2831 3297 3208 3352 ecclesiastico
3255 3297 3463 3352 ordine
3507 3293 3851 3351 excommuni-

2270 3391 2430 3441 catus
2445 3387 2635 3453 fuerit,
2657 3391 2715 3442 et
2730 3387 3159 3442 communicare
3175 3386 3626 3458 praesumpserit,
3641 3385 3853 3454 seipsum

2269 3475 2524 3529 damnat.

2199 3563 2326 3618 CCI.
2362 3563 2438 3617 De
2467 3561 2748 3617 ordinatis
2788 3562 2837 3616 si
2869 3561 3077 3634 aliquis
3123 3562 3356 3618 illorum
3391 3577 3684 3635 percussor
3717 3557 3854 3614 exsti-

2267 3650 2420 3705 terit.

2199 3740 2351 3794 CCII.
2387 3740 2465 3793 De
2494 3737 2779 3810 episcopis
2806 3755 2909 3794 sua
2937 3754 3112 3792 manu
3143 3739 3517 3794 cadentibus.

2199 3829 2372 3884 CCIII.
2409 3829 2486 3882 De
2535 3827 2632 3882 illo
2663 3829 2764 3898 qui
2811 3828 3065 3899 seipsum
3093 3832 3150 3882 et
3194 3828 3304 3882 sibi
3342 3828 3671 3884 commissos
3713 3823 3852 3880 corri-

2269 3932 2404 3987 gere
2436 3916 2776 3987 neglexerit.

2201 4006 2374 4062 CCIV.
2407 4005 2483 4059 De
2514 4005 2715 4059 eadem
2748 4020 2831 4059 re.

2199 4112 2348 4168 CCV.
2383 4113 2460 4166 De
2487 4113 2639 4166 malo
2664 4115 2894 4182 pastore
2926 4127 3101 4182 quem
3129 4128 3245 4166 sua
3272 4128 3406 4166 oves
3437 4112 3681 4182 fugiunt.

2202 4200 2372 4255 CCVI.
2409 4199 2488 4254 De
2519 4199 2618 4254 illo
2644 4199 2744 4270 qui
2776 4199 3134 4253 nobilitatem
3161 4199 3260 4254 Dei
3295 4216 3328 4253 a
3364 4215 3425 4254 se
3461 4200 3633 4270 ejicit.

2203 4288 2402 4344 CCVII.
2455 4287 2618 4352 Quod
2666 4303 2784 4341 non
2831 4292 2966 4342 sunt
3015 4303 3213 4342 omnes
3256 4286 3358 4342 ﬁlii
3410 4293 3749 4353 sanctorum,
3784 4280 3861 4353 qui

2271 4381 2468 4430 tenent
2497 4377 2618 4430 loca
2647 4380 2999 4430 sanctorum.

2201 4465 2422 4521 CCVIII.
2451 4464 2610 4528 Quod
2642 4465 2835 4519 nullus
2879 4480 2946 4519 ex
2979 4479 3212 4535 genere,
3245 4479 3349 4519 nec
3391 4479 3458 4518 ex
3506 4466 3628 4519 loco
3667 4455 3862 4533 gloriari

2270 4553 2496 4608 debeat.

2201 4641 2371 4696 CCIX.
2408 4640 2485 4694 De
2511 4638 2898 4694 sacerdotibus
2929 4639 3030 4711 qui
3058 4639 3258 4695 ovibus
3287 4639 3406 4694 suis
3448 4641 3598 4695 mala
3640 4633 3862 4705 exempla

2273 4727 2547 4800 prabent.

2202 4833 2347 4890 CCX.
2397 4835 2467 4888 Ut
2513 4837 2737 4888 tantum
2779 4849 2976 4890 curam
3015 4849 3209 4888 rerum
3241 4834 3739 4889 ecclesiasticarum
3764 4827 3862 4898 epi-

2274 4937 2480 4992 scopus
2507 4921 2734 4976 habeat.

2201 5010 2374 5065 CCXI.
2427 5011 2505 5064 De
2555 5026 2663 5064 usu
2714 5009 2894 5081 pallii,
2925 5025 2998 5066 ne
3043 5026 3077 5065 a
3125 5010 3586 5082 metropolitanis
3631 5017 3866 5079 praesum-

2271 5097 2430 5168 ptive
2461 5102 2673 5152 utatur.

2204 5183 2396 5238 CCXII.
2442 5182 2604 5246 Quod
2653 5182 2954 5255 episcopus
2999 5199 3090 5238 res
3119 5200 3237 5238 sua
3281 5183 3566 5250 Ecclesia,
3612 5181 3718 5236 nisi
3754 5191 3861 5231 cum

2271 5287 2374 5324 suo
2401 5271 2564 5342 prius
2595 5277 2929 5339 commutet,
2969 5276 3380 5328 testamentare
3413 5289 3530 5327 non
3556 5270 3748 5342 possit.

2202 5359 2426 5415 CCXIII.
2465 5359 2544 5414 De
2593 5359 2864 5431 episcopo
2895 5360 2994 5432 qui
3043 5377 3134 5416 res
3187 5377 3306 5417 sua
3346 5360 3608 5417 Ecclesia
3652 5352 3866 5428 parenti-

2277 5446 2382 5501 bus
2411 5446 2530 5501 suis
2569 5447 2874 5503 indiscrete
2906 5447 3128 5505 tribuit.

2207 5536 2424 5590 CCXIV.
2461 5536 2539 5590 De
2567 5537 2766 5592 eadem
2795 5553 2877 5594 re.
