3960 6192
134 215 234 267 549

1137 209 1610 267 DECRETORUM
1656 209 1836 264 LIBRI
1877 208 1987 265 XX.
2022 238 2089 248 —
2134 206 2339 264 LIBER
2372 209 2647 266 PRIMUS.

3543 222 3647 272 550

134 336 321 392 CCXV.
362 335 440 391 Ne
469 333 772 405 episcopus
810 331 880 387 de
902 332 1075 388 rebus
1099 332 1347 388 viduatae
1377 331 1639 388 Ecclesia;
1670 332 1838 403 quid-
1867 337 1912 389 A
1950 332 2186 386 CCXXV.
2217 332 2358 386 Item
2379 332 2448 386 de
2479 331 2842 388 ordinatione
2871 334 3148 407 episcopi.

203 441 382 495 quam
415 424 664 477 alienare
696 428 1027 492 praesumat.

134 513 350 570 CCXVI.
390 513 463 565 De
494 512 605 565 illis
635 511 734 583 qui
794 511 863 564 ad
915 512 1275 567 sacerdotum
1305 509 1603 581 exsequias
1634 509 1828 564 venire

198 602 579 655 contendunt.

135 691 377 746 CCXVII.
416 691 484 745 Ut
538 688 817 760 quidquid
860 688 1127 760 episcopo
1173 689 1541 760 relinquitur,
1571 688 1631 743 id
1660 688 1829 742 emis-

195 796 328 833 sum
361 782 423 833 in
452 779 746 832 facultates
787 777 1049 833 Ecclesiae
1087 782 1474 849 computetur.

134 869 399 925 CCXVIII.
465 868 532 921 Ut
589 868 781 921 nullus
828 867 1152 938 episcopus,
1230 867 1342 921 nisi
1408 883 1539 921 cum
1592 867 1831 922 consilio

194 963 536 1013 cmterorum
586 956 992 1026 episcoporum
1047 961 1104 1011 et
1145 955 1441 1027 principis,
1492 956 1552 1010 in
1608 956 1831 1011 hostem

193 1048 285 1100 ire
313 1046 539 1099 debeat.

134 1136 347 1191 CCXIX.
388 1135 462 1188 De
490 1133 690 1187 eadem
719 1149 799 1186 re.

131 1223 317 1279 CCXX.
354 1224 433 1276 De
465 1237 534 1275 eo
564 1221 613 1275 si
652 1221 779 1292 quis
816 1221 888 1275 ab
932 1220 1248 1291 apostolico
1296 1220 1500 1276 falsam
1533 1221 1833 1292 epistolam

195 1310 489 1366 detulerit.

130 1400 341 1455 CCXXI.
383 1401 460 1453 De
489 1397 762 1453 accusatis
781 1396 1083 1468 episcopis.

131 1489 376 1544 CCXXII.
409 1486 572 1551 Quod
604 1502 717 1540 non
760 1486 834 1539 ita
878 1486 937 1538 iu
986 1483 1383 1538 ecclesiasticis
1436 1482 1728 1554 agendum
1760 1479 1834 1533 sit

195 1577 465 1646 negotiis,
497 1576 642 1628 sicut
670 1575 729 1628 in
763 1573 1152 1628 saecularibus.

130 1665 398 1719 CCXXIII.
455 1664 614 1727 Quod
663 1664 831 1729 nulli,
886 1678 1034 1733 papa
1087 1662 1332 1729 vivente,
1388 1661 1565 1714 alium
1622 1657 1835 1729 eligere

195 1753 388 1805 liceat.

131 1840 393 1895 CCXXIV.
428 1840 505 1893 De
546 1839 796 1894 sessione
820 1838 1091 1910 episcopi.

1939 421 2201 475 CCXXVI.
2235 421 2370 485 Quae
2409 422 2729 475 sacerdotes
2752 423 2851 476 Dei
2878 424 3166 479 declinare
3199 426 3463 483 debeant.

1941 510 2225 564 CCXXVII.
2293 511 2370 565 De
2421 510 2759 565 haereditate
2833 512 3087 584 episcopi
3147 522 3491 572 caeterorum
3548 537 3647 574 ec—

2015 598 2481 653 clesiasticorum.

1940 686 2252 741 CCXXVII].
2306 689 2385 741 Ne
2423 687 2674 760 episcopi
2722 695 2957 761 propter
3004 709 3166 747 suam
3207 694 3483 764 quietem,
3523 697 3645 767 ple-

2011 776 2142 829 bem
2174 775 2282 829 sibi
2321 777 2684 832 commissam
2729 779 3020 849 negligere
3058 789 3430 851 praesumant.

1942 864 2196 918 CCXXIX.
2256 865 2331 918 De
2388 865 2666 936 episcopis
2714 867 2833 937 qui,
2884 885 2998 922 non
3053 870 3294 925 visitatis
3333 873 3642 942 parochiis,
3748 904 3751 905 ν

2011 952 2262 1022 pretium
2292 953 2585 1007 servitutis
2618 957 2943 1026 requirunt.

1944 1042 2172 1096 CCXXX.
2206 1043 2285 1095 De
2333 1043 2677 1113 purgatione
2718 1045 3139 1116 episcoporum.

1943 1129 2202 1183 CCXXXI.
2242 1131 2319 1184 De
2359 1146 2427 1185 eo
2480 1131 2581 1202 qui
2612 1149 2680 1186 ex
2744 1135 3027 1189 monacho
3084 1136 3267 1191 factus
3295 1137 3470 1193 fuerit
3531 1140 3646 1210 epi-

2015 1235 2240 1288 scopus.

1945 1306 2222 1362 CCXXXII.
2274 1309 2351 1361 De
2404 1308 2502 1362 illo
2552 1309 2649 1380 qui
2707 1310 2776 1364 de
2822 1310 3013 1382 aliqua
3061 1312 3267 1367 haeresi
3308 1313 3640 1379 infamatur,

2015 1396 2168 1465 quod
2206 1395 2265 1448 in
2298 1412 2454 1449 sacro
2476 1403 2760 1452 conventu
2792 1397 3102 1453 formulam
3132 1400 3296 1454 istius
3333 1402 3640 1472 professio-

2015 1485 2103 1536 nis
2127 1483 2363 1538 recitare
2389 1485 2613 1539 debeat.

1868 1610 1907 1662 Β
1946 1572 2278 1662 CCXXXIII.
2331 1572 2405 1625 De
2454 1572 2737 1627 damnatis
2785 1575 3092 1645 episcopis,
3140 1580 3198 1630 et
3254 1581 3383 1647 post
3438 1593 3637 1632 recon-

2016 1658 2241 1712 ciliatis.

1946 1747 2251 1801 CCXXXIV.
2290 1748 2367 1800 De
2402 1748 2797 1819 episcoporum
2843 1751 3340 1806 transmutatione.

2368 1837 2574 1891 Indicis
2603 1839 2965 1906 capitulorum
2993 1839 3145 1910 ﬁnis.

1471 2193 2313 2299 BURCHABDI

1248 2410 1597 2467 ECCLESI/E
1636 2409 2172 2465 WORMACIENSIS
2212 2411 2525 2466 EPISCOPI

453 2607 1806 2757 DECRETORUM
1907 2611 2499 2757 LIBER
2600 2519 3336 2763 PRIMUS

1390 2886 1491 2951 DE
1539 2886 1907 2953 PRIMATU
1956 2888 2383 2954 ECCLESIZE.

129 3246 255 3299 CAP.
290 3245 332 3298 I.
368 3273 437 3282 -—
462 3243 612 3310 Quod
658 3246 716 3296 in
770 3244 917 3299 Novo
981 3245 1312 3298 Testamento
1373 3250 1493 3313 post
1550 3245 1825 3302 Christum
1859 3248 1898 3301 C
1936 3246 2266 3301 ordinatum
2296 3259 2415 3298 esse
2463 3242 2772 3309 credimus,
2827 3260 2899 3297 ne
2947 3260 3151 3298 omnes
3190 3246 3404 3315 posteri
3435 3262 3639 3301 eorum

199 3317 492 3369 Dominum
562 3321 805 3368 nostrum
853 3330 887 3367 a
965 3317 1119 3369 Petro
1190 3315 1543 3371 sacerdotalis
1616 3321 1833 3387 coeperit

196 3386 600 3524 ῗέίξέρίειοια
655 3454 906 3509 Anacleti
927 3469 1085 3523 papa
1141 3454 1215 3508 ad
1243 3457 1516 3525 episcopos
1550 3457 1723 3511 Italiae
1751 3459 1834 3511 di-

126 3548 320 3609 recta.)
358 3545 419 3597 In
459 3544 611 3596 Novo
642 3547 831 3596 autem
862 3542 1224 3595 Testamento
1252 3550 1379 3612 post
1409 3545 1697 3598 Christum
1728 3547 1829 3600 do-

127 3632 357 3686 minum
389 3636 669 3697 nostrum,
731 3646 765 3683 a
821 3631 986 3683 Petro
1048 3631 1412 3685 sacerdotalis
1464 3634 1638 3701 coepit
1668 3634 1828 3700 ordo,

126 3723 264 3788 quia
295 3720 407 3790 ipsi
436 3719 625 3789 primo
656 3719 1020 3788 pontificatus
1073 3719 1134 3773 in
1189 3719 1432 3774 Ecclesia
1483 3721 1691 3775 Christi
1729 3721 1830 3776 da-

125 3812 216 3860 tus
246 3812 356 3872 est,
391 3807 614 3860 dicente
670 3806 915 3860 Domino
963 3806 1029 3860 ad
1064 3823 1197 3860 eum
1232 3823 1244 3860 :
1285 3808 1367 3861 Tu
1404 3824 1463 3861 es
1493 3810 1710 3876 Petrus,
1775 3816 1832 3863 et

127 3911 301 3964 super
358 3896 507 3948 hanc
558 3900 778 3966 petram
836 3894 1130 3949 aediﬁcabo
1175 3896 1475 3949 Ecclesiam
1534 3913 1742 3965 meam,
1775 3904 1833 3952 et

126 3992 309 4053 portae
371 3984 538 4037 inferi
570 4000 687 4037 non
736 3985 1127 4054 prtevalebunt
1155 3986 1423 4038 adversos
1453 4001 1602 4052 eam,
1637 3992 1705 4039 tet
1725 3986 1831 4040 tibi

128 4072 275 4126 dabo
305 4073 495 4125 claves
526 4072 688 4142 regni
720 4073 1010 4125 caelorum.
1054 4072 1154 4125 Hic
1185 4087 1320 4142 ergo
1366 4072 1585 4142 ligandi
1612 4075 1832 4128 solven-

124 4159 298 4230 dique
332 4165 673 4229 potestatem
700 4159 922 4229 primns
948 4159 1167 4229 accepit
1206 4175 1239 4212 a
1273 4160 1545 4227 Domino,
1572 4162 1829 4231 primus-

126 4265 237 4320 que
267 4251 339 4302 ad
392 4248 563 4302 ﬁdem
594 4250 884 4319 populum
933 4250 1031 4303 Dei
1071 4248 1299 4319 gratia,
1347 4255 1405 4304 et
1452 4251 1662 4306 virtute
1710 4268 1827 4306 suas

126 4337 556 4405 praedicationis
582 4336 834 4390 adduxit.

125 4424 251 4478 CAP.
289 4426 437 4477 II.-—
470 4426 541 4478 De
588 4424 875 4492 privilegio
902 4423 1052 4479 beato
1095 4425 1249 4479 Petro
1289 4427 1505 4481 Domini
1562 4428 1678 4480 vice
1736 4442 1829 4482 so-

193 4494 471 4548 tummodo
516 4498 810 4562 commisso,
872 4501 922 4551 et
982 4495 1308 4550 discretione
1349 4502 1657 4566 potestatis,
1710 4515 1829 4567 quae

192 4568 345 4619 inter
380 4567 647 4634 apostolos
675 4568 808 4630 fuit.
1450 4583 1455 4589 '

189 4655 309 4723 (Ea:
377 4655 603 4722 epistola
650 4653 971 4708 Melchiadis
1014 4669 1194 4723 papz,
1250 4656 1511 4725 Hispanis
1564 4658 1828 4725 episcopis

120 4741 384 4811 directa.)
416 4745 600 4812 Atque
645 4742 751 4795 hoc
806 4742 1170 4812 privilegium
1199 4742 1364 4796 beato
1394 4742 1678 4814 clavigero
1732 4745 1831 4797 Pe-

118 4836 227 4894 tro,
258 4846 369 4883 sua
395 4830 514 4883 vice
544 4830 905 4883 solummodo
961 4830 1267 4897 commisit,
1299 4830 1454 4901 quod
1504 4830 1627 4901 ejus
1673 4832 1828 4901 juste

117 4918 569 4989 praerogativum
603 4918 872 4971 successit
898 4918 1038 4983 sedi,
1082 4919 1289 4972 futuris
1346 4919 1825 4987 baereditandum,

118 5015 297 5078 atque
331 5006 645 5061 tenendum
700 5008 1076 5077 temporibus,
1110 5008 1397 5077 quomodo
1429 5015 1485 5062 et
1512 5008 1663 5062 inter
1704 5011 1829 5064 bea-

116 5096 376 5149 tissimos
406 5096 698 5165 apostolos
752 5095 863 5149 fuit
891 5094 1153 5165 quaedam
1184 5095 1447 5151 discretio
1504 5099 1824 5167 potestatis.

117 5185 182 5238 Et
230 5185 373 5238 licet
427 5189 761 5237 cunctorum
802 5199 905 5254 par
971 5184 1173 5238 electio
1226 5184 1390 5251 foret,
1432 5185 1600 5239 beato
1634 5191 1829 5241 tamen

117 5274 291 5326 Petro
325 5287 660 5325 concessum
710 5276 795 5325 est
825 5277 886 5326 ut
913 5271 1040 5326 aliis
1070 5272 1492 5343 praemineret,
1524 5280 1582 5329 et
1631 5290 1829 5329 eorum

115 5378 244 5433 quae
274 5360 351 5414 ad
382 5361 675 5431 querelam
714 5360 976 5415 venirent
996 5378 1214 5429 causas,
1249 5366 1305 5416 et
1350 5362 1830 5432 interrogationes

113 5451 442 5520 prudenter
471 5449 821 5520 disponeret.
862 5448 1022 5514 Quod
1074 5450 1173 5505 Dei
1223 5450 1584 5505 ordinatione
1638 5452 1830 5507 taliter

1940 3340 2142 3389 cuncta
2172 3333 2281 3386 sibi
2311 3332 2680 3386 vendicarent
2706 3348 2718 3385 :
2752 3332 2848 3385 sed
2882 3348 3109 3403 semper
3138 3335 3384 3404 majores
3433 3351 3639 3403 causas,

1942 3424 2087 3476 sicut
2125 3426 2255 3475 sunt
2286 3421 2707 3491 episcoporum,
2759 3426 2814 3474 et
2862 3421 3153 3490 potiorum
3202 3438 3354 3476 curas
3390 3426 3640 3494 negotio-

1946 3527 2070 3564 rum
2102 3510 2171 3563 ad
2219 3525 2390 3562 unam
2446 3509 2596 3562 beati
2628 3508 2903 3578 principis
2936 3511 3327 3579 apostolorum
3370 3512 3520 3566 Petri
3554 3530 3645 3566 se-

1942 3599 2074 3653 dem
2107 3596 2481 3661 conﬂuerent,
2523 3600 2586 3649 ut
2632 3596 2764 3649 inde
2814 3598 3127 3667 suscipiant
3176 3599 3352 3653 ﬁnem
3395 3600 3639 3670 judicio-

1942 3703 2069 3740 rum
2123 3686 2276 3740 unde
2342 3688 2683 3753 acceperunt
2739 3684 2967 3738 initium
3040 3686 3491 3753 institutionum,
3566 3705 3639 3742 ne

1940 3774 2287 3847 quandoque
2319 3789 2351 3825 a
2372 3788 2473 3826 suo
2504 3772 2896 3842 discreparent
2929 3772 3133 3844 capite.

1941 3882 2069 3936 CAP.
2105 3881 2199 3934 III.
2230 3910 2294 3919 —
2328 3881 2394 3934 Ut
2445 3894 2686 3935 summus
2726 3878 2974 3933 sacerdos
3022 3895 3126 3933 non
3171 3886 3385 3935 vocetur
3438 3884 3639 3937 Roma-

2011 3968 2112 4005 nus
2140 3953 2412 4020 ponti/em,
2436 3951 2530 4003 sed
2554 3953 2751 4019 primae
2772 3951 2915 4004 sedis
2944 3953 3245 4020 episcopus.

2010 4040 2161 4111 (Can.
2232 4040 2414 4105 Afric.
2467 4054 2585 4092 can.
2648 4040 2721 4107 6.)
2769 4040 2838 4093 Ut
2882 4040 3083 4109 prima?
3134 4040 3284 4094 sedis
3341 4039 3643 4111 episcopus

1939 4144 2055 4181 non
2112 4127 2434 4198 appelletur
2480 4127 2743 4197 princeps
2785 4128 3163 4195 sacerdotum,
3224 4133 3322 4183 aut
3384 4144 3644 4183 summus

1939 4217 2226 4281 sacerdos,
2254 4220 2351 4268 aut
2376 4215 2594 4286 aliquid
2625 4216 2976 4287 hujusmodi,
3023 4218 3117 4271 sed
3170 4221 3395 4271 tantum
3439 4216 3639 4289 primae

1940 4304 2089 4358 sedis
2119 4304 2442 4375 episcopus.

2033 4393 2161 4447 CAP.
2194 4391 2281 4446 IV.
2318 4421 2385 4429 -—-
2414 4390 2568 4455 Quod
2597 4391 2892 4460 bipartitus
2923 4396 2997 4447 sit
3020 4393 3151 4448 ordo
3183 4394 3540 4449 sacerdotum.

2011 4481 2119 4545 (Ea:
2148 4481 2376 4549 epistola
2414 4480 2664 4533 Anacleti
2705 4496 2865 4549 papa:
2914 4486 3083 4535 missa
3136 4483 3381 4536 omnibus
3438 4487 3639 4553 episco-

1937 4569 2030 4637 pis
2059 4571 2109 4620 et
2168 4569 2403 4636 reliquis
2450 4567 2839 4633 sacerdotibus,
2892 4582 3013 4637 cap.
3076 4568 3193 4639 18.)
3250 4570 3639 4637 Sacerdotum,

1940 4657 2160 4718 fratres,
2194 4656 2334 4709 ordo
2367 4655 2671 4724 bipartitus
2711 4659 2797 4707 est
2849 4660 2905 4709 et
2955 4657 3098 4711 sicut
3147 4658 3419 4712 Dominus
3478 4660 3641 4713 illum

1937 4743 2252 4807 constituit,
2311 4759 2343 4796 a
2397 4744 2555 4795 nullo
2606 4742 2775 4796 debet
2828 4744 3171 4813 perturbari.
3234 4746 3398 4799 Scitis
3449 4752 3641 4800 autem

1939 4832 2226 4902 apostolos
2268 4847 2301 4884 a
2358 4829 2600 4883 Domino
2654 4846 2775 4883 esse
2828 4832 3057 4898 electos,
3090 4837 3145 4886 et
3198 4832 3553 4899 constitutos,
3586 4840 3644 4888 et

1936 4927 2137 4991 postea
2167 4936 2269 4991 per
2297 4919 2547 4973 diversas
2581 4918 2906 4989 provincias
2954 4920 3026 4973 ad
3050 4920 3479 4989 praedicandum
3532 4920 3643 4975 dis-

1938 5024 2153 5077 persos.
2214 5009 2355 5063 Cum
2412 5024 2543 5062 vero
2602 5009 2801 5062 messis
2852 5008 3021 5080 εαξρῆ
3092 5024 3364 5072 crescere,
3444 5008 3643 5063 videns

1938 5112 2149 5167 paucos
2169 5114 2291 5151 esse
2324 5097 2636 5166 operarios,
2662 5097 2733 5151 ad
2766 5112 2963 5151 eorum
2990 5096 3387 5167 adjumentum
3417 5103 3641 5166 septua-

1940 5185 2100 5255 ginta
2125 5185 2259 5256 eligi
2297 5186 2573 5256 prazcepit
2618 5185 2946 5257 discipulos.
3016 5185 3274 5256 Episcopi
3321 5201 3455 5239 vero
3504 5202 3643 5256 apo-

1939 5275 2239 5337 stolorum,
2286 5273 2605 5345 presbyteri
2649 5290 2879 5345 quoque
2936 5274 3303 5345 septuaginta
3334 5273 3639 5345 discipulo-

1938 5377 2071 5416 rum
2100 5363 2287 5416 locum
2334 5366 2551 5417 tenent.
2605 5362 2865 5433 Episcopi
2894 5368 3087 5417 autem
3121 5378 3236 5417 non
3284 5362 3347 5416 in
3397 5362 3641 5418 castellis

1938 5454 2038 5505 aut
2068 5450 2125 5505 in
2158 5451 2397 5507 modicis
2436 5447 2757 5507 civitatibus
2802 5450 3014 5506 debent
3058 5452 3349 5519 constitui,
3383 5452 3478 5506 sed
3512 5468 3640 5522 pre-
