3960 6192
126 308 207 359 553

125 442 232 482 cum
258 438 397 494 saepe
425 421 666 494 quaestio
696 421 765 477 de
793 421 943 476 male
974 429 1206 494 accepto
1244 424 1460 479 honore
1490 430 1774 491 nascatur,
1803 427 1851 479 Α

124 514 226 586 quis
252 511 496 581 ambigat
544 526 912 581 nequaquam
965 517 1021 565 et
1063 511 1134 565 ab
1182 513 1303 567 istis
1354 530 1478 568 esse
1518 513 1783 568 tribuen-

125 605 235 658 dum
266 600 411 671 quod
448 616 561 654 non
593 600 866 653 doceatur
897 598 1070 653 fuisse
1109 601 1381 655 collatum
1407 601 1435 656 ?
1465 602 1520 656 Si
1550 602 1649 672 qui
1680 618 1783 656 au-

124 698 214 745 tem
258 688 438 742 clerici
492 687 560 741 ab
599 687 724 741 istis
775 688 1245 759 pseudepiscopis
1285 688 1345 743 in
1389 689 1471 743 eis
1521 690 1783 744 Ecclesiis

127 777 333 833 ordinati
363 780 511 844 sunt,
537 792 664 846 qui?
686 775 754 830 ad
781 776 1047 846 proprios
1079 777 1371 849 episcopos
1393 778 1779 848 pertinebant,

126 872 167 922 et
187 864 456 920 ordinatio
487 880 688 918 eorum
734 880 861 917 cum
896 880 1177 918 consensu
1215 870 1273 919 et
1310 866 1551 919 consilio
1582 867 1782 936 praesi-

126 954 346 1009 dentium
382 952 528 1006 facta
559 956 663 1016 est,
690 956 876 1022 potest
904 956 1026 1005 rata
1058 952 1279 1019 haberi,
1329 954 1408 1008 ita
1452 958 1515 1007 ut
1553 954 1612 1008 in
1643 955 1781 1025 ipsis

124 1042 335 1097 ecclesiis
358 1046 742 1113 perseverent.
778 1041 961 1095 Aliter
990 1044 1177 1095 autem
1206 1059 1352 1097 vana
1400 1043 1662 1097 habenda
1696 1048 1782 1097 est

125 1131 452 1197 consecratio,
486 1129 624 1202 quia
654 1145 759 1184 nec
804 1131 927 1184 loco
972 1130 1205 1184 fundata
1240 1136 1342 1197 est,
1397 1147 1501 1185 nec
1531 1132 1778 1185 auctori-

124 1226 211 1275 tate
234 1220 465 1274 munita.

121 1329 225 1382 CAP.
261 1327 362 1381 XII.
398 1356 468 1365 ——-
510 1325 668 1391 Quod
716 1326 899 1380 nullus
944 1326 1195 1380 ordinari
1236 1329 1518 1399 episcOpus
1565 1327 1774 1395 debeat,

631 1399 745 1451 nisi
770 1412 837 1450 ea:
866 1398 1226 1451 conventione.

174 1486 266 1555 (Em
294 1500 433 1539 conc.
466 1484 778 1553 Aureliam,
801 1501 920 1554 cap.
963 1489 1041 1551 2.)
1075 1486 1279 1540 Nullus
1309 1490 1393 1540 est
1422 1486 1776 1540 ordinandus

118 1574 403 1644 episcopus,
440 1573 550 1627 nisi
599 1574 919 1627 convocatis
948 1574 1171 1629 clericis
1199 1580 1257 1629 et
1299 1574 1686 1645 parochianis,
1721 1580 1777 1631 et

116 1662 163 1717 in
190 1679 352 1716 unum
382 1662 894 1719 consentientibus.

117 1771 221 1823 CAP.
250 1769 383 1823 XIII.
414 1798 488 1810 —
517 1772 591 1823 De
618 1769 729 1822 illis
779 1771 876 1837 qui
904 1771 1178 1838 accipiunt
1224 1772 1493 1836 regimina
1520 1771 1774 1825 ecclesia-

231 1844 356 1909 {rum
386 1847 439 1893 et
476 1844 689 1893 cwzctos
717 1842 870 1905 fastu
899 1840 1163 1909 superbia
1186 1841 1611 1909 parvipendunt.

1806 1702 1845 1756 Β

174 1930 447 1996 (Origenes
494 1928 629 1981 dicit
662 1931 718 1995 :)
774 1927 1016 1991 Quidam
1072 1935 1364 1999 assumpta
1415 1929 1663 1984 Ecclesia
1719 1934 1777 1985 et

112 2018 255 2071 rebus
301 2016 508 2070 divinis
557 2016 870 2083 elevantur,
922 2021 977 2070 et
1023 2022 1258 2071 cunctos
1297 2017 1447 2072 fastu
1490 2019 1775 2089 superbire

114 2105 506 2175 parvipendunt
537 2121 550 2161 :
603 2104 662 2158 hi
710 2121 876 2159 canes
907 2106 1089 2176 magis
1122 2121 1295 2177 quam
1332 2107 1619 2178 principes
1663 2124 1775 2162 no-

114 2194 393 2247 minantur.

113 2295 216 2347 CAP.
244 2294 369 2348 XIV.
408 2324 478 2331 —
510 2293 590 2346 De
616 2293 728 2346 illis
757 2295 1020 2362 episcopis
1044 2295 1142 2363 qui
1170 2293 1449 2363 superbire
1477 2296 1771 2363 incipiunt.

170 2366 263 2429 (Et
295 2364 455 2419 dictis
500 2365 755 2430 Gregorii
777 2380 937 2432 papa:
984 2369 1033 2418 et
1075 2367 1306 2434 apostoli
1343 2366 1547 2435 Pauli.)
1577 2367 1774 2419 Humi-

110 2450 165 2501 lis
188 2450 342 2505 debet
388 2466 512 2505 esse
561 2451 871 2522 episcopus.
906 2452 1157 2507 Gradum
1189 2453 1342 2507 enim
1374 2454 1773 2507 mansuetudi-

110 2537 179 2589 nis
206 2537 417 2608 accipit,
470 2555 587 2593 non
637 2540 941 2609 superbiae.
994 2541 1204 2594 Paulus
1234 2542 1414 2596 dicit:
1471 2543 1640 2597 Decet
1665 2543 1774 2596 hu-

102 2625 325 2693 jusmodi
345 2628 644 2682 hominem
670 2635 1033 2683 mansuetum
1067 2646 1207 2697 esse,
1251 2646 1364 2684 non
1403 2630 1638 2697 elatum,
1672 2647 1777 2686 nec

110 2714 410 2783 superbum.

109 2820 212 2895 CAP.
257 2823 359 2877 XV.
410 2853 480 2860 —
527 2822 690 2887 Quod
735 2822 1103 2878 ordinationes
1149 2826 1519 2893 episcoporum
1566 2831 1776 2895 aposto-

164 2893 253 2966 lica
298 2896 623 2948 auctoritate
682 2910 716 2947 a
760 2898 965 2949 cunctis
1011 2895 1447 2965 provincialibus
1504 2893 1626 2966 ﬁeri
1680 2899 1775 2953 de-

163 2962 326 3017 beant.

169 3071 261 3134 (Ec
284 3072 514 3139 epistola
542 3072 788 3127 Anaclet.
828 3088 991 3141 papa:
1018 3075 1222 3141 scripta
1266 3075 1532 3144 episcOpis
1574 3077 1767 3144 Italia,

106 3173 202 3211 can.
254 3160 436 3230 nono.)
498 3160 900 3215 Ordinationes
964 3160 1366 3232 episcoporum
1439 3165 1770 3220 auctoritate

105 3248 381 3314 apostolica
431 3248 501 3301 ab
550 3249 815 3303 omnibus
863 3249 961 3320 qui
1016 3249 1075 3303 in
1121 3250 1319 3304 eadem
1367 3251 1582 3306 fuerint
1640 3270 1771 3324 pro-

103 3332 261 3386 vincia
309 3340 447 3393 sunt
499 3336 873 3403 celebrandae,
957 3337 1057 3407 qui
1115 3337 1286 3391 simul
1345 3339 1769 3410 convenientes,

104 3422 415 3475 scrutinium
448 3423 755 3493 diligenter
794 3430 984 3494 agant,
1018 3425 1427 3497 jejuniumque
1469 3443 1598 3481 cum
1628 3445 1768 3483 con-

101 3509 432 3565 venientibus
458 3512 723 3582 precibus
755 3512 1063 3579 celebrent,
1116 3519 1172 3568 et
1218 3530 1423 3569 manus
1469 3532 1599 3570 cum
1647 3534 1772 3571 san-

101 3598 186 3649 ctis
232 3600 548 3671 Evangeliis
593 3617 723 3671 quae
781 3602 1148 3672 praedicaturi
1201 3608 1334 3658 sunt
1381 3604 1764 3675 imponentes,

103 3685 368 3742 Dominica
411 3689 503 3743 die
547 3691 691 3745 hora
718 3691 887 3745 tertia
916 3697 1164 3760 orantes,
1198 3708 1470 3764 sacraque
1501 3694 1769 3748 unctione

101 3776 333 3845 exemplo
362 3778 781 3848 prophetarum
818 3784 876 3833 et
903 3795 1122 3849 regum,
1161 3780 1348 3850 capita
1379 3796 1577 3834 eorum
1610 3796 1768 3836 more

101 3864 464 3929 apostolorum
494 3870 551 3919 et
582 3866 719 3921 Mosi
751 3875 1027 3937 augentes
1061 3883 1074 3921 :
1109 3868 1244 3938 quia
1291 3868 1478 3922 omnis
1521 3869 1767 3923 sanctili-

99 3951 222 4004 catio
250 3957 474 4006 constat
524 3953 584 4007 in
631 3954 844 4024 Spiritu
890 3960 1105 4022 sancto,
1159 3955 1321 4025 cujus
1361 3956 1541 4010 virtus
1571 3956 1763 4010 invisi-

100 4036 207 4090 bilis
257 4044 454 4094 sancto
487 4045 568 4095 est
617 4041 921 4096 chrismate
952 4042 1334 4113 promulgata,
1364 4044 1472 4097 hoc
1524 4044 1639 4098 ritu
1680 4062 1766 4098 so-

98 4125 320 4182 lemnem
350 4128 651 4199 celebrent
673 4129 1113 4183 ordinationem.
1164 4128 1328 4192 Quod
1358 4129 1405 4183 si
1456 4146 1652 4183 omnes
1690 4131 1765 4183 si-

100 4216 199 4268 mul
249 4218 554 4272 convenire
598 4202 843 4272 Iminime
865 4218 1178 4288 potuerint,
1237 4232 1533 4271 assensum
1572 4223 1764 4272 tamen

96 4303 192 4356 suis
218 4306 483 4375 precibus
532 4311 589 4360 et
636 4305 859 4375 scriptis
901 4305 1213 4375 praebeant,
1249 4309 1311 4358 ut
1339 4305 1411 4359 ab
1442 4305 1565 4376 ipsa
1611 4306 1762 4360 ordi-

98 4392 300 4448 natione
332 4395 532 4449 animo
582 4409 698 4448 non
745 4393 951 4448 desint.
981 4395 1156 4448 Porro
1207 4398 1261 4447 et
1308 4392 1766 4464 Hierosolymita-

94 4492 203 4533 rum
261 4482 491 4551 primus
542 4480 1008 4552 archiepiscopus
1063 4480 1265 4535 beatus
1314 4481 1557 4535 Jacobus
1590 4522 1606 4543 ,
1665 4480 1765 4552 qui

94 4565 256 4621 Justus
285 4570 607 4637 dicebatur,
648 4573 704 4623 et
730 4569 1044 4623 secundum
1073 4584 1305 4623 carnem
1338 4568 1565 4622 Domini
1613 4585 1766 4622 nun-

92 4661 302 4726 cupatus
335 4662 427 4713 est
453 4657 646 4725 frater,
681 4674 712 4711 a
748 4658 936 4723 Petro,
962 4657 1170 4711 Jacobo
1211 4661 1268 4710 et
1295 4658 1513 4711 Joanne
1542 4662 1765 4728 aposto-

92 4740 145 4793 lis
170 4750 247 4799 est
291 4746 619 4811 ordinatus,
647 4744 1069 4799 successoribus
1099 4744 1369 4799 videlicet
1400 4744 1597 4798 dantes
1642 4744 1765 4799 for-

92 4843 219 4885 mam
257 4849 487 4898 eorum,
520 4838 582 4886 ut
614 4832 804 4886 minus
843 4848 1017 4903 quam
1052 4849 1086 4886 a
1122 4832 1310 4887 tribus
1354 4830 1636 4903 episcopis
1673 4848 1764 4886 re-

89 4916 351 4992 liquisque
386 4921 658 4975 omnibus
689 4937 982 4976 assensum
1014 4920 1409 4992 praebentibus
1438 4921 1765 4975 nullatenus

92 5006 383 5079 ordinetur,
442 5015 499 5065 et
556 5025 687 5065 cum
746 5010 1040 5064 communi
1094 5014 1225 5065 voto
1282 5009 1564 5064 ordinatio
1618 5010 1763 5064 cele-

92 5093 282 5152 bretur.

88 5200 197 5257 CAP.
236 5204 369 5259 XVI.
408 5233 477 5245 —
506 5205 586 5261 Ne
615 5204 787 5258 laicus
820 5207 919 5273 ﬁat
961 5205 1243 5273 episcopus
1285 5208 1411 5259 ante
1448 5220 1555 5259 xxx
1594 5219 1764 5259 annos

485 5281 536 5329 et
559 5279 684 5329 ante
713 5278 847 5329 anni
875 5277 1350 5330 conversationem.

144 5364 243 5425 (Ea:
295 5365 490 5419 concil.
545 5364 874 5431 Arelatensi,
928 5380 1048 5418 can.
1106 5366 1187 5435 7.)
1229 5364 1598 5435 Episcopatus
1631 5380 1763 5418 vero

86 5450 156 5502 vel
182 5451 526 5522 presbyterii
549 5453 829 5507 honorem
860 5453 1053 5506 nullus
1083 5452 1259 5506 laicus
1289 5456 1419 5506 aute
1451 5451 1589 5506 anni
1626 5468 1763 5508 con-

84 5540 472 5609 versationem,
503 5542 592 5596 vel
624 5544 757 5595 ante
783 5539 1025 5610 triginta
1053 5556 1233 5596 annos
1262 5539 1523 5611 accipiat.

429 5646 707 5714 PATROL.
762 5646 938 5713 CXL.

1067 299 1547 360 DECRETORUM
1591 301 1773 359 LIBRI
1814 303 1917 360 XX.
1965 332 2031 342 —
2072 303 2280 359 LIBER
2321 303 2597 358 PRIMUS.

1796 4262 1838 4314 D

3479 311 3583 366 554

2030 424 2158 479 CAP.
2187 425 2350 480 XVII.
2381 455 2448 464 —
2480 426 2562 480 De
2591 427 2745 508 laicis
2775 442 2878 482 non
2910 432 3102 483 temere
3126 430 3441 497 faciendum

2590 512 2879 567 episcopos.

1963 603 2074 669 (Ea:
2114 603 2302 657 concil.
2355 601 2693 669 Sardicensi,
2743 619 2864 673 cap.
2912 604 3027 671 13.)
3077 606 3239 660 Osius
3288 607 3586 679 episcopus

1890 689 2078 745 dixit:
2134 692 2201 745 Et
2238 691 2347 745 hoc
2389 692 2777 746 necessarium
2830 692 3097 760 arbitror,
3151 699 3216 748 ut
3257 696 3586 765 diligentis-

1888 779 2029 832 sime
2061 779 2332 845 tractetis,
2376 780 2421 833 si
2448 780 2593 834 forte
2632 785 2728 834 aut
2780 780 2952 847 dives,
3003 788 3102 836 aut
3145 784 3469 838 scolasticus
3515 786 3584 840 de

1887 867 2032 936 foro,
2082 876 2182 922 aut
2226 884 2294 921 ex
2334 867 2799 923 administratore
2854 870 3152 940 episcopus
3184 871 3354 927 fuerit
3397 879 3587 943 postu-
3622 908 3629 913 ι

1886 956 2058 1021 latus,
2091 959 2157 1010 ut
2191 971 2311 1009 non
2358 957 2518 1025 prius
2567 957 2888 1024 ordinetur,
2922 958 3032 1011 nisi
3079 964 3213 1013 ante
3260 965 3318 1014 et
3356 961 3587 1016 lectoris

1886 1060 2149 1112 munere,
2186 1048 2242 1097 et
2271 1038 2460 1098 ofﬁcio
2491 1044 2714 1099 diaconi
2745 1051 2845 1100 aut
2874 1047 3193 1117 presbyteri
3221 1047 3412 1115 fuerit,
3457 1067 3587 1121 per-

1883 1132 2113 1187 functus
2148 1149 2161 1186 :
2195 1137 2250 1185 et
2279 1133 2358 1185 ita
2386 1148 2491 1203 per
2517 1133 2774 1204 singulos
2801 1134 3032 1204 gradus,
3065 1135 3111 1188 si
3152 1135 3358 1207 dignus
3388 1138 3580 1203 fuerit,

1884 1220 2155 1274 ascendat
2193 1220 2263 1273 ad
2319 1220 2548 1274 culmen
2592 1220 2973 1292 episcopatus.
3026 1224 3219 1278 Potest
3264 1225 3420 1279 enim
3481 1243 3586 1295 per

1886 1308 1987 1362 has
2041 1308 2456 1377 promotiones,
2520 1326 2649 1380 quae
2698 1310 2993 1364 habebunt
3047 1312 3247 1382 utique
3293 1313 3583 1382 prolixum

1884 1400 2130 1467 tempus,
2164 1396 2397 1467 probari
2441 1414 2554 1467 qua
2586 1398 2695 1452 ﬁde
2727 1397 2817 1464 sit,
2851 1415 2965 1468 qua
2995 1400 3292 1467 modestia,
3328 1418 3439 1471 qua
3460 1418 3583 1472 gra-

1882 1484 2056 1539 vitate
2088 1489 2145 1538 et
2181 1484 2563 1550 verecundia;
2608 1490 2665 1538 et
2707 1485 2754 1538 si
2804 1485 3015 1556 dignus
3066 1486 3238 1540 fuerit
3285 1489 3582 1558 probatus,

1883 1573 2076 1628 divino
2129 1574 2447 1628 sacerdotio
2495 1573 2861 1629 illustratur:
2906 1574 3043 1645 quia
3080 1576 3423 1631 conveniens
3466 1594 3582 1632 non

1884 1665 1986 1727 est,
2050 1678 2154 1716 nec
2204 1662 2351 1716 ratio
2396 1662 2483 1716 vel
2515 1661 2817 1732 disciplina
2864 1662 3103 1733 patitur,
3154 1668 3219 1718 ut
3264 1668 3480 1719 temere
3528 1670 3587 1719 et

1886 1748 2083 1803 leviter
2122 1749 2420 1804 ordinetur
2460 1754 2560 1804 aut
2606 1750 2928 1821 episcopus,
2979 1755 3080 1804 aut
3126 1751 3445 1823 presbyter,
3485 1759 3586 1807 aut

1883 1836 2178 1903 diaconus,
2221 1837 2321 1909 qui
2349 1836 2670 1908 neophytus
2702 1843 2788 1892 est
2819 1853 2834 1907 ;
2868 1838 3115 1893 maxime
3145 1854 3277 1893 cum
3308 1845 3363 1893 et
3406 1842 3585 1912 magi-

1883 1929 2000 1979 ster
2030 1924 2291 1995 gentium
2324 1925 2526 1979 beatus
2560 1926 2854 1996 apostolus
2894 1928 3124 1993 Paulus,
3167 1944 3238 1981 ne
3284 1929 3391 1982 hoc
3423 1928 3585 1983 ﬁeret

1884 2012 2253 2068 denuntiasse
2304 2018 2361 2067 et
2387 2012 2748 2084 prohibuisse
2778 2014 3063 2084 videatur,
3110 2016 3205 2069 sed
3239 2016 3298 2070 bi
3334 2033 3583 2087 quorum

1881 2115 1987 2170 per
2044 2101 2282 2171 longum
2329 2104 2557 2171 tempus
2601 2100 2927 2156 examinata
2969 2102 3042 2156 sit
3086 2102 3219 2169 vita,
3270 2108 3328 2158 et
3381 2103 3582 2159 merita

1882 2188 2101 2243 fuerint
2130 2189 2523 2259 comprobata.

1922 2296 2050 2351 CAP.
2084 2296 2275 2350 XVIII.
2320 2326 2392 2334 —
2439 2295 2596 2359 Quod
2639 2310 2741 2364 per
2797 2295 3004 2361 gradus
3051 2296 3433 2352 ecclesiasticos
3473 2297 3548 2352 ad

2151 2369 2492 2435 episcopatus
2522 2366 2712 2420 debeat
2747 2368 2988 2435 ofﬁcium
3012 2370 3307 2436 perveniri.

1953 2453 2068 2521 (Ea:
2114 2454 2257 2509 decr.
2291 2455 2494 2510 Caelest.
2542 2470 2707 2525 papa
2737 2454 3043 2510 Galliarum
3069 2456 3335 2524 episcopis
3373 2458 3577 2522 missis,

1882 2557 2004 2597 can.
2039 2542 2147 2612 l6.)
2175 2542 2476 2597 Ordinatos
2506 2558 2638 2596 vero
2670 2543 2967 2613 quosdam,
3001 2543 3203 2597 fratres
3238 2544 3581 2612 charissimi,

1883 2630 2198 2701 episcopos,
2231 2631 2331 2701 qui
2361 2630 2535 2685 nullis
2574 2630 2962 2685 ecclesiasticis
2988 2631 3285 2686 ordinibus
3317 2633 3382 2687 ad
3409 2638 3581 2687 tantm

1883 2718 2179 2789 dignitatis
2208 2718 2502 2790 fastigium
2534 2718 2747 2773 fuerint
2799 2718 3070 2786 instituti,
3108 2726 3306 2774 contra
3345 2723 3579 2775 Patrum

1885 2806 2130 2871 decreta,
2172 2807 2344 2877 hujus
2367 2807 2739 2877 usurpatione
2764 2807 2864 2879 qui
2886 2823 2944 2861 se
2970 2808 3079 2862 hoc
3110 2810 3467 2879 recognoscit
3497 2811 3579 2864 fe-

1883 2894 2024 2948 cisse
2046 2894 2377 2962 didicimus;
2403 2912 2531 2950 cum
2554 2895 2625 2950 ad
2644 2895 3036 2967 episcOpatum
3058 2896 3147 2951 his
3167 2897 3438 2967 gradibus
3458 2899 3583 2969 qui-

1806 2975 1846 3031 C
1884 2984 1990 3037 bus
2019 2983 2484 3053 frequentissime
2531 2989 2763 3039 cautum
2804 2988 2890 3038 est
2918 2984 3125 3040 debeat
3163 2986 3471 3056 perveniri,
3516 2993 3581 3042 ut

1880 3070 2205 3126 minoribus
2226 3072 2438 3127 initiati
2466 3072 2685 3137 ofﬁciis,
2715 3073 2783 3128 ad
2808 3074 3030 3144 majora
3047 3073 3372 3131 ﬁrmentur.
3407 3076 3581 3131 Debet

1881 3160 2039 3214 enim
2065 3163 2233 3215 antea
2264 3177 2385 3215 esse
2416 3161 2729 3232 discipulus
2762 3162 3025 3233 quisquis
3055 3162 3254 3217 doctor
3286 3179 3407 3218 esse
3437 3166 3581 3220 desi-

1882 3247 2058 3313 derat,
2087 3256 2148 3302 ut
2167 3247 2347 3320 possit
2365 3248 2565 3303 docere
2603 3249 2754 3319 quod
2789 3249 3007 3304 didicit.
3039 3250 3238 3305 Omnis
3260 3251 3393 3306 vitae
3414 3252 3579 3307 insti-

1880 3336 2027 3391 tutio
2057 3336 2163 3391 hac
2194 3338 2263 3392 ad
2304 3336 2359 3391 id
2408 3353 2523 3407 quo
2552 3337 2740 3392 tendit
2771 3354 2829 3391 se
2861 3339 3084 3393 ratione
3116 3341 3437 3395 confirmat.
3471 3342 3580 3406 Qui

1880 3424 2120 3479 minime
2152 3424 2356 3479 litteris
2388 3441 2623 3495 operam
2645 3426 2887 3494 dederit,
2913 3433 3237 3498 praeceptor
3259 3445 3371 3482 non
3395 3436 3582 3500 potest

1880 3528 2000 3566 esse
2027 3514 2365 3567 litterarum.
2396 3512 2505 3576 Qui
2553 3529 2670 3567 non
2702 3530 2805 3583 per
2862 3514 3087 3584 singula
3126 3516 3408 3586 stipendia
3457 3533 3578 3571 cre-

1878 3600 2043 3669 verit,
2109 3600 2178 3654 ad
2234 3601 2503 3655 meritum
2564 3601 2834 3671 stipendii
2892 3602 3152 3656 ordinem
3219 3620 3339 3657 non
3392 3610 3580 3675 potest

1879 3688 2198 3760 pervenire.
2231 3688 2425 3743 Solum
2456 3689 2833 3743 sacerdotium
2881 3689 3032 3743 inter
3062 3691 3186 3757 ista,
3236 3708 3375 3762 rogo
3406 3692 3575 3749 vilius

1880 3783 2011 3846 est,
2067 3777 2219 3849 quod
2277 3777 2501 3831 facilius
2557 3776 2872 3844 tribuitur,
2933 3795 3064 3832 cum
3121 3779 3409 3834 difﬁcilius
3467 3781 3576 3835 im-

1878 3867 2105 3936 pleatur
2124 3864 2151 3919 ?

1879 3972 2007 4026 CAP.
2039 3971 2189 4046 XIX._
2218 3999 2287 4009 —
2343 3971 2409 4025 Ut
2433 3970 2646 4046 laicam
2691 3973 3109 4046 communionem
3163 3989 3269 4027 non
3318 3978 3574 4046 accipiat,

2094 4044 2190 4110 qui
2210 4056 2306 4110 per
2334 4041 2680 4095 ambitionem
2699 4045 3067 4111 episcopatum
3085 4048 3369 4114 acceperit.

1949 4129 2056 4199 (Ere
2106 4130 2293 4183 concil.
2354 4129 2685 4195 Sardicensi,
2737 4145 2857 4202 cap.
2906 4130 2996 4202 2.)
3056 4131 3221 4186 Osius
3276 4134 3576 4203 episcopus

1877 4218 2061 4272 dixit:
2115 4217 2299 4271 Etiam
2340 4217 2387 4270 si
2428 4218 2558 4272 talis
2590 4218 2799 4289 aliquis
2831 4219 3079 4274 extiterit
3121 4223 3482 4290 temerarius,
3515 4229 3578 4278 ut

1876 4306 2133 4360 fortassis
2206 4306 2382 4360 talem
2463 4307 2889 4362 excusationem
2978 4308 3220 4363 efferens
3296 4319 3579 4367 asseverat

1875 4395 2028 4465 quod
2061 4394 2280 4448 litteras
2311 4395 2509 4465 populi
2562 4397 2863 4467 acceperit,
2916 4414 3044 4451 cum
3096 4399 3463 4455 manifestum
3503 4402 3577 4455 sit

1872 4482 2128 4553 potuisse
2152 4483 2348 4553 plures
2378 4484 2618 4553 praemio
2647 4490 2702 4539 et
2746 4485 3006 4540 mercede
3048 4488 3343 4558 corrumpi
3372 4506 3571 4543 eorum

1875 4571 1974 4641 qui
2022 4570 2303 4625 sinceram
2356 4571 2530 4625 fidem
2582 4588 2701 4625 non
2749 4573 2984 4638 habent,
3039 4578 3103 4627 ut
3155 4576 3466 4631 clamarent
3515 4578 3577 4631 in

1876 4659 2131 4725 ecclesia,
2203 4664 2258 4713 et
2316 4659 2505 4730 ipsum
2562 4665 2757 4730 petere
2815 4660 3151 4716 viderentur
3216 4665 3570 4735 episcopum,

1875 4746 2111 4800 omnino
2141 4745 2242 4800 has
2291 4746 2518 4801 fraudes
2548 4747 2903 4801 damnandas
2933 4764 3053 4802 esse
3086 4750 3356 4818 arbitror,
3391 4752 3469 4804 ita
3512 4758 3576 4825 ut

1874 4850 1979 4889 nec
2023 4834 2224 4889 laicam
2254 4834 2314 4889 in
2362 4835 2477 4889 fine
2526 4835 2993 4890 communionem
3035 4837 3164 4891 talis
3210 4839 3465 4908 accipiat.
3517 4840 3574 4893 Si

1874 4923 2036 4978 vobis
2085 4924 2354 4979 omnibus
2401 4925 2607 4995 placet,
2654 4925 2909 4979 statuite.
2942 4925 3200 4996 Synodus
3230 4927 3527 4997 respondit
3559 4944 3574 4982 :

1875 5013 2082 5067 Placet.

1874 5119 2001 5175 CAP.
2031 5120 2136 5173 XX.
2180 5148 2239 5158 -
2287 5118 2440 5188 Quod
2472 5121 2752 5189 episcopus
2791 5135 2902 5174 esse
2942 5136 3049 5174 non
3082 5122 3256 5191 possit
3312 5123 3428 5191 qui,
3477 5138 3572 5178 ne-

2112 5191 2307 5243 sciente
2333 5191 2741 5259 metropolitano
2770 5197 3107 5246 consecratus
3136 5194 3325 5257 fuerit.
3514 5246 3515 5249 η

1944 5279 2065 5347 (Ea:
2112 5278 2296 5332 concil.
2347 5280 2677 5344 Arelatensi,
2726 5296 2846 5348 cap.
2880 5283 2957 5346 6.)
3006 5279 3152 5333 Illud
3199 5286 3391 5335 autem
3439 5288 3574 5338 ante

1830 5412 1838 5418 .
1875 5365 2071 5420 omnia
2107 5364 2304 5431 claret,
2340 5366 2493 5435 quod
2540 5382 2671 5420 eum
2717 5367 2816 5437 qui
2851 5367 2971 5420 sine
3004 5368 3327 5423 conscentia
3357 5377 3576 5443 metro-

1873 5453 2116 5525 politani
2154 5453 2496 5509 constitutus
2543 5454 2715 5509 fuerit
2744 5454 3066 5526 episcopus,
3109 5456 3273 5528 juxta
3303 5474 3573 5530 magnam

1875 5540 2161 5613 synodum
2193 5556 2316 5598 esse
2348 5542 2679 5614 episcopum
2712 5560 2825 5597 non
2858 5544 3084 5599 debere.

3180 5658 3262 5716 18
