3960 6192
449 335 550 388 55ῖὶ

1519 327 1926 384 BURCHARDI
1966 325 2502 383 WORMACIENSIS
2540 325 2854 382 EPISCOPI
2865 365 2878 380 .
3769 336 3847 389 536

451 459 579 513 CAP.
637 457 766 512 XXI.
827 487 884 496 —
923 455 1013 510 Ne
1060 456 1301 524 episcopi
1344 469 1446 523 per
1493 453 1854 508 Simoniacam
1903 451 2149 506 haeresim
2188 453 2233 505 Α
2259 449 2394 505 bere
2426 466 2543 504 non
2568 449 2812 504 differat.
2845 448 3009 513 Quod
3043 447 3090 501 si
3128 447 3280 501 ultra
3306 447 3541 518 quinque
3566 465 3752 506 menses
3772 468 3851 523 per

897 528 1180 592 regiminis
1212 527 1382 579 locum
1403 526 1698 578 obtineant.

522 618 632 686 (Ea:
685 617 874 670 concil.
919 613 1189 680 Medensi,
1222 629 1343 681 cap.
1393 611 1506 682 43.)
1555 611 1879 666 Cavendum
1917 615 1975 664 et
2003 626 2154 663 sum-

451 721 688 775 mopere
737 703 1178 774 praecavendum
1225 717 1290 754 ac
1331 717 1432 772 per
1461 700 1731 754 virtutem
1765 699 1974 754 Christi
2023 715 2152 751 san-

452 793 643 865 guinis
674 792 1134 846 interdicendum
1183 790 1465 860 episcopis
1499 794 1554 844 et
1585 789 1836 860 regibus,
1874 793 1932 842 et
1976 786 2154 840 omni-

453 883 561 937 bus
592 880 1022 936 sublimioribus
1061 879 1456 950 potestatibus,
1491 883 1660 949 atque
1706 877 1923 931 cunctis
1966 876 2151 931 fauto-

455 972 612 1026 ribus
641 977 696 1024 et
723 969 1085 1034 electoribus,
1111 983 1629 1038 quorumcumque,
1651 971 1822 1036 atque
1847 980 2154 1018 consenso-

455 1061 631 1126 ribus,
680 1075 780 1112 seu
824 1056 1246 1112 ordinatoribus
1297 1057 1357 1110 in
1402 1056 1583 1125 gradu
1647 1053 2044 1119 ecclesiastico,
2092 1058 2158 1106 ut

455 1163 626 1201 nemo
688 1162 791 1217 per
825 1145 1201 1200 Simoniacam
1253 1144 1540 1209 haeresim,
1610 1142 1909 1212 regiminis
1964 1143 2154 1195 locum

453 1235 710 1290 obtineat
753 1249 1112 1305 quacumque
1152 1233 1422 1300 factione,
1468 1232 1795 1296 calliditate,
1829 1229 2153 1301 promissio-

456 1342 550 1390 ne,
581 1341 680 1378 seu
715 1323 1124 1378 commoditate
1158 1343 1170 1387 ;
1207 1327 1304 1374 aut
1342 1321 1631 1375 dationem
1672 1337 1777 1388 per
1815 1336 1894 1384 se,
1928 1324 2027 1372 aut
2055 1333 2158 1388 pcr

456 1414 722 1467 emissam
745 1427 1068 1483 personam,
1094 1427 1223 1464 cum
1256 1409 1500 1477 Spiritus
1522 1414 1748 1462 sanctus
1776 1408 1926 1462 inter
1951 1412 2157 1461 caetera

455 1502 798 1556 documenta
828 1517 931 1571 per
961 1516 1023 1552 os
1072 1499 1222 1553 dicat
1249 1498 1505 1568 Gregorii
1542 1514 1554 1550 :
1600 1497 1712 1551 Cur
1754 1513 1865 1550 non
1917 1511 2157 1566 perpen-

453 1590 540 1645 dit
573 1591 708 1660 quia
756 1588 1078 1642 benedictio
1123 1587 1204 1641 illi
1253 1587 1314 1640 in
1369 1586 1826 1640 maledictionem
1882 1583 2158 1638 converti-

451 1678 591 1733 tur?
625 1679 688 1732 Et
717 1678 850 1732 alibi
884 1694 897 1732 :
935 1678 1159 1742 Dolens,
1209 1676 1415 1746 inquit,
1459 1676 1606 1741 dico,
1663 1690 1898 1744 gemens
1929 1674 2151 1728 denun-

2261 554 2424 594 suam
2465 538 2876 609 negligentiam
2937 536 3236 590 retinuerit
3279 535 3548 590 viduatam
3588 539 3851 608 Ecclesiam,

2261 645 2450 700 neque
2481 627 2560 681 ibi
2592 643 2779 698 neque
2811 625 2949 678 alibi
2970 623 3404 678 consecrationis
3423 624 3616 678 donum
3641 628 3855 698 percipiat

2261 717 2380 770 imo
2411 715 2836 788 metropolitani
2863 715 2950 768 sui
2971 713 3193 784 judicio
3226 713 3403 768 cedat.

2263 807 2390 861 Car.
2421 807 2598 861 XXVI.
2631 835 2698 845 —
2731 802 2960 871 Quando
2989 805 3113 874 quis
3141 802 3328 874 debeat
3360 817 3392 855 a
3419 804 3595 857 vicinis
3629 804 3858 872 provincia

2826 873 3091 944 episcopis
3116 873 3382 926 ordinari.

2333 966 2526 1036 (Can.
2572 965 2833 1030 Sardic.,
2901 965 3000 1030 5.)
3063 961 3226 1017 Osius
3277 961 3560 1031 episcopus
3611 961 3727 1017 dixit
3766 979 3778 1016 :
3820 964 3857 1017 Si

2261 1055 2565 1126 contigerit
2596 1056 2656 1108 in
2705 1070 2820 1107 una
2866 1051 3181 1123 provincia,
3234 1051 3293 1104 in
3337 1066 3444 1120 qua
3472 1049 3678 1120 plurimi
3703 1052 3858 1106 fuerint

2263 1144 2535 1216 episcopi,
2569 1159 2752 1198 unum
2783 1143 2926 1197 forte
2965 1155 3264 1194 remanere
3293 1140 3621 1209 episcopum,
3648 1145 3694 1194 et
3717 1143 3858 1210 populi

2262 1233 2654 1298 convenerint,
2687 1230 2939 1302 episcopi
2970 1230 3172 1283 vicinae
3203 1228 3499 1300 provincia
3528 1227 3709 1282 debent
3745 1230 3857 1284 illum

2261 1322 2422 1393 prius
2451 1321 2756 1376 convenire
2787 1319 3120 1390 episcopum
3168 1317 3266 1380 qui
3297 1317 3355 1370 in
3399 1333 3464 1370 ea
3489 1317 3741 1386 provincia
3777 1335 3859 1370 mo-

2263 1415 2440 1477 ratur,
2476 1413 2531 1463 et
2549 1409 2846 1463 ostendere
2877 1407 3031 1480 quod
3069 1405 3266 1477 populi
3304 1410 3496 1475 petant
3531 1404 3627 1458 sibi
3655 1412 3857 1458 rectorem

2263 1504 2320 1553 et
2351 1499 2460 1552 hoc
2505 1498 2723 1569 justum
2755 1514 2899 1564 esse,
2953 1501 3015 1550 ut
3051 1501 3110 1549 et
3154 1495 3263 1564 ipsi
3293 1494 3514 1547 veniant
3561 1499 3612 1547 et
3645 1509 3749 1547 cum
3772 1494 3856 1562 ipso

2265 1587 2531 1642 ordinent
2579 1587 2931 1657 episcopum.
2965 1584 3129 1648 Quod
3183 1583 3230 1637 si
3260 1588 3563 1636 conventus
3598 1582 3766 1636 litteris
3797 1590 3854 1635 ta-

2265 1675 2466 1743 cuerit,
2501 1679 2558 1729 et
2585 1673 3045 1739 dissimulaverit,
3081 1672 3339 1743 nihilque
3371 1671 3710 1741 rescripserit,
3743 1673 3856 1724 satis-

452 1767 557 1837 tio,
589 1767 724 1837 quia
770 1766 1152 1820 sacerdotium
1203 1765 1351 1835 quod
1387 1765 1542 1834 apud
1593 1780 1690 1817 vos
1733 1763 1887 1817 intus
1925 1761 2146 1828 cecidit,
2186 1731 2224 1783 B
2263 1763 2588 1818 faciendum
2640 1779 2760 1816 esse
2805 1761 3056 1833 populis,
3112 1765 3176 1814 ut
3229 1761 3461 1814 veniant
3484 1776 3549 1814 ex
3583 1760 3735 1813 vicina
3766 1777 3855 1830 pro-

451 1855 589 1909 foris
615 1855 710 1908 diu
736 1859 884 1907 stare
917 1870 1028 1907 non
1061 1853 1292 1921 poterit.

454 1944 581 1998 Car.
614 1944 776 1996 XXII.
823 1972 891 1981 -—
932 1942 1014 1995 De
1058 1943 1140 1995 his
1172 1943 1285 2023 ‘qui
1298 1942 1482 2023 pretio
1519 1954 1731 1994 sacram
1773 1940 1999 1992 mercati
2026 1941 2152 1991 sunt

1150 2012 1490 2076 dignitatem.

525 2087 630 2152 (Ea:
653 2085 883 2153 epistola
913 2084 1126 2136 Gelasii
1170 2098 1350 2151 papae,
1409 2097 1525 2150 cap.
1572 2081 1646 2146 5.)
1679 2080 1832 2144 Quos
1881 2077 2148 2132 constite-

454 2173 529 2226 rit
585 2173 849 2241 indignos
909 2170 1148 2234 meritis,
1208 2186 1426 2222 sacram
1483 2174 1762 2223 mercatos
1809 2183 1930 2221 esse
1968 2166 2152 2236 pretio

451 2260 810 2331 dignitatem,
864 2258 1152 2312 convictos
1211 2262 1434 2328 oportet
1483 2257 1682 2321 arceri,
1731 2255 1868 2326 quia
1920 2256 2151 2310 dantem

451 2349 666 2420 pariter
721 2346 1211 2417 accipientemque
1279 2344 1569 2398 damnatio
1642 2343 1910 2401 Simonis.
1978 2359 2194 2415 quam_

454 2453 614 2490 sacra
647 2435 812 2489 lectio
838 2438 1094 2495 testatur,
1115 2433 1368 2486 involvit.

864 2522 994 2578 CAP.
1029 2522 1212 2576 XXIII.
1247 2551 1310 2561 —
1346 2522 1424 2574 De
1452 2520 1637 2574 eadem
1667 2536 1741 2574 re.

529 2613 639 2680 (Ea:
669 2614 829 2682 epist.
881 2611 1201 2666 Hormisdz
1245 2625 1422 2679 papae,
1475 2626 1595 2679 cap.
1652 2610 1755 2677 I0.)
1789 2609 1904 2662 Hoc
1959 2607 2152 2678 itaque

455 2702 524 2756 ad
557 2701 750 2772 priora
779 2699 1206 2770 conjungimus,
1241 2715 1309 2752 ne
1338 2697 1662 2752 benedictio
1694 2713 1799 2768 per
1827 2695 2155 2768 impositio-

453 2806 586 2846 nem
625 2805 845 2855 manus,
881 2804 1008 2859 quas
1048 2803 1082 2841 a
1116 2789 1230 2841 Deo
1263 2803 1383 2840 esse
1415 2786 1686 2852 creditur,
1716 2785 1900 2856 pretio
1930 2800 2156 2854 compa-

451 2884 650 2944 retur;
685 2877 820 2948 quia
859 2877 1052 2931 Simon
1097 2875 1371 2945 Spiritum
1421 2880 1678 2928 sanctum
1731 2874 1925 2927 volens
1966 2873 2154 2944 pretio

453 2966 716 3028 mercari,
751 2965 994 3036 apostoli
1026 2963 1128 3018 t'uit
1156 2963 1533 3017 detestatione
1564 2977 1884 3032 percussus.

457 3055 589 3110 Car.
676 3053 858 3109 XXIV.
934 3083 1002 3091 -—
1079 3051 1235 3116 Quod
1302 3066 1408 3104 non
1481 3054 1724 3109 ororteat
1788 3049 2155 3104 ordinationes

925 3125 1294 3192 episcoporum
1321 3121 1419 3174 diu
1448 3121 1682 3189 differri.

532 3209 697 3281 (Cap.
735 3213 822 3264 25.
876 3209 1149 3278 Chalced.)
1183 3207 1464 3273 Quoniam
1524 3207 1762 3278 quidam
1820 3205 2155 3276 metropoli-

458 3303 751 3359 tanorum.
781 3301 1058 3368 quantum
1087 3296 1496 3365 comperimus,
1549 3295 1854 3364 negl‘gunt
1889 3293 2155 3348 commis-

459 3403 550 3440 sos
580 3386 689 3440 sibi
718 3384 941 3457 greges,
983 3389 1038 3438 et
1070 3383 1462 3439 ordinationes
1519 3384 1918 3454 episcoporum
1973 3383 2156 3436 facere

457 3474 753 3540 differunt,
797 3473 1014 3544 placuit
1065 3470 1272 3526 Sanctae
1324 3471 1540 3543 synodo
1582 3471 1731 3525 intra
1764 3477 1879 3525 tres
1933 3487 2157 3525 menses

455 3563 853 3618 ordinationes
906 3561 1305 3630 episcoporum
1357 3559 1649 3628 celebrari,
1702 3559 1811 3614 nisi
1860 3560 2002 3613 forte
2053 3576 2156 3613 ne-

461 3651 692 3704 cessitas
749 3650 1152 3704 inexcusabilis
1206 3653 1490 3720 praeparet
1557 3653 1786 3718 tempus
1865 3647 2155 3701 dilationis

457 3738 724 3793 extendi:
778 3739 932 3809 quod
989 3738 1036 3792 si
1085 3738 1192 3793 hoc
1245 3737 1483 3792 minime
1536 3735 1750 3804 fecerit,
1803 3735 2155 3806 correptioni

457 3827 860 3880 Ecclesiasticae
915 3825 1248 3896 subjacebit.
1311 3826 1716 3878 Verumtamen
1767 3823 1985 3877 reditus
2053 3823 2152 3876 Ec-

461 3913 651 3968 clesiae
684 3914 930 3968 viduatae
963 3929 1138 3984 penes
1192 3928 1554 3968 (economum
1601 3911 1858 3982 ejusdem
1899 3910 2154 3965 Ecclesiae

453 4002 666 4072 integri
703 4007 1085 4057 reserventur.

455 4090 582 4145 Car.
643 4090 801 4146 XXV.
873 4120 941 4131 —
998 4093 1072 4144 De
1139 4088 1576 4144 ordinationibus
1629 4090 1999 4158 episcoporum
2054 4087 2152 4142 diu

1004 4163 1226 4215 minime
1263 4159 1603 4229 differendis.

2259 1851 2444 1906 vincia
2471 1851 2748 1922 episcopi,
2779 1857 2834 1905 et
2863 1850 3132 1904 ordinent
3161 1849 3517 1921 episcopum.

2261 1941 2386 1995 Car.
2443 1941 2645 1994 XXVII.
2706 1969 2774 1979 ——-
2831 1941 2895 1993 Ut
2951 1940 3230 2007 episcopus
3286 1953 3396 1992 non
3450 1943 3742 1991 consecretur
3785 1939 3855 1990 sine

2863 2010 3038 2063 tribus
3071 2011 3356 2078 episcopis.

2335 2085 2440 2146 (Ea:
2487 2082 2709 2136 consilio
2750 2079 3081 2147 Arelatensi,
3115 2095 3237 2150 cap.
3288 2082 3370 2144 ὅ.)
3416 2079 3603 2132 Nullus
3645 2078 3856 2148 episcopus

2263 2169 2386 2224 sine
2427 2168 2857 2237 metropolitani
2891 2167 3196 2238 permissu,
3245 2183 3353 2221 nec
3401 2167 3678 2238 episcopus
3727 2173 3858 2220 metro-

2264 2258 2555 2330 politanus
2607 2258 2728 2311 sine
2787 2257 2971 2311 tribus
3037 2256 3320 2327 episcopis
3368 2256 3858 2326 comprovincialibus,

2261 2351 2577 2419 praesumat
2622 2346 2958 2416 episcopum
3006 2346 3293 2412 ordinare,
3346 2344 3424 2398 ita
3455 2351 3512 2397 ut
3555 2343 3643 2397 alii
3680 2357 3859 2412 compro-

2261 2435 2534 2489 vinciales
2579 2434 2834 2505 epistolis
2882 2433 3324 2500 admoneantur,
3357 2438 3420 2486 ut
3459 2450 3515 2486 se
3556 2449 3648 2486 suo
3674 2444 3863 2501 responso

2262 2523 2614 2579 consensisse
2657 2522 3007 2594 signiﬁcent.
3047 2522 3205 2586 Quod
3255 2521 3302 2576 si
3348 2522 3495 2576 inter
3538 2526 3705 2592 partes
3735 2520 3865 2588 aliqua

2261 2611 2437 2667 fuerit
2473 2611 2780 2680 dubitatio,
2821 2612 3026 2681 majori
3068 2611 3549 2681 metropolitanus
3589 2610 3642 2664 in
3667 2607 3867 2662 electione

2261 2699 2595 2754 consentiat.

2264 2789 2391 2842 CAP.
2443 2786 2674 2841 XXVIII.
2733 2816 2803 2826 —
2856 2788 2921 2841 Ut
2967 2788 3246 2854 episcopus
3300 2802 3410 2840 non
3458 2787 3710 2840 ordinetur
3748 2785 3871 2836 minus

2335 2873 2499 2926 quam
2531 2873 2564 2910 a
2614 2857 2808 2924 tribus,
2859 2862 2910 2912 et
2953 2860 3002 2910 si
3049 2860 3170 2926 ﬁeri
3205 2860 3384 2927 possit
3413 2858 3795 2926 archiepiscopus
3828 2854 3868 2904 ab

2331 2929 2579 2982 omnibus
2603 2929 3165 2997 comprovincialibus.

2194 3015 2234 3070 C
2335 3020 2444 3082 (Ea:
2471 3019 2628 3086 epist.
2667 3017 2854 3071 Anicii
2879 3031 3038 3086 papas
3071 3015 3322 3071 Ecclesiis
3345 3031 3445 3086 per
3496 3016 3711 3069 Galliam
3734 3014 3869 3066 consti-

2264 3108 2398 3159 tutis
2431 3104 2687 3174 directa.)
2732 3106 2810 3158 De
2853 3103 3316 3158 ordinationibus
3349 3105 3717 3174 episcoporum
3755 3114 3871 3170 super

2263 3192 2471 3264 quibus
2517 3209 2622 3247 nos
2670 3193 2964 3248 consulere
2995 3192 3246 3259 voluisti,
3297 3193 3437 3247 olim
3491 3194 3546 3247 in
3576 3192 3750 3262 spiritu
3773 3203 3867 3259 pre-

2263 3281 2500 3335 cessoris
2537 3281 2718 3335 nostri
2748 3281 3004 3336 Anacleti
3045 3282 3326 3350 'quzedam
3370 3282 3490 3352 jam
3533 3281 3729 3335 decreta
3765 3293 3868 3346 repe-

2264 3370 2469 3424 rimus.
2517 3369 2736 3424 Scimus
2769 3369 2924 3423 enim
2967 3369 3363 3424 beatissimum
3410 3371 3678 3428 Jacobum,
3712 3367 3789 3438 qui
3819 3364 3869 3418 di-

2264 3459 2497 3511 cebatur
2523 3457 2737 3523 Justus,
2771 3457 2871 3529 qui
2919 3458 3229 3512 secundum
3287 3459 3460 3512 etiam
3511 3472 3713 3512 carnem
3753 3455 3867 3508 {inter

2265 3545 2493 3600 Domini
2536 3552 2900 3614 nuncupatus
2931 3552 3034 3612 est,
3081 3563 3112 3599 a
3162 3547 3354 3611 Petro,
3389 3547 3591 3601 Jacobo
3634 3552 3682 3598 et
3716 3545 3865 3598 Joanne

2263 3633 2554 3703 apostolis,
2607 3633 3016 3704 Hierosolymis
3068 3633 3408 3704 episcopum
3457 3651 3573 3688 esse
3601 3632 3859 3687 ordinatum.

2261 3723 2319 3778 Si
2344 3727 2533 3777 autem
2583 3739 2700 3776 non
2741 3722 2932 3776 minus
2962 3739 3134 3791 quam
3165 3739 3197 3776 a
3227 3722 3414 3776 tribus
3446 3721 3698 3794 apostolis
3739 3721 3863 3771 tantus

2261 3811 2348 3865 vir
2375 3811 2486 3865 fuit
2517 3811 2835 3878 ordinatus,
2868 3816 3026 3881 patet
3085 3811 3342 3882 profecto
3388 3827 3484 3866 eos
3520 3811 3734 3865 formam
3764 3800 3863 3857 insti-

2262 3903 2460 3954 tuente
2487 3900 2734 3954 Domino
2776 3899 3098 3966 tradidisse,
3130 3916 3244 3954 non
3280 3901 3474 3955 minus
3513 3915 3670 3972 quam
3699 3913 3724 3950 a
3747 3893 3861 3949 tribus

2261 3987 2544 4058 episcopis
2575 3989 2910 4058 episcopum
2941 3988 3194 4042 ordinari
3224 3989 3436 4044 debere
3477 4006 3491 4056 ;
3538 3987 3628 4042 sed
3657 3985 3858 4039 crescente

2259 4091 2503 4131 numero
2558 4077 2980 4146 episcOporum,
3034 4075 3144 4128 nisi
3201 4076 3508 4130 necessitas
3561 4066 3858 4128 intervenerit.

2260 4164 2468 4219 debent
2493 4165 2666 4218 etiam
2697 4165 2890 4232 plures
2919 4163 3137 4234 augeri.
3170 4163 3227 4218 Si
3259 4169 3455 4218 autem
3496 4160 3860 4230 archiepiscopus

524 4249 631 4318 (Ex
837 4249 1271 4342 Damasipapz,
1307 4263 1426 4317 cap.
1479 4249 1558 4315 2.)
1598 4246 1876 4342 Quoniam
1918 4246 2149 4317 quidam
2193 4289 2234 4342 υ
2261 4251 2486 4316 obierit,
2545 4255 2600 4304 et
2647 4251 2792 4304 alter
2842 4251 3196 4305 ordinandus
3251 4251 3696 4322 archiepiscopus
3736 4239 3860 4299 fuerit.

453 4335 1027 4406 metropolitanorum
1049 4335 1221 4390 ﬁdem
1245 4352 1405 4389 suam
1426 4336 1738 4390 secundum
1764 4335 2005 4406 priscam
2027 4352 2150 4390 con-

452 4424 815 4478 suetudinem
871 4429 1078 4478 sanctm
1124 4423 1246 4479 sedi
1272 4424 1600 4494 apostolicae
1646 4439 1930 4494 exponere
1960 4425 2145 4478 detre-

451 4517 686 4580 ctantes,
735 4528 903 4566 usum
950 4511 1109 4583 pallii
1162 4527 1349 4582 neque
1392 4517 1681 4582 expetunt,
1733 4527 1920 4582 neque
1957 4512 2146 4582 perci-

450 4601 636 4670 piunt,
687 4616 750 4654 ac
798 4617 900 4672 per
925 4601 1032 4655 hoc
1061 4601 1459 4671 episcoporum
1505 4600 1854 4654 consecratio
1902 4601 2146 4654 viduatis

449 4689 708 4743 Ecclesiis
733 4707 847 4744 non
873 4690 992 4744 sine
1019 4689 1274 4760 periculo
1301 4689 1637 4759 proteletur,
1669 4689 1884 4758 placuit
1906 4695 1970 4742 ut
1994 4689 2145 4760 quis-

447 4779 577 4849 quis
608 4779 1086 4841 metropolitanus
1118 4778 1266 4832 ultra
1295 4784 1413 4831 tres
1445 4793 1669 4831 menses
1697 4777 2142 4830 consecrationis

445 4883 564 4922 sua:
597 4867 666 4921 ad
698 4868 872 4922 Iidem
911 4883 1070 4920 suam
1103 4866 1521 4937 exponendam,
1562 4865 1920 4936 palliumque
1959 4865 2141 4919 susci-

443 4955 743 5025 piendum,
776 4955 846 5009 ad
897 4955 1266 5024 apostolicam
1298 4954 1490 5008 sedem
1522 4970 1637 5007 non
1691 4952 1933 5018 miserit,
1983 4969 2138 5007 com-

445 5044 620 5097 missa
649 5043 758 5097 sibi
787 5048 979 5097 careat
1003 5041 1300 5112 dignitate,
1333 5041 1518 5112 sitque
1545 5041 1798 5095 licientia
1848 5046 2137 5112 metropo-

440 5129 636 5184 litanis
666 5130 792 5184 aliis
818 5135 947 5200 post
977 5129 1284 5183 secundam
1307 5134 1360 5182 et
1378 5129 1606 5183 tertiam
1631 5129 2136 5183 commonitionem

442 5217 687 5272 viduatis
739 5218 998 5272 Ecclesiis
1047 5233 1177 5272 cum
1243 5217 1479 5271 consilio
1537 5217 1780 5272 Romani
1851 5217 2137 5287 pontificis

441 5306 760 5361 ordinando
790 5307 1122 5378 episcopum
1162 5305 1484 5360 subvenire.
1518 5305 1575 5361 Si
1601 5322 1733 5360 vero
1763 5305 2134 5360 consecrandi

439 5394 694 5464 episcopi
723 5395 1076 5466 negligentia
1105 5395 1454 5467 provenerit,
1497 5400 1561 5448 ut
1587 5395 1738 5448 ultra
1765 5400 1878 5450 tres
1908 5411 2134 5450 menses

439 5481 684 5537 Ecclesia
739 5483 970 5538 viduata
1037 5483 1328 5549 consistat,
1385 5483 1794 5537 communione
1853 5484 2129 5554 privetur,

435 5585 739 5644 quousque
769 5576 869 5626 aut
897 5573 1018 5627 loco
1066 5572 1245 5641 cedat,
1281 5577 1380 5627 aut
1417 5589 1474 5628 se
1511 5574 1959 5628 consecrandum
1982 5588 2129 5644 proe-

2259 4355 2458 4393 omnes
2492 4340 2749 4410 ejusdem
2790 4339 3094 4409 provincias
3135 4340 3394 4412 episcopi
3424 4340 3492 4394 ad
3525 4338 3699 4392 sedem
3727 4336 3864 4386 metm

2258 4429 2572 4498 politanam
2629 4427 2992 4495 conveniant,
3047 4433 3112 4482 ut
3143 4427 3214 4481 ab
3259 4429 3527 4482 omnibus
3553 4427 3663 4496 ipse
3689 4421 3864 4487 eligatur

2257 4518 2313 4568 et
2341 4514 2658 4570 ordinetur.
2683 4516 2919 4586 Oportet
2948 4521 3138 4570 autem
3169 4515 3375 4587 utipse
3407 4518 3504 4588 qui
3543 4516 3646 4569 illis
3671 4507 3864 4565 omnibus

2257 4619 2498 4673 praeesse
2532 4604 2720 4672 debet,
2773 4605 2842 4660 ab
2887 4605 3156 4660 omnibus
3199 4606 3310 4660 illis
3355 4607 3598 4677 eligatur
3632 4609 3683 4656 et
3711 4597 3866 4653 ordine-

2252 4696 2361 4745 tur.
2419 4692 2646 4764 Reliqui
2683 4709 2816 4746 vero
2865 4693 3367 4764 comprovinciales
3425 4691 3684 4765 episcopi,
3730 4686 3768 4739 si
3809 4695 3869 4734 ne-

2253 4795 2404 4834 cesse
2450 4780 2644 4847 fuerit,
2693 4783 2911 4835 caeteris
2957 4782 3466 4846 consentientibus,
3499 4798 3530 4835 a
3558 4780 3721 4834 tribus
3753 4774 3866 4844 jussu

2253 4867 2664 4940 archiepiscopi
2694 4869 3014 4924 consecrari
3046 4875 3286 4940 possunt
3315 4869 3585 4941 episcopi,
3613 4866 3696 4920 sed
3720 4859 3867 4916 melius

2251 4961 2337 5010 est
2365 4956 2412 5010 si
2441 4957 2561 5028 ipse
2592 4973 2722 5011 cum
2751 4958 3018 5012 omnibus
3048 4974 3182 5012 eum
3231 4959 3327 5028 qui
3359 4959 3568 5029 dignus
3611 4959 3689 5009 est
3733 4950 3862 5015 elege-

2248 5044 2345 5111 rit,
2393 5049 2450 5099 et
2478 5046 2670 5099 cuncti
2723 5046 2940 5115 pariter
2987 5047 3447 5101 consecraverint
3497 5032 3863 5117 pontiﬁcem?!

2248 5133 2380 5187 licet
2424 5133 2576 5188 istud
2629 5134 2962 5189 necessitate
2993 5140 3232 5205 cogente
3271 5116 3598 5189 concessum
3649 5129 3730 5192 sit,
3768 5116 3860 5176 illad

2247 5227 2438 5276 autem
2466 5223 2619 5292 quod
2668 5221 2739 5276 de
2791 5223 3204 5294 archiepiscopi
3253 5221 3667 5277 consecratione
3708 5223 3858 5286 pr“?

2244 5316 2409 5380 ptum
2450 5315 2618 5381 atque
2651 5311 2985 5381 praedictum
3035 5317 3140 5377 est,
3176 5311 3234 5366 id
3264 5317 3364 5376 est,
3401 5315 3465 5364 ut
3495 5321 3681 5363 omnes
3725 5298 3856 5355 sullrl‘

2244 5398 2414 5468 ganei
2439 5414 2566 5452 eum
2590 5399 2874 5466 ordinent,
2912 5399 3241 5454 nullatenus
3288 5397 3576 5454 immutari
3607 5395 3739 5457 licet,
3772 5384 3859 5457 qui!

2243 5485 2342 5556 qui
2371 5485 2483 5538 illis
2540 5491 2771 5556 praeest,
2801 5486 2872 5540 ab
2902 5486 3170 5540 omnibus
3209 5485 3486 5557 episcopis
3531 5481 3720 5554 quibus
3760 5485 3858 5544 Ρη·

2242 5578 2344 5640 est,
2378 5573 2543 5628 debet
2575 5574 2861 5628 constitui.
2920 5575 3017 5630 Sin
3065 5576 3234 5630 aliter
3277 5576 3679 5647 praesumptum
3721 5557 3862 5622 fuerit,
