4022 6190
77 379 178 427 3:37
1087 361 1569 418 DECRETORUM
1615 365 1800 418 LIBRI
1842 363 1945 418 XX.
1991 393 2054 400 -——
2103 363 2316 417 LIBER
2363 363 2639 417 PRIMUS.

3515 363 3619 414 558

78 496 298 550 viribus
321 508 513 549 carere
546 507 660 546 non
709 489 954 544 dubium
1009 489 1117 552 est,
1152 487 1290 557 quia
1319 485 1483 539 irrita
1514 485 1623 538 erit
1669 486 1794 556 ejus
1827 490 1867 539 A
1908 485 2038 539 CAP.
2071 485 2296 538 XXXIII.
2330 513 2398 521 —
2440 484 2520 536 De
2549 483 2973 557 Wambatrege
3024 483 3327 557 Gallorum,
3363 486 3459 550 qui
3488 499 3606 536 con-

77 603 242 640 secus
279 590 408 638 acta
430 582 738 637 ordinatio.

80 693 212 746 CAP.
246 691 425 746 XXIX.
457 719 524 729 —
563 692 636 742 De
675 689 918 756 episcopo
955 683 1271 756 qui_alium
1311 684 1427 735 sine
1468 696 1571 735 sua
1620 683 1806 736 volun-

513 765 621 813 tate
650 752 952 826 eptscopum
981 752 1369 808 ordinaverat.

150 869 271 937 (Ea:
303 869 466 934 epist.
524 865 793 932 Simplicii
825 877 976 932 papae
1032 862 1214 912 missa
1257 859 1456 912 Joanni
1496 861 1806 913 Ravennati

79 961 317 1026 episcop.
355 970 458 1022 cap
520 957 593 1018 l.)
622 953 678 1006 Si
736 952 860 1021 quis
916 951 1062 1003 esset
1131 948 1378 1000 intuitus
1433 946 1499 999 ad
1536 963 1800 1000 normam

80 1044 484 1099 ecclesiasticae
542 1041 876 1110 disciplinae,
899 1039 983 1092 vel
1015 1035 1063 1088 si
1130 1037 1270 1106 quid
1325 1035 1472 1105 apud
1523 1040 1578 1088 te
1622 1052 1801 1088 sacer-

81 1133 283 1187 dotalis
321 1130 624 1184 modestia:
655 1133 959 1192 teneretur,
992 1141 1294 1194 nunquam
1328 1124 1646 1193 plectibiles
1677 1140 1800 1193 per-

83 1224 460 1290 petrarentur
495 1232 776 1270 excessus.
836 1219 879 1267 A
909 1213 1115 1284 quibus
1167 1213 1216 1265 si
1265 1212 1420 1264 nullo
1451 1217 1503 1263 te
1535 1216 1800 1280 paterna-

85 1325 203 1360 rum
239 1309 582 1376 regularum
635 1309 864 1372 poteras
912 1301 1208 1354 continere
1253 1305 1561 1368 praecepto,
1595 1299 1796 1352 saltem

81 1401 296 1448 sanctae
334 1393 630 1448 memoriae
680 1389 1112 1460 praedecessoris
1159 1389 1241 1441 tui
1279 1388 1466 1441 fueras
1522 1403 1796 1440 revocan-

79 1483 182 1534 dus
219 1481 514 1549 exemplo,
551 1477 652 1548 qui
685 1492 815 1530 cum
870 1474 1126 1528 faciendo
1162 1473 1557 1543 presbyterum
1608 1472 1795 1525 minus

77 1569 430 1639 deliquisset
459 1567 729 1630 invitum,
769 1569 1020 1617 senserat
1061 1569 1253 1615 tamen
1285 1562 1522 1632 dignum
1566 1577 1666 1632 pro
1695 1562 1793 1613 tali

78 1658 463 1727 usurpatione
525 1654 834 1724 judicium.
895 1651 998 1706 Ubi
1059 1650 1167 1704 ista
1224 1650 1490 1715 didicisti,
1547 1665 1675 1719 quae
1734 1649 1791 1702 in

77 1749 324 1800 fratrem
373 1749 431 1797 et
489 1743 892 1811 coepiscopum
947 1744 1207 1792 nostrum
1252 1738 1610 1807 Gregorium,
1674 1753 1787 1790 non
1825 1767 1862 1818 Β

79 1835 392 1899 electione,
439 1832 534 1884 sed
579 1829 797 1883 invidia
826 1827 1183 1898 perpetrasti,
1220 1842 1389 1896 quem
1420 1825 1792 1878 inexcusabili

78 1921 358 1975 violentia
385 1917 639 1989 pertrahi
700 1916 772 1969 ad
830 1921 881 1968 te
935 1931 1132 1985 passus
1167 1930 1244 1977 es,
1288 1919 1457 1983 atque
1488 1913 1698 1978 vexari,
1732 1917 1794 1965 ut

79 2012 126 2064 ei
159 2012 448 2064 honorem
480 2013 722 2067 tantum,
768 2020 885 2057 non
924 2020 1027 2073 per
1085 2001 1261 2055 animi
1299 2001 1788 2071 tranquillitatem,

81 2099 174 2151 sed
236 2113 346 2168 per
399 2095 736 2158 amentiam,
799 2092 941 2146 sicut
995 2091 1300 2145 dicendum
1357 2095 1439 2143 est
1469 2089 1792 2159 irrogarcs?

85 2189 282 2256 Neque
341 2184 497 2238 enim
538 2183 675 2236 talia
726 2181 1042 2252 potuissent
1073 2179 1218 2245 ﬁeri,
1280 2179 1517 2232 sanitate
1549 2178 1786 2231 consilii.

85 2277 364 2328 Nolumus
397 2286 742 2341 exaggerare
795 2270 948 2339 quod
999 2273 1222 2338 gestum
1263 2272 1364 2333 est,
1401 2284 1470 2320 ne
1519 2283 1793 2337 cogamur

79 2363 339 2432 judicare
373 2359 525 2430 quod
561 2358 801 2427 dignum
838 2361 934 2410 est.
958 2357 1098 2409 Nam
1131 2353 1496 2424 privilegium
1541 2359 1793 2409 meretur

87 2452 371 2514 amittere,
408 2449 506 2519 qui
538 2447 814 2517 permissa
845 2445 954 2498 sibi
983 2446 1238 2497 abutitur
1276 2449 1575 2514 potestate.

87 2560 212 2612 CAP.
271 2558 420 2610 XXX.
483 2584 552 2593 ——
592 2557 666 2607 De
714 2553 1006 2621 abjectione
1033 2552 1151 2619 eius
1192 2565 1346 2616 quem
1390 2551 1496 2605 duo
1532 2565 1793 2619 praesum-

550 2626 761 2692 pserint
783 2624 1040 2676 ordinare
1069 2623 1324 2688 episcopi.

157 2737 268 2803 (Ea:
301 2732 491 2786 concit.
537 2732 824 2794 Arausic.,
864 2743 985 2796 cap.
1035 2729 1150 2795 20.)
1194 2727 1270 2778 De
1320 2726 1638 2796 abjectione
1669 2727 1791 2796 ejus

86 2839 257 2892 quem
292 2820 407 2874 duo
455 2816 924 2889 praesurnpserint
972 2814 1259 2868 ordinaire
1293 2815 1568 2884 episcopi,
1601 2815 1660 2868 in
1684 2831 1789 2868 no-

86 2911 214 2962 stris
246 2907 560 2978 provinciis
588 2905 798 2975 placuit
827 2905 895 2957 de
931 2902 1470 2973 przesumptoribus,
1514 2909 1576 2956 ut
1607 2903 1788 2956 sicubi

84 2997 393 3065 contigerit
440 2995 585 3049 duos
663 2993 956 3063 episcopos
1015 2992 1250 3045 tertium
1301 3007 1660 3060 consecrare,
1732 2997 1788 3045 et

91 3085 203 3155 ipse
237 3089 298 3137 et
329 3087 592 3136 auctores
622 3081 1071 3143 damnabantur,
1122 3093 1237 3148 quo
1277 3079 1497 3132 cautius
1545 3095 1612 3132 ea
1659 3095 1788 3148 quae

93 3178 214 3227 sunt
235 3171 558 3240 antiquitus
591 3173 802 3222 statuta
831 3171 1146 3221 serventur.

93 3283 214 3334 CAP.
259 3279 436 3332 XXXI.
481 3308 549 3316 —
579 3277 660 3330 De
703 3290 809 3327 non
852 3273 1176 3327 ordinandis
1215 3275 1478 3342 episcopis
1521 3290 1618 3342 per
1647 3277 1789 3328 vicos

638 3351 688 3399 et
717 3345 956 3399 modicas
979 3346 1247 3398 civitates.

159 3460 268 3525 (Ea:
336 3455 526 3509 concil.
601 3451 942 3515 Sardicensi,
1021 3465 1142 3519 cap.
1212 3450 1286 3517 6.)
1347 3449 1597 3504 Licentia
1660 3465 1792 3503 vero

93 3545 284 3600 danda
331 3560 450 3597 non
501 3547 587 3595 est
639 3539 947 3593 ordinandi
989 3539 1340 3608 episcopum,
1403 3543 1497 3591 aut
1555 3538 1614 3591 in
1671 3539 1793 3590 vico

93 3635 306 3702 aliquo,
339 3634 440 3683 aut
469 3629 527 3681 in
554 3626 779 3681 modica
818 3625 1065 3692 civitate,
1096 3624 1188 3678 cui
1231 3625 1440 3679 sufﬁcit
1479 3641 1628 3678 unus
1658 3642 1790 3695 pre-

93 3722 328 3790 sbyter:
363 3717 499 3787 quia
531 3732 649 3769 non
693 3719 777 3767 est
807 3730 1034 3768 necesse
1071 3713 1148 3766 ibi
1185 3713 1512 3783 episcopum
1545 3713 1693 3778 ﬁeri,
1723 3729 1793 3766 ne

92 3808 322 3860 vilescat
373 3821 586 3859 nomen
648 3803 902 3873 episcopi
951 3807 1008 3856 et
1050 3801 1372 3856 auctoritas.
1413 3803 1533 3856 Non
1585 3801 1796 3855 debent

95 3897 169 3948 illi
200 3912 269 3949 ex
303 3895 415 3948 alia
460 3893 753 3963 provincia
804 3891 1024 3945 invitati
1084 3892 1266 3944 facere
1298 3891 1651 3962 episcopum,
1684 3890 1793 3942 nisi

94 3989 189 4036 aut
214 3985 276 4036 in
320 3984 408 4036 his
439 3982 762 4035 civitatibus
792 3996 920 4050 qua:
976 3980 1274 4050 episcopos
1318 3979 1664 4045 habuerunt,
1695 3982 1794 4031 aut

96 4074 279 4142 siqua
313 4072 442 4125 talis
483 4075 578 4125 aut
633 4074 751 4123 tam
808 4070 1090 4139 populosa
1124 4075 1208 4121 est
1259 4068 1475 4130 civitas,
1521 4082 1650 4137 qua:
1680 4080 1794 4118 me-

97 4165 290 4213 reatur
347 4159 557 4212 habere
626 4157 975 4228 episcopum.
1033 4157 1088 4212 Si
1120 4157 1224 4211 hoc
1279 4156 1546 4210 omnibus
1585 4155 1788 4224 placet.

98 4249 355 4318 Synodus
405 4247 701 4316 respondit
733 4262 744 4298 :
778 4247 978 4300 Placet.

489 4343 617 4398 CAP.
652 4344 852 4396 XXXII.
890 4372 950 4382 —
999 4347 1067 4397 De
1107 4343 1291 4396 eadem
1321 4357 1395 4395 re.

167 4454 271 4519 (Ea:
292 4451 489 4504 decret.
524 4452 714 4503 Leonis
745 4464 922 4518 papa,
959 4465 1078 4517 cap.
1123 4449 1236 4516 49.)
1271 4447 1415 4502 lllud
1462 4462 1596 4500 sane
1629 4448 1784 4517 quod

100 4541 167 4593 ad
220 4539 633 4593 sacerdotalem
681 4537 931 4607 pertinet
977 4537 1337 4606 dignitatem,
1399 4536 1549 4590 inter
1600 4536 1795 4590 omnia

99 4629 364 4681 volumus
385 4641 673 4680 canonum
706 4629 916 4678 statuta
946 4624 1180 4688 servari,
1221 4631 1405 4678 utnon
1438 4624 1496 4678 in
1557 4623 1794 4693 quibus-

102 4716 234 4770 libet
257 4714 397 4770 locis
429 4729 618 4782 neque
651 4712 1087 4782 quibuscunque
1117 4713 1379 4779 castellis,
1413 4717 1469 4766 et
1497 4711 1596 4765 ubi
1626 4717 1794 4766 antea

101 4819 213 4857 non
237 4804 478 4857 fuerunt
505 4801 783 4872 episcopi,
815 4807 1238 4868 consecrentur,
1273 4817 1402 4854 cum
1462 4800 1557 4853 ubi
1606 4799 1792 4854 mino-

100 4908 184 4944 res
218 4897 354 4945 sunt
383 4891 578 4961 plebes
610 4891 978 4960 minoresque
1037 4894 1369 4956 conventus,
1431 4888 1792 4958 presbytero-

101 4996 224 5033 rum
257 4995 392 5033 cura
422 4978 694 5043 sufficiat,
747 4978 1096 5048 episcopalia
1161 4983 1352 5031 autem
1386 4977 1794 5047 gubernacula,

101 5069 328 5122 nonnisi
362 5067 676 5136 majoribus
711 5067 936 5136 populis
967 5071 1022 5119 et
1070 5066 1554 5136 frequentioribus
1599 5065 1795 5118 civita-

99 5157 245 5209 tibus
290 5159 553 5225 oporteat
609 5155 938 5224 prazsidere,
1001 5171 1073 5208 ne
1126 5154 1277 5224 quod
1328 5159 1656 5209 sanctorum
1685 5156 1794 5208 Pa-

99 5251 248 5297 trum
279 5243 555 5296 divinitus
591 5242 869 5312 inspirata
901 5244 1128 5297 decreta
1158 5247 1482 5308 vetuerunt,
1512 5243 1711 5295 viculis
1742 5249 1797 5296 et

98 5331 571 5402 possessionibus,
606 5332 691 5384 vel
738 5331 993 5384 obscuris
1043 5337 1099 5384 et
1144 5332 1414 5384 solitariis
1469 5331 1797 5400 municipiis

99 5421 383 5474 tribuatur
405 5420 750 5474 sacerdotale
789 5420 1103 5490 fastigium,
1139 5424 1194 5473 et
1225 5419 1408 5472 honor
1459 5419 1549 5472 cui
1589 5419 1800 5473 debent

102 5509 505 5563 excellentiora
567 5509 868 5577 committi,
925 5509 1048 5580 ipse
1094 5508 1184 5562 sui
1237 5508 1653 5563 numerositate
1724 5508 1800 5560 vi-

104 5598 294 5653 lescat.

1987 563 2074 608 tra
2097 569 2320 608 canones
2352 557 2406 606 in
2449 554 2687 622 quadam
2742 555 2933 607 villula
2971 556 3334 622 episcopatum
3387 557 3611 620 fecerat,

1987 626 2247 695 quomodo
2282 626 2622 677 annullatum
2644 630 2740 677 est.

1987 753 2092 814 (Em
2118 752 2304 805 concil.
2360 751 2612 803 Toletano
2660 765 2776 811 xm,
2811 765 2929 803 can.
2966 750 3040 818 4.)
3096 749 3401 818 Majoribus
3449 749 3611 802 insti-

1912 839 2230 892 tutionibus
2281 837 2584 900 contraire,
2620 843 2674 890 et
2728 844 3050 891 sanctorum
3105 839 3338 891 Patrum
3385 838 3614 892 decreta

1910 926 2252 989 convellere,
2281 924 2417 994 quid
2445 925 2601 978 aliud
2650 929 2732 978 est
2783 941 2955 995 quam
2989 925 3280 979 vinculum
3320 927 3607 980 societatis

1911 1012 2116 1066 Christi
2149 1013 2512 1082 abrumpere,
2545 1020 2600 1067 et
2632 1019 2917 1084 usurpalze
2967 1015 3364 1084 praeceptionis
3423 1015 3608 1068 licen-

1908 1100 2008 1166 tia,
2043 1105 2253 1154 statum
2313 1101 2569 1154 Ecclesiae
2619 1101 2932 1171 dissipare?
2995 1103 3380 1172 Prosequente
3433 1103 3613 1172 igitur

1908 1187 2223 1241 venerabili
2287 1191 2342 1240 et
2400 1189 2757 1242 sanctissimo
2816 1190 2940 1242 viro
2995 1190 3167 1243 fratre
3225 1196 3420 1243 nostro
3495 1191 3610 1243 Ste-

1905 1274 2099 1342 phano
2136 1275 2511 1328 Enieretensis
2545 1276 2694 1329 sedis
2725 1277 3005 1346 episcopo,
3056 1294 3145 1330 res
3172 1277 3333 1330 nobis
3365 1277 3605 1330 novellae

1907 1361 2372 1432 praesumptionis
2404 1365 2774 1434 usurpatione
2794 1381 2914 1418 sese
2945 1365 3142 1418 intulit
3189 1365 3607 1435 pertractanda,

1905 1454 2064 1503 tanto
2149 1451 2567 1503 communionis
2637 1457 2844 1504 nostri?
2909 1452 3124 1521 judicio
3213 1453 3605 1515 convellenda,

1906 1543 2124 1607 quanto
2158 1542 2212 1590 et
2243 1539 2533 1607 pravitatis
2576 1544 2778 1592 nostrae
2806 1539 3057 1591 noscitur
3087 1555 3228 1591 ausu
3251 1543 3600 1607 perpetrata.

1905 1626 2057 1679 Dixit
2089 1625 2242 1678 enim
2293 1625 2560 1678 violentia
2605 1626 2907 1696 principali
2935 1643 2994 1679 se
3043 1626 3357 1692 impulsum
3408 1626 3602 1688 fuisse,

1902 1715 2056 1767 utin
2108 1715 2453 1767 monasterio
2485 1715 2720 1781 villulae,
2753 1715 2810 1766 in
2869 1731 2983 1783 qua
3049 1715 3370 1766 venerabile
3402 1729 3608 1781 corpus

1904 1801 2252 1856 sanctissimi
2301 1803 2541 1856 Punenii
2595 1802 2936 1856 confessoris
2987 1802 3176 1856 debito
3234 1801 3475 1871 quiescit
3509 1802 3608 1854 lio-

1902 1907 2069 1957 nore,
2125 1905 2330 1942 novam
2365 1891 2704 1960 episcopalis
2761 1890 2998 1943 honoris
3030 1889 3451 1943 ordinationem
3493 1889 3610 1942 efﬁ-

1901 1982 2082 2042 ceret,
2125 1984 2182 2030 et
2204 1977 2328 2030 ideo
2368 1995 2434 2030 ex
2488 1978 2793 2030 indiscreto
2824 1983 2881 2031 et
2919 1977 3190 2031 facillimo
3219 1993 3472 2042 assensu,
3516 1976 3605 2030 in-

1893 2065 2071 2135 justis
2118 2064 2376 2120 Wambae
2424 2066 2696 2136 principis
2743 2065 3100 2134 jussionibus
3133 2082 3359 2136 parens,
3396 2081 3601 2118 novam

1901 2160 1955 2208 et
2005 2153 2281 2222 injustam
2334 2154 2448 2206 illic
2499 2154 2838 2224 pontiﬁcalis
2859 2154 3007 2207 sedis
3049 2154 3457 2223 perlectionem
3512 2154 3604 2207 in-

1898 2243 2087 2311 duxit,
2135 2241 2233 2295 ubi
2299 2243 2570 2296 canonica
2623 2241 2952 2295 constitutio
2993 2243 3048 2295 id
3098 2242 3222 2295 ﬁeri
3265 2242 3604 2296 omnimoda

1901 2331 2130 2385 ratione
2170 2329 2399 2384 refellit.
2452 2331 2758 2384 Przedictus
2810 2329 2904 2383 ille
2950 2330 3034 2383 vir
3062 2336 3382 2401 prostratus
3417 2331 3598 2385 humo

1902 2419 2283 2474 medicamine
2314 2419 2494 2472 nostri
2531 2417 2818 2489 praecepti,
2850 2423 2901 2472 et
2932 2419 3036 2472 sibi
3079 2419 3200 2474 dari
3240 2418 3465 2472 veniam
3496 2436 3604 2490 pe-

1899 2508 1985 2572 tit,
2051 2511 2107 2560 et
2168 2506 2304 2576 quid
2359 2507 2720 2575 potissimum
2780 2507 2904 2560 ﬁeri
2935 2514 3199 2577 oporteat
3253 2507 3320 2561 de
3351 2523 3599 2578 persona

1899 2596 2023 2666 ejus
2056 2595 2157 2665 qui
2187 2595 2303 2648 illic
2343 2595 2639 2649 ordinatus
2687 2596 2890 2661 fuerat,
2939 2597 3118 2650 nostri
3179 2597 3291 2650 oris
3319 2597 3604 2651 sententia

1899 2684 2128 2739 decerni
2159 2683 2437 2752 poposcit.
2474 2684 2578 2737 Sed
2647 2685 2782 2754 quia
2841 2685 3134 2752 veraciter,
3190 2685 3304 2738 imo
3339 2701 3602 2740 commu-

1901 2773 2048 2826 niter
2074 2787 2418 2824 noveramus
2457 2772 2796 2840 praedictum
2837 2773 3155 2842 principem
3187 2773 3428 2827 consilio
3463 2774 3603 2828 levi-

1899 2860 2030 2915 tatis
2049 2867 2336 2929 agentem,
2366 2875 2482 2912 non
2517 2861 2700 2913 solum
2745 2861 3080 2930 praecepisse
3119 2865 3182 2914 ut
3222 2862 3279 2914 in
3316 2862 3597 2930 praedicto

1899 2951 2022 3002 loco
2084 2948 2292 3018 aliquis
2349 2947 2648 3018 episcopus
2705 2949 2887 3016 ﬁeret,
2943 2949 3040 3003 sed
3098 2951 3270 3003 etiam
3329 2950 3408 3003 ita
3465 2967 3600 3005 cum

1831 3036 2384 3094 Cobstinationibus
2439 3037 2727 3102 deﬁnisse,
2780 3044 2843 3092 ut
2881 3038 2937 3091 in
2987 3038 3264 3092 suburbio
3323 3040 3603 3095 Toletano

1899 3126 1960 3179 in
2012 3124 2248 3179 ecclesia
2298 3125 2662 3178 Praetoriensi
2721 3131 3047 3180 sanctorum
3120 3128 3272 3181 Petri
3329 3133 3384 3182 et
3438 3130 3604 3185 Pauli

1900 3214 2232 3284 episcopum
2277 3213 2586 3279 ordinaret,
2649 3229 2872 3267 necnon
2935 3222 2994 3267 et
3043 3216 3102 3268 in
3153 3216 3290 3268 vicis
3347 3217 3435 3270 vel
3493 3219 3598 3272 vil-

1899 3303 2024 3357 lulis
2047 3301 2310 3355 similiter
2335 3301 2544 3356 faceret
2570 3319 2581 3355 :
2608 3302 2736 3355 ideo
2765 3319 2866 3372 pro
2894 3308 3008 3356 tam
3036 3303 3306 3357 insolenti
3339 3304 3602 3374 hujusce-

1901 3390 2058 3443 modi
2113 3388 2540 3457 exstirpationis
2600 3389 2849 3456 licentia,
2911 3390 3196 3460 quidquid
3249 3391 3318 3444 de
3374 3391 3479 3446 hac
3540 3410 3602 3448 re

1901 3477 2174 3530 haberent
2228 3492 2515 3529 canonum
2571 3477 2848 3543 instituta,
2922 3478 2980 3530 in
3041 3479 3296 3532 medium
3354 3481 3602 3549 proferri

1900 3565 2297 3636 prmcepimus.
2357 3565 2514 3618 Tunc
2568 3565 2689 3618 haec
2712 3564 2769 3618 in
2803 3566 3067 3619 ordinem
3097 3567 3424 3632 constituta,
3459 3586 3604 3639 prag-

1903 3657 2044 3708 lecta
2069 3657 2218 3706 sunt.
2248 3652 2310 3704 In
2364 3651 2566 3719 primis
2619 3655 2881 3722 exempla
2924 3655 3082 3707 Pauli
3130 3655 3228 3708 ubi
3277 3656 3402 3709 Tito
3433 3657 3602 3712 disci-

1902 3743 2057 3813 pulo,
2085 3744 2150 3795 ut
2174 3740 2467 3809 episcopos
2510 3757 2614 3810 per
2645 3740 2900 3794 civitates
2957 3744 3303 3797 constituere
3344 3744 3599 3814 deberet,

1901 3830 2191 3902 prmcepit.
2227 3830 2374 3881 Item
2404 3844 2470 3881 ex
2504 3828 2744 3882 concilio
2767 3829 3016 3897 Nicaeno,
3050 3830 3216 3884 titulo
3239 3834 3291 3897 8,
3327 3832 3422 3887 ubi
3453 3833 3603 3889 inter

1902 3924 2104 3974 caetera
2149 3917 2477 3988 praecipitur
2519 3923 2581 3971 ut
2630 3918 2688 3970 in
2730 3917 2953 3972 civitate
3005 3935 3120 3972 non
3163 3919 3466 3975 videantur
3487 3923 3601 3977 duo

1903 4005 2153 4077 episcopi
2184 4021 2322 4058 esse.
2359 4005 2498 4058 Item
2552 4022 2616 4058 ex
2669 4006 2908 4060 concilio
2941 4006 3298 4074 Laodicensi,
3337 4008 3505 4063 titulo
3549 4017 3599 4077 7,

1901 4096 2000 4149 ubi
2032 4094 2166 4150 dicit
2199 4110 2210 4146 :
2245 4094 2364 4146 Non
2396 4099 2621 4164 Oportet
2654 4094 2713 4146 in
2748 4095 2883 4148 vicis
2915 4100 2970 4148 et
3012 4094 3071 4148 in
3113 4095 3326 4150 villulis
3375 4098 3602 4168 episco-

1903 4201 2006 4255 pos
2037 4182 2311 4238 ordinari.
2364 4184 2504 4236 Item
2551 4199 2617 4236 ex
2649 4181 2888 4237 concilio
2935 4183 3161 4247 Africae,
3213 4184 3380 4239 titulo
3421 4190 3472 4252 2,
3506 4187 3602 4240 ubi

1906 4273 2055 4327 Felix
2109 4270 2414 4340 episcopus
2462 4271 2875 4325 Solemsitanus
2941 4272 3130 4328 dixit:
3175 4274 3353 4328 Etiam
3405 4277 3451 4329 si
3499 4277 3604 4329 hoc

1903 4363 2088 4432 placet
2130 4358 2416 4412 sanctitati
2470 4363 2691 4425 vestrae,
2750 4358 2979 4413 insinuo
3034 4366 3094 4414 ut
3149 4362 3417 4417 dimceses
3476 4381 3604 4434 quae

1901 4464 2196 4519 nunquam
2227 4447 2552 4501 habuerunt
2575 4448 2891 4519 episcopos,
2925 4465 3040 4502 non
3081 4449 3348 4504 habeant.
3397 4453 3606 4507 Dicece-

1901 4538 1977 4591 sis
2016 4552 2146 4607 quae
2178 4536 2482 4606 aliquando
2514 4536 2731 4603 habuit,
2777 4537 2987 4590 habeat
3025 4539 3344 4607 proprium.
3392 4541 3602 4596 Secun-

1901 4625 2037 4680 dum
2094 4628 2284 4677 autem
2335 4625 2442 4678 hoc
2493 4625 2947 4694 prosecutionem
3010 4626 3326 4680 sanctitatis
3398 4634 3600 4682 vestrae

1902 4719 1988 4768 est
2011 4713 2298 4768 aestimare
2329 4714 2462 4783 quid
2496 4713 2620 4767 ﬁeri
2670 4714 2892 4768 debeat.
2926 4715 3262 4769 Genecletus
3307 4716 3606 4788 episcopus

1903 4802 2086 4857 dixit:
2123 4802 2181 4854 Si
2239 4803 2422 4872 placet
2474 4801 2786 4855 insinuatio
2829 4802 3008 4872 patris
3053 4803 3378 4875 coepiscopi
3425 4807 3606 4858 nostri

1908 4890 2129 4956 Felicis,
2154 4889 2224 4942 ab
2247 4889 2515 4943 omnibus
2545 4891 2934 4944 conﬁrmetur.
2962 4892 3044 4945 Ab
3079 4892 3362 4946 universis
3393 4893 3605 4962 episco-

1905 4979 1994 5049 pis
2016 4979 2229 5032 dictum
2259 4984 2360 5032 est.
2395 4979 2741 5031 Placetltem
2762 4995 2825 5032 ex
2849 4980 3090 5033 concilio
3115 4981 3313 5036 Africa:
3339 4998 3416 5048 ιιι,
3438 4981 3606 5035 titulo

1906 5071 1958 5133 2,
1984 5067 2083 5120 ubi
2116 5066 2252 5120 dicit
2283 5072 2348 5120 ut
2378 5082 2494 5119 non
2525 5065 2762 5136 accipiat
2783 5067 3028 5121 alterum
3069 5070 3402 5140 episcopum
3448 5072 3607 5140 plebs

1908 5171 2036 5226 quae
2060 5154 2119 5207 in
2150 5153 2378 5208 dioecesi
2399 5169 2626 5224 semper
2647 5155 2950 5225 subjacuit.
2980 5158 3286 5228 Epigenius
3318 5159 3471 5213 enim
3492 5160 3608 5230 cpi,-

1908 5259 2106 5313 scopus
2163 5241 2222 5294 in
2279 5246 2483 5296 cmtera
2532 5243 2610 5295 sic
2669 5242 2854 5297 dixit:
2892 5244 3015 5297 Non
3064 5246 3269 5301 debere
3329 5252 3607 5302 rectorem

1911 5331 2166 5401 accipere
2189 5345 2313 5384 eam
2357 5330 2584 5400 plebem
2616 5347 2743 5401 quae
2776 5331 2834 5384 in
2860 5331 3087 5385 dioecesi
3145 5351 3375 5405 semper
3413 5336 3603 5405 subja-

1909 5419 2026 5471 cuit
2059 5434 2163 5471 nec
2205 5434 2458 5488 unquam
2511 5419 2810 5488 proprium
2839 5419 3168 5489 episcopum
3207 5423 3424 5476 habuit.
3459 5424 3607 5487 Qua-

1911 5513 2143 5576 propter
2181 5507 2228 5559 si
2284 5507 2549 5560 universo
2595 5507 2949 5562 sanctissimo
3015 5508 3184 5562 ccetui
3253 5512 3438 5580 placet
3503 5514 3608 5566 hoc

1915 5596 2068 5665 quod
2102 5596 2374 5665 prmfatus
2417 5611 2564 5663 sum,
2593 5597 2968 5650 conﬁrmetur
3014 5597 3276 5651 Aurelius
3307 5599 3608 5671 episcopus
