4022 6190
461 323 466 328 ‘
533 302 637 356 559

1613 295 1944 353 BURCHAB
1953 295 2022 350 DI
2064 293 2599 352 WORMACIENSIS
2640 297 2976 353 EPISCOPl.
3893 310 3974 361 560

528 424 673 480 dixit
705 440 719 479 :
751 421 961 479 Fratris
1016 425 1074 476 et
1131 419 1548 476 consacerdotis
1613 419 1794 475 nostri
1834 419 2297 491 prosecutioni—A
2336 420 2471 476 CAP.
2503 419 2697 475 XXXV.
2725 451 2795 461 —
2840 422 2906 476 Ut
2954 424 3388 497 nequaquamin
3432 422 3565 479 duos
3591 429 3977 497 metropolitano:

528 530 647 570 non
677 513 910 580 obsisto,
947 511 1043 566 sed
1073 511 1180 566 hoc
1220 527 1310 564 me
1341 514 1396 563 et
1449 509 1668 575 fecisse,
1699 514 1755 563 et
1781 508 2068 564 facturum
2108 525 2229 563 esse

528 601 827 673 proﬁteor.
856 602 998 655 Item
1023 615 1090 653 ex
1127 598 1364 653 concilio
1396 597 1739 664 Sardicensi,
1786 597 1884 652 ubi
1928 597 2082 652 inter
2121 613 2225 651 ca-

527 693 651 745 tera
671 688 1004 760 pracipitur
1037 704 1048 742 :
1076 687 1325 742 Licentia
1353 687 1540 741 danda
1599 686 1813 756 passim
1869 701 1987 740 non
2017 689 2120 740 est.
2170 685 2229 740 Si

533 777 687 832 enim
719 777 905 831 subito
951 781 1052 830 aut
1099 775 1254 828 vicus
1304 773 1537 845 aliquis,
1583 779 1681 828 aut
1727 775 1956 829 modica
2009 774 2226 839 civitas,

530 867 623 921 cui
675 866 809 920 satis
836 870 922 920 est
951 881 1102 919 unus
1131 863 1449 934 presbyter,
1473 864 1736 918 voluerit
1758 863 1865 917 sibi
1896 863 2230 934 episcopum

529 955 804 1021 ordinari,
832 954 904 1008 ad
927 954 1034 1007 hoc
1065 958 1130 1008 ut
1159 953 1392 1007 vilescat
1421 968 1632 1007 nomen
1677 952 1927 1023 episcopi
1951 957 2008 1006 et
2035 955 2230 1006 aucto-

526 1043 680 1109 ritas,
714 1058 830 1096 non
851 1042 1060 1096 debent
1109 1041 1194 1095 illi
1233 1057 1303 1096 ex
1359 1040 1470 1095 alia
1521 1040 1817 1112 provincia
1861 1040 2109 1107 invitati,
2153 1040 2232 1094 fa-

526 1146 653 1185 cere
678 1131 1033 1202 episcopum,
1069 1129 1127 1184 in
1159 1131 1370 1202 quibus
1394 1129 1532 1184 locis
1584 1134 1753 1184 antea
1784 1145 1903 1184 non
1932 1129 2057 1184 fuit.
2089 1130 2228 1184 Item

526 1219 596 1273 de
624 1219 912 1274 sententia
937 1234 1139 1273 eorum
1174 1219 1274 1290 qui
1328 1217 1662 1288 hujusmodi
1708 1217 2095 1272 ordinationes
2146 1217 2230 1271 fa-

526 1309 704 1375 ciunt,
736 1309 826 1362 vel
855 1308 925 1362 de
962 1308 1052 1361 his
1096 1307 1196 1379 qui
1241 1311 1439 1360 contra
1467 1306 1590 1360 hac
1653 1305 1916 1360 instituta
1946 1321 2230 1360 canonum

527 1398 893 1463 ordinantur,
951 1413 1021 1450 ex
1053 1395 1294 1449 concilio
1329 1395 1659 1460 Tauritano,
1711 1393 1878 1448 titulo
1907 1394 2006 1447 ubi
2045 1393 2183 1448 dicit
2215 1410 2228 1447 :

529 1487 830 1540 Gestorum
860 1501 1092 1555 quoque
1121 1483 1326 1537 seriem
1353 1483 1632 1536 conscribi
1663 1482 1875 1552 placuit
1904 1482 1975 1535 ad
2023 1497 2233 1552 perpe-

527 1579 645 1628 tem
677 1573 1072 1644 disciplinam,
1149 1572 1304 1643 quod
1363 1572 1512 1624 circa
1561 1571 1858 1625 Octabium
1911 1571 2227 1636 Ursionem,

529 1660 983 1753 Remigiiim,_ad
1009 1661 1171 1714 Trefe
1213 1660 1566 1731 episcopum,
1616 1659 1866 1753 synodus
1896 1663 2089 1753 sancta
2127 1659 2231 1712 de-
2265 1700 2304 1753 Β

528 1748 723 1802 crevit.
757 1749 863 1809 Oui
895 1747 954 1802 in
984 1749 1422 1818 usurpationem
1477 1748 1783 1818 quamdam
1819 1748 1887 1801 de
1919 1746 2118 1801 ordine
2141 1764 2232 1800 sa-

527 1836 846 1900 cerdotum,
900 1836 968 1890 ad
1037 1837 1310 1890 invidiam
1359 1837 1726 1890 vocabantur.
1795 1835 1954 1898 Quod
2013 1835 2091 1888 ita
2145 1835 2234 1889 his

526 1924 755 1978 videtur
782 1924 1096 1990 indultum,
1129 1929 1192 1976 ut
1221 1924 1290 1977 de
1335 1929 1541 1977 catero
1573 1923 1678 1976 hac
1709 1923 2045 1976 auctoritate
2075 1939 2231 1976 com-

527 2012 735 2066 moniti
755 2012 921 2078 nihil,
953 2027 1230 2081 usurpare
1263 2018 1564 2065 conentur.
1595 2009 1890 2082 Siquidem
1921 2027 1980 2064 se
2026 2011 2098 2065 ab
2129 2012 2234 2066 hac

528 2115 696 2154 causa
749 2101 850 2154 tali
901 2103 1262 2153 excusatione
1321 2099 1721 2164 defenderunt,
1780 2115 1896 2169 qua
1979 2099 2234 2155 dicerent

526 2188 689 2256 prius
771 2204 832 2241 se
903 2203 1016 2240 non
1071 2203 1194 2240 esse
1269 2192 1592 2251 conventos,
1660 2185 1899 2256 proinde
1959 2187 2234 2256 judicavit

527 2275 780 2344 synodus
830 2280 1062 2329 sancta:
1111 2281 1175 2328 ut
1229 2275 1275 2328 si
1331 2275 1458 2345 quis
1515 2275 1624 2328 hoc
1672 2275 1868 2328 fecerit
1907 2279 2106 2328 contra
2138 2276 2233 2330 in-

530 2363 729 2416 stituta
761 2362 1074 2433 majorum,
1120 2362 1260 2416 sciat
1297 2363 1345 2415 is
1377 2363 1476 2434 qui
1529 2362 1825 2417 ordinatus
1850 2362 2022 2416 fuerit
2049 2379 2231 2418 sacer-

528 2451 678 2505 dotis
698 2467 756 2504 se
799 2452 1022 2505 honore
1053 2450 1418 2521 privandum,
1471 2455 1529 2504 et
1570 2451 1664 2503 ille
1721 2450 1820 2520 qui
1859 2449 2230 2520 ordinaverit,

531 2541 929 2594 auctoritatem
977 2555 1036 2592 se
1100 2538 1161 2592 in
1215 2538 1650 2592 ordinatioribus
1714 2538 1802 2592 vel
1857 2537 1915 2592 in
1981 2538 2233 2594 conciliis

528 2628 766 2682 minime
799 2633 1177 2682 retenturum.
1211 2628 1332 2681 Non
1366 2628 1548 2681 solum
1590 2631 1782 2681 autem
1811 2625 1960 2680 circa
2006 2643 2231 2680 memo-

523 2722 714 2771 ratum
741 2717 1074 2786 episcopum
1114 2717 1235 2769 hac
1281 2715 1569 2770 sententia
1624 2715 1974 2786 pravalebit,
2034 2715 2131 2768 sed
2177 2719 2233 2769 et

524 2805 674 2858 circa
703 2821 924 2870 omnes,
958 2804 1132 2858 simili
1166 2819 1360 2858 errore
1391 2805 1677 2874 deceptos,
1712 2804 1812 2873 qui
1840 2803 2231 2858 ordinationes

522 2892 856 2963 hujusmodi
899 2896 1327 2963 perpetrarunt.
1379 2892 1474 2946 His
1533 2892 1712 2962 igitur
1768 2891 2092 2946 fortissimis
2139 2908 2230 2945 re-

523 2982 696 3051 gulis,
729 2981 996 3036 effectum
1051 2981 1136 3050 pii
1183 2981 1374 3051 operis
1427 2984 1802 3051 apponentes,
1834 2980 1892 3034 in
1933 2980 2231 3034 communi
2261 2986 2301 3042 C.

526 3069 860 3124 deﬁnitione
911 3070 1214 3140 elegimus,
1258 3073 1320 3123 ut
1349 3069 1408 3122 in
1462 3071 1588 3123 loco
1626 3069 1838 3123 villula
1887 3069 2229 3139 supradicta

529 3160 729 3230 Aquis,
771 3159 1038 3229 deinceps
1066 3159 1226 3212 sedes
1262 3158 1600 3228 episcopalis
1627 3173 1746 3212 non
1776 3163 2090 3226 remaneat,
2127 3175 2226 3211 ne-

525 3263 638 3318 que
670 3248 974 3318 episcopus
1027 3246 1162 3301 illuc
1203 3247 1356 3301 ultra
1385 3245 1816 3301 constituendus
1843 3246 2062 3300 existat.
2128 3246 2227 3300 Hic

522 3341 715 3390 tamen
753 3336 1087 3407 Conjuldus,
1139 3335 1236 3407 qui
1267 3340 1464 3390 contra
1516 3335 1797 3406 majorum
1849 3335 2076 3389 decreta
2107 3334 2224 3388 illic

521 3425 747 3480 videtur
775 3425 1071 3479 institutus
1102 3424 1275 3479 fuisse
1335 3423 1657 3496 episcopus,
1712 3423 1885 3478 nullis
1936 3439 2222 3478 canonum

521 3513 628 3567 erit
650 3515 720 3568 ad
773 3513 1315 3568 condemnationem
1374 3513 1462 3567 sui
1503 3511 1789 3567 sententia
1839 3511 2221 3579 ulciscendas,

521 3603 657 3673 quia
684 3617 802 3656 non
854 3601 1186 3666 ambitione,
1229 3601 1327 3655 sed
1385 3600 1661 3672 principis
1720 3600 2066 3671 impulsione
2095 3616 2225 3655 con-

520 3691 664 3746 stitit
690 3691 1004 3746 ordinatus.
1041 3692 1105 3745 Et
1131 3691 1263 3745 ideo
1321 3690 1423 3744 hoc
1462 3690 1547 3744 illi
1590 3690 1910 3744 remedium
1953 3689 2223 3744 humani-

519 3781 653 3834 tatis
698 3780 1082 3847 concedimus,
1123 3785 1183 3834 ut
1229 3779 1290 3833 in
1339 3778 1537 3832 sedem
1565 3778 1737 3832 aliam
1786 3777 2098 3832 decidentis
2131 3793 2220 3832 cu-

512 3868 750 3939 juslibet
777 3868 1034 3940 episcopi
1084 3867 1433 3932 traducatur,
1496 3871 1553 3919 et
1581 3865 1887 3935 praedictus
1932 3865 2097 3934 ,locus
2118 3867 2222 3921 sub

521 3957 836 4012 monastica
866 3955 1137 4024 deinceps
1164 3954 1523 4008 institutione
1552 3967 1879 4018 mansurus,
1927 3968 2042 4006 non
2099 3953 2220 4023 epi-

520 4046 735 4115 scopali
769 4045 922 4100 ultra
950 4042 1248 4114 privilegio
1286 4042 1486 4103 fretus,
1529 4041 1628 4094 sed
1686 4040 1790 4094 sub
1823 4040 2042 4094 abbatis
2068 4042 2219 4111 regi-

519 4135 698 4198 mine,
768 4134 912 4186 sicut
966 4131 1077 4184 huc
1126 4146 1310 4202 usque
1365 4129 1494 4195 fuit,
1551 4128 1660 4182 erit
1711 4128 1898 4182 modis
1953 4129 2218 4185 omnibus

520 4222 952 4290 mancipandus.
985 4220 1109 4272 Jam
1134 4235 1268 4273 vero
1300 4219 1369 4272 de
1400 4221 1608 4271 caetero
1639 4217 1904 4288 generale
1938 4224 2219 4288 ponentes

519 4309 791 4368 edictum,
827 4306 872 4360 si
904 4305 1033 4376 quis
1063 4309 1262 4359 contra
1284 4306 1403 4359 hac
1433 4320 1719 4358 canonum
1762 4303 2065 4359 interdicta
2117 4322 2213 4360 ve-

519 4395 644 4450 nire
673 4399 911 4448 conatus
940 4393 1129 4460 fuerit,
1162 4398 1227 4448 ut
1264 4393 1324 4447 in
1355 4392 1492 4447 locis
1527 4389 1641 4446 illis
1671 4392 2008 4463 episcopum
2047 4394 2220 4465 eligat

517 4481 666 4552 ﬁeri,
719 4483 817 4537 ubi
874 4482 1176 4552 episcopus
1238 4497 1536 4552 nunquam
1600 4480 1728 4548 fuit,
1798 4480 2102 4536 anathema
2157 4483 2218 4538 in

515 4575 829 4642 conspectu
853 4569 1262 4640 omnipotentis
1295 4571 1393 4624 Die
1439 4569 1712 4632 incurrat,
1744 4574 1801 4622 et
1828 4569 2064 4640 insuper
2099 4575 2217 4625 tam

515 4659 814 4714 ordinator
843 4673 1014 4729 quam
1068 4658 1363 4712 ordinatus
1391 4657 1631 4728 gradum
1693 4657 1781 4712 sui
1824 4657 2041 4712 ordinis
2084 4674 2218 4728 per-

514 4749 656 4804 dat:
691 4748 825 4820 quia
869 4763 987 4801 non
1045 4747 1232 4800 solum
1279 4746 1650 4817 antiquorum
1693 4747 1928 4800 Patrum
1969 4746 2212 4814 decreta,

514 4837 611 4892 sed
634 4836 943 4908 apostolica
979 4850 1152 4890 ausus
1179 4838 1264 4888 est
1289 4835 1606 4889 convellere
1654 4833 1931 4888 instituta.

640 4943 766 4998 CAP.
791 4941 1010 4996 XXXIV.
1040 4969 1109 4980 —
1159 4943 1225 4995 Ut
1251 4941 1401 5010 plebs
1433 4955 1551 5008 qua
1589 4954 1869 5009 nunquam
1900 4939 2091 4994 habuit

723 5015 1050 5083 episcopum,
1094 5015 1207 5065 nisi
1241 5028 1309 5065 ezc
1341 5026 1615 5078 consensu,
1653 5026 1760 5065 non
1783 5010 1996 5064 habeat.

587 5101 702 5170 (Ea:
734 5102 920 5155 concil.
977 5102 1268 5166 Africano,
1307 5115 1428 5168 cap.
1470 5100 1584 5168 61.)
1628 5097 1844 5152 Placuit
1867 5102 1925 5153 et
1955 5098 2119 5165 illud,
2151 5107 2215 5156 ut

509 5189 706 5260 plebes
735 5205 864 5261 qua
891 5203 1188 5257 nunquam
1229 5188 1556 5242 habuerunt
1583 5186 1850 5258 proprios
1897 5186 2210 5258 episcopos,

509 5277 621 5332 nisi
647 5294 711 5332 ex
738 5278 980 5332 concilio
1024 5275 1284 5347 plenario
1320 5275 1768 5346 uniuscujusque
1816 5275 2126 5345 provincia
2155 5282 2212 5330 et

508 5367 792 5437 primatis,
852 5372 1023 5436 atque
1079 5379 1362 5419 consensu
1420 5364 1542 5434 ejus
1584 5363 1655 5417 ad
1720 5363 1884 5434 cujus
1919 5363 2209 5419 dioecesim

508 5454 711 5510 eadem
747 5453 989 5508 Ecclesia
1029 5452 1372 5525 pertinebat,
1405 5452 1698 5508 decretum
1735 5452 1927 5521 fuerit,
1970 5453 2208 5508 minime

507 5543 816 5615 accipiant.

2869 495 3160 562 provincia
3206 493 3512 548 dividatur.

2411 578 2629 650 (Concil.
2691 581 2963 649 Chalced.,
3013 596 3136 652 cap.
3184 585 3290 648 t2.)
3321 582 3586 638 Pervenit
3635 584 3703 638 ad
3743 601 3837 640 nos
3860 590 3978 658 quod

2341 667 2578 738 quidam
2627 675 2834 739 prater
2891 669 3271 725 ecclesiastica
3304 676 3517 726 statuta
3567 671 3840 740 facientes,
3877 693 3975 730 con.

2339 757 2602 812 velarunt
2628 758 2697 812 ad
2736 762 3067 828 potestates,
3097 763 3152 812 et
3181 775 3284 829 per
3338 761 3740 830 pragmaticam
3779 763 3972 819 formam

2340 845 2402 899 in
2447 847 2558 900 duo
2589 863 2764 901 unam
2820 847 3172 918 provinciam
3195 848 3535 915 diviserunt,
3580 849 3659 904 ita
3704 855 3763 905 ut
3805 868 3863 906 ex
3901 855 3970 908 hoc

2340 933 2490 989 facto
2521 935 2634 989 duo
2685 936 3111 1006 metropolitani
3153 952 3276 991 esse
3331 937 3628 992 videantur
3653 938 3710 991 in
3754 954 3853 992 una
3878 957 3972 1009 pro-

2340 1018 2542 1074 vincia.
2581 1019 2784 1074 Statuit
2813 1037 2949 1091 ergo
2977 1025 3169 1075 sancta
3227 1023 3480 1093 synodus
3527 1023 3596 1076 de
3638 1022 3842 1094 reliquo
3872 1025 3971 1078 nihil

2340 1106 2412 1160 ab
2443 1105 2722 1177 episc0pis
2755 1108 2866 1161 tale
2890 1108 3121 1162 tentari.
3152 1107 3449 1179 Alioquin,
3483 1108 3585 1179 qui
3615 1108 3716 1162 hoc
3750 1111 3971 1164 admissus

2341 1193 2531 1259 fuerit,
2590 1195 2883 1249 amissioni
2939 1195 3148 1265 gradus
3194 1196 3416 1267 proprii
3475 1196 3795 1268 subjacebit.
3850 1200 3972 1262 Qua-

2341 1297 2568 1353 cunque
2597 1299 2731 1337 vero
2759 1283 3014 1338 civitates
3044 1283 3246 1338 litteris
3277 1284 3673 1356 imperialibus
3703 1289 3972 1357 metropoli-

2341 1371 2462 1424 tani
2493 1371 2740 1425 nominis
2771 1373 2990 1429 honore
3037 1373 3292 1427 subnixa
3334 1379 3492 1442 sunt,
3522 1373 3734 1428 honore
3772 1380 3970 1430 tantum-

2341 1460 2514 1514 modo
2544 1461 2936 1531 perfruantur,
2991 1467 3048 1516 et
3088 1461 3186 1532 qui
3234 1462 3540 1516 Ecclesiam
3593 1465 3711 1534 ejus
3750 1465 3973 1534 gubernat

2342 1548 2665 1620 episcopus,
2705 1550 2874 1604 salvis
2895 1551 3108 1605 scilicet
3161 1552 3311 1605 veris
3350 1551 3689 1622 metropolis
3718 1553 3970 1622 privilegiis

2343 1654 2478 1692 5013.

2343 1727 2470 1781 CAP.
2531 1727 2751 1782 XXXVI.
2792 1756 2864 1768 —
2915 1728 2997 1781 De
3048 1729 3161 1783 illis
3204 1730 3469 1798 episcopis
3529 1731 3628 1797 qui
3658 1745 3753 1783 non
3786 1735 3885 1782 sunt
3908 1747 3969 1782 re-

2413 1802 2553 1867 cepti
2582 1799 2650 1852 ab
2671 1800 2780 1852 illis
2803 1798 2878 1851 ad
2909 1814 3039 1866 quos
3069 1805 3194 1853 sunt
3221 1800 3469 1854 ordinati
3495 1802 3581 1853 vel
3619 1800 3915 1854 denominati.

2411 1889 2522 1957 (Ea:
2551 1889 2738 1941 concil.
2792 1888 3020 1955 Ancyr.,
3051 1904 3172 1958 cap.
3217 1887 3325 1957 l7.)
3359 1888 3417 1943 Si
3462 1890 3566 1960 qui
3604 1889 3834 1960 episcopi
3863 1890 3963 1943 ordi-

2341 1976 2462 2030 nati
2489 1980 2639 2038 snnt,
2683 1991 2785 2029 nec
2815 1975 3028 2046 recepti
3053 1977 3124 2030 ab
3157 1976 3255 2030 illa
3283 1976 3558 2047 parochia
3593 1978 3650 2030 in
3679 1993 3782 2049 qua
3803 1977 3966 2031 fuerant

2341 2064 2717 2130 denominati,
2749 2065 3166 2135 volueruntque
3205 2064 3344 2118 alias
3389 2080 3673 2135 occupare
3717 2065 3963 2135 parochias,

2341 2157 2398 2206 et
2424 2153 2538 2206 vim
2596 2153 2936 2224 prasulibus
2985 2169 3184 2207 earum
3223 2153 3455 2220 inferre,
3499 2153 3791 2207 seditiones
3822 2153 3966 2207 adver-

2341 2258 2437 2296 sus
2457 2259 2554 2296 eos
2598 2243 2916 2308 excitando,
2948 2242 3050 2296 hos
3081 2241 3249 2312 abjici
3300 2242 3538 2313 placuit.
3573 2242 3731 2306 Quod
3759 2243 3800 2295 si
3834 2243 3967 2295 volue-

2341 2330 2458 2383 rint
2482 2329 2540 2382 in
2570 2330 2914 2401 presbyterii
2945 2330 3146 2384 ordine
3194 2330 3291 2385 ubi
3323 2331 3483 2400 prius
3519 2331 3760 2396 fuerant,
3811 2334 3971 2398 utpre-

2340 2418 2554 2488 sbyteri
2598 2418 2869 2484 residere,
2904 2434 3021 2472 non
3065 2419 3405 2489 abjiciantur
3455 2419 3695 2490 propria
3739 2419 3970 2488 dignitate.

2341 2505 2399 2560 Si
2451 2511 2643 2560 autem
2699 2507 3008 2560 seditiones
3054 2510 3413 2561 commovent
3445 2506 3668 2561 ibidem
3716 2506 3972 2560 constitutis

2340 2594 2638 2665 episcopis,
2687 2595 3029 2665 presbyterii
3061 2611 3289 2666 quoque
3319 2594 3513 2649 honor
3565 2595 3768 2649 talibus
3803 2593 3972 2647 aufera-

2339 2686 2456 2751 tur,
2474 2683 2724 2752 tiantque
2746 2683 3114 2737 damnatione
3136 2683 3432 2738 notabiles.

2340 2770 2468 2825 CAP.
2499 2770 2747 2824 XXXVII.
2780 2801 2847 2811 —
2877 2773 2952 2824 De
3003 2773 3249 2840 episcopo
3275 2772 3372 2839 qui
3415 2771 3714 2825 Ecclesiam
3748 2770 3818 2826 ad
3853 2785 3970 2837 quam

2713 2842 3003 2896 ordinatus
3030 2847 3129 2907 est,
3164 2842 3318 2896 adire
3349 2843 3670 2908 negle'cerit.

2411 2930 2516 2998 (Ea:
2547 2930 2733 2984 concil.
2765 2931 3052 2996 Antioch.,
3085 2946 3207 3000 cap.
3244 2931 3348 2998 t7.)
3369 2930 3424 2985 Si
3452 2931 3589 3001 quis
3607 2930 3878 3002 episcopus
3904 2942 3973 2998 per

2339 3032 2544 3072 manus
2596 3017 3024 3089 impositionem
3067 3017 3457 3089 episcopatum
3499 3018 3778 3088 acceperit
3815 3022 3860 3069 et
3899 3014 3970 3067 sibi

2337 3105 2707 3160 commissum
2755 3105 3148 3160 ‘ministerium
3205 3105 3396 3160 subire
3439 3106 3760 3178 neglexerit
3786 3119 3874 3159 nec
3909 3118 3970 3154 ac-

2335 3193 2617 3264 quieverit
2665 3193 2750 3248 ire
2804 3193 2875 3248 ad
2907 3193 3212 3248 Ecclesiam
3271 3194 3381 3248 sibi
3433 3195 3810 3259 commissam,
3861 3193 3973 3244 hunc

2335 3285 2559 3352 oportet
2585 3282 2994 3336 communione
3047 3283 3280 3353 privari,
3317 3283 3502 3337 donec
3533 3282 3832 3353 susceperit
3858 3292 3972 3332 coac-

2335 3373 2425 3422 tus
2455 3369 2727 3435 officium,
2767 3375 2868 3424 aut
2891 3375 3042 3424 certe
3073 3370 3142 3424 de
3192 3387 3260 3425 eo
3307 3370 3529 3441 aliquid
3581 3371 3796 3440 integra
3837 3367 3973 3422 ἀρα-ει

2333 3458 2480 3511 verit
2508 3457 2764 3528 ejusdem
2796 3457 3100 3528 provincia
3128 3457 3376 3528 synodus
3408 3459 3781 3512 sacerdotum.

2335 3545 2464 3601 CAP.
2495 3547 2766 3601 XXXVIII.
2801 3576 2868 3586 —
2894 3549 2968 3601 De
3006 3548 3254 3616 episcopo
3298 3549 3394 3615 qui
3435 3562 3547 3600 non
3586 3547 3858 3616 susceperit
3884 3542 3969 3608 ofﬁ-

2831 3617 2976 3674 cium
3019 3618 3130 3672 sibi
3171 3620 3539 3672 commissum.

2405 3707 2527 3776 (Ea:
2556 3721 2698 3761 conc.
2726 3707 2966 3773 Arelat,
3014 3722 3141 3776 cap.
3198 3708 3276 3776 6.)
3308 3705 3369 3760 Si
3434 3705 3569 3776 quis
3594 3703 3868 3775 episcopus
3890 3713 3970 3754 non

2333 3795 2648 3866 susceperit
2685 3794 2941 3849 ofﬁcium
2972 3794 3082 3849 sibi
3108 3794 3501 3860 commissum,
3529 3794 3623 3848 hic
3686 3787 3971 3848 communic-

2332 3900 2405 3938 ne
2434 3869 2708 3955 privetur,
2743 3883 3119 3953 quoadusque
3161 3881 3479 3936 consentiat
3530 3879 3853 3936 obedientia
3884 3888 3965 3928 sua

2331 3972 2721 4027 commodans.
2756 3971 2814 4028 Si
2843 3987 2976 4026 vero
3037 3971 3353 4042 perrexerit
3382 3987 3487 4024 nec
3548 3975 3802 4040 receptus
3827 3963 3962 4020 fuerit.

2331 4077 2448 4116 non
2479 4077 2584 4132 pro
2606 4077 2708 4115 sua
2737 4059 3042 4127 sententia,
3075 4060 3170 4114 sed
3213 4076 3316 4130 pro
3373 4058 3596 4113 malitia
3646 4055 3846 4128 populi,
3880 4052 3963 4120 ipse

2329 4149 2565 4219 quidem
2598 4153 2825 4203 maneat
2853 4149 3169 4219 episcopus,
3202 4147 3392 4202 clerici
3432 4163 3574 4201 vero
3607 4147 3832 4201 civitatis
3856 4153 3964 4194 com-

2331 4238 2608 4293 munione
2657 4238 2970 4309 priventur,
3023 4237 3178 4309 quod
3232 4236 3564 4291 erudiendis
3632 4231 3963 4289 inobedientes

2328 4327 2560 4396 populis
2585 4342 2699 4380 non
2733 4325 2966 4379 fuerint.

2330 4414 2460 4469 CAP.
2490 4415 2715 4470 XXXIX.
2752 4444 2822 4454 —
2873 4416 2946 4468 De
2984 4415 3232 4483 episcopo
3282 4416 3527 4478 vacante,
3593 4413 3693 4482 qui
3735 4407 3964 4464 Ecclesiam

2874 4490 3152 4538 vacantem
3197 4485 3479 4537 invaserit.

2400 4573 2512 4641 (Ea:
2558 4589 2702 4629 conc.
2745 4574 3024 4638 Antioch.,
3044 4588 3170 4640 cap.
3226 4573 3334 4641 16.)
3366 4571 3421 4626 Si
3454 4570 3586 4642 quis
3608 4569 3886 4640 episcopus
3906 4577 3961 4612 n-

2327 4677 2481 4727 cans,
2515 4661 2574 4715 in
2603 4661 2906 4716 Ecclesiam
2965 4677 3083 4715 non
3129 4660 3434 4714 habentem
3484 4659 3810 4729 episcopum
3835 4647 3964 4706 surri-

2326 4750 2491 4820 piens
2521 4751 2766 4820 populos
2810 4749 2933 4804 sine
2973 4749 3215 4803 concilio
3263 4747 3472 4818 integri
3492 4747 3714 4802 ordinis
3765 4738 3965 4798 irraeril,

2327 4838 2499 4893 etiam
2531 4839 2576 4892 si
2600 4839 2845 4910 populus
2878 4854 3048 4909 quem
3082 4837 3301 4892 seduxit
3321 4836 3608 4891 desideret
3649 4835 3827 4898 illum,
3861 4826 3966 4881 alie-

2325 4943 2466 4981 num
2496 4943 2628 4981 eum
2660 4926 2728 4980 ab
2774 4926 3022 4980 Ecclesia
3052 4941 3171 4980 esse
3210 4928 3454 4996 oportet.
3503 4925 3794 4994 [ntegrum
3822 4922 3967 4971 autem

2326 5019 2382 5068 et
2410 5015 2725 5084 perfectum
2767 5013 3076 5068 concilium
3116 5013 3359 5068 dicimus
3389 5011 3527 5066 illud
3573 5011 3669 5065 cui
3727 5010 3965 5071 metropor

2323 5103 2537 5157 litanus
2566 5103 2869 5174 episcopus
2892 5101 3234 5157 interfuerit.

2323 5210 2449 5265 CAP.
2481 5210 2583 5265 XL.
2622 5239 2692 5249 —
2721 5212 2794 5264 De
2845 5210 3092 5279 episcopo
3147 5211 3244 5277 qui
3286 5210 3366 5263 est
3397 5206 3682 5262 ordinatus
3741 5201 3810 5257 ad
3849 5193 3961 5251 eccle-

2745 5283 2907 5348 siam,
2951 5286 3005 5335 et
3047 5295 3153 5335 non.
3201 5285 3280 5333 est
3315 5282 3570 5347 receptus.

2391 5366 2500 5438 (Ea:
2519 5383 2662 5423 conc.
2692 5367 3004 5432 Aureliam,
3027 5383 3148 5438 cap.
3187 5366 3296 5436 10.)
3327 5365 3384 5421 Si
3411 5364 3536 5436 quis
3551 5363 3857 5421 ordinatus,
3883 5363 3960 5423 per

2319 5456 2741 5511 contentionem
2781 5455 3006 5526 populi,
3056 5459 3156 5509 aut
3192 5470 3296 5525 pro
3344 5454 3455 5508 alia
3481 5451 3728 5517 ratione,
3783 5455 3834 5502 et
3874 5454 3966 5496 non

2316 5560 2423 5615 pro
2465 5561 2568 5600 sua
2619 5545 2806 5615 culpa,
2839 5543 2901 5598 in
2950 5543 3223 5615 parochia
3251 5558 3381 5614 qua
3411 5541 3466 5598 ei
3509 5538 3686 5595 fuerit
3739 5537 3857 5592 data
3892 5543 3966 5583 re-
