4022 6190
47 293 116 345 56l
1032 273 1507 334 DECRETORUM
1548 275 1749 336 LIBRI
1786 282 1893 337 XX.
1930 308 2000 318 —-
2041 276 2253 334 LIBER
2293 280 2573 337 PRIMUS.

44 416 215 483 ceptus
265 422 394 462 non
448 402 583 470 erit,
638 400 803 456 hunc
859 404 1096 471 oportet
1131 400 1408 453 honorem
1463 402 1846 461 sacerdotiiA

44 495 442 557 tantummodo
500 490 877 559 contingere,
928 488 1011 542 ita
1058 492 1122 541 ut
1172 488 1240 541 de
1288 488 1456 543 rebus
1506 489 1773 546 Ecclesiae

42 593 86 645 in
130 605 247 660 qua
324 580 608 640 convenit
674 577 788 633 sibi
850 577 1004 631 nihil
1071 583 1405 646 praesumat.
1481 577 1777 634 Sustineat

40 684 209 733 autem
258 670 565 746 quidquid
622 668 695 723 de
744 682 815 721 eo
880 670 1148 720 sanctum
1197 665 1502 720 concilium
1548 666 1777 737 judica-

38 768 180 821 verit.

44 876 144 929 CAP.
174 872 313 927 XLI.
342 898 419 911 —
459 871 537 923 De
568 866 655 920 his
699 863 803 931 qui
827 862 1236 930 promoventur
1282 860 1358 914 ad
1403 862 1778 932 episcopatum

645 949 737 989 nec
769 935 1159 1002 recipiuntur.

106 1052 207 1117 (Er
250 1049 452 1103 concit.
501 1042 777 1105 Antioch.,
842 1055 973 1108 cap.
1037 1036 1148 1107 l8.)
1205 1036 1263 1091 Si
1307 1038 1435 1109 quis
1476 1039 1779 1110 episcopus

53 1138 358 1202 ordinatus,
417 1134 488 1188 ad
540 1127 891 1203 parochiam
944 1126 1217 1187 minime,
1270 1126 1365 1180 cui
1415 1133 1504 1181 est
1542 1130 1775 1193 electus,

58 1225 362 1289 accesserit,
393 1239 510 1276 non
552 1236 649 1273 suo
678 1216 854 1281 vitio,
892 1216 991 1269 sed
1038 1213 1201 1285 quod
1232 1229 1373 1268 eum
1404 1221 1503 1270 aut
1532 1217 1781 1286 p0pulus

59 1318 205 1377 vetet,
254 1316 364 1365 aut
417 1314 652 1380 propter
698 1305 887 1358 aliam
935 1318 1195 1369 causam,
1256 1318 1377 1357 non
1421 1309 1615 1357 tamen
1656 1304 1780 1373 ejus

63 1402 176 1456 vitio
225 1404 627 1471 perpetratam
664 1411 677 1448 :
710 1393 811 1447 hic
863 1397 923 1446 et
964 1390 1209 1445 honoris
1257 1392 1338 1446 sit
1368 1397 1426 1446 et
1474 1392 1783 1446 ministerii

61 1490 364 1561 particeps,
412 1483 723 1539 dummodo
769 1481 921 1535 nihil
970 1480 1248 1533 molestus
1300 1480 1562 1534 Ecclesiae
1609 1481 1783 1534 rebus

63 1579 279 1645 existat,
351 1574 453 1629 ubi
506 1571 835 1626 ministrare
904 1567 1296 1638 cognoscitur.
1360 1568 1540 1632 Quem
1610 1568 1781 1623 etiam

3473 283 3578 338 562

2149 404 2279 461 CAP.
2309 406 2456 461 XLV.
2489 434 2559 447 —
2590 409 2662 462 De
2686 408 2888 476 synodo
2916 408 3313 475 congreganda.

1986 495 2094 559 (Ea:
2124 495 2315 548 concil.
2354 495 2678 562 Arvernen.,
2710 511 2834 566 cap.
2874 496 2983 566 15.)
3030 496 3278 550 Peractis
3309 494 3581 549 omnibus

1885 598 2014 654 quae
2048 581 2118 635 ad
2166 583 2578 637 correctionem
2625 585 2807 637 nostri
2853 584 3069 639 ordinis
3097 585 3156 638 in
3204 585 3309 638 hoc
3336 583 3580 639 concilio

1886 671 2253 742 promulgata
2287 675 2438 737 sunt,
2473 672 2687 742 placuit
2717 673 2979 739 deﬁnire,
3028 679 3092 727 ut
3122 674 3282 726 omni
3326 689 3475 726 anno
3508 673 3582 727 ad

1885 760 2274 831 peragendam
2319 760 2707 814 celebritatem
2760 761 2985 815 concilii
3028 761 3089 814 in
3137 762 3584 832 metropolitana

1886 848 2043 914 sede,
2092 851 2354 917 tempore
2402 864 2514 918 quo
2546 847 2820 919 principis
2866 850 2955 903 vel
2987 850 3417 919 metropolitani
3464 850 3585 903 ele-

1888 937 1999 991 ctio
2052 936 2353 1003 deﬁnierit,
2422 936 2640 990 devotis
2701 953 2931 1007 semper
2989 938 3313 991 animorum
3380 937 3584 992 studiis

1888 1025 2266 1087 conferamus,
2315 1038 2420 1078 nec
2468 1024 2819 1095 quibuslibet
2850 1025 3143 1096 requisitis
3190 1025 3585 1080 occasionibus

1889 1113 2314 1179 dissentiamus,
2364 1114 2461 1167 sed
2523 1114 2581 1166 in
2624 1120 2946 1185 praeparato
2997 1115 3088 1168 die
3135 1131 3250 1185 quo
3305 1114 3585 1168 indictum

1888 1203 2078 1269 fuerit,
2131 1200 2392 1256 adunatis
2422 1202 2481 1254 in
2512 1202 2958 1271 metrOpolitana
2990 1202 3119 1256 sede
3152 1202 3420 1256 omnibus
3448 1218 3587 1271 pro-

1889 1288 2090 1342 vincia:
2146 1288 2534 1362 pontiﬁcibus,
2582 1289 2910 1355 concilium,
2966 1291 3077 1344 Deo
3121 1291 3389 1360 praesule,
3436 1288 3584 1341 cele-

1891 1377 2108 1430 bretur.
2142 1376 2410 1447 Quisquis
2448 1382 2639 1431 autem
2670 1376 3025 1448 episcopum,
3075 1382 3311 1448 excepta
3338 1377 3586 1430 inevita-

1890 1464 1993 1518 bili
2035 1480 2225 1533 causa,
2264 1466 2352 1519 vel
2381 1465 2737 1532 necessitate,
2786 1466 2854 1520 de
2897 1466 3228 1536 peragendo
3259 1482 3318 1519 se
3349 1463 3586 1519 conciiio

1892 1553 2293 1621 absentaverit,
2336 1569 2440 1623 per
2486 1554 2658 1608 unius
2700 1554 2839 1607 anni
2888 1554 3139 1623 spatium
3172 1554 3279 1607 erit
3326 1570 3587 1606 commu-

66 1636 365 1721 observare
397 1660 699 1716 conveniet
739 1636 1029 1728 quidquid
1072 1655 1338 1727 synodus
1368 1657 1617 1727 perfecta
1647 1671 1780 1726 pro-

1966 1652 2067 1689 one
2109 1638 2465 1706 plectendus.
2508 1640 2667 1703 Quod
2696 1639 2743 1693 si
2774 1639 3044 1711 deinceps
3092 1641 3304 1711 absque
3337 1640 3585 1695 celebra-

62 1754 259 1809 vinciat
295 1749 605 1823 iudicando
632 1744 969 1802 decreverit.

68 1882 185 1935 CAP.
218 1877 382 1933 XLII.
417 1906 484 1914 —
518 1872 671 1939 Quod
719 1872 1017 1925 auctoritas
1061 1868 1581 1936 congregandarum
1625 1883 1784 1935 syno-

126 1952 333 2004 dorum
377 1947 687 2017 apostolica
730 1942 850 1997 sedi
896 1942 1183 1995 commissa
1226 1942 1308 1994 sit
1355 1942 1583 2010 privata
1628 1942 1782 2009 pote-

127 2026 297 2074 state.

130 2144 307 2213 (Cap.
356 2140 562 2196 [sideri
612 2136 689 2199 8.)
736 2134 1099 2206 Synodorum
1155 2148 1298 2186 vero
1350 2131 1784 2203 congreganda-

73 2248 197 2285 ruin
252 2227 566 2283 auctoritas
623 2222 955 2294 apostolicae
1013 2220 1134 2275 sedi
1194 2220 1420 2290 privata
1477 2219 1787 2275 commissa

70 2325 145 2373 est
174 2320 484 2389 potestate.
535 2314 655 2368 Nec
684 2312 863 2365 ullam
912 2309 1199 2381 synodum
1231 2308 1565 2379 generalem
1600 2315 1786 2362 ratam

72 2424 189 2460 esse
241 2406 509 2476 legimus,
557 2419 690 2474 quae
723 2401 848 2471 ejus
881 2416 998 2453 non
1039 2398 1217 2453 fuerit
1256 2398 1598 2454 auctoritate
1645 2414 1788 2453 con-

68 2500 310 2566 gregata
350 2493 435 2548 vel
459 2493 623 2547 fulta.
672 2492 801 2543 Haec
849 2487 1126 2541 canonica
1158 2491 1402 2541 testatur
1448 2487 1784 2555 auctoritas,

65 2585 189 2639 haec
218 2582 463 2637 historia
505 2577 889 2635 ecclesiastica
914 2576 1174 2642 roborat,
1210 2576 1334 2629 haec
1373 2575 1557 2630 sancti
1588 2577 1788 2630 Patres

64 2671 441 2727 conﬁrmant.

66 2799 204 2852 CAP.
250 2795 437 2850 XLIII.
470 2822 539 2835 —
581 2791 734 2860 Quod
766 2791 879 2844 bini
908 2793 1196 2844 conventus
1244 2789 1574 2857 episcopales
1604 2790 1789 2857 singu-

589 2859 657 2917 lis
688 2864 847 2917 annis
876 2859 997 2930 ﬁeri
1026 2860 1274 2913 debeant.

140 2975 271 3045 (Ea:
317 2972 510 3026 decret.
570 2971 760 3025 Leonis
808 2983 969 3037 papa
1019 2966 1093 3019 ad
1140 2966 1420 3021 Rusticum
1474 2968 1787 3035 episcopum
1820 2968 1861 3024 Ο

69 3062 426 3125 Narbonem,
479 3074 597 3127 cap.
648 3056 755 3127 3‘2.)
790 3058 868 3111 De
900 3054 1158 3109 conciliis
1208 3058 1399 3107 autem
1441 3052 1789 3123 episcopali-

70 3152 183 3205 bus
212 3164 338 3204 non
368 3146 524 3200 aliud
572 3144 900 3209 indicimus,
943 3159 1119 3214 quam
1163 3141 1345 3195 sancti
1392 3143 1588 3195 Patres
1638 3142 1787 3195 salu-

72 3239 263 3293 briter
314 3235 744 3298 ordinaverunt,
795 3237 860 3286 ut
898 3231 1114 3285 scilicet
1158 3229 1280 3284 bini
1325 3236 1641 3284 conventus
1690 3247 1792 3300 per

75 3342 273 3382 annos
323 3324 579 3395 singulos
636 3322 975 3386 habeantur,
1028 3320 1087 3373 in
1147 3318 1356 3390 quibus
1404 3318 1472 3372 de
1523 3318 1792 3373 omnibus

76 3412 365 3485 querelis,
414 3428 543 3483 quas
590 3411 741 3465 inter
767 3410 1018 3464 diversos
1067 3408 1332 3463 Ecclesiae
1364 3407 1594 3461 ordines
1636 3406 1793 3462 nasci

73 3503 372 3567 assolent,
420 3500 727 3570 judicetur.
759 3501 838 3552 Ac
868 3498 913 3552 si
958 3498 1106 3551 forte
1155 3496 1306 3550 inter
1333 3496 1485 3566 ipsos
1514 3496 1615 3567 qui
1648 3512 1796 3567 prae-

75 3596 223 3645 sunt
254 3590 327 3644 de
362 3588 695 3659 majoribus,
747 3587 902 3657 quod
932 3586 1096 3652 absit,
1132 3584 1375 3655 peccatis
1405 3600 1574 3638 causa
1602 3600 1795 3638 nasca-

74 3687 203 3744 tur,
257 3694 390 3748 quie
431 3676 770 3747 provinciali
798 3679 1050 3745 nequeat
1089 3672 1353 3728 examine
1393 3672 1643 3737 deﬁniri,
1677 3671 1794 3725 fra-

74 3766 426 3821 ternitatem
458 3770 617 3817 tuam
647 3763 715 3817 de
746 3762 925 3816 totius
950 3762 1171 3834 negotii
1202 3760 1474 3831 qualitate
1504 3764 1794 3829 metropo-

82 3858 316 3910 litanus
364 3852 587 3907 curabit
633 3852 916 3905 instruere
946 3867 962 3904 :
992 3856 1055 3905 ut
1093 3851 1141 3904 si
1174 3865 1367 3903 coram
1412 3848 1615 3919 positis
1664 3864 1794 3918 par-

72 3946 269 4010 tibus,
327 3958 431 3996 nec
479 3947 580 3995 tuo
628 3939 802 3994 fuerit
858 3939 1109 4009 resopita
1138 3937 1381 4009 judicio,
1435 3937 1506 3991 ad
1541 3941 1795 3991 nostram

76 4030 486 4103 cognitionem
517 4028 798 4100 quidquid
827 4028 971 4083 illud
1002 4034 1107 4095 est,
1137 4028 1533 4081 transferatur.

79 4124 222 4177 CAP.
262 4119 443 4175 XLIV.
477 4148 546 4158 —
573 4121 645 4172 De
674 4116 918 4185 synodis,
950 4132 1054 4186 quo
1096 4121 1329 4185 tempore
1363 4117 1475 4170 sint
1518 4114 1792 4169 habendae.

1892 1724 2048 1778 tione
2080 1725 2327 1793 concilii,
2361 1730 2496 1781 anni
2545 1728 2716 1781 unius
2745 1734 2926 1781 metas
2974 1729 3281 1794 transierit,
3326 1728 3589 1782 omnium

1889 1810 1948 1864 in
1994 1814 2400 1867 communione
2444 1814 2784 1883 pontiﬁcum
2832 1813 3085 1883 ejusdem
3121 1813 3426 1884 provinciae
3460 1828 3590 1866 sen-

1890 1899 2133 1953 tentiam
2173 1900 2459 1955 obnoxius
2507 1901 2799 1963 retinebit,
2832 1900 2891 1955 id
2923 1908 3029 1967 est,
3061 1902 3109 1954 si
3139 1902 3299 1954 nulla
3339 1901 3448 1955 sibi
3477 1901 3587 1955 im-

1889 1988 2160 2057 pediente
2217 1989 2495 2060 principis
2555 1994 2857 2061 potestate,
2922 1992 3009 2044 vel
3062 1989 3415 2056 inﬁrmitate,
3486 1994 3585 2043 aut

1890 2075 2203 2130 inevitabili
2235 2092 2422 2144 causa,
2458 2078 2554 2132 sed
2594 2078 2771 2131 solius
2801 2077 3053 2148 proprie
3082 2078 3391 2131 voluntatis
3421 2076 3589 2133 libitu

1891 2180 2011 2218 sese
2042 2165 2114 2218 ad
2140 2164 2548 2220 celebrandum
2573 2165 2882 2219 concilium
2913 2182 3031 2220 non
3061 2164 3371 2236 collegerit.

1893 2254 2017 2308 CAP.
2065 2254 2246 2307 XLVI.
2288 2284 2357 2293 ——
2407 2256 2489 2308 De
2542 2255 2943 2323 archiepiscopo
3000 2256 3096 2321 qui
3148 2259 3382 2321 tempore
3435 2255 3589 2321 pacis

2015 2325 2165 2378 ultra
2191 2324 2465 2378 biennium
2490 2325 2758 2395 synodum
2786 2327 3118 2395 annuntiare
3144 2325 3460 2395 neglexerit.

1963 2394 2071 2464 (Ea:
2101 2410 2246 2450 conc.
2300 2392 2584 2457 Metdensi.
2631 2411 2750 2464 cap.
2800 2395 2879 2465 3.)
2930 2394 3089 2458 Quod
3135 2394 3184 2448 si
3226 2395 3378 2448 intra
3426 2392 3592 2446 bien-

1892 2483 2053 2538 nium
2120 2482 2391 2537 divinitus
2456 2489 2785 2553 temporum
2847 2482 3266 2554 tranquillitate
3326 2496 3593 2535 concessa

1893 2570 2204 2626 admonitis
2249 2571 2828 2641 comprovincialibus
2860 2588 2893 2624 a
2922 2570 3370 2641 metropolitano
3418 2584 3591 2639 syno-

1895 2660 2001 2714 dus
2032 2659 2248 2714 indicta
2293 2675 2413 2712 non
2456 2659 2650 2727 fuerit,
2702 2662 2760 2713 et
2791 2658 3268 2727 metropolitanus
3297 2657 3421 2728 ipse
3450 2672 3590 2726 pro-

1894 2747 2216 2802 vocationes
2272 2746 2601 2815 tardaverit,
2658 2763 2808 2802 anno
2864 2747 3087 2818 integro
3144 2746 3346 2800 missas
3403 2745 3592 2799 facere

1896 2852 2013 2890 non
2043 2840 2371 2906 praesumat.
2405 2835 2568 2899 Quod
2612 2835 2659 2889 si
2688 2835 2908 2889 evocati
2953 2840 3009 2888 et
3038 2850 3154 2888 non
3181 2831 3465 2903 corporali
3496 2832 3593 2885 in—

1897 2924 2166 2979 ﬁrmitate
2215 2922 2450 2989 detenti,
2497 2923 2695 2977 adesse
2744 2941 2845 2977 sua
2878 2923 3156 2977 abusione
3195 2922 3587 2991 despexerunt,

1899 3013 2072 3068 simili
2101 3011 2397 3065 sententiae
2428 3013 2821 3083 subjacebunt.

1899 3104 2026 3158 CAP.
2070 3100 2272 3156 XLVII.
2306 3130 2369 3139 —
2420 3103 2495 3155 De
2541 3103 2804 3171 episcopis
2835 3100 2909 3155 ad
2955 3099 3220 3167 synodum
3256 3099 3481 3164 vocatis,
3533 3102 3596 3151 ut

2394 3174 2573 3226 venire
2599 3188 2703 3226 non
2734 3176 3094 3227 contemnant.

1970 3262 2085 3320 (Ea;
2126 3260 2313 3314 concit.
2372 3261 2708 3325 Laodicensi,
2748 3275 2870 3330 cap.
2921 3259 3034 3330 40.)
3083 3257 3245 3323 Quod
3272 3271 3392 3310 non
3422 3270 3597 3324 opor-

1900 3352 2016 3404 teat
2079 3349 2376 3420 episcopos
2425 3349 2494 3403 ad
2550 3349 2833 3420 synodum
2890 3352 3117 3401 vocatos
3172 3344 3407 3399 omnino
3460 3358 3599 3396 con-

1900 3441 2176 3502 temnere,
2230 3436 2327 3489 scd
2374 3436 2639 3505 protinus
2686 3435 2769 3490 ire
2815 3441 2873 3490 et
2919 3435 3143 3499 docere,
3186 3439 3243 3487 et
3273 3433 3491 3487 discere
3530 3447 3599 3486 ea

1901 3542 2031 3595 qua:
2065 3525 2134 3578 ad
2184 3523 2597 3578 correctionem
2629 3524 2914 3590 Ecclesiae,
2962 3523 3048 3576 vel
3078 3522 3431 3592 reliquarum
3464 3535 3594 3590 per-

1903 3614 2092 3668 tinent
2130 3627 2343 3666 rerum.
2394 3612 2656 3683 Seipsum
2700 3628 2834 3665 vero
2884 3612 2985 3682 qui
3034 3608 3461 3679 contempserit,
3504 3624 3597 3663 ac-

1902 3701 2142 3769 cusabit,
2174 3701 2285 3754 nisi
2313 3700 2457 3754 forte
2488 3717 2589 3771 per
2617 3700 3022 3770 mgritudinem
3054 3698 3136 3753 ire
3170 3713 3285 3752 non
3308 3698 3506 3766 possit.

1905 3792 2033 3846 CAP.
2066 3790 2289 3844 LXVIII.
2321 3818 2388 3828 ——-
2436 3789 2628 3853 Quales
2672 3790 2911 3855 epistolae
2957 3804 2991 3839 a
3032 3787 3441 3855 metropolitano
3489 3788 3601 3841 sint

2433 3860 2705 3924 fratribus
2743 3858 3065 3927 dirigendae.

1976 3950 2084 4019 (Ea:
2114 3949 2301 4003 concit.
2359 3950 2768 4014 Tarraconensi,
2815 3963 2935 4017 cap.
2993 3947 3103 4015 t3.)
3145 3944 3411 4016 Epistolas
3458 3945 3601 3999 tales

1908 4054 2010 4106 per
2035 4038 2241 4091 fratres
2269 4054 2303 4090 a
2346 4036 2790 4107 metropolitano
2835 4039 2968 4089 sunt
3005 4034 3342 4106 dirigendae,
3375 4038 3440 4088 ut
3484 4050 3602 4088 non

1906 4128 2093 4182 solum
2126 4127 2195 4181 de
2238 4125 2660 4181 cathedralibus
2700 4124 2960 4179 Ecclesiae
2990 4122 3362 4194 presbyteris,
3400 4138 3599 4176 verum

161 4212 277 4277 (Ea:
326 4207 512 4261 concil.
567 4206 846 4269 Antioch.,
894 4220 1018 4273 cap.
1070 4207 1184 4266 20.)
1232 4205 1475 4274 Propter
1520 4201 1783 4256 utilitate:

1969 4214 2085 4267 iam
2141 4214 2210 4267 de
2261 4213 2593 4267 dicacesanis
2639 4214 2710 4267 ad
2759 4212 3065 4267 concilium
3112 4211 3362 4280 trahant,
3401 4216 3459 4265 et
3494 4210 3604 4264 ali-

79 4294 505 4351 ecclesiasticas
572 4297 627 4347 et
691 4291 1078 4347 absolutiones
1146 4307 1345 4345 earum
1407 4306 1600 4345 rerum
1667 4305 1795 4360 quas

82 4383 516 4439 dubitationem
581 4380 1145 4452 controversiamque
1206 4379 1510 4451 recipiunt,
1580 4377 1799 4449 optime

82 4471 335 4545 placuit,
382 4474 445 4524 ut
493 4486 596 4541 per
645 4470 899 4540 singulas
946 4485 1203 4541 quasque
1252 4467 1574 4539 provincias
1621 4466 1707 4521 bis
1739 4467 1797 4521 in

85 4577 251 4616 anno
301 4559 702 4630 episcOporum
734 4558 977 4612 concilia
1023 4558 1406 4613 celebrentur.
1442 4556 1628 4612 Semel
1674 4556 1802 4626 qui-

86 4651 227 4705 dem
260 4652 393 4719 post
436 4647 666 4701 tertiam
698 4646 1079 4719 septimanam
1129 4647 1261 4701 festi
1290 4646 1596 4711 Paschalis,
1629 4644 1706 4697 ita
1741 4648 1804 4698 ut

86 4740 158 4793 in
190 4741 401 4809 quarta
432 4735 753 4805 septimana
798 4752 927 4806 quae
958 4735 1350 4806 consequitur,
1380 4735 1436 4789 id
1472 4738 1578 4800 est,
1612 4732 1801 4787 medio

91 4828 480 4880 Pentecostes
521 4823 824 4877 conveniat
868 4824 1136 4894 synodus,
1175 4823 1616 4893 metropolitano
1646 4838 1800 4875 com-

90 4911 489 4985 provinciales
556 4912 849 4982 episcopos
916 4911 1281 4965 admonente.
1352 4908 1612 4966 Secunda
1668 4925 1802 4963 vero

87 4999 358 5072 synodus
398 4998 502 5052 ﬁat
544 4998 735 5053 Idibus
780 4997 1063 5066 Octobris,
1108 4998 1162 5052 id
1213 5003 1297 5052 est
1329 5001 1411 5053 XV
1453 4999 1544 5053 die
1592 4996 1805 5050 mensis

87 5087 389 5153 Octobris,
422 5102 598 5157 quem
642 5103 745 5157 per
794 5086 1115 5140 Beretheon
1160 5086 1339 5141 Graeci
1370 5085 1691 5140 nominant.
1740 5085 1805 5137 In

86 5176 242 5248 ipsis
285 5182 480 5230 autem
533 5176 791 5229 conciliis
835 5174 1024 5229 adsint
1070 5175 1411 5245 presbyteri,
1456 5172 1700 5239 diaconi,
1751 5176 1807 5225 et

90 5280 307 5321 omnes
353 5265 453 5334 qui
483 5281 543 5318 se
577 5264 738 5319 laesos
767 5263 1125 5329 existimant,
1170 5268 1227 5317 et
1273 5263 1475 5333 synodi
1506 5261 1805 5332 experian-

92 5361 201 5410 tur
251 5369 514 5407 examen.
568 5353 747 5407 Nullis
797 5368 931 5407 vero
981 5352 1149 5406 liceat
1199 5351 1353 5422 apud
1406 5368 1465 5404 se
1517 5350 1807 5404 celebrare

92 5441 373 5509 concilia,
424 5445 633 5511 praeter
673 5458 769 5495 eos
820 5440 1032 5512 quibus
1071 5439 1516 5511 metropolitana
1553 5437 1680 5508 jura
1732 5437 1808 5492 vi-

98 5532 319 5586 dentur
350 5545 475 5584 esse
506 5529 828 5585 commissa.

1911 4318 2056 4373 quos
2093 4302 2162 4356 de
2206 4301 2339 4355 ﬁliis
2393 4301 2653 4356 Ecclesiae
2697 4300 3048 4356 secularibus
3094 4316 3285 4355 secum
3322 4299 3604 4355 adducere

1910 4390 2192 4445 studeant.

2326 4462 2453 4515 CAP.
2482 4461 2654 4516 XLIX.
2691 4490 2760 4501 --
2788 4464 2864 4517 De
2895 4460 3078 4515 eadem
3108 4475 3184 4514 re.

1980 4548 2093 4617 (Ea:
2143 4551 2331 4603 concit.
2400 4550 2630 4617 Agam...
2690 4566 2807 4620 cap.
2848 4552 2961 4617 36.)
3023 4550 3081 4604 Si
3130 4548 3606 4619 metropolitanus

1912 4637 2213 4708 episcopus
2279 4638 2348 4693 ad
2412 4637 2924 4708 comprovinciales
2988 4637 3282 4707 episcopos
3339 4637 3606 4707 epistolas

1912 4726 2200 4792 direxerit,
2230 4726 2291 4781 in
2321 4725 2529 4797 quibus
2555 4741 2671 4792 eos,
2696 4730 2797 4779 aut
2823 4726 2894 4779 ad
2924 4725 3344 4779 ordinationem
3366 4725 3606 4794 alicujus

1912 4814 2124 4881 fratris,
2157 4820 2257 4868 aut
2286 4816 2356 4869 ad
2385 4814 2665 4886 synodum
2697 4814 2920 4879 invitet,
2961 4813 3290 4884 postpositis
3316 4813 3608 4880 omnibus,

1912 4904 2147 4970 excepta
2189 4900 2349 4970 gravi
2390 4900 2723 4954 infirmitate
2772 4900 3050 4971 corporis,
3084 4904 3183 4954 aut
3224 4898 3611 4970 praeceptione

1914 4989 2091 5060 regia,
2146 4989 2217 5042 ad
2269 4989 2638 5042 constitutam
2689 4988 2844 5042 diem
2900 4988 3099 5043 adesse
3151 5004 3267 5041 non
3317 4986 3606 5041 differant.

1914 5077 2021 5141 Qui
2072 5077 2119 5130 si
2171 5076 2480 5142 defuerint,
2543 5076 2689 5131 sicut
2747 5078 2934 5148 prisca
2992 5092 3275 5131 canonum
3336 5074 3613 5146 praecepit

1914 5164 2241 5230 auctoritas,
2294 5180 2475 5234 usque
2524 5164 2594 5217 ad
2642 5165 2961 5235 proximam
3006 5165 3289 5236 synodum
3338 5162 3611 5217 charitate

1915 5255 2157 5308 fratrum
2188 5258 2244 5307 et
2278 5251 2536 5307 Ecclesiae
2560 5253 2969 5305 communione
2998 5254 3314 5324 priventur.

1916 5343 2042 5397 CAP.
2081 5343 2138 5395 L.
2167 5370 2239 5381 —
2289 5344 2360 5395 De
2400 5343 2646 5410 episcopo
2694 5344 2791 5409 qui
2819 5341 3022 5409 synodo
3065 5341 3250 5396 adesse
3294 5342 3610 5408 neglexerit.

1987 5434 2096 5497 (Ea:
2125 5431 2314 5483 concil.
2348 5430 2626 5498 Spatensi,
2672 5445 2792 5498 cap.
2842 5431 2902 5482 l0
2932 5430 2951 5498 )
2989 5428 3045 5483 Si
3076 5430 3204 5500 quis
3236 5436 3430 5484 autem
3477 5429 3604 5501 epi-

1916 5535 2217 5591 scoporum
2247 5518 2458 5589 synodo
2497 5516 2693 5572 adesse
2737 5516 3073 5588 neglexerit,
3120 5523 3219 5574 aut
3248 5524 3459 5574 coetum
3502 5519 3616 5574 fra-
