4022 6190
467 269 571 322 563

1551 257 1959 317 BURCHARDI
1999 253 2532 314 \‘I'ORIIACIENSIS
2570 251 2908 310 EPISCOPI.
3815 258 3894 309 Sﬁi

469 396 645 456 trum,
713 390 1025 459 antequam
1089 385 1396 440 concilium
1445 384 1808 451 dissolvatur,
1863 381 2168 438 crediderit
2198 382 2246 434 A
2281 376 2557 433 mansisse
2604 373 3047 432 ecclesiasticam
3091 372 3468 444 disciplinam,
3509 379 3572 428 ut
3607 376 3775 430 nullus
3809 378 3900 433 fra-

474 477 856 536 deserendum
892 491 906 531 :
939 476 1192 531 alienum
1258 491 1316 528 se
1381 489 1416 528 a
1478 472 1718 526 fratrum
1767 470 2173 526 communione

474 569 799 638 cognoscat,
849 581 958 620 nec
994 579 1130 619 eum
1182 562 1358 632 recipi
1401 561 1591 630 liceat,
1642 559 1754 614 nisi
1801 560 1863 615 in
1911 557 2174 630 sequenti

477 655 696 726 synodo
729 653 902 708 fuerit
930 652 1247 706 absolutus.

481 717 610 799 CAP.
665 742 748 795 LI.
805 769 878 782 —-
922 743 997 794 De
1061 741 1304 808 episcopo
1354 739 1451 806 qui
1498 751 1596 805 per
1661 717 2043 805 aegritudinem
2103 733 2177 788 ad

885 810 1152 878 synodum
1178 811 1360 863 venire
1391 823 1498 862 non
1519 811 1775 877 potuerit.

554 903 666 970 (Em
697 901 843 954 decr.
891 899 1078 953 Felicis
1129 912 1310 966 papae,
1361 911 1484 966 cap.
1538 896 1645 966 Η.)
1702 895 1858 960 Quod
1891 895 1938 949 si
1994 909 2176 964 aegro-

485 993 612 1043 tans
648 987 823 1042 fuerit
871 986 1192 1056 episcopus,
1223 991 1319 1037 aut
1361 985 1553 1054 aliqua
1593 1001 1725 1038 eum
1759 984 1948 1056 gravis
1977 999 2176 1038 neces-

484 1078 619 1130 sitas
643 1075 974 1141 detiuuerit,
1004 1090 1110 1144 pro
1143 1088 1204 1127 se
1250 1074 1502 1143 legatum
1551 1074 1617 1127 ad
1651 1073 1934 1143 synodum
1965 1073 2178 1137 mittat,

487 1169 872 1234 suscepturus,
922 1163 1075 1217 salva
1120 1161 1254 1216 ﬁdei
1305 1161 1562 1228 veritate,
1613 1161 1894 1232 quidquid
1933 1161 2182 1232 synodus

487 1251 768 1306 statuerit.

487 1343 615 1396 CAP.
672 1341 782 1394 LII.
831 1369 904 1380 —
964 1340 1044 1392 De
1093 1341 1357 1408 episcopis
1407 1339 1481 1391 ad
1535 1339 1800 1406 synodum
1852 1341 2078 1406 vocatis,
2135 1343 2186 1392 et

655 1414 857 1476 uenire,
889 1415 939 1463 et
968 1412 1157 1464 missos
1188 1425 1310 1463 suos
1336 1411 1546 1463 mittere
1573 1410 2015 1476 dedignantibus.

560 1503 656 1570 (De
684 1498 887 1567 synodo
918 1498 1070 1566 apud
1126 1498 1318 1551 Alihei
1369 1498 1579 1564 habita,
1633 1513 1751 1566 cap.
1802 1498 1913 1565 10.)
1970 1495 2188 1552 Placuit

489 1592 697 1640 sanctae
739 1585 955 1656 synodo
1007 1583 1304 1655 episcopos
1344 1584 1444 1656 qui
1489 1585 1668 1638 vocati
1721 1584 1790 1639 de
1835 1585 2078 1638 Saxonis
2117 1584 2187 1638 ad

2283 472 2439 522 trum
2483 464 2775 536 prioribus
2823 463 2944 518 suis
2989 479 3048 517 se
3101 461 3410 533 aliquando
3457 463 3677 516 auderet
3710 469 3900 538 antepo-

2283 571 2443 622 nere,
2489 554 2587 609 sed
2620 552 2825 608 ofﬁciis
2872 551 3166 606 charitatis
3196 551 3251 606 id
3281 566 3502 622 semper
3543 551 3821 607 exhibituni
3845 562 3907 609 est

2285 643 2600 715 prioribus,
2651 641 2807 712 quod
2849 641 2921 696 ab
2952 639 3388 712 insequentibus
3434 645 3706 710 gratanter
3730 657 3909 713 semper

2286 732 2661 803 acciperetur.

2288 821 2417 876 CAP.
2457 820 2613 874 LVII.
2645 847 2716 858 —
2746 819 2828 872 De
2859 817 3013 870 rebus
3044 815 3226 870 dubiis
3265 818 3324 870 in
3346 817 3580 871 conciliis
3606 818 3910 887 episcoporum

2937 905 3010 941 em
3021 887 3344 958 wgentibus.

2362 982 2473 1048 (Ea:
2528 980 2686 1048 epist.
2751 977 3025 1043 Bonifacii
3081 991 3239 1045 papae
3297 975 3371 1028 ad
3425 977 3682 1045 episcopos
3729 978 3910 1041 Gallia.)

2289 1069 2344 1123 Si
2375 1069 2526 1122 inter
2551 1066 2846 1138 episcOpos
2877 1065 3136 1135 ejusdem
3182 1062 3407 1118 concilii
3457 1063 3719 1117 dubitatio
3761 1081 3910 1120 emer-

2293 1155 2429 1210 serit
2460 1154 2530 1208 de
2572 1151 2951 1207 ecclesiastico
2995 1151 3144 1222 jure,
3175 1152 3262 1205 vel
3294 1151 3364 1206 de
3405 1151 3528 1205 aliis
3571 1152 3802 1222 negotiis,
3832 1155 3912 1222 pri-

2293 1257 2454 1296 mum
2505 1241 2983 1312 metropolitanus
3039 1255 3237 1294 eorum
3285 1255 3418 1294 cum
3475 1239 3596 1293 aliis
3635 1241 3913 1310 quibusdam

2295 1339 2354 1393 in
2423 1337 2664 1392 concilio
2720 1336 3089 1391 considerans
3146 1351 3267 1390 rem
3326 1335 3560 1404 judicet.
3623 1337 3682 1389 Et
3735 1336 3773 1388 si
3826 1352 3914 1390 non

2296 1423 2619 1496 acquiescat
2646 1428 2889 1494 utraque
2919 1439 3049 1494 pars
3089 1422 3380 1494 judicatis,
3413 1428 3548 1476 tunc
3577 1423 3768 1492 primas
3801 1423 3914 1475 illius

2295 1513 2550 1584 regionis
2575 1513 2726 1566 inter
2755 1511 2910 1582 ipsos
2953 1511 3165 1578 audiat,
3196 1517 3254 1566 et
3283 1511 3435 1583 quod
3467 1511 3816 1565 ecclesiasticis
3845 1528 3914 1564 ca-

2301 1603 2570 1672 nonihus,
2622 1607 2678 1657 et
2731 1601 2952 1672 legibus
3004 1601 3213 1654 nostris
3251 1614 3690 1654 consentaneum
3737 1600 3809 1664 sit,
3841 1599 3915 1652 hoc

491 1678 751 1734 sanctum
781 1672 1090 1726 concilium
1135 1688 1250 1726 non
1281 1677 1582 1738 venerunt,
1613 1687 1719 1726 nec
1748 1673 2061 1728 secundum
2097 1689 2187 1726 ca-
2224 1667 2264 1721 Β
2302 1667 2566 1756 deﬁniat"
2613 1693 2672 1745 et
2729 1667 2886 1743 mina
2925 1704 3056 1758 pars
3095 1689 3279 1742 valeat
3315 1688 3535 1742 calculo
3588 1687 3702 1758 ejus
3743 1693 3913 1742 conm-

491 1777 692 1816 nones.
733 1776 920 1814 sacros
977 1759 1180 1814 missos
1228 1775 1360 1813 suos
1405 1761 1490 1814 vel
1540 1761 1781 1814 vicarios
1833 1761 2186 1827 direxerant,

491 1849 649 1920 gravi
697 1846 1092 1917 increpatione
1147 1847 1474 1916 objurgare,
1522 1852 1579 1902 et
1626 1865 1730 1918 pro
1776 1850 1943 1919 culpa
1987 1847 2187 1902 inobo-

491 1935 720 1991 dientias
769 1935 1086 2005 increpare.
1145 1935 1302 1989 Unde
1335 1935 1544 1990 iterum
1577 1951 1673 1989 eos
1718 1937 1970 1990 fraterna
1998 1936 2189 1990 chari-

493 2029 607 2079 tate
635 2023 705 2078 ad
745 2023 1071 2078 condictum
1107 2023 1412 2078 concilium
1461 2024 1769 2078 invitamus
1799 2029 1855 2078 et
1902 2040 2186 2078 vocamus.

489 2113 652 2177 Quod
709 2116 766 2165 et
831 2111 879 2164 si
932 2112 1061 2176 hoc,
1131 2112 1284 2181 quod
1353 2127 1471 2165 non
1525 2117 1808 2182 optamus,
1861 2129 1966 2182 pro
2007 2113 2190 2166 nihilo

494 2199 780 2264 duxerint,
832 2203 891 2252 et
937 2198 1134 2252 venire
1183 2199 1493 2267 noluerint,
1540 2201 1872 2272 justamque
1910 2201 2192 2255 rationem

495 2287 904 2343 inobedientias
948 2303 1064 2341 sua:
1096 2287 1335 2342 reddere
1382 2287 1836 2350 detrectaverint,
1885 2289 2196 2360 apostolica

497 2375 832 2431 auctoritate
861 2374 1156 2429 interdicit
1187 2375 1267 2429 eis
1301 2377 1499 2430 Petrus
1543 2376 1722 2430 sancti
1762 2376 1914 2432 Petri
1946 2381 2002 2431 et
2031 2393 2196 2447 papae

498 2464 724 2530 missus,
772 2479 887 2516 una
917 2478 1048 2516 cum
1101 2467 1297 2516 sancta
1347 2463 1588 2533 synodo,
1639 2464 1840 2518 missas
1884 2465 2195 2528 celebrare,

504 2567 806 2624 quousque
855 2552 1097 2606 Romam
1144 2551 1394 2614 veniant,
1434 2557 1489 2605 et
1517 2567 1708 2605 coram
1741 2568 1890 2624 papa
1916 2557 1973 2606 et
2005 2558 2200 2607 sancta

504 2640 750 2695 Ecclesia
771 2639 1004 2710 dignam
1037 2639 1396 2694 reddiderint
1429 2640 1727 2695 rationem.

508 2727 634 2782 CA?.
669 2726 804 2780 LIII.
837 2756 898 2766 —
937 2727 1233 2864 Conciliat;
1270 2730 1580 2852 unigersale
1606 2744 1714 2784 non
1741 2731 1855 2784 nisi
1890 2732 2204 2785 necessitate

1217 2813 1364 2852 acien
1410 2815 1516 2853 um.

1217 2813 1516 2853 acienaum.

2297 1779 2506 1833 dicere.

2299 1867 2428 1922 CAP.
2467 1866 2652 1921 LVIII.
2684 1895 2754 1906 —
2778 1867 2844 1921 Ut
2873 1866 3110 1934 episcopi
3137 1866 3195 1918 in
3219 1863 3424 1932 synodo
3443 1863 3737 1928 residentes,
3759 1878 3849 1932 quz
3863 1863 3915 1916 ad

2390 1937 2813 1992 emendationem
2840 1938 2966 1990 vitae
2992 1938 3315 2004 pertineant,
3339 1937 3583 2004 primum
3608 1934 3852 1988 emendent.

2373 2026 2483 2095 (Ea:
2512 2025 2699 2080 concil.
2729 2026 3076 2087 Arvernensi,
3101 2039 3221 2093 cap.
3259 2023 3327 2092 t.)
3356 2025 3417 2077 In
3448 2023 3642 2094 primis
3661 2021 3852 2092 placuit,
3872 2025 3915 2074 ut

2302 2113 2527 2185 quoties
2571 2112 2884 2166 secundum
2930 2115 3142 2165 statuta
3194 2113 3428 2166 Patrum
3497 2118 3680 2166 sancta
3731 2109 3914 2180 synodus

2304 2205 2708 2273 congregatur,
2741 2201 2934 2254 nullus
2963 2199 3362 2272 episcoporum
3395 2199 3644 2270 aliquam
3673 2199 3808 2270 prius
3830 2212 3918 2250 cau-

2307 2307 2429 2344 sam
2459 2304 2766 2360 suggerere
2812 2288 3039 2354 audeat,
3073 2304 3246 2360 quam
3277 2304 3343 2342 ea
3389 2305 3524 2360 qua:
3554 2288 3621 2342 ad
3650 2287 3920 2341 emendatio-

2307 2394 2444 2433 nem
2473 2376 2625 2443 vitte,
2657 2376 2730 2430 ad
2760 2375 3119 2431 severitatem
3149 2377 3380 2446 regulae,
3409 2377 3487 2430 ad
3518 2375 3711 2430 animae
3732 2372 3922 2428 remedia

2310 2465 2618 2536 pertinent,
2650 2463 2947 2518 ﬁniantur.

2311 2554 2441 2609 CAP.
2491 2553 2620 2606 LIX.
2674 2580 2744 2592 —
2809 2556 2885 2606 De
2947 2553 3356 2622 metropolitano
3409 2555 3465 2606 si
3509 2551 3928 2621 comprovincialeu

2531 2624 2837 2692 episcopum
2864 2624 2923 2676 in
2942 2637 3044 2676 sua
3068 2639 3235 2678 causa
3263 2623 3464 2678 audire
3488 2624 3762 2678 distulerit.

2385 2711 2507 2777 (Ea:
2551 2709 2694 2764 decr.
2743 2710 3057 2764 Alemandri
3104 2712 3310 2780 papae.)
3359 2710 3416 2765 Si
3467 2709 3933 2780 metropolitanum

2313 2812 2660 2868 quocunque
2729 2797 3193 2868 comprovinciali
3248 2797 3521 2868 episcopo
3577 2797 3658 2851 bis
3713 2796 3856 2850 fuerit
3894 2794 3932 2846 in

578 2885 702 2954 (Ea:
749 2885 938 2940 concil.
971 2886 1262 2952 Africano,
1308 2902 1426 2956 cap.
1479 2887 1595 2957 42.)
1627 2887 1845 2942 Placuit
1881 2893 1944 2942 nt
1985 2905 2101 2944 non
2132 2889 2205 2944 sit
2242 2947 2275 2957 Α
2315 2900 2484 2938 causa
2530 2884 2762 2954 propria
2806 2884 3146 2955 appellatus,
3196 2891 3252 2938 et
3289 2901 3418 2938 eum
3454 2885 3652 2939 audire
3693 2882 3932 2943 distulerit,

510 2947 662 3027 ultra
712 2947 1035 3041 fatigandis'
1063 2947 1332 3027 fratribus
1368 2947 1708 3030 universalis
1742 2977 2062 3044 necessitas,
2107 2978 2202 3032 sed
2237 2947 2278 3002 Ο
2317 2972 2375 3026 iu
2429 2947 2689 3042 proxima
2749 2947 2966 3042 synodo
3034 2947 3250 3043 negotii
3300 2972 3388 3026 sui
3445 2973 3652 3027 habeat
3709 2970 3933 3025 licentiam

514 3059 740 3131 quoties
783 3060 1076 3130 exegerint
1103 3077 1287 3115 causa:
1318 3078 1673 3130 communes,
1707 3063 1762 3118 id
1792 3070 1896 3132 est,
1939 3065 1985 3119 si
2030 3065 2206 3119 totius

513 3147 717 3201 Africae.
768 3148 1167 3218 undecumque
1211 3150 1404 3204 relata;
1446 3151 1516 3205 ad
1560 3152 1706 3205 hanc
1753 3152 1945 3206 sedem
1991 3152 2207 3206 fuerint

513 3235 742 3300 littere,
773 3236 1232 3305 congregandam
1254 3253 1376 3292 esse
1407 3240 1689 3308 synodum
1715 3241 1775 3293 in
1807 3255 1872 3294 ea
1893 3241 2207 3310 provincia,

515 3323 615 3378 ubi
683 3323 1080 3394 opportunitas
1143 3326 1508 3396 persuaserit.
1576 3328 1772 3382 Causm
1831 3334 2021 3382 autem
2079 3345 2207 3400 quae

516 3427 851 3466 communes
897 3428 1011 3466 non
1055 3418 1206 3481 sunt,
1256 3415 1316 3469 in
1360 3415 1476 3469 suis
1523 3415 1834 3486 provinciis
1859 3417 2206 3485 judicentur.

517 3502 646 3556 CAP.
683 3500 814 3555 LIV.
846 3529 916 3540 —
949 3501 1016 3555 Ut
1056 3503 1292 3571 episcopi
1333 3505 1656 3571 posteriores
1694 3518 1748 3558 se
1784 3505 2065 3573 prioribus
2097 3509 2210 3561 suis

1136 3587 1241 3627 non
1271 3577 1590 3642 prae/erant.

591 3660 700 3729 (Ea:
771 3662 928 3729 epist.
1011 3661 1168 3714 Lucii
1244 3677 1438 3732 papa,
1503 3662 1941 3718 Occidentalibus
2005 3668 2208 3730 missa,

517 3764 640 3818 cap.
674 3751 749 3816 ὅ.)
784 3749 1046 3820 Episcopi
1069 3765 1203 3804 vero
1233 3766 1338 3820 per
1366 3750 1620 3821 singulas
1662 3751 1983 3822 provincias
2015 3753 2214 3807 obser-~

520 3841 674 3902 vent,
709 3853 780 3890 ne
825 3837 1168 3907 posteriores
1198 3853 1258 3892 se
1301 3837 1693 3908 superioribus
1725 3838 1840 3892 suis
1884 3841 2212 3910 praeferant,

521 3941 626 3979 nec
655 3925 735 3979 eis
773 3925 1128 3987 inconsultis,
1179 3926 1290 3980 nisi
1327 3931 1608 3996 quantum
1640 3927 1708 3981 ad
1743 3929 2037 3998 propriam
2083 3945 2216 4000 per-

521 4013 669 4068 tinet
699 4014 1052 4084 parochiam,
1102 4013 1317 4084 aliquid
1352 4020 1544 4084 agant.
1579 4015 1683 4070 Sed
1717 4031 1916 4070 omnes
1959 4017 2029 4070 de
2058 4033 2214 4071 com-

523 4101 797 4155 munibus
823 4117 1022 4156 eorum
1063 4101 1268 4169 causis,
1313 4116 1624 4156 consonam
1662 4103 2006 4159 sententiam
2035 4105 2218 4175 profe-

523 4193 675 4257 rant,
723 4193 780 4242 et
836 4189 1238 4256 determinent,
1294 4189 1567 4259 quoniam
1617 4191 1782 4245 aliter
1835 4197 1972 4247 acta:
2028 4195 2286 4275 nullasD

524 4276 673 4330 vires
701 4275 1012 4340 habebunt,
1048 4292 1152 4330 nec
1181 4277 1572 4332 ecclesiasticae
1605 4281 2041 4350 reputabuntur.

529 4364 656 4418 CAP.
689 4364 788 4418 LV.
819 4395 886 4404 —
921 4366 988 4438 Ut
1032 4367 1269 4438 episcopi
1295 4368 1383 4420 sui
1412 4367 1620 4422 ordinis
1669 4374 1874 4438 tempus
1917 4371 2214 4438 observent,

900 4437 1039 4490 alter
1065 4437 1232 4492 alteri
1257 4438 1503 4492 honorem
1531 4440 1844 4508 prabentes.

601 4522 710 4592 (Ea:
739 4525 928 4578 concil.
979 4524 1356 4592 Cabillonensi,
1413 4542 1533 4596 cap.
1585 4527 1656 4596 7.)
1692 4529 1832 4582 Item
1875 4527 2089 4599 placuit
2134 4533 2220 4596 ut,

532 4617 864 4666 conservato
912 4614 1338 4684 metropolitani
1393 4615 1647 4685 episcopi
1698 4615 1971 4685 primatu,
2027 4617 2222 4671 caeteri

533 4701 934 4772 episcoporum
1001 4703 1318 4757 secundum
1383 4701 1472 4755 sui
1537 4702 1912 4758 ordinationis
1973 4708 2220 4773 tempus,

533 4789 679 4845 alius
707 4791 805 4844 alii
836 4791 1058 4845 sedenti
1082 4791 1306 4845 deferat
1327 4792 1538 4845 locum.

533 4879 660 4933 CAP.
699 4879 829 4934 LVI.
874 4909 936 4919 —
973 4880 1053 4933 De
1080 4883 1450 4948 episcoporum
1495 4879 1704 4945 ordine,
1744 4883 1806 4932 ut
1834 4881 1931 4948 qui
1955 4884 2224 4949 posterius

613 4966 859 5022 ordinati
888 4972 1035 5032 sunt,
1060 4967 1339 5036 prioribus
1370 4982 1426 5021 se
1449 4983 1556 5022 non
1585 4969 1826 5024 audeant
1854 4970 2141 5034 anteferre.

605 5053 714 5123 (Ea:
782 5055 970 5109 concil.
1056 5057 1339 5121 Africano,
1420 5070 1542 5124 cap.
1611 5059 1722 5122 53.)
1799 5055 2226 5112 Valentinianus

532 5142 836 5213 episcopus
867 5142 1050 5197 dixit:
1074 5143 1131 5196 Si
1151 5141 1434 5212 permittit
1452 5142 1669 5196 bonum
1692 5143 1982 5214 patientiae.
2003 5149 2223 5211 vestrm,

529 5246 848 5302 prosequor
899 5247 968 5285 ea
1015 5246 1146 5301 quae
1199 5229 1494 5300 praeterito
1551 5235 1810 5302 tempore
1866 5231 1924 5286 in
1983 5233 2226 5288 Ecclesia

529 5319 965 5389 Carthaginensi
1017 5325 1178 5390 gesta
1225 5325 1380 5388 sunt,
1435 5324 1493 5374 et
1544 5319 2064 5391 subscriptiouibus
2111 5321 2225 5376 fra-

527 5409 679 5459 trum
709 5406 938 5460 ﬁrmata
985 5407 1336 5472 claruerunt,
1385 5405 1557 5460 etiam
1609 5407 1716 5462 hoc
1753 5425 1856 5462 nos
1901 5412 2226 5463 servaturos

527 5509 646 5547 esse
675 5493 966 5562 proﬁteor.
1014 5494 1118 5549 Sed
1154 5494 1293 5549 illud
1329 5495 1562 5562 scimus,
1611 5495 1944 5551 inviolatam
1995 5513 2222 5567 semper

2313 3061 2615 3115 exercendi
2652 3076 2665 3114 :
2694 3065 2751 3114 et
2789 3059 3070 3131 quidquid
3120 3061 3655 3132 propterjustitiam
3686 3077 3711 3113 a
3740 3074 3938 3128 compro-

2316 3149 2652 3203 vincialibus
2681 3148 2798 3201 suis
2828 3149 3003 3203 fuerit
3033 3153 3308 3203 statutum
3337 3149 3507 3204 debet
3529 3147 3796 3203 custodiri.

2317 3238 2447 3293 CAP.
2483 3237 2581 3292 LX.
2603 3267 2672 3277 —
2701 3240 2768 3292 Ut
2787 3240 3027 3307 episcopi
3039 3239 3195 3306 justa
3204 3239 3418 3306 judicia
3449 3254 3654 3308 semper
3681 3236 3932 3307 diiudicent.

2393 3327 2497 3394 (Ea:
2527 3326 2716 3379 concil.
2767 3328 3034 3393 Remensi,
3085 3343 3205 3394 cap.
3253 3329 3363 3392 t9.)
3400 3327 3473 3381 Ut
3520 3325 3756 3398 episcopi
3796 3330 3841 3378 et
3871 3323 3934 3390 ju-

2319 3413 2472 3467 dices
2509 3411 2726 3484 judicia
2766 3414 3112 3482 discernant,
3149 3415 3283 3484 quia
3313 3419 3444 3469 sunt
3491 3415 3741 3486 quedam
3777 3410 3936 3483 judicio

2320 3501 2541 3564 mundi,
2587 3501 2853 3572 quaedam
2897 3503 3114 3572 judicio
3165 3503 3266 3557 Dei
3310 3504 3670 3558 reservanda.
3718 3501 3935 3569 Scriptum

2322 3595 2408 3643 est
2434 3589 2588 3643 enim
2615 3605 2627 3643 :
2663 3590 2849 3644 Nolite
2893 3590 3152 3660 judicare
3183 3596 3313 3645 ante
3344 3596 3595 3662 tempus,
3643 3589 3938 3661 quoadusque

2323 3678 2517 3732 veniat
2547 3677 2843 3745 Dominus,
2886 3679 2985 3749 qui
3019 3684 3075 3733 et
3102 3679 3452 3734 illuminabit
3485 3679 3794 3734 abscondita
3829 3681 3937 3728 teneo

2321 3765 2574 3827 brarum,
2625 3772 2680 3820 et
2727 3766 3114 3821 manifestabit
3157 3769 3393 3822 consilia
3440 3769 3719 3833 cordium,
3767 3769 3814 3819 et
3847 3767 3939 3816 tunc

2324 3855 2450 3908 laus
2490 3854 2598 3908 erit
2630 3854 2941 3925 unicuique
2989 3870 3021 3908 a
3075 3856 3208 3909 Deo.
3263 3857 3326 3910 Et
3367 3856 3528 3910 illius
3557 3869 3813 3910 memores
3835 3852 3936 3902 sint:

2325 3943 2391 3997 In
2423 3959 2537 4013 quo
2565 3942 2720 3996 enim
2733 3943 2953 4012 judicio
2974 3943 3385 4014 judicaveritis,
3402 3942 3933 4015 jndicabiminietvos.

2327 4031 2454 4085 CAP.
2511 4032 2642 4086 LXI.
2694 4061 2763 4071 ——
2817 4035 2883 4087 Ut
2933 4048 3198 4088 canonum
3251 4038 3461 4088 statuta
3515 4034 3583 4088 ab
3627 4031 3839 4088 omnibus
3872 4029 3936 4076 ritc‘

2397 4120 2797 4186 custodiantur,
2864 4125 2915 4175 et
2973 4122 3155 4176 nullus
3219 4137 3282 4176 ea
3342 4136 3438 4176 suo
3496 4137 3655 4176 sensu
3706 4117 3936 4187 dijudicure

2393 4213 2708 4277 praesumat.

2401 4299 2513 4366 (Ea:
2559 4299 2746 4352 concil.
2794 4298 3074 4366 Meldensi,
3128 4313 3257 4371 cap.
3307 4299 3419 4368 tt.)
3466 4299 3752 4353 Canonum
3795 4293 3941 4347 statuta

2329 4384 2451 4440 sine
2486 4385 2817 4457 praeiudicio
2855 4387 2927 4440 ab
2978 4385 3246 4441 omnibus
3293 4387 3710 4451 custodiantur,
3756 4389 3804 4439 et
3829 4392 3943 4434 nemo

2328 4472 2390 4527 in
2418 4473 2758 4540 actionibus,
2800 4475 2888 4528 vel
2919 4474 2978 4528 in
3005 4474 3238 4546 judiciis
3265 4475 3656 4529 ecclesiasticis
3687 4489 3779 4526 suo
3807 4481 3944 4526 sensu.

2331 4561 2426 4615 sed
2457 4577 2658 4615 eorum
2691 4561 3028 4617 auctoritate
3058 4563 3318 4618 ducatur.
3353 4564 3416 4618 In
3448 4561 3786 4634 exponendis
3807 4557 3947 4612 etiam,

2332 4650 2419 4704 vel
2463 4650 2840 4722 praedicandis
2874 4650 3081 4705 divinis
3118 4651 3443 4722 Scripturis,
3478 4651 3788 4706 sanctorum
3809 4643 3948 4700 catho-

2334 4737 2576 4792 licorum
2624 4739 2879 4804 Patrum,
2911 4743 2984 4792 et-
3015 4739 3557 4810 probatissirnorum
3592 4751 3806 4794 sensum
3844 4730 3952 4804 quis-

2335 4843 2448 4896 que
2495 4830 2788 4897 sequatur,
2823 4827 2882 4881 in
2913 4842 3161 4897 quorum
3201 4828 3514 4898 scripturis,
3551 4834 3614 4883 ut
3643 4828 3824 4882 beatus
3861 4817 3954 4873 dicit

2337 4915 2738 4986 Hieronymus,
2772 4915 2906 4970 ﬁdei
2932 4916 3140 4970 veritas
3166 4932 3280 4972 non
3311 4917 3552 4971 vacillet.

2548 5005 2675 5058 CAP.
2714 5004 2868 5058 LXII.
2899 5035 2968 5044 —
2999 5008 3072 5059 De
3105 5005 3494 5061 dissidentibus
3529 5004 3799 5074 episcopis.

2409 5093 2520 5160 (Εαῗ
2548 5093 2735 5146 007"?”-
2786 5094 3044 5160 Carthaq.
3075 5110 3196 5163 cap.
3246 5094 3353 5161 25.)
3410 5093 3751 5148 Dissidentes
3801 5083 3954 5154 episco-

2334 5196 2461 5250 pos,
2492 5180 2537 5234 si
2567 5196 2684 5234 non
2712 5181 2890 5236 timor
2921 5181 3038 5249 Dei,
3071 5181 3322 5252 synodus
3347 5180 3697 5235 reconciliet.

2336 5268 2465 5323 CAP.
2528 5269 2710 5323 LXIII.
2747 5298 2846 5340 7—
2914 5273 2992 5324 De
3054 5271 3334 5340 inﬂatione
3396 5255 3951 5340 metropolitanormlf‘

2404 5341 2576 5410 fastu,
2625 5345 2676 5393 et
2721 5339 2788 5393 de
2839 5326 3126 5408 episcopis.
3155 5356 3216 5395 ac
3268 5342 3492 5410 reliquis
3539 5326 3744 5394 clericis
3788 5331 3866 5402 qui
3893 5326 3951 5377 l2-

2407 5409 2614 5464 duntur
2641 5426 2676 5463 a
2704 5411 3134 5480 metropolitano.

2407 5500 2515 5564 (Εέο
2542 5501 2700 5566 epist.
2753 5500 2944 5552 Anicii
2985 5515 3145 5568 papae
3175 5501 3436 5569 episcopis
3472 5512 3569 5566 per
3614 5494 3834 5547 Galliam
3869 5497 3954 5536 MI-
