4022 6190
100 244 209 297 365

1132 232 1617 291 DECRETOHUM
1667 238 1850 294 LIBRI
1888 238 1994 294 XX.
2033 270 2101 278 —-
2144 240 2356 296 LIBER
2400 239 2682 296 PRIMUS.

3561 247 3663 299 566

95 365 315 423 stitutis
349 365 547 427 missa,
581 372 704 429 cap.
756 357 836 418 4.)
869 354 928 411 Si
971 359 1169 409 autem
1201 355 1412 426 aliquis
1445 361 1848 429 metropolita-
1876 365 1922 417 Α
1961 362 2051 416 nis
2082 363 2254 429 fastu,
2289 363 2385 416 sed
2416 362 2742 417 humillima
2764 367 2820 418 et
2848 365 3114 419 concordi
3140 365 3659 433 administratione,

99 469 309 510 norum
346 450 589 506 inﬂatus
617 444 814 512 fuerit,
844 449 902 498 et
930 443 1055 497 sine
1086 443 1352 497 omnium
1382 447 1845 515 comprovincia-

98 546 242 599 lium
276 536 620 613 presentia,
653 535 743 589 vel
773 531 1020 587 consilio
1061 530 1469 602 episcoporum
1501 533 1652 588 alias
1704 552 1840 590 cau-

95 649 185 686 sas
216 646 423 701 agere,
474 626 587 682 nisi
629 640 725 678 eas
777 627 1006 676 tantum
1050 635 1182 690 qua:
1217 620 1287 673 ad
1332 620 1640 689 propriam
1673 639 1843 677 suam

99 721 404 793 pertinent
454 713 806 787 parochiam,
851 715 951 763 aut
1004 725 1102 762 eos
1141 723 1382 777 gravare
1432 709 1708 778 Voluerit,
1773 712 1843 765 ab

100 790 381 861 omnibus
413 798 669 854 districte
700 793 1042 863 corrigatur,
1096 808 1167 844 ne
1200 791 1335 844 talia
1376 790 1652 864 deinceps
1687 810 1844 863 prae-

102 906 336 949 sumere
388 888 614 943 audeat.
660 884 715 939 Si
759 898 891 936 vero
924 878 1358 948 incorrigibilis,
1394 880 1592 951 eisque
1629 881 1845 935 inohe—

102 985 266 1037 diens
318 975 679 1051 apparuerit,
729 972 796 1025 ad
836 970 985 1024 hanc
1031 966 1415 1038 apostolicam
1465 967 1695 1034 sedem,
1750 969 1843 1022 cui

101 1070 304 1125 omnia
383 1066 786 1137 episcoporum
843 1057 1065 1129 judicia
1139 1055 1460 1109 terminare
1536 1063 1845 1126 praecepta

104 1167 259 1224 sunt,
304 1159 435 1228 ejus
488 1148 843 1209 contumacia
889 1146 1193 1209 referatur,
1245 1148 1310 1196 ut
1361 1143 1620 1197 vindicta
1665 1143 1742 1197 de
1774 1160 1842 1198 eo

107 1252 223 1315 ﬁat,
258 1254 321 1301 et
360 1242 555 1300 caeteri
606 1240 873 1294 timorem
926 1236 1196 1290 habeant.
1233 1232 1293 1286 Si
1344 1238 1539 1285 autem
1591 1238 1844 1303 propter

108 1333 357 1388 nimiam
407 1324 909 1395 longinquitatem,
957 1324 1057 1373 aut
1104 1318 1391 1387 temporis
1439 1316 1843 1371 incommodi-

107 1430 317 1487 tatem,
362 1420 448 1472 vel
488 1413 703 1470 itineris
753 1410 1143 1480 asperitatem,
1189 1421 1368 1477 grave
1416 1406 1487 1459 ad
1535 1405 1698 1459 hanc
1745 1422 1836 1460 se-

104 1513 241 1565 dem
290 1510 418 1576 ejus
457 1518 683 1559 causam
720 1500 943 1555 deferre
990 1496 1183 1560 fuerit,
1228 1499 1373 1548 tunc
1414 1494 1483 1547 ad
1535 1494 1668 1562 ejus
1718 1493 1835 1563 pri-

106 1604 334 1653 matem
380 1598 504 1665 ejus
537 1608 704 1647 causa
746 1589 1059 1651 deferatur,
1110 1590 1165 1639 et
1208 1600 1391 1655 penes
1430 1583 1625 1653 ipsum
1660 1583 1836 1653 hujus

106 1693 329 1741 sanctae
377 1684 525 1738 sedis
557 1678 892 1735 auctoritate
932 1676 1247 1748 judicetur.
1303 1672 1581 1727 Similiter
1629 1672 1680 1725 si
1722 1672 1832 1725 ali-

109 1775 246 1846 quis
314 1773 711 1843 episcoporum
755 1764 1269 1835 metropolitanum
1332 1765 1659 1831 suspectum
1721 1759 1832 1812 ha-

108 1862 331 1927 buerit,
383 1860 532 1930 apud
584 1857 889 1927 primatem
948 1854 1283 1917 dimceseos,
1332 1854 1428 1901 aut
1477 1848 1628 1919 apud
1679 1848 1830 1901 lianc

108 1949 494 2023 apostolicam
525 1946 719 2000 sedem
748 1942 1037 1998 audiatur.

111 2057 246 2109 Car.
293 2051 471 2107 LXIV.
518 2079 588 2088 —
631 2050 697 2103 Ut
723 2047 905 2118 plebes
954 2048 1165 2167 attegias
1197 2043 1341 2096 alius
1388 2043 1664 2111 episcopus
1715 2054 1827 2093 non

850 2132 1053 2167 usume
1084 2155 1095 2167 .

850 2132 1095 2186 usurpet.

180 2213 302 2278 (Ea:
349 2209 531 2264 concil.
589 2204 1043 2273 Carthaginensi,
1098 2218 1222 2271 cap.
1282 2202 1391 2269 l9.)
1441 2198 1657 2253 Placuit
1704 2200 1828 2251 uta

112 2300 279 2354 nullo
317 2298 585 2368 episcopo
619 2299 971 2363 usurpentur
1002 2290 1201 2362 plebes
1231 2289 1456 2353 alienas,
1493 2302 1594 2339 nec
1619 2284 1831 2355 aliquis

110 2388 523 2459 episcoporum
588 2380 1062 2452 supergrediatur
1128 2377 1189 2431 in
1256 2375 1486 2431 dimcesi
1550 2375 1833 2444 collegam

111 2491 311 2530 suum.

111 2582 243 2635 Car.
316 2577 462 2630 LXV.
541 2605 599 2613 -
689 2574 757 2628 Ut
836 2572 1017 2625 nullus
1096 2572 1546 2637 metropolitanus
1629 2566 1838 2634 absque

184 2650 431 2704 omnium
501 2644 1038 2713 comprovincialium
1104 2643 1481 2711 episcoporum
1532 2640 1839 2707 prasentia

184 2722 503 2787 aliquorum
534 2716 729 2769 audiat
759 2728 970 2768 causas.

187 2828 305 2892 (Ea:
357 2826 513 2893 epist.
566 2823 748 2893 Iginii
804 2834 961 2889 papa
1038 2817 1245 2871 cunctis
1312 2816 1569 2886 ﬁdelibus
1619 2818 1837 2881 missa,

118 2933 243 2985 cap.
298 2914 382 2984 2.)
437 2914 742 2975 Caeterum,
800 2909 1023 2971 fratres,
1080 2906 1233 2959 salvo
1286 2906 1349 2961 in
1397 2906 1668 2960 omnibus
1730 2905 1838 2958 Ro-
1870 2915 1911 2970 ς,

120 3019 318 3058 manas
386 2999 634 3054 ecclesiae
699 2994 1023 3068 privilegio,
1091 2992 1288 3046 nullus
1354 2994 1840 3063 metropolitanus

124 3093 349 3161 absque
374 3094 713 3141 casterorum
737 3084 998 3139 omnium
1023 3081 1597 3151 comprovincialium
1621 3081 1843 3151 episco-

125 3194 343 3251 porum
405 3175 696 3241 instantia,
756 3173 1084 3244 aliquorum
1142 3170 1339 3225 audiat
1391 3187 1587 3224 causas
1638 3188 1651 3224 :
1705 3168 1841 3239 quia

125 3270 315 3323 irritae
348 3270 520 3320 erunt
568 3266 736 3318 aliter
766 3268 929 3327 actae,
980 3275 1155 3331 quam
1186 3258 1248 3312 in
1293 3264 1601 3339 conspectu
1637 3272 1839 3312 eorum

128 3356 402 3411 omnium
449 3355 753 3407 ventilataz.
806 3352 869 3404 Et
914 3350 1036 3419 ipse
1086 3348 1133 3401 si
1181 3348 1396 3415 fecerit,
1446 3351 1778 3402 coerceatur
1810 3362 1843 3398 a

128 3447 431 3502 fratribus.

128 3536 268 3591 CAP.
326 3532 497 3585 LXVI.
549 3560 617 3570 —-
670 3532 737 3584 Ut
785 3528 966 3581 nullas
1006 3528 1220 3596 primas
1266 3528 1346 3580 vel
1397 3525 1841 3593 metropolitanus

202 3603 429 3672 aliquid
461 3607 589 3667 agat
620 3601 685 3654 de
728 3600 1003 3663 Ecclesiis,
1051 3598 1136 3672 vel
1182 3598 1457 3672 parochiis
1501 3596 1839 3672 comprovin-

207 3668 438 3729 cialium
494 3676 901 3740 episcoporum,
965 3673 1014 3722 et
1075 3668 1141 3721 de
1198 3669 1673 3740 ipsorumhcausis
1729 3668 1843 3717 sine

205 3760 397 3799 eorum
444 3736 685 3796 consitio'
710 3743 970 3804 omnium,
1022 3743 1073 3791 et
1119 3753 1212 3791 nec
1258 3741 1370 3806 ipsi
1416 3736 1633 3803 aliquid
1673 3740 1844 3802 agant

208 3819 331 3871 sine
381 3815 495 3880 ejus
543 3814 785 3877 consilio,
829 3811 946 3864 nisi
978 3815 1240 3878 quantum
1285 3809 1357 3861 ad
1386 3808 1640 3876 proprias
1668 3808 1839 3875 perti-

210 3891 305 3939 net
332 3885 643 3954 parochias.

214 3975 337 4043 (Ea:
370 3974 527 4041 epist.
581 3971 789 4024 Calist.
816 3984 977 4038 papae
1024 3969 1287 4037 episcopis
1316 3982 1413 4035 per
1460 3966 1693 4022 Galliam
1724 3980 1845 4019 con-

137 4065 356 4117 stitutis
387 4063 573 4117 missa.
601 4075 722 4128 cap.
765 4058 875 4124 l3.)
911 4057 1110 4110 Nullus
1140 4061 1333 4109 autem
1362 4053 1575 4123 primas
1604 4054 1690 4106 vel
1722 4068 1841 4107 me-

139 4150 529 4221 tropolitanus
560 4148 937 4202 dicecesanam
972 4143 1272 4197 Ecclesiam
1301 4142 1388 4195 vel
1410 4139 1842 4211 parochianum,

143 4246 245 4293 aut
271 4236 489 4307 aliquid
516 4236 639 4306 ejus
664 4233 973 4305 parochias,
1004 4230 1303 4302 praesumit
1332 4229 1843 4294 excommunicare,

147 4329 237 4382 vel
287 4325 607 4395 dijudicare
650 4322 888 4393 aliquid,
945 4321 1031 4374 vel
1062 4336 1231 4391 agere
1262 4320 1475 4389 absque
1505 4318 1624 4387 ejus
1656 4316 1849 4370 consi-

144 4416 225 4468 lio
278 4414 366 4466 vel
410 4410 628 4482 judicio
660 4431 672 4465 :
709 4408 808 4463 sed
840 4410 947 4461 hoc
990 4408 1272 4475 observet,
1322 4405 1474 4477 quod
1506 4404 1576 4458 ab
1619 4408 1847 4475 aposto-

150 4504 219 4556 lis
248 4518 315 4555 ac
349 4500 609 4555 Patribus
639 4503 695 4552 et
742 4496 1251 4569 praedecessoribus
1302 4493 1509 4548 nostris
1552 4498 1636 4546 est
1664 4496 1849 4545 statu-

149 4597 298 4655 tum,
352 4593 411 4643 et
452 4604 484 4641 a
513 4586 677 4641 nobis
726 4585 1130 4640 conﬁrmatum
1167 4600 1180 4637 :
1211 4583 1269 4637 id
1314 4586 1417 4649 est,
1477 4580 1521 4633 si
1554 4580 1683 4651 quis
1730 4596 1849 4633 me-

149 4678 542 4748 tropolitanus
590 4674 909 4744 episcopus,
965 4672 1075 4726 nisi
1124 4671 1273 4742 quod
1323 4670 1394 4723 ad
1435 4686 1594 4723 suam
1638 4668 1851 4722 solum-

154 4767 330 4821 modo
362 4763 655 4836 propriam
700 4762 950 4832 pertinet
996 4760 1349 4831 parochiam,
1390 4758 1508 4812 sine
1540 4756 1774 4811 consilio
1800 4760 1855 4810 et

155 4856 457 4909 voluntate
513 4852 772 4906 omnium
831 4848 1396 4919 comprovincialium
1458 4847 1855 4918 episcoporum

156 4948 318 4997 extra
360 4939 582 5011 aliquid
631 4954 799 5009 agere
847 4936 1168 4997 tentaverit,
1226 4935 1435 5005 gradus
1485 4934 1571 4987 sui
1602 4935 1855 5004 periculo

158 5029 499 5099 subjacebit,
552 5032 607 5081 et
651 5027 799 5099 quod
851 5026 1033 5096 egerit
1079 5024 1303 5077 irritum
1360 5023 1637 5077 habeatur
1675 5028 1732 5076 et
1762 5038 1855 5075 va-

158 5134 356 5172 cuum.
391 5116 495 5171 Sed
540 5115 822 5187 quidquid
867 5114 935 5167 de
967 5111 1535 5181 comprovincialium
1566 5111 1855 5181 coepisco-

162 5222 373 5277 porum
411 5204 616 5268 causis,
651 5216 968 5272 eorumque
1014 5200 1375 5254 ecclesiarum
1410 5204 1466 5253 et
1494 5199 1855 5265 clericorum,

163 5301 341 5366 atque
372 5290 731 5348 saecularium
772 5289 1203 5344 necessitatibus
1232 5304 1400 5359 agere
1428 5293 1526 5341 aut
1555 5288 1858 5358 disponere

164 5399 399 5437 necesse
446 5381 636 5445 fuerit,
682 5382 789 5435 hoc
818 5395 949 5434 cum
993 5377 1251 5432 omnium
1284 5392 1569 5431 consensu
1598 5393 1857 5447 compro-

165 5471 499 5525 vincialium
532 5473 732 5535 agatur
764 5467 1122 5539 pontilicum,
1162 5482 1276 5518 non
1310 5464 1503 5535 aliquo
1534 5465 1858 5519 damnatio-

1957 450 2105 505 sicut
2158 450 2432 506 Dominus
2490 451 2569 503 ait
2606 467 2620 505 :
2656 452 2780 505 Non
2830 454 2962 507 veni
3008 453 3344 520 ministrari,
3395 454 3497 508 sed
3547 455 3657 509 mi-

1958 538 2220 594 nistrare.
2278 539 2344 592 Et
2375 537 2511 592 alibi
2542 555 2554 592 :
2588 538 2695 603 Qui
2744 541 2930 609 major
2976 547 3059 596 est
3089 546 3363 613 vestrum,
3413 541 3523 595 erit
3554 543 3656 596 mi-

1956 626 2139 681 nister
2180 631 2388 691 vester,
2430 632 2486 679 et
2531 627 2773 698 reliqua.
2825 629 3095 685 Similiter
3140 634 3197 684 et
3224 630 3335 702 ipsi
3381 645 3653 701 compro-

1957 715 2227 769 vinciales
2274 714 2525 785 episcopi
2570 732 2699 769 cum
2744 719 2868 788 ejus
2914 718 3175 787 consilio,
3224 717 3334 772 nisi
3371 724 3651 790 quantum

1956 802 2026 856 ad
2058 803 2316 874 proprias
2359 801 2605 872 pertinet
2636 806 2955 876 parochias,
2988 812 3179 879 agant,
3218 807 3382 877 juxta
3428 812 3649 860 sancto-

1958 905 2085 944 rum
2117 890 2425 945 constituta
2454 892 2706 959 Patrum,
2741 899 2804 948 ut
2831 911 2947 948 uno
2977 896 3189 963 animo,
3223 911 3338 949 uno
3370 911 3487 962 ore,
3521 910 3652 949 con-

1954 978 2200 1033 corditer
2243 983 2435 1032 sancta
2477 980 2832 1049 gloriﬁcatur
2860 983 3104 1036 Trinitas
3147 982 3208 1036 in
3247 985 3473 1037 saecula.
3511 983 3647 1038 Nul-

1954 1066 2043 1119 lus
2070 1065 2303 1136 primas,
2328 1064 2516 1119 nullus
2546 1070 3043 1139 metropolitanus,
3068 1071 3374 1141 nullusque
3407 1071 3649 1141 reliquo-

1954 1166 2085 1203 rum
2132 1150 2532 1220 episcoporum
2589 1151 2823 1205 alterius
2871 1153 3039 1206 adeat
3081 1152 3391 1215 civitatem.
3435 1159 3531 1207 aut
3577 1153 3648 1207 ad

1952 1238 2374 1307 possessionem
2420 1239 2646 1292 accedat
2675 1256 2804 1310 quas
2839 1240 2907 1293 ad
2955 1256 3086 1293 eum
3129 1257 3246 1294 non
3291 1242 3562 1310 pertinet,
3593 1245 3649 1293 et

1952 1324 2188 1377 alterius
2249 1323 2497 1395 episcopi
2562 1330 2649 1379 est
2706 1325 2997 1395 parochia,
3069 1342 3241 1397 super
3307 1328 3645 1397 cujusquam

1950 1411 2347 1482 dispositione,
2382 1412 2493 1466 nisi
2542 1413 2589 1466 si
2620 1420 2850 1466 vocatus
2902 1414 2971 1467 ab
3018 1430 3085 1468 eo
3113 1414 3275 1485 cujus
3322 1431 3441 1468 esse
3481 1415 3645 1467 dino-

1950 1500 2149 1567 scitur,
2208 1504 2268 1552 ut
2320 1501 2590 1571 quiddam
2649 1501 2728 1555 ibi
2784 1501 3051 1571 disponat
3106 1504 3188 1553 vel
3245 1502 3491 1566 ordinet,
3551 1506 3649 1553 aut

1941 1588 2190 1657 judicet,
2239 1586 2284 1640 si
2341 1590 2429 1643 sui
2482 1590 2693 1660 gradus
2750 1590 2971 1643 honore
3021 1590 3195 1660 potiri
3240 1590 3498 1644 voluerit.
3549 1588 3648 1643 Sin

1945 1676 2119 1730 aliter
2166 1678 2617 1747 praesumpserit,
2658 1676 3026 1731 damnabitur
3054 1693 3067 1731 :
3101 1680 3156 1730 et
3186 1692 3299 1731 non
3333 1678 3519 1730 solum
3550 1676 3646 1729 ille

1942 1766 2048 1819 sed
2103 1772 2497 1833 cooperantes,
2559 1765 2757 1837 eisque
2807 1765 3250 1830 consentientes,
3311 1765 3446 1836 quia
3502 1764 3650 1819 sicut

1942 1850 2264 1915 ordinatio,
2320 1854 2399 1907 ita
2442 1855 2563 1923 ejus
2613 1860 2667 1907 et
2708 1852 3008 1923 judicatio,
3059 1860 3116 1907 et
3164 1853 3406 1908 aliarum
3456 1867 3648 1906 rerum

1937 1935 2258 2006 dispositio
2289 1939 2646 2009 prohibetur.

2190 2025 2314 2079 CAP.
2348 2026 2546 2080 LXVII.
2568 2055 2641 2067 —
2676 2030 2748 2081 De
2774 2030 3103 2081 contentione
3129 2028 3419 2096 parochias.

2020 2113 2140 2182 (Ea:
2169 2116 2356 2168 concil.
2408 2116 2704 2169 Arvernen.
2756 2130 2877 2184 cap.
2921 2119 2996 2184 3.)
3048 2116 3387 2185 Quicunque
3427 2113 3648 2185 episco-

1937 2216 2057 2271 pus
2136 2202 2372 2256 alterius
2444 2202 2694 2274 episcopi
2756 2202 3045 2258 diascesim
3104 2220 3206 2273 per
3268 2204 3399 2259 XXX
3466 2218 3649 2257 annos

1938 2304 2072 2343 sine
2122 2291 2319 2361 aliqua
2369 2291 2828 2361 interpellatione
2877 2292 3213 2362 possederit,
3261 2291 3518 2362 quamvis
3560 2307 3646 2345 se-

1940 2379 2205 2433 cundum
2248 2380 2344 2449 jus
2388 2380 2532 2450 legis
2581 2380 2705 2449 ejus
2758 2379 3020 2434 videatur
3059 2396 3178 2434 esse
3226 2379 3497 2445 dioecesis,
3551 2379 3648 2434 ad-

1945 2466 2232 2521 mittenda
2266 2483 2382 2521 non
2415 2472 2502 2522 est
2548 2474 2745 2521 contra
2784 2484 2916 2521 eum
2948 2468 3091 2521 actio
3140 2467 3471 2539 reposcendi
3501 2483 3514 2521 :
3548 2469 3649 2523 sed

1944 2554 2057 2607 hoc
2104 2555 2255 2608 intra
2287 2572 2461 2609 unam
2496 2556 2853 2626 parochiam,
2890 2564 3043 2609 extra
3078 2574 3208 2611 vero
3241 2558 3398 2611 nullo
3431 2556 3597 2610 modo
3634 2572 3649 2609 :

1945 2658 2039 2705 ne,
2090 2643 2230 2696 dum
2275 2644 2536 2697 diwcesis
2582 2643 2931 2713 defenditur,
2962 2646 3386 2715 provinciarum
3419 2646 3651 2700 termini

1946 2729 2395 2784 confundantur.

1947 2834 2073 2889 CAP.
2122 2836 2348 2889 LXVIII.
2394 2866 2463 2875 -—
2510 2839 2578 2892 Ut
2622 2840 2862 2907 episcopi
2911 2841 3007 2907 qui
3065 2842 3347 2907 negligant
3392 2841 3505 2894 loca
3548 2856 3652 2895 sua

2045 2922 2079 2959 a
2102 2908 2298 2959 vicinis
2328 2910 2615 2975 episcopis,
2650 2914 2708 2961 ut
2736 2924 2791 2962 se
2815 2915 3113 2977 corrigunt,
3138 2914 3547 2965 admoneantur.

2024 2993 2134 3063 (Ea:
2174 2995 2397 3047 concilio
2438 2998 2742 3061 Africano,
2784 3013 2904 3065 cap.
2959 3000 3069 3063 76.)
3108 2999 3247 3052 Item
3301 2999 3532 3068 placuit,
3588 3004 3651 3053 ut

1952 3082 2279 3153 quicunque
2311 3082 2613 3152 negligant
2644 3084 2766 3137 loca
2796 3086 2864 3138 ad
2898 3102 3058 3139 suam
3104 3066 3429 3141 cathedram
3471 3088 3651 3155 perti-
3700 3066 3713 3081 ’

1952 3169 2148 3224 nentia
2176 3169 2236 3221 in
2280 3170 2617 3224 catholicam
2666 3173 2942 3227 unitatem
2977 3175 3204 3242 lucrari,
3235 3174 3653 3229 conveniantur

1951 3275 1984 3311 a
2038 3257 2411 3326 diligentibus
2470 3259 2668 3312 vicinis
2719 3261 3023 3331 episcopis,
3088 3268 3152 3316 ut
3208 3264 3264 3316 id
3314 3279 3483 3333 agere
3534 3279 3651 3318 non

1951 3351 2265 3399 morentur.
2316 3344 2477 3408 Quod
2508 3346 2555 3399 si
2603 3347 2753 3401 intra
2782 3366 2875 3402 sex
2930 3366 3154 3405 menses
3205 3367 3239 3404 a
3282 3351 3373 3404 die
3402 3366 3649 3405 conven-

1951 3434 2125 3487 tionis
2171 3448 2287 3485 non
2346 3434 2656 3498 elfecerint,
2713 3437 2812 3506 qui
2868 3441 3122 3508 potuerit
3169 3456 3262 3493 eas
3308 3440 3538 3507 lucrari,
3579 3439 3652 3494 ad

1950 3522 2136 3590 ipsum
2170 3518 2498 3590 pertineant
2530 3538 2543 3575 :
2577 3522 2656 3576 ita
2681 3539 2839 3589 sane,
2870 3532 2932 3579 ut
2963 3527 3009 3579 si
3038 3528 3134 3580 ille
3169 3529 3236 3581 ad
3260 3544 3431 3597 quem
3472 3528 3650 3598 perti-

1950 3610 2144 3663 nuisse
2210 3607 2563 3672 videbantur,
2627 3611 2870 3679 probare
2925 3616 3200 3683 potuerit,
3261 3615 3443 3684 magis
3496 3616 3651 3669 illius

1951 3699 2188 3751 electam
2236 3696 2651 3766 negligentiam
2699 3699 2769 3752 ab
2823 3701 3129 3769 haereticis,
3179 3707 3240 3756 ut
3286 3703 3523 3773 impune
3568 3703 3651 3757 ibi

1950 3787 2081 3851 sint,
2119 3790 2174 3838 et
2216 3800 2377 3837 suam
2432 3784 2793 3854 diligentiam
2841 3788 3014 3841 fuisse
3064 3795 3439 3860 praeventam,
3488 3795 3551 3843 ut
3582 3807 3651 3845 eo

1952 3873 2120 3926 modo
2171 3872 2293 3943 ejus
2337 3889 2474 3925 cura
2526 3873 2824 3928 sollicitior
2878 3882 3166 3931 vetaretur
3199 3894 3212 3930 :
3245 3894 3373 3931 cum
3416 3879 3521 3932 hoc
3555 3880 3651 3948 ju-

1953 3961 2101 4013 dices
2134 3960 2387 4031 episc0pi
2421 3961 2815 4031 cogn0verint,
2848 3980 2965 4017 suae
3014 3966 3301 4019 cathedras
3335 3968 3457 4020 loca
3488 3967 3651 4021 resti-

1953 4053 2137 4102 tuant.
2186 4048 2333 4103 Sane
2381 4047 2428 4101 si
2476 4048 2726 4119 episcopi
2778 4051 2929 4104 intra
2980 4068 3125 4123 quos
3171 4069 3340 4106 causa
3373 4060 3650 4119 versatur,

1956 4136 2306 4190 diversarum
2359 4142 2494 4190 sunt
2540 4136 2988 4207 provinciarum,
3031 4142 3126 4195 ille
3174 4141 3387 4211 primas
3439 4141 3650 4211 detju-

1958 4225 2128 4293 dices,
2178 4226 2398 4279 vicinus
2449 4225 2741 4295 provincia
2792 4235 2877 4282 est
2923 4229 3081 4283 locus
3129 4230 3199 4283 de
3251 4246 3365 4300 quo
3414 4236 3652 4284 conten-

1956 4312 2127 4367 ditur.
2161 4314 2219 4369 Si
2249 4319 2442 4367 autem
2474 4330 2542 4368 ex
2572 4317 2869 4370 communi
2916 4318 3125 4387 placito
3177 4318 3390 4372 vicinos
3433 4319 3656 4390 judices

1959 4401 2258 4471 elegerint,
2302 4408 2403 4455 aut
2450 4418 2601 4457 unus
2651 4404 2919 4475 eligatur,
2966 4413 3067 4459 aut
3108 4412 3219 4460 tres
3252 4423 3264 4461 :
3301 4412 3399 4461 aut
3446 4408 3494 4461 si
3541 4414 3655 4461 tres

1960 4490 2257 4560 elegerint,
2305 4496 2405 4544 aut
2447 4492 2710 4545 omnium
2769 4494 3114 4547 sententiam
3164 4511 3504 4564 sequantur,
3559 4498 3659 4549 aut

1962 4578 2229 4631 duorum.

1963 4684 2089 4739 CAP.
2134 4684 2311 4740 LXIX.
2362 4714 2429 4725 —
2478 4687 2544 4739 De
2590 4686 2797 4740 duobus
2841 4688 3106 4755 episcopis
3155 4687 3545 4742 altercantibus
3593 4688 3658 4742 de

2369 4756 2639 4825 parochia
2670 4758 2958 4825 cujusdam
2989 4759 3243 4811 basilice.

2037 4844 2140 4913 (Ea:
2170 4845 2356 4898 concil.
2392 4845 2661 4911 Spalensi,
2693 4861 2810 4913 cap.
2852 4845 2921 4915 l.)
2966 4847 3121 4900 Inter
3150 4849 3502 4899 memoratos
3544 4846 3655 4899 fra-

1965 4937 2079 4985 tres
2122 4939 2367 4999 nostros,
2414 4932 2774 5001 Fulgentium
2820 4934 3205 5005 Astigitanum
3247 4938 3303 4987 et
3341 4933 3657 4988 Honorium

1967 5020 2391 5075 Cordubensem
2439 5020 2759 5090 episcopos,
2808 5020 3079 5075 discussio
3132 5023 3341 5093 agitata
3390 5027 3493 5087 est,
3530 5037 3661 5092 pro-

1966 5114 2094 5179 pter
2128 5108 2449 5180 parochiam
2480 5109 2727 5162 basilice
2758 5109 3055 5177 cujusdam
3084 5127 3258 5180 quam
3290 5111 3497 5164 horum
3523 5110 3663 5162 alter

1969 5198 2379 5262 Celtacensem,
2446 5197 2590 5251 alter
2646 5195 3028 5265 Reginensem
3082 5198 3343 5252 asseruit.
3411 5200 3473 5253 Et
3528 5198 3664 5270 quia

1969 5285 2120 5341 inter
2160 5291 2430 5357 utrasque
2466 5290 2656 5356 partes
2716 5283 2986 5337 hactenus
3034 5283 3232 5340 limitis
3271 5286 3415 5340 actio
3467 5285 3663 5342 vendi-

1968 5380 2095 5430 cata
2123 5381 2229 5443 est,
2278 5374 2441 5445 cujus
2490 5371 2750 5445 quamvis
2799 5377 3020 5426 vetusta
3062 5374 3406 5441 retentione,
3440 5376 3663 5429 nullum

1963 5464 2111 5535 juris
2160 5462 2556 5536 praejudicium
2608 5461 2851 5515 adferret
2890 5477 2901 5513 :
2938 5460 3185 5530 ideoque
3227 5476 3298 5513 ne
3337 5462 3399 5515 in
3429 5464 3666 5517 dubium
