4022 6190
366 261 467 314 567

1441 249 1843 309 BURCHABDI
1880 245 2409 306 WORMACIENSIS
2446 242 2780 301 EPISCOPI.

3762 246 3855 298 568

366 380 521 437 ultra
567 378 719 434 inter
762 393 860 433 eos
908 379 1105 431 nostra
1154 375 1526 430 devocaretur
1566 373 1872 436 sententia,
1924 389 2063 445 pro-
2089 373 2135 427 A
2174 368 2535 437 clericorum,
2580 372 2637 422 et
2675 368 2746 422 ad
2795 383 2862 422 aa
2904 383 3036 439 quae
3076 368 3145 423 ad
3197 368 3359 424 illum
3392 384 3512 423 non
3556 369 3855 439 pertinent,

368 468 502 523 latis
565 467 884 523 canonibus
944 464 1239 537 synodalia
1308 465 1533 518 decreta
1590 463 1841 534 perlecta
1907 467 2063 529 sunt,

370 573 620 629 quorum
670 556 978 610 auctoritas
1020 557 1343 624 praemonet
1387 551 1467 605 ita
1504 556 1771 621 oportere
1817 550 2065 605 inhiberi

370 645 765 716 cupiditatem,
802 648 861 696 ut
890 659 962 696 ne
989 642 1117 713 quis
1146 641 1418 695 terminos
1446 639 1662 693 alienos
1691 644 1947 710 usurpet.
1982 639 2066 694 Ob

370 737 479 791 hoc
520 734 734 806 placuit
780 732 929 786 inter
977 732 1223 785 alternas
1266 735 1453 799 partes
1504 727 1876 798 inspectionis
1918 728 2067 781 viro:

371 823 705 891 mittendos,
754 820 833 875 ita
862 824 927 873 ut
952 819 1209 874 dimcesis
1253 816 1619 886 possidentis,
1660 816 1704 870 si
1746 822 1939 870 tamen
1968 816 2066 869 ba-

372 912 593 966 silicam
626 908 911 963 veteribus
941 906 1119 977 signis
1150 905 1313 958 limes
1350 904 1614 975 provisus
1646 904 2066 970 monstraverit,

372 1000 631 1056 Ecclesiae
680 997 841 1067 cujus
894 1001 977 1049 est
1018 995 1114 1065 jus
1162 992 1520 1062 retentionis,
1571 992 1617 1046 si
1660 998 1939 1046 aeternum
1973 992 2070 1045 do-

371 1088 638 1143 minium.
672 1085 835 1149 Quod
867 1087 922 1136 et
966 1082 1013 1136 si
1042 1081 1210 1135 limes
1239 1081 1535 1152 legitimus
1568 1082 1830 1135 eamdem
1874 1081 2065 1135 basili-

370 1193 495 1231 cam
543 1191 657 1228 non
704 1172 1014 1236 concludit,
1055 1160 1355 1225 et'tamen
1407 1171 1563 1239 longi
1605 1170 1883 1241 temporis
1934 1186 2070 1241 pro-

372 1264 541 1317 batur
619 1261 839 1331 objecta
923 1258 1301 1329 praescriptio,
1380 1257 1687 1327 appellatio
1770 1258 2070 1328 praesentis

372 1350 624 1421 episcopi
674 1365 792 1402 non
840 1348 1092 1402 valebit:
1126 1346 1262 1417 quia
1310 1345 1396 1399 illi
1451 1345 1776 1399 tricennalis
1827 1345 2069 1416 objectio

372 1438 667 1492 silentium
708 1436 977 1507 imponit.
1032 1437 1145 1489 Hoc
1178 1434 1349 1488 etiam
1398 1438 1457 1487 et
1499 1434 1861 1487 smcularium
1909 1434 2071 1504 prin-

372 1526 565 1597 cipum
604 1524 789 1579 edicta
827 1522 1191 1593 praecipiunt,
1232 1527 1289 1574 et
1321 1522 1634 1591 praesnlum
1680 1522 2070 1577 Romanorum

375 1614 627 1669 decrevit
672 1611 1002 1667 auctoritas.
1035 1611 1134 1665 Sin
1170 1626 1301 1664 vero
1343 1610 1491 1663 infra
1536 1616 1714 1664 metas
1745 1610 2073 1664 tricannalis

375 1701 677 1773 temporis,
741 1705 899 1755 extra
952 1699 1170 1753 alienos
1220 1697 1498 1753 terminos
1557 1699 1805 1754 basilicae
1862 1699 2075 1769 injusta

372 1789 620 1845 retentio
645 1788 951 1859 reperitur,
985 1786 1300 1858 repetentis
1333 1786 1589 1858 episcopi
1613 1787 1735 1857 juri
1762 1788 1883 1842 sine
1911 1803 2075 1843 mora

378 1878 734 1933 restituetur.

380 1985 507 2039 CAP.
540 1983 682 2038 LXX.
730 2012 799 2021 —
852 1984 927 2036 De
969 1982 1232 2105 episclqpts
1287 1982 1384 2063 qui
1434 1981 1761 2037 contendunt
1804 1982 1869 2037 de
1906 1998 2075 2053 paro-

1076 2068 1103 2105 c
1144 2067 1214 2105 us
1244 2067 1379 2105 suis.

1076 2067 1214 2107 οηηε
1244 2067 1379 2107 διας.

452 2140 563 2213 (Ea:
612 2141 800 2195 concil.
846 2141 1135 2207 Africano,
1169 2156 1289 2209 cap.
1327 2140 1446 2210 75.)
1496 2140 1713 2195 Placuit
1741 2144 1806 2195 ut
1835 2140 2078 2212 quicun-

383 2245 496 2300 que
525 2227 776 2299 episcopi
824 2227 1022 2297 plebes
1052 2243 1195 2298 quas
1243 2228 1313 2282 ad
1358 2244 1521 2282 suam
1551 2228 1883 2283 cathedram
1934 2229 2083 2283 msti-

381 2320 543 2370 mant
570 2315 859 2386 pertinere
890 2330 1007 2368 non
1039 2314 1117 2370 ita
1146 2320 1439 2385 repetunt,
1477 2319 1542 2369 ut
1573 2331 1768 2369 causas
1799 2332 1929 2370 suas
1972 2316 2084 2387 epi-

383 2404 567 2474 scopis
611 2403 1006 2473 judicantibus
1034 2407 1208 2474 agant
1245 2420 1258 2458 :
1292 2404 1391 2458 sed
1419 2403 1534 2457 alio
1582 2403 1866 2458 retinente
1898 2404 2078 2458 irrue-

384 2493 518 2557 rint,
556 2491 672 2545 sive
704 2490 1055 2555 nolentibus,
1089 2491 1205 2545 sive
1239 2492 1561 2545 volantibus
1590 2491 1854 2561 plebibus
1896 2508 2082 2547 causa:

386 2596 504 2635 suae
533 2579 942 2635 detrimentum
993 2579 1303 2650 patiantur.
1339 2581 1409 2633 Et
1451 2579 1781 2651 quicunque
1827 2580 1946 2652 jam
1977 2582 2084 2635 hoc

386 2669 662 2736 fecerunt,
693 2668 741 2722 si
788 2668 1047 2722 nondum
1096 2672 1182 2723 est
1224 2668 1376 2724 inter
1418 2668 1715 2739 episcopos
1752 2670 1913 2724 ﬁnita
1941 2686 2083 2724 con-

387 2758 589 2822 tentio,
623 2757 720 2811 sed
744 2757 929 2811 adhuc
956 2756 1092 2811 inde
1138 2758 1513 2823 contendunt,
1545 2757 1641 2812 ille
1669 2758 1803 2812 inde
1835 2758 2086 2812 discedat

388 2861 562 2916 quem
606 2845 931 2899 constiterit
977 2845 1382 2915 praetermissis
1406 2845 1642 2915 judiciis
1691 2846 2083 2900 ecclesiasticis

2173 458 2539 527 importunus
2574 454 2795 521 existat,
2842 471 3021 509 vacua
3050 455 3163 510 sint
3194 461 3250 511 et
3276 457 3481 511 inania
3519 458 3713 512 omnia
3740 474 3858 529 qua:

2174 544 2246 597 ab
2277 559 2342 597 eo
2376 541 2591 596 fuerint
2628 539 2957 595 constituta.
2995 543 3119 612 Ipse
3157 547 3348 597 autem
3398 543 3583 614 digna
3613 545 3864 615 increpa-

2173 632 2331 686 tione
2409 628 2957 698 excommunicetur,
3026 633 3083 684 et
3141 630 3516 686 abominetur
3585 649 3616 685 a
3682 637 3863 687 sancto

2175 719 2432 774 concilio.

2175 823 2305 879 CAP.
2348 824 2571 879 LXXIV.
2608 854 2685 896 _—
2727 825 2801 876 Ne
2849 826 3145 896 episcopus,
3195 839 3295 878 sua
3342 828 3574 880 civitate
3614 825 3866 896 despecta,

2510 894 2744 949 ambitus
2774 911 2939 948 causa
2969 895 3043 949 ad
3071 898 3241 950 aliam
3268 901 3541 951 transeat.

2248 981 2357 1051 (Ea:
2385 980 2579 1037 deerat.
2628 983 2821 1036 Leonis
2848 997 3033 1052 papa,
3080 999 3201 1052 cap.
3258 986 3367 1052 38.)
3400 984 3466 1039 Si
3516 984 3650 1055 quis
3695 990 3870 1039 autem

2177 1069 2496 1141 episcopus,
2540 1070 2781 1125 civitatis
2831 1086 2950 1124 suae
3002 1071 3395 1126 mediocritate
3446 1073 3741 1143 despecta,
3783 1075 3871 1128 ad-

2176 1158 2657 1213 ministrationem
2718 1158 2831 1211 loci
2896 1158 3223 1213 celebrioris
3290 1160 3605 1229 ambierit,
3683 1167 3738 1215 et
3809 1163 3869 1215 ad

2179 1247 2459 1317 majorem
2515 1262 2574 1300 se
2626 1246 2854 1316 plebem
2909 1262 3272 1319 quacumque
3340 1249 3575 1303 ratione
3634 1254 3864 1304 transtu-

2178 1334 2330 1400 lerit,
2372 1350 2405 1387 a
2433 1334 2702 1389 cathedra
2740 1334 2976 1405 quidem
3015 1335 3263 1405 pellatur
3290 1336 3507 1402 aliena,
3543 1337 3647 1391 sed
3676 1338 3866 1391 carebit

2180 1412 2237 1477 et
2268 1422 2501 1493 propria
2533 1439 2544 1477 :
2579 1426 2643 1477 ut
2689 1438 2794 1477 nec
2838 1422 2952 1477 illis
3002 1424 3305 1493 praesideat
3356 1441 3510 1495 quos
3563 1440 3667 1495 per
3712 1426 3867 1480 avari-

2180 1512 2321 1565 tiam
2364 1510 2708 1582 concupivit,
2742 1527 2845 1565 nec
2896 1511 3009 1565 illis
3037 1528 3178 1582 quos
3221 1529 3328 1582 per
3355 1513 3699 1583 superbiam
3729 1530 3865 1585 spre-

2182 1598 2283 1652 vit.
2332 1598 2461 1652 Suis
2507 1598 2685 1668 igitur
2711 1599 2976 1653 terminis
3018 1599 3260 1670 quisqua
3312 1606 3629 1655 contentus
3664 1602 3751 1669 sit,
3782 1617 3867 1656 nec

2186 1703 2358 1757 supra
2389 1702 2716 1741 mensuram
2735 1686 2886 1757 juris
2916 1686 3005 1741 sui
3038 1688 3260 1743 aﬁ‘ectat
3289 1689 3517 1761 augeri.

2184 1795 2311 1848 CAP.
2349 1794 2544 1850 LXXV.
2595 1823 2662 1835 —
2698 1796 2763 1849 Ut
2814 1794 2884 1847 ab
2931 1796 3195 1863 episcopis
3243 1797 3428 1850 aliena
3463 1797 3737 1866 parochia
3776 1800 3864 1851 mi-

2764 1866 2915 1919 nime
2938 1865 3297 1935 pervadatur.

2257 1952 2355 2023 (De
2385 1952 2679 2007 canonibus
2708 1954 2937 2022 apostol.
2984 1956 3071 2007 tit.
3110 1953 3218 2024 14.)
3248 1954 3537 2027 Episcopo
3568 1972 3685 2009 non
3724 1955 3865 2009 licere

2185 2041 2433 2096 alienam
2480 2042 2814 2113 parochiam
2861 2042 3100 2113 propria
3138 2044 3333 2098 relicta
3364 2045 3706 2115 pervadere,
3758 2046 3865 2099 licet

2187 2134 2427 2200 cogatur
2455 2146 2488 2184 a
2527 2130 2815 2200 plurimis,
2868 2130 2978 2184 nisi
3006 2131 3147 2185 forte
3194 2132 3414 2203 quaavis
3456 2148 3601 2187 eum
3645 2133 3862 2187 rationa-

2185 2218 2320 2273 bilis
2364 2234 2535 2272 causa
2576 2219 2904 2289 compellat,
2953 2223 3231 2290 tanquam
3286 2222 3385 2291 qui
3436 2221 3630 2292 possit
3680 2220 3865 2274 ibidem

2188 2306 2511 2361 constitutis
2539 2307 2670 2376 plus
2718 2306 2863 2360 lucri
2892 2308 3170 2374 conferre,
3206 2313 3262 2362 et
3291 2308 3348 2362 in
3378 2325 3561 2363 causa
3602 2310 3866 2379 religionis

2190 2394 2407 2466 aliquid
2453 2395 2711 2465 profecto
2754 2396 3101 2466 prospicere.
3133 2398 3197 2450 Et
3224 2398 3329 2451 hoc
3366 2414 3490 2451 non
3528 2415 3562 2451 a
3590 2397 3865 2467 semetipso

2188 2487 2496 2553 pertentet,
2559 2483 2660 2537 sed
2714 2484 3033 2538 multorum
3098 2485 3505 2556 episcoporum
3561 2486 3771 2557 judicio
3826 2492 3871 2538 et

2192 2570 2438 2625 maxima
2467 2571 2887 2642 supplicatione
2914 2572 3189 2642 perﬁciat.

2582 2660 2710 2714 CAP.
2746 2660 2965 2715 LXXVI.
3012 2690 3071 2701 -—
3108 2664 3176 2715 De
3202 2662 3385 2716 eadem
3419 2678 3501 2717 re.

2266 2749 2376 2817 (Ea:
2412 2750 2568 2817 epist.
2626 2751 2872 2803 Evaristi
2916 2764 3095 2818 papa,
3148 2751 3422 2815 fratribus
3469 2767 3573 2821 per
3605 2756 3872 2819 «Egi/ptum

2193 2835 2418 2902 directa,
2468 2852 2587 2904 cap.
2639 2836 2717 2905 4.)
2768 2836 3095 2890 Sacerdotes
3142 2853 3276 2891 vero
3327 2837 3449 2892 vice
3500 2840 3711 2893 Christi
3743 2840 3874 2908 lega-

389 2933 648 2999 irruisse,
699 2949 806 2987 nec
855 2932 963 2986 sibi
1012 2932 1254 3003 quisque
1300 2933 1646 3000 blandiatur,
1689 2934 1804 2988 sia
1842 2934 2086 3004 primate
2119 2924 2352 2987 ctione
2410 2925 2731 2995 funguntur
2785 2925 2844 2977 in
2898 2925 3163 2990 Εοειθδίδ,
3220 2931 3278 2980 θῐ
3331 2927 3483 2981 Sicut
3542 2928 3598 2981 ei
3655 2944 3750 2979 5118
3802 2932 3871 2979 est

364 3023 458 3071 ‘ut
486 3017 733 3071 retineat
783 3016 1003 3070 litteras
1051 3015 1375 3087 impetrarit
1409 3033 1421 3070 ε
1461 3018 1557 3072 sed
1608 3017 1723 3071 sive
1754 3018 1962 3073 habeat
1995 3018 2086 3072 lit-

392 3112 565 3171 teras,
616 3104 730 3157 sive
762 3120 879 3157 non
912 3104 1141 3173 habeat,
1189 3106 1486 3159 conveniat
1518 3121 1651 3159 eum
1685 3106 1786 3177 qui
1824 3110 2000 3174 tenet,
2034 3110 2090 3161 et

396 3194 518 3263 ejus
568 3192 782 3245 litteras
834 3190 1093 3262 accipiat,
1140 3196 1207 3245 ut
1249 3208 1379 3246 eum
1420 3198 1691 3263 appareat
1738 3194 1971 3263 paciﬁca
2003 3199 2087 3249 te-

396 3280 590 3334 nuisse
638 3279 942 3333 Ecclesiam
994 3280 1064 3333 ad
1115 3296 1173 3332 se
1221 3280 1627 3348 pertinentem.
1675 3281 1733 3337 Si
1771 3287 1964 3337 autem
1994 3283 2089 3339 ille

398 3368 651 3440 aliquam
682 3367 1057 3437 quaastionem
1088 3366 1376 3436 retulerit,
1418 3385 1521 3439 per
1550 3370 1845 3441 episcopos
1867 3370 2091 3440 judices

400 3473 569 3511 causa
610 3455 864 3522 ﬁniatur,
910 3455 1026 3509 sive
1050 3472 1194 3527 quos
1234 3456 1316 3509 eis
1346 3457 1619 3526 primates
1664 3458 1947 3530 dederint,
1976 3460 2091 3514 sive

400 3562 541 3617 quos
570 3543 678 3615 ipsi
706 3543 920 3597 vicinos
950 3560 1015 3597 ex
1045 3560 1318 3598 consensu
1352 3545 1686 3616 delegerint.

399 3650 528 3705 CAP.
567 3650 737 3704 LXXI.
772 3680 841 3689 —-
887 3652 953 3704 Ut
994 3652 1051 3703 in
1097 3653 1272 3705 altera
1304 3654 1569 3721 parochia
1610 3654 1827 3708 clericos
1865 3655 2091 3711 alterius

675 3721 912 3775 ditecesis
937 3724 1215 3791 episcopus
1241 3724 1550 3778 nullatenus
1581 3725 1810 3779 ordinet.

471 3810 579 3875 (Ea:
621 3811 808 3863 concil.
841 3811 1147 3877 Antioche,
1180 3827 1301 3880 cap.
1342 3811 1457 3882 22.)
1507 3812 1817 3884 Episcopus
1845 3814 2093 3869 alienam

400 3896 709 3964 civitatem,
742 3914 873 3969 quae
917 3914 1032 3951 non
1064 3904 1150 3952 est
1195 3899 1279 3952 illi
1309 3899 1580 3969 subjecta,
1614 3917 1730 3954 non
1760 3902 1943 3969 adeat,
1989 3919 2095 3957 nec

400 3984 471 4039 ad
503 3985 920 4056 possessionem
953 3985 1200 4052 accedat,
1237 4002 1368 4056 quas
1412 3987 1485 4041 ad
1514 4004 1647 4041 eum
1677 4004 1792 4042 non
1822 3990 2090 4060 pertinet,

402 4090 507 4127 nec
555 4072 981 4127 ordinationem
1027 4072 1109 4127 ibi
1161 4074 1347 4128 facere
1396 4081 1755 4144 praesumat:
1788 4078 1899 4133 nisi
1949 4079 2095 4134 forte

400 4177 534 4215 cum
578 4162 813 4216 consilio
846 4166 902 4214 at
947 4162 1237 4216 voluntate
1280 4163 1532 4233 episcopi
1564 4165 1831 4235 regionis.
1874 4167 1933 4223 Si
1967 4167 2095 4238 quis

401 4254 597 4304 autem
642 4251 753 4304 tale
803 4249 1023 4320 aliquid
1066 4250 1251 4305 facere
1299 4253 1621 4321 tentaverit,
1668 4254 1830 4310 irrita
1869 4256 1944 4310 sit
1974 4258 2097 4327 ejus

403 4335 715 4403 ordinatio,
748 4341 804 4391 et
830 4336 953 4408 ipse
982 4344 1311 4393 coerceatur
1338 4356 1371 4395 a
1395 4342 1634 4412 synodo.

404 4442 532 4515 Car.
568 4441 768 4498 LXXII.
809 4472 882 4486 —
914 4445 981 4499 Ut
1026 4446 1174 4500 nullo
1216 4446 1371 4501 modo
1423 4447 1490 4501 de
1514 4449 1779 4518 parochia
1825 4449 1901 4504 ad
1930 4450 2099 4503 aliam

961 4518 1240 4586 episcopus
1274 4523 1536 4573 transeat.
1812 4558 1823 4567 ο

476 4602 587 4668 (Ea:
617 4601 814 4669 eodem,
857 4618 977 4673 cap.
1032 4604 1142 4675 2t.)
1194 4605 1505 4677 Episcopus
1551 4605 1621 4660 ab
1669 4605 1781 4659 alia
1827 4606 2099 4677 parochia

401 4705 771 4761 nequaquam
812 4690 1021 4762 migret
1052 4692 1125 4746 ad
1171 4692 1343 4747 aliam
1375 4709 1389 4747 :
1420 4708 1525 4746 nec
1554 4698 1759 4763 sponte
1805 4710 1905 4749 sua
1935 4710 2097 4766 pror-

403 4794 499 4833 sus
527 4777 805 4845 insiliens,
838 4796 944 4834 nec
993 4779 1046 4833 vi
1076 4785 1304 4835 coactus
1336 4798 1368 4835 a
1395 4781 1643 4851 populis,
1689 4797 1795 4836 nec
1837 4783 1909 4838 ab
1947 4783 2098 4854 epis-

402 4867 586 4939 scopis
627 4867 962 4922 necessitate
993 4869 1343 4939 compulsus.
1391 4869 1614 4923 Maneat
1655 4873 1846 4925 autem
1889 4871 1951 4925 in
1997 4872 2097 4926 Ec-

401 4956 572 5010 clesia
623 4972 797 5026 quam
845 4956 1114 5027 primitus
1164 4973 1197 5011 a
1238 4958 1354 5012 Deo
1394 4957 1627 5013 sortitus
1658 4964 1762 5028 est,
1820 4976 1923 5014 nec
1966 4961 2098 5016 inde

402 5043 795 5115 transmigret,
830 5044 1148 5099 secundum
1196 5045 1507 5116 pristinum
1539 5048 1849 5103 terminum
1881 5049 1951 5104 de
1992 5050 2099 5105 hac

401 5147 462 5187 re
496 5134 890 5188 constitutum.

402 5220 533 5277 Car.
592 5222 824 5278 LXXIII.
876 5249 949 5263 —
1001 5224 1075 5277 De
1123 5226 1545 5294 praesumptione
1590 5225 1785 5282 alienae
1834 5226 2094 5281 diwcesis.

475 5311 580 5380 (Ea:
608 5313 766 5380 epist.
802 5309 1084 5379 Boni/acii
1120 5318 1323 5382 papae.)
1373 5312 1428 5367 Si
1459 5313 1587 5384 quis
1640 5313 1938 5387 episcopus
1981 5331 2098 5369 non

400 5399 635 5467 rogatus
667 5395 737 5450 de
768 5395 879 5451 alia
918 5396 1216 5468 provincia
1243 5396 1303 5451 in
1330 5397 1501 5452 aliam
1543 5398 1784 5463 venerit,
1813 5415 2097 5470 presum-

401 5484 560 5557 ptive
614 5483 842 5540 irruens
899 5486 968 5541 ad
1027 5485 1452 5542 ordinationem
1507 5490 1566 5541 et
1626 5485 2097 5542 constitutionem

2197 3012 2502 3081 conjuncta
2578 3027 2804 3081 sponsa,
2879 3011 2937 3064 id
2994 3017 3078 3065 est
3144 3014 3404 3083 Ecclesia,
3474 3016 3556 3069 sic
3622 3014 3871 3086 episcopis

2193 3099 2521 3171 junguntur
2548 3100 2826 3167 Ecclesiae,
2862 3100 3173 3171 unicuique
3208 3119 3309 3173 pro
3357 3105 3633 3173 portione
3665 3122 3760 3157 sua
3788 3120 3799 3155 :
3828 3116 3871 3155 et

2198 3189 2347 3243 sicut
2392 3188 2479 3241 vir
2529 3205 2648 3241 non
2702 3187 2870 3243 debet
2927 3190 3221 3260 negligere
3270 3208 3513 3247 uxorem
3574 3209 3749 3255 suam,
3791 3191 3868 3243 sed

2198 3278 2459 3348 diligere,
2515 3281 2572 3330 et
2618 3281 2765 3331 caste
2816 3279 3123 3346 custodire,
3179 3285 3234 3333 et
3278 3296 3494 3347 amare,
3546 3287 3717 3353 atque
3761 3295 3871 3350 pru-

2199 3366 2401 3420 denter
2459 3381 2688 3435 regere,
2749 3365 2829 3419 ita
2878 3370 2934 3420 et
2987 3367 3287 3438 episcopus
3353 3370 3528 3423 debet
3596 3369 3868 3424 Ecclesiam

2198 3471 2382 3509 suam.
2420 3455 2486 3508 Et
2514 3454 2668 3508 velut
2703 3470 2849 3508 uxor
2878 3471 3005 3525 quas
3036 3456 3140 3509 sub
3174 3472 3349 3512 manu
3380 3463 3466 3511 est
3498 3458 3634 3524 viri,
3666 3457 3868 3512 obedire

2198 3542 2368 3597 debet
2399 3547 2519 3596 viro
2562 3558 2683 3608 suo,
2738 3558 2987 3614 eumque
3028 3560 3239 3611 amare,
3288 3550 3343 3600 et
3385 3545 3632 3618 diligere
3666 3563 3678 3600 :
3707 3545 3867 3617 potius

2200 3630 2373 3685 etiam
2426 3630 2673 3685 Ecclesia
2719 3630 2990 3702 episcopo
3052 3649 3153 3687 suo
3203 3633 3263 3687 in
3309 3635 3583 3689 omnibus
3640 3634 3863 3695 obedire,

2200 3734 2449 3790 eumque
2480 3735 2694 3787 amare,
2737 3724 2792 3773 et
2820 3720 3057 3791 diligere
3097 3726 3161 3776 ut
3192 3722 3443 3776 animam
3486 3740 3651 3777 suam
3688 3722 3863 3777 debet:

2203 3806 2340 3877 quia
2385 3806 2529 3861 illud
2579 3806 2645 3861 ﬁt
2673 3808 2997 3878 carnaliter,
3048 3809 3201 3865 istud
3253 3810 3609 3880 spiritaliter.
3661 3813 3723 3866 Et
3748 3810 3865 3863 sicut

2200 3896 2288 3950 vir
2336 3911 2452 3949 non
2501 3894 2674 3949 debet
2729 3895 3053 3950 adulterare
3110 3914 3345 3952 uxorem
3390 3916 3556 3954 suam
3607 3917 3620 3953 :
3670 3899 3744 3953 ita
3784 3910 3863 3949 nec

2203 3984 2506 4054 episcopus
2554 3984 2857 4038 Ecclesiam
2898 4002 3079 4052 suam,
3115 3986 3173 4040 id
3206 3992 3303 4051 est,
3344 3993 3407 4042 ut
3440 3989 3601 4042 illam
3631 3987 3860 4047 dimittat,

2204 4074 2275 4128 ad
2322 4088 2499 4144 quam
2546 4079 2919 4128 consecratus
2939 4079 3042 4141 est,
3089 4076 3304 4146 absque
3352 4077 3673 4132 inevitabili
3711 4090 3864 4130 neces-

2208 4160 2369 4214 sitate
2436 4166 2537 4215 aut
2605 4161 2915 4230 apostolica
2979 4164 3069 4217 vel
3134 4164 3387 4235 regulari
3440 4166 3771 4230 mutatione,
3822 4164 3864 4214 et

2209 4248 2373 4303 alteri
2412 4264 2470 4303 se
2515 4249 2765 4303 ambitus
2813 4266 2985 4305 causa
3038 4252 3365 4323 conjungat.
3428 4255 3495 4308 Et
3543 4255 3687 4310 sicut
3735 4248 3864 4305 uxori

2207 4354 2322 4391 non
2354 4336 2488 4391 licet
2531 4337 2822 4392 dimittere
2874 4338 3063 4393 virum
3106 4356 3295 4407 suum,
3337 4346 3400 4396 ut
3441 4342 3629 4410 alteri,
3676 4340 3864 4394 vivente

2208 4441 2296 4491 eo,
2348 4425 2717 4480 matrimonio
2766 4442 2824 4480 se
2880 4428 3075 4495 societ,
3119 4433 3182 4482 ut
3227 4443 3361 4483 eum
3409 4430 3711 4495 adulterat,
3762 4427 3868 4480 licet

2208 4512 2520 4567 fornicatus
2567 4514 2642 4568 sit
2697 4514 2783 4568 vir
2829 4514 2972 4585 ejus,
3039 4517 3134 4571 sed
3185 4516 3346 4587 juxta
3396 4518 3744 4589 Apostolum,
3792 4516 3867 4566 aut

2205 4600 2326 4655 viro
2355 4618 2461 4656 suo
2491 4601 2658 4657 debet
2701 4603 3080 4669 reconciliari,
3116 4609 3215 4659 aut
3242 4621 3474 4660 manere
3503 4607 3739 4677 innupta
3767 4619 3778 4656 :
3806 4602 3867 4654 ita

2206 4689 2469 4744 Ecclesia:
2513 4706 2630 4745 non
2690 4690 2819 4745 licet
2866 4690 3157 4747 dimittere
3200 4693 3529 4764 episcopum
3584 4692 3869 4757 suum,aut

2206 4779 2275 4833 ab
2310 4796 2376 4835 eo
2409 4796 2468 4833 se
2512 4796 2836 4851 segregare,
2882 4784 2948 4835 ut
2978 4782 3219 4836 alterum
3262 4798 3328 4836 eo
3364 4784 3587 4837 vivente
3617 4778 3864 4851 accipiat:

2208 4868 2305 4922 sed
2338 4873 2435 4923 aut
2463 4868 2653 4939 ipsum
2691 4868 2920 4933 habeat,
2972 4875 3069 4925 aut
3098 4870 3343 4941 innupta
3388 4875 3636 4938 maneat,
3687 4869 3739 4923 id
3783 4871 3865 4929 est,

2208 4972 2278 5011 ne
2310 4957 2554 5011 alterum
2588 4958 2921 5028 episcopum
2969 4975 3071 5013 suo
3108 4959 3328 5013 vivente
3371 4960 3629 5030 accipiat,
3677 4962 3734 5011 ut
3767 4956 3863 5009 for-

2208 5044 2508 5099 nicationis
2565 5050 2664 5099 aut
2718 5046 2987 5101 adulterii
3043 5047 3261 5101 crimen
3316 5046 3589 5102 incurrat.
3647 5048 3774 5101 Nam
3826 5040 3860 5093 si

2207 5133 2524 5188 adulterata
2562 5133 2757 5201 fuerit,
2790 5134 2847 5190 id
2880 5140 2986 5204 est,
3036 5135 3084 5189 si
3113 5151 3173 5191 se
3209 5135 3371 5190 alteri
3405 5136 3669 5206 episcopo
3692 5134 3859 5205 junxe-

2207 5222 2302 5288 rit,
2334 5227 2434 5276 aut
2478 5238 2651 5293 super
2679 5239 2737 5277 sa
2786 5224 3030 5278 alterum
3064 5224 3399 5295 episcopum
3448 5222 3757 5285 adduxerit,
3784 5220 3858 5272 aut

2208 5325 2330 5363 esse
2405 5310 2642 5377 fecerit,
2707 5312 2796 5367 vel
2861 5312 3270 5367 desideraverit
3301 5353 3315 5379 ,
3391 5328 3496 5383 per
3561 5310 3856 5367 acerrimam

2206 5397 2624 5467 paenitentiam,
2689 5404 2788 5455 aut
2847 5416 2949 5456 suo
3005 5400 3403 5457 reconcilietur
3452 5401 3732 5473 episcopo,
3783 5396 3857 5450 aut

2205 5485 2451 5558 innupta
2477 5492 2835 5559 permaneat.
