3960 6192
135 274 234 325 569

313 395 442 451 CAP.
473 391 715 449 LXXVII.
741 420 810 432 --
836 391 929 445 Du
956 392 1253 444 mutatione
1270 392 1659 459 episcoporum.

204 520 317 591 (Ea:
380 520 539 587 epist.
590 516 825 572 Antheri
891 531 1052 585 papae
1115 516 1379 584 episcopis
1429 528 1527 582 per
1581 514 1833 567 Baeticam

139 615 301 677 atque
402 608 711 661 Toletanam
799 606 1141 673 provinciam
1258 603 1564 656 constitutis
1643 602 1829 666 missa,

139 712 261 765 cap.
326 696 439 761 14.)
500 695 573 748 De
637 692 961 746 mutatione
1035 707 1170 761 ergo
1218 689 1619 760 episcoporum
1683 688 1833 741 unde

138 789 402 839 sanctum
434 782 623 836 sedem
665 780 1039 852 apostolicam
1078 780 1377 834 consulere
1407 776 1688 844 voluistis,
1723 775 1835 829 sci-

137 878 254 927 tote
314 886 443 925 eam
492 868 781 923 communi
810 868 1053 922 utilitate
1094 872 1266 938 atque
1314 864 1651 921 necessitate
1709 862 1836 917 ﬁeri

138 961 333 1025 licere,
368 958 465 1013 sed
488 974 606 1011 non
654 957 823 1011 lihitu
870 957 1209 1027 cujusquam
1268 960 1367 1009 aut
1418 952 1833 1009 dominatione.

138 1051 339 1103 Petrus
362 1052 589 1100 sanctus
656 1044 946 1115 magister,
1018 1050 1074 1098 et
1129 1042 1396 1113 princeps
1445 1041 1838 1112 apostolorum

138 1138 203 1193 de
243 1135 553 1191 Antiochia
598 1134 857 1188 utilitatis
888 1149 1057 1187 causa
1102 1132 1411 1186 translatus
1462 1135 1546 1183 est
1572 1130 1837 1197 Romam,

138 1231 200 1280 ut
230 1225 451 1279 ibidem
492 1225 679 1293 potius
736 1222 1014 1292 proﬁcere
1046 1225 1258 1291 posset.
1294 1219 1565 1273 Eusebius
1607 1232 1838 1289 quoque

138 1316 208 1368 de
269 1312 523 1383 quadam
577 1328 753 1381 parva
816 1311 1061 1375 civitate,
1116 1308 1427 1379 apostolica
1499 1305 1839 1361 auctoritate

136 1403 452 1455 translatus
482 1404 567 1453 est
594 1398 1018 1452 Alexandriam.
1050 1396 1327 1452 Similiter
1378 1395 1530 1449 Felix
1579 1395 1649 1449 de
1697 1393 1838 1447 civi-

136 1496 252 1544 tate
284 1490 347 1543 in
380 1505 492 1560 qua
525 1488 822 1542 ordinatus
848 1491 969 1540 erat
999 1486 1272 1540 electione
1339 1484 1573 1550 civium,
1602 1487 1842 1554 propter

138 1578 466 1633 doctrinam
520 1581 573 1630 et
637 1575 852 1629 bonam
911 1574 1089 1627 vitam
1134 1588 1306 1645 quam
1364 1571 1627 1637 habebat,
1682 1583 1839 1622 com-

1116 265 1593 322 DECRETORUM
1637 265 1827 322 LIBRI
1863 263 1971 320 XX.
2014 290 2087 303 —
2124 261 2331 317 LIBER
2371 258 2651 315 PRIMUS.

1870 387 1921 443 Α
1955 386 2083 441 CAP.
2106 385 2294 439 LXXX.
2328 384 2491 437 --De
2535 382 2779 450 episcopo
2826 379 2925 447 qui
2966 379 3027 431 in
3085 392 3186 432 sua
3227 378 3406 450 fuerit
3450 392 3633 445 perse-

3531 257 3635 311 570

2045 462 2199 510 cutus
2226 455 2495 516 Ecclesia,
2528 447 2673 521 quod
2700 447 2775 504 ad
2803 451 2971 503 aliam
2995 451 3047 503 ei
3074 451 3149 503 sit
3174 447 3517 515 fugiendum.

2008 546 2115 610 (Ea:
2145 544 2316 597 decre.
2351 542 2550 595 Calist.
2580 554 2738 609 papa:
2766 540 3028 606 episcOpis
3056 552 3155 606 per
3210 537 3455 589 Gallium
3504 551 3630 589 con-

1938 635 2145 689 stitutis
2199 633 2426 698 missis,
2484 644 2604 697 cap.
2667 627 2774 695 15.)
2813 626 2869 680 Si
2926 626 3056 696 quis
3105 624 3405 695 episcopus
3463 623 3637 677 fuerit

1938 725 2268 795 persecutus
2320 719 2381 773 in
2438 733 2540 771 sua
2568 715 2834 780 Ecclesia,
2899 713 3240 783 fugiendum
3299 711 3384 766 illi
3424 717 3509 765 est
3564 711 3633 765 ad

1941 813 2200 876 alteram,
2240 807 2408 878 eique
2436 805 2789 869 sociandum,
2826 804 3051 857 dicente
3095 802 3374 856 Domino:
3416 800 3475 854 Si
3504 815 3636 869 per-

1941 898 2119 952 secuti
2150 913 2249 950 vos
2297 894 2512 949 fuerint
2538 893 2597 947 in
2642 908 2757 946 una
2806 891 3057 958 civitate,
3110 889 3293 958 fugite
3348 887 3408 942 in
3440 887 3633 941 aliam.

1941 987 1997 1042 Si
2012 991 2202 1040 autem
2234 983 2496 1038 utilitatis
2527 996 2695 1034 causa
2723 978 2896 1034 fuerit
2951 977 3308 1043 mutandum,
3378 992 3492 1028 non
3536 990 3641 1044 per
3678 975 3683 991 ³

1943 1093 2001 1130 se
2042 1076 2149 1129 hoc
2188 1079 2341 1144 agat,
2365 1072 2463 1125 sed
2494 1070 2763 1124 fratribus
2796 1066 3193 1132 invitantibus,
3218 1070 3273 1119 et
3302 1062 3641 1118 auctoritate

1942 1164 2116 1234 hujus
2148 1168 2356 1216 sancta:
2387 1160 2537 1214 sedis
2592 1157 2779 1223 faciat,
2813 1161 2953 1226 Lnon
2983 1155 3232 1209 ambitus
3293 1168 3481 1218 causa,
3542 1149 3639 1202 sed

1944 1252 2230 1307 utilitatis.

1947 1344 2075 1397 CAP.
2129 1338 2342 1394 LXXXI.
2403 1364 2473 1377 -—
2514 1339 2587 1391 De
2632 1336 2881 1403 episcopo
2942 1334 3040 1402 qui
3064 1330 3427 1399 principalem
3453 1327 3639 1381 cathe-

2371 1409 2529 1461 dram
2557 1421 2666 1460 sua
2694 1406 2943 1459 Ecclesiae
2966 1404 3211 1467 negligit.

2019 1498 2137 1570 (Ea.-
2191 1498 2377 1553 concil.
2464 1495 2770 1558 Rothoma.,
2829 1507 2949 1560 cap.
3030 1488 3134 1557 16.)
3188 1489 3256 1542 Ut
3305 1503 3422 1540 non
3476 1485 3647 1539 liceat

1949 1589 2213 1660 episcopo
2243 1584 2619 1657 principalem
2664 1580 2997 1634 cathedram
3054 1593 3172 1631 sua:
3205 1574 3492 1646 parochias
3538 1588 3644 1626 ne-

138 1666 307 1720 m‘mi
356 1666 760 1735 episcoporum
846 1667 901 1717 et
955 1662 1314 1732 reliquorum
1371 1659 1731 1714 εδοθτάοωω
1769 1672 1843 1748 -δο
1876 1672 1915 1725 Β
1954 1659 2192 1748 gligere,
2226 1679 2282 1728 et
2312 1673 2482 1728 aliam
2542 1669 2851 1726 Ecclesiam
2911 1666 2971 1721 in
3037 1681 3142 1720 sua
3200 1663 3430 1718 dioecesi
3461 1660 3647 1731 magis

140 1753 497 1825 populorum
530 1751 764 1805 consilia
779 1750 1083 1804 translatus
1107 1754 1192 1803 est
1218 1749 1523 1821 Ephesum.
1550 1748 1673 1801 Non
1690 1745 1845 1798 enim

143 1841 354 1896 transit
383 1841 453 1894 de
484 1839 712 1893 civitate
768 1839 838 1893 ad
868 1838 1158 1892 civitatem
1216 1837 1314 1907 qui
1354 1853 1470 1890 non
1519 1851 1621 1889 suo
1653 1834 1841 1899 libitu,

143 1936 242 1984 aut
265 1930 487 1983 ambitu
513 1929 620 1982 hoc
643 1927 789 1993 fecit,
825 1927 920 1981 sed
952 1927 1199 1980 utilitate
1229 1926 1497 1996 quadam,
1522 1930 1621 1978 aut
1652 1939 1844 1977 neces-

145 2020 334 2084 sitate,
369 2018 611 2071 aliorum
643 2017 892 2081 hortatu,
918 2020 974 2069 et
1000 2014 1238 2069 consilio
1268 2014 1557 2085 potiorum
1577 2011 1847 2065 transfer—

145 2113 259 2162 tur.
296 2108 409 2161 Nec
435 2105 779 2159 transfertur
806 2105 875 2159 de
906 2103 1118 2158 minori
1157 2103 1381 2157 civitate
1420 2102 1491 2155 ad
1548 2101 1847 2170 majorem,

148 2195 247 2266 qui
277 2195 389 2249 hoc
419 2210 537 2248 non
566 2193 789 2247 ambitu
818 2208 922 2247 nec
952 2193 1186 2263 propria
1214 2192 1504 2245 voluntate
1548 2189 1699 2254 facit,
1738 2186 1850 2251 ised

149 2288 249 2337 aut
268 2283 322 2336 vi
352 2300 384 2335 a
416 2281 650 2352 propria
682 2281 813 2335 sede
837 2281 1057 2350 pulsus,
1100 2283 1199 2333 aut
1228 2279 1561 2333 necessitate
1600 2279 1848 2340 coactus,

149 2378 249 2426 aut
278 2371 524 2424 utilitate
553 2370 685 2437 loci,
729 2374 826 2423 aut
852 2368 1072 2440 populi,
1130 2384 1248 2421 non
1297 2367 1563 2436 superbe,
1598 2364 1697 2419 sed
1738 2363 1848 2417 hu-

152 2460 369 2515 militer
390 2460 462 2513 ab
493 2459 622 2512 aliis
653 2458 961 2512 translatus
992 2462 1046 2510 et
1075 2455 1495 2510 inthronizatus
1533 2457 1619 2508 est
1660 2470 1672 2507 :
1715 2450 1853 2523 quia

152 2549 326 2603 homo
359 2548 515 2601 videt
568 2547 628 2600 in
668 2546 829 2612 facie,
873 2547 1023 2600 Deus
1047 2550 1237 2599 autem
1285 2544 1345 2598 in
1375 2544 1564 2597 corde.
1634 2543 1697 2596 Et
1740 2542 1854 2594 Do-

154 2638 348 2691 minus
395 2651 499 2707 per
560 2634 904 2705 Prophetam
948 2633 1227 2705 loquitur,
1271 2632 1464 2687 dicens
1505 2648 1517 2686 :
1578 2629 1856 2684 Dominus

153 2726 257 2780 scit
286 2724 664 2794 cogitationes
687 2723 1009 2788 hominum,
1031 2722 1305 2794 quoniam
1336 2737 1497 2775 vana
1530 2723 1680 2774 sunt.
1730 2718 1856 2772 Non

156 2831 293 2884 ergo
327 2817 513 2867 mutat
544 2812 759 2880 sedem,
790 2811 890 2883 qui
920 2828 1036 2865 non
1065 2815 1251 2865 mutat
1282 2814 1556 2877 mentem,
1584 2823 1690 2862 nec
1730 2821 1856 2859 mu-

156 2908 239 2957 tat
302 2902 595 2955 civitatem
654 2901 754 2972 qui
793 2917 909 2954 non
959 2916 1061 2953 sua
1123 2902 1323 2970 sponte
1379 2898 1475 2951 sed
1530 2894 1765 2949 consilio
1804 2894 1860 2946 et

167 2991 449 3045 electione
472 2990 715 3044 aliorum
745 2993 1017 3043 mutatur.
1053 2989 1180 3043 Non
1220 2987 1397 3057 igitur
1426 2985 1638 3055 migrat
1667 2984 1737 3038 de
1786 2982 1860 3035 ci-

157 3080 338 3133 vitate
372 3078 442 3131 ad
474 3079 784 3146 civitatem,
814 3076 912 3147 qui
944 3092 1060 3130 non
1116 3075 1368 3129 avaritiae
1425 3089 1596 3127 causa
1653 3074 1856 3142 sponte

157 3166 401 3221 dimittit
430 3182 590 3219 suam
627 3166 786 3232 :sed,
829 3170 889 3218 ut
936 3165 1052 3236 jam
1106 3165 1322 3219 dictum
1374 3168 1481 3228 est,
1532 3164 1630 3215 aut
1660 3160 1858 3231 pulsus

157 3274 191 3310 ει
256 3272 383 3323 sua,
439 3259 538 3309 aut
588 3254 928 3309 necessitate
958 3257 1209 3322 coactus,
1253 3257 1354 3306 aut
1414 3250 1716 3312 electione,
1761 3253 1861 3303 aut

163 3343 567 3399 exhortatione
636 3341 996 3396 sacerdotum
1062 3346 1119 3396 et
1168 3341 1523 3411 populorum
1550 3337 1860 3392 translatus

170 3436 256 3487 est
284 3431 357 3485 ad
384 3432 622 3485 alteram
658 3430 964 3484 civitatem.
1026 3430 1166 3483 Nam
1198 3428 1343 3481 sicut
1370 3426 1621 3498 episcopi
1649 3425 1862 3480 habent

166 3523 514 3590 potestatem
546 3518 808 3573 ordinare
861 3517 1206 3588 regulariter
1256 3516 1556 3586 episcopos
1616 3518 1675 3568 et
1720 3512 1854 3565 reli-

166 3625 314 3677 quos
362 3607 681 3661 sacerdotes
722 3623 734 3660 :
772 3606 873 3679 sic,
913 3604 1138 3677 quoties
1186 3605 1404 3659 utilitas
1460 3606 1557 3656 aut
1610 3599 1863 3655 necessi-

166 3702 254 3750 tas
279 3697 695 3766 expoposcerit,
739 3695 1065 3764 supradicto
1097 3693 1265 3747 modo
1325 3697 1380 3747 et
1425 3695 1646 3745 mutare
1690 3692 1747 3743 et
1774 3688 1862 3742 in-

168 3784 499 3838 thronizare
529 3787 874 3853 potestatem
905 3783 1135 3837 habent.

529 3908 655 3963 CAP.
698 3907 975 3963 LXXVIII.
1016 3936 1083 3944 —
1109 3893 1182 3960 D'e
1218 3904 1402 3959 eadem
1431 3919 1508 3958 re.

158 4090 161 4091 ν
244 4031 367 4099 (Ea:
395 4030 711 4100 {canonibus
756 4031 1008 4098 apostol.)
1060 4030 1371 4099 Episcopus
1420 4031 1521 4081 aut
1571 4023 1869 4096 presbyter

172 4134 411 4172 uxorem
440 4118 737 4189 propriam
768 4133 1131 4188 nequaquam
1161 4116 1265 4171 sub
1297 4116 1535 4170 obtentu
1575 4110 1869 4183 religionis

1951 1768 2339 1837 frequentare.

1956 1857 2090 1911 CAP.
2127 1852 2392 1908 LXXXIII.
2440 1878 2510 1889 ——
2560 1852 2634 1903 De
2667 1846 2929 1916 episcopis
2960 1844 3057 1916 qui
3104 1840 3254 1896 sedes
3291 1837 3644 1916 _suas__negli-

2025 1931 2179 1995 gunt,
2238 1928 2289 1977 et
2308 1925 2366 1976 in
2393 1909 2823 1991 possessionibus
2843 1909 3151 1982 suis—longe
3174 1913 3372 1981 positis
3418 1909 3515 1963 diu
3546 1922 3653 1962 mo~

2025 2001 2242 2051 rantur.

2028 2086 2131 2155 (Er
2190 2082 2377 2137 concil.
2438 2077 2770 2141 Sardicensi,
2839 2090 2959 2142 cap.
3015 2072 3124 2142 15.)
3196 2069 3360 2126 Osius
3419 2066 3650 2155 ,episco-

1955 2190 2064 2245 pus
2103 2172 2283 2226 dixit:
2314 2168 2458 2233 Quia
2487 2165 2629 2220 nihil
2665 2161 3027 2236 praetermitti
3085 2164 3333 2230 oportet,
3362 2161 3495 2210 sunt
3522 2154 3653 2226 qui-

1959 2242 2091 2316 dam
2109 2260 2310 2314 fratres
2340 2262 2396 2310 et
2425 2252 2748 2325 coepiscopi
2800 2249 3002 2317 nostri,
3028 2248 3130 2318 qui
3179 2262 3292 2300 non
3325 2245 3385 2298 in
3412 2259 3478 2297 ea
3516 2242 3651 2296 civi-

1958 2354 2074 2405 tate
2106 2346 2380 2411 resident,
2442 2344 2501 2397 in
2533 2359 2647 2413 qua
2676 2340 2940 2395 videntur
2996 2334 3248 2407 episcopi
3277 2348 3397 2386 esse
3436 2328 3655 2384 consti-

1960 2438 2092 2506 tuti,
2132 2437 2221 2490 vel
2252 2439 2406 2488 certe
2454 2446 2689 2504 parvam
2747 2444 2871 2482 rem
2903 2426 3019 2480 illic
3056 2425 3306 2479 habeant
3339 2438 3351 2475 :
3397 2418 3531 2473 alibi
3561 2433 3659 2471 au-

1960 2534 2077 2585 tem
2124 2527 2333 2581 idonea
2362 2522 2583 2594 praedia
2635 2520 2844 2575 habere
2899 2518 3236 2574 noscuntur,
3294 2509 3652 2565 affectionem

1962 2616 2361 2689 proximorum
2395 2611 2603 2683 quibus
2634 2608 2996 2677 indulgeant.
3057 2605 3342 2658 Hactenus
3396 2594 3653 2669 permitti

1964 2686 2045 2759 eis
2075 2707 2320 2772 oportet,
2376 2704 2438 2752 ut
2481 2697 2755 2751 accedant
2813 2693 2882 2747 ad
2940 2688 3333 2762 possessiones
3380 2701 3532 2751 suas,
3603 2686 3660 2735 et

1962 2794 2271 2863 disponant
2299 2789 2384 2842 vel
2407 2787 2671 2841 ordinent
2695 2784 2944 2838 fructum
2975 2777 3189 2834 laboris
3236 2776 3376 2841 suis,
3408 2778 3473 2827 ut
3529 2774 3660 2842 post

1966 2862 2213 2953 quatuor
2234 2878 2355 2932 dies
2387 2875 2734 2939 Dominicos,
2778 2872 2837 2926 id
2871 2874 2977 2935 est,
3014 2872 3147 2939 post
3197 2870 3321 2953 tres
3342 2862 3656 2953 hebdoma-

1968 2970 2085 3035 das,
2133 2968 2179 3023 si
2219 2965 2431 3021 morari
2484 2978 2715 3018 necesse
2766 2966 2868 3025 est,
2921 2959 2981 3012 in
3028 2956 3145 3010 suis
3208 2952 3399 3025 potius
3465 2948 3661 3005 fundis

1966 3061 2285 3118 morentur,
2343 3058 2442 3108 aut
2487 3053 2535 3106 si
2591 3056 2673 3105 est
2706 3048 2983 3121 proxima
3042 3045 3240 3100 civitas
3297 3042 3356 3096 in
3407 3054 3522 3111 qua
3578 3041 3665 3091 est

1966 3146 2282 3218 presbyter,
2342 3159 2416 3197 ne
2459 3142 2581 3196 sine
2626 3139 2869 3195 Ecclesia
2921 3136 3220 3191 videantur
3261 3132 3447 3185 facere
3510 3126 3663 3181 diem

1975 3213 2359 3297 Dominicum,
2392 3231 2529 3284 illuc
2551 3227 2841 3292 accedant,
2908 3230 2974 3278 ut
3027 3236 3215 3293 neque
3266 3235 3357 3273 res
3397 3213 3663 3270 domesti-

1969 3341 2050 3379 cm
2080 3338 2184 3395 per
2204 3320 2521 3376 absentiam
2562 3333 2763 3371 eorum
2795 3314 3211 3369 detrimentum
3240 3307 3574 3371 sustineant,
3607 3306 3663 3355 et

1970 3393 2097 3467 non?
2113 3413 2444 3481 frequenter
2472 3406 2756 3461 veniendo
2796 3404 2865 3458 ad
2900 3403 3185 3456 civitatem
3216 3397 3275 3450 in
3306 3411 3419 3467 qua
3451 3393 3666 3463 episco-

1971 3518 2076 3572 pus
2134 3479 2393 3554 moratur
2438 3495 2821 3565 suspicionem
2870 3488 3160 3561 jactantiaa
3225 3493 3281 3540 et
3337 3479 3665 3537 ambitionis

1970 3591 2227 3645 evadant.
2265 3585 2523 3642 Universi
2552 3585 2822 3639 dixerunt
2850 3582 3074 3652 placere
3113 3576 3240 3630 sibi.

1973 3678 2255 3735 LXXXIII.
2297 3707 2369 3715 —
2411 3677 2477 3728 Ut
2540 3674 2821 3741 episcopus
2880 3668 3113 3733 singulis
3162 3665 3324 3718 annis
3342 3660 3662 3732 parochiam

2562 3758 2717 3797 suam
2738 3744 3047 3795 circumeat.

2044 3839 2163 3909 (Ea:
2214 3836 2402 3890 concil.
2468 3832 2742 3902 Spalensi,
2797 3844 2917 3897 cap.
2971 3826 3049 3895 4.)
3097 3826 3166 3878 Ut
3189 3820 3429 3909 singulis
3504 3816 3669 3871 annis
3738 3888 3741 3893 ν

1974 3908 2342 3996 unusquique
2381 3920 2681 3992 episcopus
2727 3915 3058 3989 parochiam
3106 3927 3268 3966 suam
3335 3908 3667 3969 circumeat,

1975 3993 2369 4087 populumque
2420 4010 2724 4064 conﬁrmet
2765 4022 2830 4062 ac
2880 4006 3100 4069 doceat,
3155 4004 3211 4054 et
3259 4014 3325 4053 ea
3388 4012 3515 4067 quae
3579 3993 3670 4087 vi—

1976 4081 2153 4159 tanda
2181 4081 2316 4156 sunt
2343 4098 2664 4171 prohibeat,
2690 4100 2747 4151 et
2793 4111 2862 4150 ea
2907 4108 3036 4165 quae
3064 4088 3285 4160 agenda
3335 4090 3489 4150 sunt,
3560 4081 3669 4136 uti-

174 4187 457 4277 abjiciat;
486 4187 723 4260 Si_vero
755 4187 1033 4275 rejecerit,
1083 4203 1628 4259 excommunicetur.
1675 4200 1782 4256 Sed
1823 4199 1871 4254 si
1898 4229 1943 4283 Β
1980 4194 2112 4247 liter
2143 4205 2312 4261 agere
2345 4187 2598 4243 suadeat-

177 4293 651 4366 perseveraverit,
684 4293 981 4364 dejicatur.

537 4418 665 4472 CAP.
710 4418 919 4472 LXXIX.
950 4446 1021 4459 —
1063 4419 1194 4471 Item
1220 4432 1287 4470 ea:
1315 4414 1513 4470 eodem.

246 4542 364 4612 (Ea:
412 4542 603 4595 concil.
658 4540 988 4607 Sardicensi,
1042 4555 1163 4608 cap.
1226 4538 1298 4608 1.)
1349 4537 1515 4594 Osius
1566 4537 1872 4607 episcopus

175 4630 363 4684 dixit:
412 4630 537 4683 Non
589 4628 782 4683 minus
828 4629 979 4682 mala
1030 4627 1387 4682 consuetudo
1436 4641 1609 4697 quam
1675 4623 1870 4695 perni-

172 4719 328 4773 ciosa
379 4718 708 4787 corruptela
732 4717 994 4772 funditus
1024 4715 1368 4770 eradicanda
1424 4720 1530 4782 est,
1560 4728 1633 4768 ne
1684 4712 1778 4767 cui
1810 4712 1874 4765 li-

172 4812 296 4862 ceat
324 4806 597 4876 episcopo
651 4806 719 4861 de
782 4805 1006 4859 civitate
1040 4820 1142 4858 sua
1189 4804 1255 4858 ad
1310 4803 1479 4857 aliam
1520 4801 1763 4856 transire
1802 4801 1873 4854 ci-

171 4897 427 4950 vitatem.
471 4894 763 4949 Manifesta
784 4899 870 4949 est
890 4893 1044 4948 enim
1103 4908 1291 4959 causa,
1337 4908 1443 4962 pro
1499 4907 1613 4961 qua
1666 4906 1725 4943 re
1768 4889 1875 4943 hoc

174 4984 359 5038 facere
426 4986 657 5036 tentat:
708 4998 841 5035 cum
899 4981 1091 5035 nullus
1141 4980 1200 5034 in
1254 4980 1360 5033 hac
1393 4996 1453 5033 re
1502 4978 1766 5032 inventus
1805 4976 1879 5030 sit

176 5072 503 5141 episcopus,
536 5070 635 5140 qui
667 5070 736 5123 de
769 5070 988 5139 majore
1012 5068 1237 5123 civitate
1270 5067 1340 5121 ad
1373 5067 1659 5121 minorem
1691 5072 1879 5119 trans-

179 5160 304 5214 iret.
328 5158 491 5214 Unde
529 5163 769 5229 apparet
797 5157 1051 5212 avaritiae
1118 5157 1318 5211 ardore
1368 5172 1464 5210 eos
1505 5152 1874 5220 inﬂammari,

180 5252 235 5303 et
261 5246 568 5302 ambitioni
626 5246 860 5312 servire,
922 5251 980 5300 et
1031 5250 1093 5299 ut
1122 5244 1545 5299 dominationes
1584 5246 1777 5314 agant.
1822 5241 1881 5297 Si

179 5336 449 5392 omnibus
474 5334 681 5405 placet,
708 5333 1043 5404 hnjusmodi
1079 5333 1363 5403 pernicies
1385 5333 1589 5387 saevius
1617 5335 1673 5386 et
1693 5335 1880 5385 auste-

178 5424 300 5478 rins
333 5423 676 5490 vindicetur,
705 5428 773 5477 ut
833 5438 940 5476 nec
996 5421 1199 5475 laicam
1258 5418 1725 5474 communionem
1778 5418 1881 5473 ha-

181 5513 314 5568 beat
345 5510 445 5584 qui
474 5511 605 5567 talis
630 5516 735 5567 est.
769 5510 1213 5583 Responderunt
1243 5508 1496 5565 universi
1536 5524 1548 5564 :
1592 5508 1801 5563 Placet.

1978 4290 2106 4345 CAP.
2165 4287 2427 4342 LXXXIV.
2485 4313 2554 4323 —
2630 4285 2703 4337 De
2750 4280 3012 4349 episcopis
3059 4277 3157 4345 qui
3193 4288 3319 4349 raro
3376 4276 3472 4349 aut
3522 4284 3665 4323 nun-

2048 4375 2213 4428 quam
2227 4373 2328 4427 per
2349 4357 2549 4425 seipsos
2563 4354 2741 4423 plebes
2757 4347 2865 4406 sibi
2884 4347 3192 4405 commissas
3212 4347 3459 4400 visitant.

2050 4426 2159 4518 (Ea:
2218 4426 2406 4500 concit.
2468 4442 2751 4506 Meldensi,
2834 4454 2955 4506 cap.
3022 4435 3097 4502 ὅ.)
3156 4434 3225 4489 Ut
3268 4428 3521 4503 episcopi
3573 4426 3674 4499 qui

1978 4537 2177 4609 plebes
2233 4532 2343 4587 sibi
2392 4531 2657 4595 creditas,
2716 4532 2815 4582 aut
2856 4541 3005 4589 raro,
3064 4528 3164 4577 aut
3213 4534 3514 4592 nunquam
3569 4531 3675 4587 per

1980 4626 2194 4696 seipsos
2223 4621 2455 4676 visitant
2478 4620 2641 4689 juxta
2680 4617 2937 4671 ordinem
3007 4611 3401 4680 evangelicum
3446 4611 3503 4661 et
3530 4621 3677 4675 apo—

1981 4714 2247 4770 stolicum
2298 4716 2472 4781 atque
2555 4703 3019 4769 ecclesiasticum,
3056 4717 3186 4755 cum
3238 4696 3509 4753 Dominus
3540 4692 3675 4749 Mosi

1983 4803 2133 4858 dicat
2160 4818 2173 4856 :
2198 4799 2626 4871 Speculatorem
2658 4793 2789 4849 dedi
2845 4796 2903 4847 te
2930 4789 3129 4846 domui
3158 4788 3352 4854 Israel,
3385 4790 3440 4839 et
3479 4781 3680 4837 audies

1983 4908 2048 4947 ex
2111 4906 2208 4944 ore
2243 4904 2370 4942 meo
2436 4885 2697 4951 verbum,
2732 4878 3108 4935 annunciabis
3138 4876 3219 4930 eis
3248 4891 3313 4928 ex
3369 4888 3482 4936 me,
3545 4874 3675 4932 etc.,

1985 4994 2017 5032 a
2043 4973 2623 5046 comprovincialibus
2648 4968 2952 5041 episcopis,
2988 4966 3173 5020 acrius
3203 4961 3605 5032 corripiantur.

1986 5085 2114 5139 CAP.
2146 5080 2379 5137 LXXXV.
2422 5110 2493 5118 —
2521 5080 2587 5133 Ut
2616 5077 2854 5145 episcopi
2907 5072 3244 5145 presbyteros
3267 5081 3397 5145 suos
3454 5065 3520 5120 de
3574 5065 3681 5119 mi-

2268 5152 2512 5206 nisteriis
2542 5141 2757 5202 illorum
2777 5141 3064 5212 diligenter
3076 5141 3393 5195 discutiant.

2059 5238 2177 5311 (Ea:
2234 5238 2417 5293 concil.
2469 5239 2763 5304 Braggar.,
2792 5248 2913 5303 cap.
2947 5231 3023 5301 2.)
3054 5228 3273 5284 Placuit
3302 5224 3468 5279 nobis
3509 5228 3684 5293 atque

1989 5327 2271 5392 convenit,
2309 5331 2376 5381 ut
2404 5324 2657 5397 episcopi
2686 5339 2792 5395 per
2818 5321 3073 5391 singulas
3103 5316 3377 5371 Ecclesias
3436 5319 3495 5368 et
3535 5312 3676 5367 dios-

1991 5431 2147 5471 ceses
2177 5420 2400 5480 euntes,
2432 5414 2683 5485 primum
2734 5409 3042 5467 discutiant
3099 5406 3348 5467 clericos,
3392 5400 3679 5474 quomodo

1993 5504 2258 5561 ordinem
2283 5503 2557 5574 baptismi
2585 5504 2820 5557 teneant
2867 5498 2954 5552 vel
2986 5496 3320 5563 missarum,
3352 5497 3408 5546 et
3435 5489 3686 5563 qualiter
