3960 6192
331 240 425 292 571
1393 241 1794 298 BURCHARDI
1836 237 2367 296 WORMAGIENSIS
2405 240 2716 298 EPISCOPI
2731 283 2746 298 .
3691 255 3776 305 572

330 375 573 433 quaeque
603 359 790 415 ofﬁcia
817 359 878 415 in
903 361 1147 418 Ecclesia
1199 368 1496 434 peragant.
1541 365 1605 418 Et
1644 363 1691 418 si
1720 368 1873 418 recte
1903 362 2025 434 qui—
2057 365 2102 418 A
2139 363 2202 419 in
2244 363 2839 420 administrationibus
2876 364 3137 420 Ecclesia
3189 364 3541 437 pontificibus
3589 371 3776 428 socian-

327 450 460 503 dem
509 449 852 518 invenerint,
914 451 1029 504 Deo
1089 452 1322 522 gratias.
1398 451 1498 506 Sin
1545 455 1738 506 autem
1781 450 2022 506 minime

327 537 529 590 docere
555 535 766 590 debent
803 536 1057 606 ignaros.

329 626 458 679 CAP.
509 624 770 678 LXXXVI.
800 655 869 664 —
907 627 972 680 Ut
1015 627 1297 696 episcopus
1329 642 1448 680 cum
1487 624 1680 696 paucis
1705 641 1860 682 suam
1915 641 2020 696 pa-

868 695 1116 750 rochiam
1155 699 1462 751 circumeat.

398 783 514 854 (Ea:
533 783 719 838 concil.
753 784 1019 838 Toletano.
1053 800 1172 853 cap.
1228 786 1304 851 5.)
1337 785 1478 840 Cum
1511 785 1814 857 episcopus
1860 801 2024 840 suam

325 871 616 927 dimcesim
659 870 866 938 visitat,
917 871 1062 926 nulli
1130 888 1250 942 prae
1323 873 1690 929 multitudine
1752 890 2026 928 onerosus

331 955 551 1023 existat,
612 973 716 1011 nec
777 975 1034 1029 unquam
1093 960 1656 1031 quinquagenarium
1718 978 2025 1016 numerum

332 1043 634 1097 evectionis
663 1046 916 1111 excedat,
967 1052 1066 1100 aut
1099 1049 1347 1118 amplius
1378 1065 1551 1119 quam
1593 1066 1709 1104 una
1743 1050 1833 1104 die
1887 1066 2026 1120 per-

329 1148 798 1204 unamquamque
815 1134 1108 1190 basilicam
1134 1137 1460 1191 remorandi
1482 1138 1773 1192 licentiam
1793 1139 2021 1192 habeat.

333 1218 460 1271 CAP.
502 1219 764 1273 LXXXVII
815 1250 878 1260 —
943 1222 1004 1276 Si
1053 1224 1332 1290 episcopus
1386 1225 1707 1291 parochiam
1746 1239 1903 1279 suam
1933 1226 2026 1277 ni-

405 1291 571 1342 sitare
587 1293 1060 1358 nequiverit,viros
1091 1293 1390 1360 probabilis
1422 1296 1524 1347 viae
1536 1309 1641 1364 pro
1671 1309 1725 1348 se
1752 1297 1954 1348 mittat.

407 1376 514 1447 (Ea:
534 1377 717 1433 eodem
735 1394 855 1449 cap.
890 1379 979 1449 6.)
1010 1380 1172 1444 Quod
1203 1380 1250 1434 si
1282 1381 1600 1451 episcopus,
1627 1388 1726 1436 aut
1752 1384 2026 1452 languore

333 1463 616 1532 detentus,
651 1473 750 1519 aut
778 1468 906 1520 aliis
957 1468 1422 1538 occupationibus
1457 1469 1800 1540 implicatus,
1831 1469 2026 1522 visita-

332 1552 550 1606 tionem
612 1554 916 1608 dimceseos
972 1557 1198 1626 explere
1255 1557 1595 1627 nequiverit,
1668 1558 2029 1628 presbyteros

2133 457 2248 516 tur,
2286 453 2610 524 discrepare
2677 468 2797 507 non
2852 453 3117 520 debeant,
3161 469 3267 509 nec
3309 455 3656 527 professione,
3692 476 3778 516 nec

2129 539 2367 594 habitu:
2410 555 2515 594 nec
2547 540 2836 594 cohaerere
2868 544 2924 594 et
2957 539 3232 612 conjungi
3297 546 3547 611 possunt,
3597 546 3774 616 quibus

2131 633 2188 682 et
2219 627 2406 682 studia
2434 631 2490 682 et
2518 633 2651 682 vota
2689 627 2913 683 diversa
2942 635 3094 683 sunt.
3129 629 3187 683 Si
3226 629 3351 700 quis
3389 636 3573 686 autem
3600 634 3778 703 episco-

2128 732 2236 788 pus
2266 721 2393 787 post
2428 717 2550 770 haec
2577 715 3018 772 ecclesiasticam
3049 733 3169 771 rem
3203 717 3275 771 ad
3306 718 3550 774 laicalem
3592 731 3781 791 procu-

2131 806 2414 859 rationem
2466 805 2985 859 administrandam
3059 805 3283 876 elegrit,
3340 813 3438 860 aut
3485 808 3598 861 sine
3651 811 3780 864 testi-

2133 893 2330 948 monio
2388 893 2670 948 ceconomi
2725 893 3100 964 gubernanda
3176 893 3498 962 crediderit,
3571 913 3688 952 vere
3731 904 3785 953 ut

2133 987 2495 1053 contemptor
2538 998 2824 1036 canonum
2855 986 2911 1036 et
2961 982 3258 1036 fraudator
3322 983 3783 1040 ecclesiasticarum

2134 1085 2350 1138 rerum,
2379 1087 2494 1125 non
2519 1071 2702 1124 solum
2736 1071 2956 1127 Christo
2987 1071 3056 1125 de
3089 1071 3259 1125 rebus
3307 1087 3615 1142 pauperum
3662 1074 3786 1144 judi-

2135 1158 2356 1212 cabitur
2387 1175 2533 1223 reus,
2555 1159 2650 1212 sed
2681 1158 2857 1212 etiam
2888 1163 2945 1212 et
2973 1159 3213 1213 concilio
3236 1159 3488 1214 manebit
3521 1161 3784 1215 obnoxius.

2137 1246 2265 1300 Car.
2325 1246 2428 1301 XC.
2460 1274 2529 1286 -ο
2592 1248 2660 1302 Ut
2698 1247 2756 1299 in
2813 1248 3130 1300 circuitione
3182 1249 3423 1315 episcopi
3474 1263 3658 1313 omnes,
3712 1254 3788 1317 qui

2193 1321 2335 1370 'sunt
2364 1319 2421 1370 in
2463 1318 2724 1386 parochia
2751 1318 3095 1384 singularum
3116 1320 3429 1388 matricum,
3485 1322 3701 1388 exceptis
3727 1321 3787 1374 in.

2207 1390 2402 1456 ﬁrmis,
2434 1388 2508 1441 ad
2536 1388 2803 1454 synodum
2832 1388 2950 1454 ejus
2969 1390 3148 1442 venire
3177 1387 3425 1442 debeant.

2211 1461 2317 1524 (Ex
2346 1460 2533 1512 concil.
2567 1460 2808 1514 Rothom.
2849 1461 2933 1524 13,
2981 1474 3102 1527 cap.
3163 1458 3272 1528 ll.)
3331 1460 3473 1514 Cum
3529 1458 3792 1530 episcopus

2141 1562 2302 1600 suam
2358 1546 2645 1600 dioecesim
2701 1546 2920 1614 circuit,
2987 1546 3424 1600 archidiaconus
3492 1548 3578 1600 vel
3644 1548 3791 1601 archi-

336 1640 811 1709 probabilisvitae,
845 1646 943 1696 aut
979 1643 1246 1697 diaconos
1270 1644 1477 1713 mittat,
1501 1645 1600 1715 qui
1627 1645 1884 1699 redditus
1928 1645 2029 1699 ba-
2065 1645 2104 1698 Β
2144 1635 2440 1706 presbyter
2487 1651 2620 1688 eum
2693 1634 2901 1705 praeire
2948 1634 3119 1688 debet
3172 1651 3285 1688 uno
3365 1634 3582 1688 duobus
3621 1634 3791 1689 diebus

337 1727 627 1782 silicarum
675 1734 732 1784 et
783 1732 1192 1801 reparationes,
1247 1738 1301 1788 et
1358 1733 1814 1788 ministrantium
1856 1733 2027 1788 vitam

337 1814 653 1885 inquirant.

338 1902 466 1959 Car.
493 1905 804 1960 LXXXVIII.
837 1937 906 1947 —
938 1908 1162 1973 Qualem
1193 1911 1504 1964 ministrum
1550 1912 1827 1980 episcopus
1862 1911 2032 1980 juxta

938 1994 993 2032 se
1023 1980 1217 2034 habere
1237 1980 1447 2035 debeat.

411 2062 519 2132 (Ea:
545 2066 736 2120 concil.
758 2066 1040 2132 Meldensi,
1073 2083 1192 2137 cap.
1228 2068 1315 2136 3.)
1339 2070 1410 2124 Ut
1442 2068 1686 2141 quisque
1731 2069 2031 2140 episcopus

340 2151 515 2206 talem
548 2153 714 2223 juxta
743 2170 803 2208 se
833 2171 938 2225 pro
968 2155 1184 2210 viribus
1211 2157 1421 2212 habere
1454 2158 1721 2224 decertet,
1756 2157 1855 2228 qui
1871 2159 2034 2228 juxta

339 2239 785 2294 sincerissimum
815 2247 871 2295 et
908 2241 1284 2312 purissimum
1334 2260 1566 2300 sensum
1625 2246 2036 2300 catholicorum

341 2329 592 2396 Patrum,
651 2329 763 2384 ﬁde
794 2336 854 2384 et
880 2331 1274 2386 observatione
1314 2334 1715 2388 mandatorum
1758 2334 1881 2402 Dei,
1936 2349 2036 2388 seu

343 2422 400 2472 et
432 2418 862 2488 praedicationis
892 2420 1173 2490 doctrina,
1201 2422 1558 2493 presbyteros
1595 2423 1850 2493 plebium
1898 2422 2036 2476 assi-

340 2506 452 2560 due
481 2506 726 2562 instruat
755 2513 812 2562 et
831 2508 1122 2578 informet,
1159 2527 1230 2565 ne
1261 2511 1467 2565 domus
1495 2511 1595 2566 Dei
1616 2511 1747 2576 vivi,
1784 2529 1913 2583 quas
1951 2517 2036 2566 est

343 2594 607 2660 Ecclesia,
650 2596 775 2650 sine
801 2597 1036 2652 lucerna
1068 2600 1225 2654 verbi
1247 2599 1429 2654 divini
1473 2605 1787 2655 remaneat.
1825 2601 1932 2655 Sed
1979 2604 2037 2654 et

339 2682 494 2737 idem
529 2684 658 2738 talis
685 2684 905 2752 existat,
964 2703 1137 2758 quem
1168 2704 1330 2742 amor
1375 2689 1632 2758 pecunia:
1679 2704 1792 2743 non
1852 2693 2034 2754 vexet,

343 2777 442 2826 aut
463 2773 933 2842 reprehensibilis
963 2776 1456 2847 contemptibilem
1479 2777 1697 2831 reddat.
1741 2777 1883 2831 Hinc
1929 2780 2036 2843 est,

342 2861 495 2932 quod
527 2879 658 2917 cum
684 2863 861 2919 Moses
900 2866 1196 2935 querelam
1254 2866 1315 2919 in
1350 2871 1658 2936 conspectu
1713 2865 1811 2919 Dei
1853 2881 2035 2936 pone-

345 2953 449 3016 ret,
502 2966 618 3004 non
666 2967 726 3004 se
784 2967 948 3022 posse
997 2958 1224 3023 portare
1289 2958 1514 3008 tantum
1561 2969 1706 3007 onus
1774 2953 1930 3024 quod
1982 2951 2036 3006 ei

345 3036 534 3091 fuerat
561 3037 917 3108 impositum,
947 3040 1168 3107 audivit
1197 3057 1228 3095 a
1261 3041 1499 3095 Domino
1525 3057 1537 3095 :
1564 3043 1864 3112 Congrega
1893 3041 2037 3095 mihi

347 3125 468 3180 LXX
503 3125 650 3180 viros
683 3128 753 3182 de
779 3129 1101 3184 senioribus
1140 3130 1332 3194 Israel,
1383 3147 1526 3201 quos
1577 3136 1639 3184 tu
1699 3131 1849 3184 nosti
1887 3130 2038 3200 quod

345 3230 506 3268 senes
538 3216 736 3286 papuli
768 3217 884 3271 sint
921 3233 985 3271 ac
1019 3217 1300 3287 magistri,
1332 3223 1388 3272 et
1418 3219 1676 3272 auferam
1707 3219 1776 3274 de
1829 3218 2039 3288 spiritu

345 3305 469 3364 tuo,
500 3304 837 3375 tradamque
867 3305 950 3359 eis
978 3312 1042 3360 ut
1061 3311 1381 3360 sustentent
1412 3311 1601 3361 tecum
1631 3323 1774 3361 onus
1813 3307 2036 3378 populi,

346 3395 406 3445 et
432 3407 551 3445 non
584 3397 642 3447 tu
670 3392 822 3446 solus
845 3395 1114 3464 graveris.
1149 3395 1295 3459 Quid
1319 3395 1377 3448 in
1408 3396 1578 3457 Mose,
1604 3394 1718 3449 nisi
1747 3411 2037 3449 summum

349 3479 772 3536 sacerdotium?
821 3471 965 3546 Quid
996 3482 1057 3537 in
1121 3484 1244 3538 LXX
1287 3483 1440 3548 viris,
1502 3483 1613 3538 nisi
1675 3484 2042 3554 presbyteros

349 3567 699 3637 accipimus?
725 3569 886 3633 Quod
920 3575 1111 3624 autem
1148 3570 1422 3625 Dominus
1473 3571 1658 3626 aufert
1705 3572 1775 3626 de
1837 3571 2042 3642 spiritu

351 3655 506 3721 Mosi,
545 3656 832 3728 traditque
866 3657 966 3726 eis,
1023 3663 1288 3730 patenter
1337 3659 1606 3726 ostendit,
1641 3660 1792 3731 quod
1844 3660 1904 3715 hi
1945 3659 2044 3730 qui

351 3743 420 3797 ab
451 3744 720 3815 episcopo
752 3747 812 3800 in
843 3738 1145 3817 c'onspectu
1196 3747 1297 3802 Dei
1346 3748 1526 3803 vocati
1559 3753 1714 3815 sunt,
1748 3753 1811 3802 nt
1851 3765 2043 3802 secum

353 3848 500 3886 onus
520 3834 723 3904 populi
753 3840 1090 3904 sustentent,
1149 3837 1350 3891 eadem
1404 3837 1571 3902 velle,
1604 3841 1661 3891 et
1717 3837 1776 3890 in
1829 3837 2042 3908 partito

352 3921 458 3975 sibi
480 3937 653 3977 onere
683 3923 814 3976 totis
864 3925 1080 3979 viribus
1109 3925 1425 3995 cooperari.
1478 3926 1594 3980 Hoc
1651 3930 1805 3978 enim
1867 3925 2044 3996 signi-

353 4009 500 4077 ﬁcat,
533 4011 689 4081 quod
721 4027 837 4064 non
895 4012 1095 4079 alium,
1128 4015 1226 4068 sed
1275 4013 1533 4085 ejusdem
1586 4013 1721 4067 Mosi
1776 4013 2046 4084 spiritum

355 4099 661 4169 accipiunt.
853 4099 857 4110 ¹

2138 1739 2241 1794 per
2268 1722 2571 1794 parochias
2600 1739 2740 1794 quas
2770 1722 3098 1776 visitaturus
3131 1726 3234 1776 est.
3271 1723 3338 1776 Et
3397 1723 3564 1793 plebe
3612 1738 3790 1777 convo-

2140 1817 2283 1878 cata,
2311 1812 2654 1866 annuntiare
2711 1811 2880 1866 debet
2928 1810 3147 1881 prOprii
3207 1811 3452 1882 pastoris
3499 1811 3788 1866 adventum.

2140 1901 2204 1954 Et
2232 1906 2298 1955 ut
2325 1917 2544 1966 omnes,
2589 1900 2837 1972 exceptis
2870 1901 3137 1967 infirmis,
3171 1901 3243 1955 ad
3273 1901 3401 1970 ejus
3429 1901 3698 1972 synodum
3722 1900 3792 1954 die

2142 1989 2512 2043 denominata
2539 1988 3006 2060 imprmtermisse
3036 1994 3358 2053 occurrant,
3402 1994 3461 2043 et
3489 1988 3795 2042 omnimodis

2143 2092 2209 2130 ex
2286 2078 2622 2132 auctoritate
2679 2082 3007 2132 sanctorum
3054 2093 3343 2132 canonum
3392 2077 3706 2149 praecipere,
3753 2082 3797 2130 et

2143 2165 2440 2220 minaciter
2495 2167 2832 2221 denuntiare
2890 2166 3078 2232 debet,
3106 2166 3260 2237 quod
3322 2166 3371 2219 si
3439 2165 3565 2237 quis
3620 2165 3798 2234 absque

2144 2254 2304 2326 gravi
2353 2254 2684 2308 necessitate
2730 2254 3000 2321 defuerit,
3057 2253 3440 2325 proculdubio
3496 2271 3530 2308 a
3583 2268 3800 2307 commu-

2153 2341 2326 2395 nione
2349 2340 2668 2395 Christiana
2701 2341 2768 2394 sit
2796 2341 3177 2412 repellendus.
3236 2342 3456 2396 Deinde
3513 2341 3689 2395 accitis
3729 2355 3802 2393 se-

2152 2446 2283 2484 cum
2314 2428 2650 2500 presbyteri,
2681 2429 2780 2499 qui
2836 2433 2897 2483 in
2943 2430 3042 2483 illo
3098 2431 3220 2483 loco
3269 2430 3569 2484 servitium
3628 2430 3806 2484 debent

2145 2518 2410 2572 exhibere
2435 2517 2721 2588 episcopo,
2756 2518 3038 2588 quidquid
3091 2519 3160 2572 de
3190 2518 3514 2573 minoribus
3559 2523 3612 2572 et
3661 2516 3804 2573 levio-

2145 2607 2303 2660 ribus
2325 2606 2510 2660 causis
2553 2604 2842 2676 corrigere
2904 2612 3110 2676 potest,
3145 2607 3458 2662 emendare
3513 2610 3732 2676 satagat,
3758 2609 3807 2658 ut

2147 2693 2397 2766 pontifex
2453 2693 2685 2748 veniens
2718 2711 3080 2766 nequaquam
3111 2695 3169 2748 in
3197 2695 3552 2750 facilioribus
3597 2694 3806 2765 negotiis

2146 2783 2437 2853 fatigetur,
2473 2787 2570 2836 aut
2589 2782 2698 2837 sibi
2728 2783 3024 2836 immorari
3056 2783 3302 2854 amplius
3349 2799 3580 2850 necesse
3627 2781 3691 2836 sit
3724 2780 3806 2844 ibi,

2149 2888 2322 2943 quam
2350 2887 2595 2941 expensa
2615 2871 2876 2926 sufficiat.
2907 2871 2999 2925 Ait
3045 2872 3202 2925 enim
3260 2871 3538 2926 Dominus
3595 2871 3662 2925 ad
3711 2869 3806 2924 Mo-

2144 2976 2266 3025 sen,
2293 2960 2362 3015 de
2391 2959 2793 3029 hujuscemodi
2822 2959 3291 3030 cooperatoribus
3324 2975 3337 3012 :
3381 2960 3455 3014 Ut
3478 2963 3681 3022 tecum,
3737 2956 3804 3009 in-

2147 3047 2292 3118 quit,
2324 3052 2642 3100 snstentent
2671 3062 2816 3098 onus
2855 3046 3072 3116 populi,
3127 3062 3242 3099 non
3300 3051 3365 3099 tu
3431 3046 3583 3100 solus
3635 3058 3803 3114 grave-

2144 3137 2243 3190 ris.
2277 3137 2339 3190 Et
2366 3137 2566 3190 beatus
2611 3137 2858 3190 Joannes
2922 3134 3170 3205 Baptista
3225 3133 3538 3188 adventum
3607 3129 3806 3187 Domini

2146 3223 2518 3296 praecucurrit
2601 3223 2988 3293 pra'dicando,
3069 3221 3264 3276 dicens
3349 3238 3362 3276 :
3439 3220 3807 3277 Paenitentiam

2147 3313 2314 3384 agite,
2350 3317 2454 3366 etc.
2492 3314 2555 3366 Et
2579 3311 2716 3366 item
2748 3327 2762 3365 :
2790 3313 2989 3366 Parata
3027 3310 3181 3365 viam
3236 3311 3500 3365 Domino.
3549 3309 3809 3380 Siquidem

2149 3400 2448 3472 episcopus
2479 3400 2658 3453 vicem
2699 3399 2906 3454 Christi
2961 3415 3130 3469 agere
3163 3399 3412 3468 videtur,
3445 3403 3504 3452 et
3556 3399 3678 3452 ideo
3704 3411 3812 3450 cum

2150 3489 2381 3561 gaudio,
2411 3490 2641 3555 timore,
2675 3495 2731 3542 et
2757 3504 2984 3542 summa
3013 3487 3334 3542 reverentia
3381 3505 3416 3541 a
3447 3487 3698 3557 plebibus
3725 3482 3816 3537 sibi

2152 3579 2436 3649 subjectus
2469 3576 2863 3648 suscipiendus
2885 3581 2970 3631 est
3002 3593 3014 3630 :
3045 3581 3110 3630 ut
3141 3576 3253 3630 illis
3291 3591 3426 3629 cum
3457 3575 3622 3629 laude
3687 3573 3813 3626 dica-

2152 3673 2247 3722 tur
2303 3666 2454 3738 qnod
2499 3666 2806 3738 Apostolus
2858 3665 3152 3736 discipulis
3182 3664 3362 3718 dicit:
3407 3661 3814 3719 Testimonium.

2152 3755 2360 3828 inquit,
2386 3756 2544 3809 vobis
2589 3755 2885 3826 perhibeo.
2919 3757 3074 3826 quod
3101 3755 3182 3808 ita
3212 3754 3546 3824 suscepistis
3576 3768 3663 3806 me
3697 3751 3818 3804 sicut

2154 3845 2424 3915 angelum
2458 3843 2575 3911 Dei,
2609 3844 2752 3897 sicut
2785 3843 3090 3900 Dominum
3120 3843 3332 3896 Iesum.

2154 3934 2283 3990 CAP.
2316 3933 2445 3988 XCI.
2518 3964 2584 3973 —
2637 3934 2928 3986 Decretalis
2959 3933 3266 3986 constitutio
3319 3931 3652 3998 Eutychiani
3690 3940 3817 3998 papa

2368 4003 2503 4073 quid
2531 4006 2768 4073 episcopi
2794 4007 2854 4057 in
2882 4003 3084 4071 synodo
3117 4017 3351 4073 quaerere
3384 4002 3632 4055 debeant.

2227 4093 2336 4164 (Ea:
2387 4092 2530 4146 decr.
2574 4091 2898 4160 Eutychian.
2953 4106 3134 4160 papa,
3175 4106 3294 4160 cap.
3331 4093 3412 4157 9.)
3447 4090 3739 4161 Episcopus
3773 4085 3819 4138 in

357 4188 494 4242 CAP.
535 4187 787 4243 LXXXIX.
827 4217 897 4228 —
950 4191 1027 4243 De
1080 4191 1325 4270 episcppo
1368 4204 1432 4243 ne
1488 4190 1688 4244 laicum
1723 4194 1895 4259 ponat
1941 4191 2050 4246 sibi
2075 4215 2119 4270 Ι)
2157 4179 2378 4252 synodo
2404 4180 2705 4270 residens,
2732 4185 2864 4270 post
2918 4194 3233 4270 congruam
3259 4179 3691 4270 allocutionem,
3715 4190 3820 4270 “se-

1056 4275 1344 4314 vicarium.

429 4346 548 4418 (Eu:
575 4347 764 4403 concil.
798 4349 1054 4417 Bragar.,
1106 4364 1228 4418 cap.
1291 4347 1368 4418 9.)
1412 4349 1567 4403 Nova
1625 4347 1848 4404 actione
1905 4349 2052 4404 didi-

355 4435 539 4489 cimus
585 4435 863 4506 qnosdam
923 4453 990 4490 ex
1044 4443 1240 4491 nostro
1298 4437 1535 4508 collegio
1600 4443 1796 4493 contra
1865 4453 2053 4492 mores

359 4524 784 4592 ecclesiasticos,
831 4525 1000 4580 laicos
1064 4525 1276 4582 habere
1304 4525 1362 4580 in
1397 4526 1567 4581 rebus
1596 4526 1804 4580 divinis
1836 4525 2052 4580 consti-

357 4617 512 4668 tutos
562 4629 910 4669 meonomos.
974 4615 1222 4670 Proinde
1253 4615 1470 4686 pariter
1518 4619 1825 4668 tractantes
1883 4613 2051 4684 eligi-

361 4717 508 4768 mus,
551 4707 616 4755 ut
637 4701 1003 4772 unusquique
1059 4708 1317 4756 nostrum
1371 4702 1686 4756 secundum
1745 4701 2052 4756 Chalcedo-

359 4791 623 4845 nensium
642 4791 873 4844 Patrum
893 4790 1138 4858 decreta,
1155 4807 1222 4844 ex
1245 4789 1484 4861 proprio
1512 4790 1663 4844 clero
1694 4805 2053 4844 oeconomum
2116 4818 2122 4825 -

359 4879 466 4934 sibi
496 4879 822 4935 constituat.
857 4879 1195 4934 Indecorum
1225 4884 1311 4934 est
1366 4879 1572 4934 laicum
1610 4878 1888 4932 vicarium
1933 4893 2056 4932 esse

358 4966 633 5037 episcopi,
661 4969 720 5020 et
749 4966 1050 5019 saeculares
1115 4966 1175 5020 in
1207 4966 1452 5021 Ecclesia
1492 4965 1772 5036 judicare.
1823 4965 1886 5019 In
1937 4981 2054 5018 uno

362 5056 681 5126 eodemque
709 5053 898 5108 ofIicio
947 5070 1066 5108 non
1129 5054 1302 5109 debet
1353 5054 1546 5125 dispar
1593 5070 1714 5109 esse
1761 5052 2054 5124 professio.

361 5142 523 5206 Quod
549 5143 719 5196 etiam
752 5143 812 5197 in
842 5144 970 5213 lege
999 5142 1191 5198 divina
1223 5142 1587 5212 prohibetur,
1613 5143 1839 5197 dicente
1865 5142 2016 5196 Mose
2042 5157 2054 5194 :

362 5232 489 5286 Non
516 5231 704 5286 arabis
734 5231 792 5285 in
820 5232 964 5286 bove
985 5231 1230 5286 simulet
1257 5231 1437 5298 asino,
1463 5231 1618 5301 quod
1659 5235 1762 5297 est,
1796 5229 2060 5285 homines

363 5319 603 5374 diversa
654 5319 1032 5391 professionis
1083 5319 1144 5373 in
1209 5317 1398 5373 ofﬁcio
1447 5334 1566 5372 uno
1622 5333 1741 5372 non
1795 5315 2055 5372 sociabis.

365 5406 523 5463 Unde
569 5411 802 5477 oportet
853 5423 960 5463 nos
1022 5411 1079 5462 et
1135 5406 1340 5462 divinis
1395 5405 1558 5460 libris
1616 5410 1675 5460 et
1729 5409 2057 5460 sanctorum

368 5498 600 5552 Patrum
659 5495 893 5550 obedire
933 5495 1254 5566 praeceptis,
1295 5494 1706 5549 constituentes
1736 5497 1798 5547 ut
1841 5493 1900 5548 hi
1961 5491 2058 5564 qui

2157 4275 2314 4340 ptem
2345 4283 2411 4322 ex
2443 4268 2610 4338 plebe
2692 4268 2873 4339 ipsius
2927 4266 3236 4338 parochias,
3320 4269 3409 4320 vel
3464 4283 3532 4321 eo
3587 4263 3822 4336 amplius,

2159 4361 2330 4428 prout
2368 4355 2576 4410 viderit
2621 4355 2909 4427 expedire,
2961 4355 3325 4420 maturiores,
3357 4355 3729 4418 honestiores,
3757 4356 3822 4403 at-

2159 4461 2271 4516 que
2303 4443 2617 4497 veraciores
2638 4443 2806 4509 viros,
2843 4443 2902 4496 in
2933 4442 3190 4496 medium
3221 4441 3386 4495 debet
3441 4456 3690 4494 evocare.
3757 4437 3824 4494 Et.

2161 4532 2693 4599 allatisjsanctorum
2716 4530 3071 4602 pignoribus,
3106 4543 3585 4599 unumquemque
3610 4527 3826 4595 lillorum

2159 4621 2263 4677 tali
2301 4626 2656 4675 sacramento
2687 4619 3057 4688 constringat.

2410 4710 2535 4764 Car.
2579 4709 2738 4763 XCII.
2775 4737 2844 4748 —
2885 4705 3297 4776 Jusjurandum
3329 4703 3608 4772 synodale.
3658 4769 3704 4776 ﬂ
3784 4765 3792 4774 _

2233 4781 2341 4852 (Ea:
2398 4781 2579 4835 eodem
2633 4778 2852 4847 decret.)
2901 4782 2948 4832 A
2991 4764 3161 4832 modo
3225 4777 3286 4830 in
3333 4764 3528 4840 antea,
3577 4764 3827 4845 quidquid

2162 4870 2333 4938 nosti,
2365 4873 2465 4924 aut
2519 4868 2746 4932 audisti,
2797 4880 2896 4922 aut
2929 4866 3296 4938 postmodum
3341 4863 3716 4936 inquisiturus
3764 4871 3830 4921 es,

2163 4960 2317 5030 quod
2346 4963 2539 5013 contra
2571 4957 2671 5012 Dei
2707 4957 3063 5011 voluntatem
3092 4961 3151 5009 et
3197 4959 3411 5009 rectam
3460 4947 3829 5008 Christianita—

2164 5053 2301 5112 tem,
2336 5047 2399 5100 in
2426 5046 2534 5099 ista
2562 5045 2835 5116 parochia
2860 5044 3074 5098 factum
3131 5043 3224 5108 sit,
3247 5049 3350 5096 aut
3405 5041 3668 5095 futurum
3718 5035 3826 5095 erit,

2166 5135 2213 5189 si
2242 5135 2301 5188 in
2331 5133 2531 5188 diebus
2559 5133 2673 5187 tuis
2721 5131 2994 5196 evenerit,
3035 5135 3279 5196 tantum,
3333 5134 3394 5183 ut
3446 5129 3520 5182 ad
3578 5133 3728 5182 tuam
3757 5139 3829 5175 co-

2165 5222 2487 5294 gnitionem
2517 5237 2862 5293 quocunque
2915 5219 3082 5274 modo
3139 5218 3460 5288 perveniat,
3520 5217 3568 5270 si
3632 5214 3733 5269 scis
3755 5215 3833 5264 aut

2169 5312 2270 5366 tibi
2303 5311 2616 5365 indicatum
2647 5310 2821 5365 fuerit
2849 5308 3184 5382 synodalem
3234 5322 3463 5362 causam
3523 5320 3664 5371 esse,
3689 5307 3742 5383 et
3776 5297 3830 5352 ad

2169 5398 2554 5455 ministerium
2582 5398 2834 5470 episcopi
2861 5397 3176 5468 pertinere,
3216 5395 3367 5467 quod
3400 5402 3460 5448 tu
3496 5411 3600 5449 nec
3628 5395 3835 5464 propter

2171 5503 2447 5554 amorem,
2506 5503 2610 5541 nec
2657 5492 2897 5559 propter
2939 5486 3228 5551 timorem,
3274 5500 3378 5560 nec
3429 5487 3665 5553 propter
3704 5493 3830 5548 μηδ’
