4022 6190
243 189 358 241 573

240 414 519 469 scopum,
549 401 647 451 aut
676 395 802 465 ejus
834 394 1075 448 missum
1107 393 1200 447 cui
1236 394 1344 449 hoc
1386 390 1679 464 inquirere
1703 391 1974 460 jusserit,

240 488 721 559 quandocunque
751 488 808 537 te
830 499 900 537 ex
945 484 1052 537 hoc
1089 482 1526 553 interrogaverit
1560 497 1572 535 :
1614 478 1691 533 sic
1725 485 1783 535 te
1826 484 1975 537 Deus

237 576 490 647 adjuvet
518 579 575 628 et
602 574 722 627 istae
742 576 1075 626 sanctorum
1113 571 1394 642 reliquias.

502 664 630 718 CAP.
663 662 849 717 XCIII.
895 691 961 700 —
988 664 1367 716 Juramentum
1396 663 1723 714 caeterorum.

320 752 437 822 (Ea:
468 750 688 817 eodem.)
721 750 878 803 Istud
919 753 1343 802 sacramentum
1395 746 1703 819 quodliste
1757 747 1978 819 juravit

243 842 323 896 de
356 839 629 911 synodali
649 854 838 903 causa,
862 837 1016 908 quod
1037 842 1099 890 tu
1119 837 1261 890 illud
1291 853 1355 890 ex
1373 841 1426 890 te
1448 836 1525 891 ita
1542 836 1889 903 observabis,
1915 835 1975 889 in

244 934 546 999 quantum
587 926 757 997 sapis,
801 929 901 980 aut
930 924 1163 989 audisti,
1198 930 1298 978 aut
1334 925 1403 979 ab
1434 926 1539 979 hac
1593 925 1685 979 die
1715 924 1775 979 in
1807 930 1978 979 antea

244 1016 648 1087 inquisiturus
680 1032 759 1079 es,
796 1014 874 1069 sic
900 1019 954 1068 te
983 1015 1129 1068 Deus
1169 1014 1419 1084 adjuvet,
1452 1019 1557 1070 etc.

247 1103 401 1157 CAP.
466 1102 645 1157 XCIV.
704 1131 770 1142 -—
833 1105 959 1158 Post
1012 1102 1202 1155 datum
1252 1109 1649 1157 sacramentum
1694 1105 1975 1173 episcopus

583 1192 703 1246 illos
737 1193 833 1258 qui
842 1193 1178 1260 juraverunt
1204 1192 1287 1244 ita
1320 1192 1651 1259 atloquatur.

330 1283 452 1347 (Ea:
485 1279 713 1349 eodem.)
765 1278 979 1343 Videte,
1039 1278 1266 1343 fratres,
1302 1284 1364 1333 ut
1424 1279 1666 1333 Domino
1721 1279 1976 1334 reddatis

245 1369 598 1439 juramenta
655 1372 886 1421 vestra:
922 1383 1034 1420 non
1088 1367 1242 1420 enim
1302 1367 1525 1420 homini
1561 1368 1818 1438 jurastis,
1878 1370 1976 1423 sed

252 1459 377 1512 Deo
422 1457 671 1511 creatori
703 1462 905 1511 vestro.
946 1458 1056 1509 Nos
1104 1460 1319 1522 autem,
1379 1456 1479 1526 qui
1537 1457 1662 1525 ejus
1728 1456 1976 1511 ministri

252 1563 491 1611 sumus,
555 1562 670 1599 non
722 1550 1006 1599 terrenam
1056 1544 1438 1598 substantiam
1483 1549 1733 1599 vestram
1772 1562 1978 1599 concu-

254 1635 567 1706 piscimus,
598 1633 697 1687 sed
745 1634 988 1686 salutem
1039 1632 1364 1686 animarum
1415 1636 1731 1686 vestrarum
1782 1635 1980 1705 requi-

256 1723 474 1777 rimus.
531 1723 729 1775 Cavete
783 1737 856 1774 ne
913 1720 1131 1791 aliquid
1206 1720 1587 1788 abscondatis,
1626 1738 1691 1775 ex
1742 1723 1980 1777 alterius

256 1817 513 1885 peecato
545 1815 727 1863 vestra
757 1810 855 1863 fiat
877 1808 1190 1864 damnatio.

455 1901 643 1954 Prima
670 1900 1022 1966 interrogatio
1059 1899 1297 1967 episcopi
1326 1902 1423 1952 aut
1452 1898 1568 1967 ejus
1621 1901 1798 1953 missi.

338 1988 458 2055 (Ea:
478 1987 695 2053 eodem.)
719 1986 814 2040 Est
835 1986 894 2038 in
918 1987 1022 2039 hac
1043 1986 1316 2057 parochia
1334 1986 1638 2050 homicida,
1667 1988 1769 2058 qui
1803 1987 1985 2043 hornis

266 2094 432 2142 nem,
471 2080 571 2129 aut
598 2080 916 2146 spontanee
967 2075 1281 2141 voluntate,
1342 2079 1441 2128 aut
1482 2075 1833 2145 cupiditatis,
1885 2080 1986 2132 aut

268 2163 600 2236 rapacitatis
629 2179 818 2229 causa,
853 2166 951 2217 aut
984 2178 1136 2230 casu,
1170 2166 1271 2215 aut
1323 2162 1545 2229 nolens,
1579 2168 1678 2217 aut
1733 2172 1982 2231 coactus,

269 2259 375 2308 aut
404 2268 512 2323 pro
550 2251 794 2305 vindicta
836 2254 1167 2321 parentum,
1199 2254 1298 2304 aut
1353 2251 1414 2305 in
1462 2252 1636 2319 bello,
1693 2256 1987 2325 autjussu

274 2339 528 2405 Domini,
559 2344 652 2393 aut
679 2337 987 2409 proprium
1017 2353 1249 2391 servum
1274 2336 1592 2393 occiderit?

905 2427 1266 2493 Interrogatio
1297 2428 1348 2479 2.

347 2517 443 2570 Est
470 2514 672 2586 aliquis
720 2513 1028 2587 parricida,
1090 2519 1189 2568 aut
1246 2513 1562 2581 fratricida,
1597 2516 1698 2587 qui
1736 2523 1984 2589 patrem,

274 2610 542 2667 matrem,
583 2619 862 2668 sororem,
920 2603 1177 2664 fratrem,
1215 2606 1564 2658 avunculum
1597 2610 1696 2660 aut
1735 2608 1988 2679 aliquem

234 2716 246 2725 -
281 2692 532 2759 Domini,
564 2696 658 2746 aut
689 2690 993 2763 proprium
1024 2706 1253 2745 servum
1281 2690 1674 2749 interfecerit?

905 2780 1265 2845 Interrogatio
1298 2782 1348 2834 3.

1262 178 1739 239 DECRETORUM
1791 181 1979 237 LIBRI
2020 182 2127 238 XX.
2166 212 2229 221 —
2278 182 2480 238 LIBER
2514 184 2788 241 PRIMUS.
3687 189 3791 241 577i

239 312 460 372 mium,
486 322 591 362 nec
644 308 881 378 propter
909 304 1270 375 parentelam
1306 305 1590 359 ullatenus
1628 301 1777 356 celes
1809 304 1975 372 epir-
2004 307 2051 361 Α

2694 309 3056 375 Interrogatio
3090 311 3170 362 l0.

2158 394 2250 446 Est
2292 392 2500 464 aliquis
2539 394 2639 465 qui
2686 395 2982 465 proprium
3047 412 3276 451 servum
3332 402 3491 451 extra
3532 398 3788 470 judicem

2085 481 2373 546 occiderit,
2408 487 2464 535 et
2489 482 2680 553 aliqua
2724 484 2932 537 femina
2984 500 3113 555 quia
3165 486 3431 541 ancillam
3483 489 3779 557 propriam

2084 570 2366 625 necaverit
2395 570 2589 625 furore
2646 571 2749 625 zeli
2784 572 3171 626 inflammata?

2694 663 3055 726 Interrogatio
3080 665 3097 716 I
3120 664 3163 716 I.

2158 748 2250 802 Est
2284 747 2513 818 aliquis,
2561 748 2683 820 qui,
2733 748 2958 803 diabolo
3004 749 3357 820 impellente,
3416 752 3786 823 semetipsum

2086 836 2393 891 occiderit?

2695 927 3061 995 Interrogatio
3098 929 3181 981 I2.

2076 1020 2079 1023 ’
2159 1013 2253 1067 Est
2296 1012 2502 1084 aliquis
2558 1013 2658 1084 qui
2712 1014 2773 1067 in
2805 1014 2955 1067 bello
2997 1015 3227 1084 publico
3282 1014 3545 1069 homines
3599 1015 3792 1069 vulne-

2085 1102 2315 1167 raverit,
2346 1108 2402 1156 et
2430 1103 2610 1156 nescit
2648 1102 2693 1156 si
2736 1104 2805 1156 de
2854 1104 2952 1156 illo
2992 1104 3226 1157 vulnere
3266 1104 3474 1175 aliquis
3513 1102 3790 1174 perierit?

2089 1194 2155 1246 Et
2182 1190 2230 1244 si
2278 1190 2448 1245 alicui
2496 1191 2815 1260 imputatur
2871 1192 3022 1263 quod
3072 1192 3365 1246 hominem
3417 1192 3704 1257 occiderit,
3739 1195 3796 1244 et.

2087 1280 2211 1351 ipse
2240 1280 2350 1334 hoc
2391 1280 2795 1350 denegaverit?

2694 1370 3052 1436 Interrogatio
3102 1372 3184 1423 I3.

2158 1455 2256 1508 Est
2285 1455 2492 1526 aliquis
2525 1455 2708 1527 quiin
2742 1456 2983 1509 consilio
3036 1455 3209 1509 fuerit
3236 1459 3300 1509 ut
3347 1455 3523 1509 homo
3571 1454 3791 1508 interti-

2088 1548 2331 1609 ceretur,
2365 1549 2422 1598 et
2449 1560 2563 1597 non
2592 1544 2704 1598 fuit
2752 1544 2812 1597 in
2845 1544 3010 1610 facto,
3043 1549 3099 1598 et
3146 1549 3335 1597 tamen
3373 1560 3475 1614 per
3506 1544 3628 1615 ejus
3658 1559 3791 1597 con-

2091 1631 2282 1685 silium
2307 1636 2363 1686 et
2391 1632 2847 1687 exhortationem
2888 1632 3218 1686 interfectus
3246 1632 3369 1686 est?

2700 1724 3058 1788 Interrogatio
3098 1722 3181 1776 14.

2164 1809 2258 1863 Est
2312 1809 2519 1881 aliquis
2577 1810 2679 1881 qui
2748 1811 3143 1865 truncationes
3202 1826 3502 1879 manuum,
3561 1809 3795 1882 pedum,

2093 1896 2329 1966 linguas,
2371 1902 2429 1951 et
2472 1898 2871 1953 testiculorum
2930 1898 3149 1967 fecerit,
3210 1903 3266 1952 et
3312 1899 3508 1953 oculos
3562 1898 3797 1953 alterius

2095 1986 2348 2040 eruerit?

2700 2076 3061 2142 Interrogatio
3109 2077 3188 2127 15.

2168 2163 2260 2217 Est
2302 2160 2511 2234 aliquis
2566 2162 2923 2233 conjugatus,
2977 2162 3078 2232 qui
3133 2178 3264 2216 cum
3333 2163 3567 2218 alterius
3620 2179 3797 2218 uxore

2097 2251 2444 2305 adulterium
2476 2251 2847 2322 perpetravit,
2893 2252 2985 2322 vel.
3018 2267 3164 2304 uxor
3193 2266 3323 2305 cum
3362 2251 3597 2305 alterius
3636 2250 3800 2305 viro?

2701 2342 3066 2407 Interrogatio
3112 2342 3191 2393 16.

2168 2430 2262 2482 Est
2293 2427 2497 2498 aliquis
2536 2444 2774 2481 uxorem
2810 2428 3021 2483 habens
3046 2469 3061 2496 ,
3091 2427 3192 2498 qui
3224 2427 3601 2483 concubinam
3628 2427 3800 2481 simul

2099 2513 2365 2568 habuerit
2389 2513 2655 2567 ancillam
2688 2513 3003 2584 propriam,
3033 2520 3130 2568 aut
3154 2513 3323 2568 aliam
3356 2514 3668 2569 feminam?

2707 2602 3066 2668 Interrogatio
3110 2605 3167 2654 l7
3179 2641 3191 2654 .

2170 2688 2267 2741 Est
2317 2687 2526 2758 aliquis
2574 2688 2676 2758 qui
2722 2705 2956 2743 uxorem
3012 2689 3328 2759 legitimam
3386 2689 3694 2755 dimiserit,
3745 2691 3803 2742 et

2098 2777 2265 2831 alteri
2296 2793 2353 2831 se
2392 2777 2773 2847 conjunxerit,
2812 2784 2866 2832 et
2915 2779 3087 2833 aliam
3133 2778 3193 2832 in
3240 2779 3575 2849 conjugium
3642 2794 3799 2831 acce-

352 2868 449 2922 Est
514 2866 719 2938 aliquis
771 2867 871 2938 qui
907 2868 1326 2937 presbyterum,
1379 2872 1480 2922 aut
1528 2868 1855 2936 diaconum,
1893 2874 1991 2924 aut
2029 2875 2066 2931 C
2102 2865 2276 2936 perit.

280 2955 535 3025 aliquem
590 2957 931 3010 clericorum
989 2954 1281 3021 occiderit,
1322 2957 1411 3010 vel
1470 2957 1663 3028 aliquo
1725 2960 1990 3013 membro

283 3044 747 3099 detruncaverit?

911 3132 1283 3199 Interrogatio
1316 3131 1369 3184 4.

360 3221 455 3274 Est
506 3218 710 3290 aliquis
760 3218 849 3272 vel
930 3219 1123 3289 aliqua
1192 3219 1291 3289 qui
1349 3220 1631 3276 infantem
1688 3224 1992 3294 proprium

288 3305 660 3377 oppresserit,
687 3306 777 3359 vel
810 3305 1281 3359 vestimentorum
1312 3309 1566 3376 pondere
1610 3310 1990 3377 suifocaverit,

288 3401 344 3449 et
374 3394 422 3448 si
456 3396 563 3449 hoc
592 3394 805 3448 factum
850 3399 936 3447 est
989 3398 1119 3447 ante
1176 3393 1544 3463 baptismum,
1595 3404 1693 3451 aut
1733 3404 1860 3468 post
1892 3398 1994 3452 ba-

287 3484 713 3554 ptismum,aut
734 3481 781 3535 si
809 3481 1000 3534 infans
1055 3481 1379 3535 infirmatus
1426 3498 1529 3552 per
1575 3485 1993 3555 negligentiam

287 3572 543 3643 parentis
572 3572 784 3642 absque
812 3570 1100 3640 baptismo
1127 3569 1375 3623 obierit?

924 3660 1280 3726 Interrogatio
1320 3662 1371 3713 5.

364 3750 459 3803 Est
486 3747 692 3818 aliquis
723 3747 812 3801 vel
852 3745 1045 3816 aliqua
1071 3746 1171 3817 qui
1218 3746 1453 3800 alterius
1509 3751 1736 3819 partum
1797 3763 1993 3802 excus—

291 3838 449 3901 serit,
494 3837 583 3890 vel
640 3835 688 3888 si
742 3835 869 3905 ipsa
924 3834 1135 3888 femina
1185 3835 1419 3905 propria
1465 3837 1755 3891 voluntate
1825 3852 1995 3890 suum

292 3930 528 3996 partum
566 3924 653 3977 vel
688 3927 1034 3992 conceptum
1085 3924 1415 3991 excusserit,
1465 3929 1521 3979 et
1567 3924 1889 3979 abortivum
1912 3926 1993 3979 fe-

296 4028 359 4066 ce
366 4011 439 4065 rit
450 4011 476 4063 ’ρ

926 4099 1285 4163 Interrogatio
1315 4100 1366 4152 6.

374 4187 467 4239 Est
495 4184 687 4255 aliqua
740 4184 952 4240 femina
984 4186 1199 4255 quasin
1246 4186 1623 4240 fornicatione
1670 4188 1996 4259 concipiens

298 4274 511 4327 timens
542 4289 613 4327 ne
644 4274 1129 4343 manifestaretur,
1158 4274 1435 4328 infantem
1457 4275 1778 4344 proprium,
1811 4283 1909 4330 aut
1937 4277 1997 4330 in

300 4378 511 4431 aquam
559 4361 886 4431 projecerit,
933 4366 1033 4415 aut
1076 4361 1136 4416 in
1189 4367 1341 4416 terra
1402 4364 1788 4431 occultaverit,
1843 4364 1998 4435 quod

301 4450 482 4504 morth
513 4449 748 4505 dicunt?

932 4538 1289 4605 Interrogatio
1313 4543 1365 4592 7.

2714 2956 3075 3026 Interrogatio
3110 2958 3192 3011 18.

2174 3041 2270 3094 Est
2300 3039 2493 3111 aliqua
2523 3040 2733 3095 mulier
2770 3058 2899 3112 qua:
2933 3043 3116 3097 virum
3160 3042 3459 3116 proprium
3492 3041 3797 3115 dimiserith

2104 3135 2162 3184 et
2192 3130 2358 3183 alteri
2389 3145 2446 3183 se
2475 3130 2876 3200 conjunxerit?

2707 3222 3065 3288 Interrogatio
3108 3224 3191 3277 I9.

2174 3306 2318 3360 Sunt
2346 3306 2546 3378 aliqui,
2577 3308 2992 3364 interveniente
3032 3310 3294 3382 repudio,
3320 3310 3423 3382 qui
3455 3310 3528 3365 ab
3558 3309 3802 3364 invicem

2104 3395 2219 3449 sint
2251 3397 2497 3465 separati
2528 3401 2584 3450 et
2610 3396 2689 3451 sic
2714 3400 3019 3453 maneant?

2708 3505 3065 3572 Interrogatio
3108 3506 3194 3558 20.

2177 3588 2272 3641 Est
2312 3586 2522 3657 aliquis
2548 3589 2645 3659 qui
2694 3591 2909 3662 absque
2960 3608 3234 3646 consensu
3286 3592 3502 3659 uxoris,
3534 3593 3804 3648 derelicto

2106 3674 2365 3745 legitimo
2395 3677 2684 3748 conjugio,
2727 3678 2785 3731 in
2834 3681 3245 3734 monasterium
3273 3681 3607 3736 intraverit?
3732 3682 3742 3690 ’

2709 3786 3068 3852 Ιητωηυραείο
3111 3788 3170 3840 2I
3187 3828 3199 3840 .

2178 3871 2272 3924 Est
2313 3869 2519 3941 aliquis
2569 3871 2667 3943 qui
2718 3889 2880 3927 suam
2921 3874 3229 3943 conjugem
3259 3874 3521 3945 quamvis
3549 3875 3804 3946 culpabi-

2107 3957 2219 4012 lem
2249 3958 2370 4012 sine
2401 3959 2656 4030 episc0pi
2698 3961 2915 4030 judicio
2964 3962 3304 4032 reliquerit?

2696 4069 3065 4137 Interrogatio
3096 4071 3185 4123 22.

2185 4154 2281 4208 Est
2307 4153 2500 4225 aliqua
2528 4154 2733 4209 mulier
2764 4173 2913 4226 quae,
2959 4156 3182 4210 conscio
3211 4156 3327 4211 viro
3368 4173 3492 4223 suo,
3532 4155 3809 4211 fornicata

2104 4241 2318 4298 fuerit?

2502 4413 2510 4423 θ
2708 4352 3067 4418 Interrogatio
3114 4356 3203 4407 23.

2180 4439 2274 4492 Est
2295 4437 2501 4509 aliquis
2533 4454 2713 4494 uxore
2770 4458 2989 4508 carens,
3050 4442 3148 4513 qui
3206 4458 3338 4497 cum
3388 4442 3625 4497 alterius
3672 4459 3803 4497 con-

2100 4527 2241 4598 juge
2267 4526 2572 4582 fornicatus
2602 4529 2775 4583 fuerit
2800 4548 2813 4585 :
2842 4535 2942 4583 aut
2972 4531 3016 4584 si
3057 4548 3172 4602 qua
3198 4532 3406 4586 mulier
3445 4548 3559 4586 non
3592 4531 3807 4586 habens

378 4627 471 4680 Est
527 4625 732 4696 aliquis
784 4624 884 4697 qui
958 4643 1190 4681 uxorem
1247 4643 1409 4681 suam
1453 4627 1666 4700 absque
1712 4628 1858 4700 lege,
1903 4632 2003 4683 aut
2107 4615 2290 4670 Virum
2321 4632 2451 4671 cum
2484 4617 2717 4673 alterius
2748 4618 2990 4674 marito‘?

301 4720 453 4769 certa
484 4714 825 4784 probatione
851 4713 1241 4768 interfecerit?

932 4803 1289 4870 Interrogatio
1323 4806 1373 4858 8.

2709 4708 3069 4775 Interrogatio
3114 4710 3203 4763 24.

2179 4794 2273 4847 Est
2295 4792 2500 4863 aliquis
2530 4810 2647 4847 non
2690 4795 2906 4849 habens
2955 4813 3212 4865 uxorem,
3259 4797 3359 4868 qui
3414 4814 3544 4851 cum
3592 4798 3805 4852 femina

370 4891 467 4945 Est
496 4889 688 4962 aliqua
716 4889 931 4943 femina
978 4907 1107 4961 quas
1138 4890 1320 4944 virum
1370 4906 1559 4955 suum,
1608 4892 1694 4945 vel
1746 4891 1998 4963 aliquem
2107 4897 2236 4952 quae
2263 4880 2449 4935 Virum
2481 4898 2595 4935 ηοῐι
2626 4882 2798 4937 habet
2826 4885 3137 4939 fornicatus
3166 4885 3378 4940 fuerit?

299 4979 596 5034 hominem
631 4995 733 5050 per
775 4979 984 5033 herbas
1035 4984 1360 5047 venenatas,
1392 4980 1480 5033 vel
1511 4980 1835 5034 mortiferas
1895 4998 1998 5052 po-

298 5068 486 5122 tiones
515 5066 870 5122 interfecerit
910 5068 993 5121 vel
1024 5068 1201 5121 alium
1233 5068 1339 5121 hoc
1376 5068 1561 5123 facere
1592 5069 1894 5124 docuerit?

931 5158 1297 5223 Interrogatio
1330 5160 1380 5210 9.

372 5245 469 5299 Est
502 5244 706 5316 aliquis
736 5247 827 5301 vel
882 5245 1076 5316 aliqua
1129 5245 1228 5316 qui
1259 5245 1367 5299 hoc
1413 5244 1628 5311 fecerit,
1687 5247 1775 5300 vel
1823 5246 2001 5301 alium

297 5332 485 5387 facere
540 5334 817 5399 docuerit,
864 5339 927 5388 ut
968 5334 1056 5388 vir
1128 5350 1246 5388 non
1312 5333 1496 5404 possit
1544 5350 1839 5406 generare,
1902 5340 2003 5390 aut

300 5420 518 5474 femina
535 5421 835 5492 concipere
850 5423 878 5475 ?

2713 4974 3078 5041 Interrogatio
3108 4977 3197 5027 25.

2181 5058 2274 5112 Est
2299 5057 2504 5128 aliquis
2536 5058 2680 5113 laica
2708 5060 2899 5131 vigor;
2964 5078 3093 5132 quae
3146 5062 3427 5143 mcechata
3454 5062 3623 5118 fuerit
3674 5078 3803 5116 cum

2110 5144 2505 5200 adolescente?

2713 5255 3075 5321 Interrogatio
3112 5255 3199 5307 26.

2180 5339 2274 5392 Est
2294 5336 2502 5408 aliquis
2547 5337 2643 5409 qui
2675 5338 3076 5408 desponsatam
3105 5340 3357 5407 puellam
3397 5356 3516 5399 non
3554 5343 3799 5405 duxerit.

2109 5429 2166 5480 et
2193 5426 2366 5480 fidem
2398 5426 2818 5495 sponsaliorum
2851 5426 3133 5497 fregerit?
