4022 6190
234 258 336 311 575

837 369 1197 437 Interrogatio
1239 370 1329 423 2'7.

304 464 399 519 Est
426 459 637 532 aliquis
662 462 767 531 qut
811 458 1049 513 alterius
1098 472 1369 528 sponsam
1416 455 1695 527 rapuerit,
1729 458 1785 511 et
1831 455 1939 511 sibi

233 548 573 605 sociaverit?

838 654 1207 720 Interrogatio
1244 655 1334 707 28.

304 743 401 796 Est
432 740 639 812 aliquis
679 740 779 812 qui
821 756 1227 812 quamcunque
1281 739 1577 807 feminam,
1622 738 1931 809 virginem,

235 836 333 886 aut
381 829 608 884 viduam
663 846 763 900 per
808 834 1039 902 raptum
1092 830 1347 895 traxerit,
1392 833 1450 883 et
1499 828 1800 882 sociaverit
1829 828 1940 882 sibi

232 919 293 973 in
333 918 764 973 matrimonium
800 934 813 973 :
846 922 901 972 et
928 918 975 971 si
1014 917 1193 988 aliqui
1228 920 1380 984 sunt,
1425 917 1526 988 qui
1554 917 1615 971 in
1668 917 1770 971 hoc
1802 933 1938 972 con-

234 1008 544 1063 sentientes
583 1013 639 1062 et
666 1008 1005 1079 adjuvantes
1038 1006 1301 1060 fuerint?

838 1097 1194 1162 Interrogatio
1247 1096 1335 1149 29.

308 1185 403 1239 Est
451 1183 656 1255 aliquis
704 1183 826 1256 qui,
880 1200 1009 1238 cum
1070 1184 1287 1249 Iudaea,
1340 1184 1451 1251 vel,
1491 1180 1540 1235 si
1587 1182 1822 1237 Iudaeus
1850 1182 1941 1237 vel

234 1287 513 1346 paganus,
540 1289 671 1327 cum
699 1273 907 1344 aliquis
936 1272 1256 1328 Christiana
1286 1272 1603 1327 mozchatus
1624 1270 1833 1326 fuerit?

839 1379 1201 1445 Interrogatio
1246 1379 1333 1432 30.

307 1466 402 1520 Est
428 1465 627 1538 aliqui,
679 1465 781 1538 qui
828 1466 1344 1534 sanctimonialem,
1396 1466 1483 1521 vel
1525 1465 1759 1520 viduam
1828 1467 1940 1521 Deo

236 1560 512 1609 sacratam
543 1555 818 1626 rapuerit,
853 1559 907 1609 et
971 1555 1033 1609 in
1093 1555 1427 1625 conjugium
1488 1554 1819 1625 sumpserit,
1853 1555 1939 1609 vel

236 1643 375 1714 ipsis
407 1643 891 1699 consentientibus
911 1659 1041 1697 cum
1078 1643 1158 1697 eis
1188 1642 1499 1697 fornicatus
1521 1643 1729 1697 fuerit?

841 1749 1202 1817 Interrogatio
1253 1751 1340 1802 31.

309 1839 403 1892 Est
455 1837 660 1909 aliquis
690 1836 793 1907 qui
855 1836 1079 1890 vivente
1131 1836 1359 1902 marito,
1422 1836 1731 1906 conjugem
1790 1833 1945 1888 illius

236 1928 588 1981 adulterasse
647 1929 964 1989 accusatur,
1024 1930 1082 1979 et
1122 1941 1189 1978 eo
1240 1924 1301 1979 in
1357 1925 1623 1995 proximo
1678 1924 1945 1978 defuncto

239 2015 505 2071 eamdem
528 2014 841 2085 sumpsisse
872 2013 1189 2067 dinoscitur
1209 2014 1238 2066 ?

843 2122 1204 2189 Interrogatio
1251 2120 1337 2174 32.

310 2212 404 2265 Est
425 2209 618 2281 aliqua
678 2208 889 2263 mulier
935 2225 1065 2277 quas
1111 2208 1263 2262 dicat
1309 2206 1462 2278 quod
1511 2206 1600 2262 vir
1649 2207 1773 2278 ejus
1831 2222 1945 2261 non

236 2298 413 2371 possit
440 2314 570 2351 cum
601 2314 668 2351 ea
718 2297 893 2363 coire,
925 2302 983 2351 et
1030 2296 1103 2350 ob
1160 2297 1308 2350 hanc
1361 2312 1593 2350 causam
1646 2294 1948 2350 dissidium

236 2387 462 2459 quaerit,
487 2392 545 2441 et
575 2387 754 2441 alium
791 2386 980 2439 virum
1020 2380 1155 2439 velit
1183 2384 1484 2455 accipere?

845 2476 1217 2542 Interrogatio
1248 2476 1333 2528 33.

244 2592 247 2594 >
311 2566 405 2619 Est
430 2562 639 2634 aliquis
669 2562 769 2633 qui
799 2579 931 2617 cum
974 2567 1288 2617 commatre
1336 2561 1580 2634 spiritali
1631 2561 1946 2616 moechatus

240 2652 430 2720 fuerit,
471 2651 560 2705 vel
591 2667 716 2705 eam
748 2651 807 2705 in
848 2650 1283 2705 matrimonium
1307 2650 1611 2721 acceperit,
1652 2650 1951 2705 similiter-

242 2757 352 2812 que
382 2756 514 2794 cum
546 2740 723 2794 ﬁliola
761 2756 935 2810 quam
968 2756 1037 2793 ex
1062 2755 1221 2794 sacro
1261 2738 1419 2795 fonte
1466 2739 1799 2809 susceperit,
1847 2742 1980 2813 aut_

241 2833 372 2882 ante
411 2828 747 2899 episcopum
780 2827 1008 2882 tenuit?

853 2916 1211 2982 Interrogatio
1244 2914 1331 2970 34.

314 3005 408 3059 Est
427 3004 637 3074 aliquis
659 3002 760 3075 qui
782 3003 1170 3075 prOpinquam
1191 3008 1247 3057 et
1269 3003 1758 3075 consanguineam
1783 3019 1948 3057 suam

243 3092 305 3148 in
337 3092 775 3147 matrimonium
813 3091 1034 3162 accepit
1056 3096 1177 3159 ,aut
1203 3107 1334 3146 cum
1366 3108 1433 3146 ea
1464 3092 1780 3147 fornicatus
1819 3092 1945 3147 est?

845 3182 1212 3246 Interrogatio
1247 3182 1332 3234 35.

319 3270 414 3324 Est
434 3267 645 3338 aliquis
683 3266 783 3337 qui
830 3266 1324 3331 irrationabiliter,
1376 3266 1434 3321 id
1464 3272 1569 3334 est,
1610 3272 1807 3322 contra
1844 3284 1948 3322 na-

249 3362 441 3412 turam
490 3371 622 3409 cum
678 3354 966 3422 masculis,
1016 3359 1075 3409 et
1128 3354 1306 3409 mutis
1357 3354 1663 3410 misceatur
1737 3356 1949 3410 anima-

250 3446 447 3519 libus?

870 3533 1231 3598 Interrogatio
1261 3534 1349 3587 36.

316 3622 414 3677 Est
435 3621 629 3694 aliqua
667 3621 876 3677 mulier
906 3638 1035 3692 qua:
1064 3620 1419 3676 lenocinium
1453 3621 1688 3677 fecerit?

836 3712 1207 3779 Interrogatio
1264 3713 1349 3765 37.

321 3801 415 3855 Est
445 3800 654 3873 aliquis
710 3800 810 3872 qui
859 3800 919 3854 in
977 3816 1081 3854 sua
1121 3800 1295 3855 domo
1332 3800 1619 3856 consentit
1642 3817 1774 3856 cum
1818 3817 1952 3872 pro-

250 3888 392 3960 priis
429 3889 669 3959 ancillis,
714 3889 803 3944 vel
863 3888 1183 3961 genitiariis
1244 3887 1362 3943 suis
1406 3889 1689 3944 adulteria
1743 3905 1957 3961 perpe-

249 3977 428 4033 trari?

851 4067 1213 4133 Interrogatio
1262 4068 1348 4121 38.

322 4154 805 4226 Interrogandum
833 4155 880 4209 si
938 4152 1148 4225 aliquis
1191 4154 1302 4220 fur,
1331 4156 1429 4208 aut
1448 4154 1755 4225 sacrilegus
1792 4155 1864 4210 sit
1894 4155 1953 4210 in

252 4241 455 4296 eadem
485 4243 675 4313 plebe,
705 4242 805 4313 qui
826 4242 1091 4297 ecclesias
1125 4242 1227 4296 Dei
1258 4241 1576 4311 infregerit,
1608 4244 1697 4298 vel
1737 4243 1954 4315 aliquid

144 4376 147 4379 ,
252 4330 323 4384 de
363 4329 602 4384 ecclesia
628 4329 853 4384 furatus
883 4330 977 4397 sit,
1031 4335 1132 4384 aut
1180 4330 1410 4400 publice
1454 4331 1731 4401 rapuerit,
1757 4334 1846 4387 vel
1872 4334 1954 4387 la-

252 4421 443 4472 tenter
477 4418 865 4487 surripuerit:
924 4421 1025 4472 aut
1071 4417 1119 4470 si
1174 4417 1382 4489 aliquis
1412 4434 1605 4489 rapax,
1646 4424 1703 4475 et
1738 4427 1954 4493 raptor,

254 4510 312 4559 et
339 4505 641 4561 damnator
670 4506 933 4561 Ecclesiae
951 4504 1051 4560 Dei
1080 4506 1217 4561 est?.

856 4614 1215 4679 Interrogatio
1265 4614 1351 4667 39.

324 4700 800 4773 Interrogandum
830 4701 879 4755 si
898 4699 1109 4772 aliquis
1128 4701 1392 4773 perjurus
1412 4699 1504 4767 sit,
1536 4705 1637 4757 aut
1663 4702 1713 4758 si
1751 4703 1956 4773 sciens,

252 4791 309 4844 et
337 4804 442 4860 pro
474 4788 787 4860 cupiditate
819 4794 1047 4844 terrena
1085 4790 1432 4861 pejeraverit
1463 4805 1477 4844 :
1511 4794 1567 4843 et
1596 4790 1645 4845 si
1678 4791 1959 4859 nesciens,

251 4883 351 4933 aut
397 4877 445 4932 si
500 4882 727 4933 coactus
777 4879 942 4949 jussu
1007 4878 1269 4947 senioris,
1332 4885 1433 4934 aut
1489 4895 1594 4950 pro
1660 4880 1957 4947 membris,

251 4971 352 5020 aut
380 4982 485 5038 pro
511 4967 625 5022 vita
649 4966 989 5022 redimenda
1014 4983 1029 5021 :
1055 4970 1154 5021 aut
1191 4967 1240 5022 si
1298 4966 1507 5040 aliquis
1560 4967 1805 5023 scienter
1842 4984 1961 5023 non

251 5056 439 5109 solum
486 5056 848 5128 pejeraverit,
925 5056 1024 5111 sed
1079 5056 1254 5111 etiam
1305 5057 1452 5112 alios
1501 5056 1561 5111 in
1637 5057 1959 5129 perjurium

252 5142 512 5198 duxerit?

857 5234 1218 5300 Interrogatio
1254 5233 1343 5287 40.

324 5320 802 5391 Interrogandum
852 5321 899 5375 si
932 5321 1140 5393 aliquis
1182 5320 1429 5375 scienter
1473 5324 1672 5375 contra
1707 5321 1959 5393 aliquem

251 5407 461 5463 falsum
514 5408 911 5464 testimonium
966 5410 1291 5481 protulerit.
1341 5414 1398 5463 et
1437 5408 1628 5480 {quale
1683 5409 1960 5466 damnum

256 5495 466 5567 aliquis
488 5510 595 5566 per
623 5496 772 5551 hanc
796 5496 1254 5553 testiﬁcationem
1275 5496 1582 5553 habuerit?

1317 244 1722 302 BURCHARDI
1761 241 2296 305 WORMACIENSIS
2332 239 2667 298 EPISCOPI.

3646 242 3753 293 576

2651 365 3011 433 Interrogatio
3049 363 3139 418 41.

2116 452 2596 524 Interrogandum
2652 452 2699 506 si
2744 453 2953 524 aliquis
3006 451 3301 506 hominem
3348 451 3599 507 liberum
3657 458 3763 507 aut

2046 558 2273 598 servum
2302 542 2558 610 alterius,
2627 546 2728 596 aut
2784 541 3155 612 peregrinum
3220 547 3320 595 aut
3370 541 3763 597 adventitium

2044 632 2266 687 furatus
2312 631 2506 697 fuerit,
2572 635 2671 684 aut
2728 646 2862 683 eum
2892 628 3285 684 blandientem
3332 628 3631 682 seduxerit
3696 632 3759 682 et

2046 717 2386 784 vendiderit,
2417 722 2475 771 et
2500 723 2664 773 extra
2688 718 2936 787 patriam
2975 718 3037 771 in
3060 716 3451 787 captivitatem
3481 714 3720 769 duxerit
3748 730 3763 767 :

2046 811 2143 861 aut
2172 806 2221 860 si
2252 806 2459 878 aliquis
2520 807 2720 861 Iudaeo
2774 806 2862 859 vel
2908 820 3133 876 pagano
3181 805 3573 859 Christianum
3606 818 3766 857 man-

2044 893 2260 962 cipium
2288 894 2627 959 vendiderit,
2662 898 2761 948 aut
2790 893 2839 947 si
2860 893 2971 963 ipsi
3008 892 3189 947 Judei
3219 892 3545 947 Christiana
3589 907 3767 945 man-

2046 982 2195 1053 cipia
2213 983 2274 1037 in
2312 998 2414 1037 suo
2435 983 2665 1037 servitio
2686 982 2954 1046 habeant,
3001 982 3091 1034 vel
3121 980 3401 1035 vendant?

2653 1069 3013 1136 Interrogatio
3043 1069 3130 1121 42.

2118 1156 2600 1227 Interrogandum
2651 1155 2697 1210 si
2739 1155 2947 1226 aliquis
2976 1155 3049 1210 sit
3107 1171 3329 1226 magus,
3386 1154 3635 1220 ariolus,
3666 1159 3771 1208 aut

2046 1242 2385 1305 incautator,
2457 1244 2704 1311 divinus,
2768 1249 2868 1297 aut
2921 1243 3265 1314 sortilegus:
3300 1243 3389 1298 vel
3443 1242 3493 1297 si
3552 1242 3771 1313 aliquis

2047 1338 2178 1388 vota
2208 1334 2279 1388 ad
2326 1334 2582 1399 arbores,
2631 1333 2722 1387 vel
2768 1332 2838 1386 ad
2877 1332 3086 1401 fontes,
3143 1333 3227 1386 vel
3282 1331 3505 1402 lapides
3570 1331 3762 1397 faciat,

2050 1427 2147 1476 aut
2170 1421 2251 1476 ibi
2272 1422 2572 1477 candelam
2629 1436 2730 1474 seu
2784 1420 3080 1491 quodlibet
3129 1435 3338 1474 munus
3389 1419 3634 1484 deferat,
3679 1435 3770 1472 ve-

2048 1509 2157 1564 luti
2177 1508 2259 1562 ibi
2291 1510 2581 1581 quoddam
2611 1524 2831 1563 numen
2875 1508 2965 1575 sit,
3000 1508 3154 1579 quod
3193 1508 3431 1574 bonum,
3485 1512 3587 1560 aut
3638 1523 3760 1560 ma-

2050 1599 2169 1652 lum
2197 1597 2381 1668 possit
2408 1597 2662 1653 inferre?

2657 1686 3019 1753 Interrogatio
3053 1686 3143 1739 43.

2122 1771 2608 1829 Perscrutandum
2652 1772 2699 1825 si
2739 1772 2945 1843 aliquis
2993 1771 3286 1839 subulcus,
3336 1771 3427 1824 vel
3456 1770 3770 1836 bubulcus,

2054 1861 2170 1916 sive
2225 1866 2485 1927 venator,
2538 1861 2628 1913 vel
2674 1860 2861 1914 caeteri
2909 1859 3241 1930 bujusmodi
3305 1858 3593 1913 diabolica
3647 1874 3771 1912 car-

2052 1952 2212 2005 mina
2241 1950 2393 2004 dicat
2421 1965 2595 2020 super
2628 1965 2858 2019 panem,
2914 1954 3012 2002 aut
3041 1964 3210 2018 super
3260 1948 3491 2015 herbas,
3523 1951 3627 2001 aut
3678 1963 3772 2000 su-

2052 2055 2156 2110 per
2196 2039 2463 2110 quaadam
2491 2037 2713 2092 nefaria
2742 2038 3078 2107 ligamenta,
3107 2042 3163 2090 et
3188 2036 3308 2090 hanc
3346 2042 3449 2089 aut
3469 2035 3534 2089 in
3565 2035 3772 2089 arbore

2054 2128 2383 2194 abscondat,
2431 2131 2532 2181 aut
2567 2127 2629 2180 in
2680 2126 2853 2192 bivio,
2906 2124 3088 2179 autin
3142 2125 3307 2179 trivio
3361 2126 3653 2195 projiciat,
3711 2131 3775 2179 ut

2054 2233 2158 2271 sua
2195 2215 2472 2271 animalia
2514 2215 2722 2270 liberet
2750 2230 2782 2267 a
2811 2219 2971 2284 peste
3001 2219 3059 2267 et
3088 2213 3269 2284 clade,
3297 2217 3353 2269 et
3372 2213 3613 2267 alterius
3638 2228 3770 2283 per-

2055 2304 2190 2359 dat?

2664 2393 3025 2459 Interrogatio
3066 2390 3153 2444 44.

2126 2480 2586 2551 Perquirendum
2614 2478 2664 2533 si
2684 2481 2878 2550 aliqua
2907 2478 3142 2533 Immina
3171 2477 3264 2543 sit,
3298 2493 3425 2547 quae
3465 2493 3575 2548 per
3607 2493 3771 2547 quae-

2054 2569 2187 2624 dam
2237 2570 2536 2634 maleficia,
2593 2572 2650 2621 et
2706 2568 3144 2630 incantationes,
3194 2576 3417 2620 mentes
3462 2566 3770 2620 hominum

2057 2674 2115 2711 se
2145 2658 2454 2711 immutare
2484 2671 2649 2727 posse
2690 2656 2858 2719 dicat,
2881 2657 2940 2710 id
2973 2664 3079 2722 est,
3116 2663 3175 2708 ut
3204 2655 3274 2709 de
3320 2655 3454 2709 odio
3487 2656 3549 2708 in
3600 2670 3771 2708 amo-

2058 2762 2204 2814 rem,
2233 2752 2333 2799 aut
2388 2746 2458 2800 de
2517 2760 2712 2799 amore
2746 2745 2807 2799 in
2852 2745 3050 2798 odium
3091 2749 3403 2811 convertat,
3472 2750 3577 2797 aut
3619 2743 3775 2797 bona

2056 2834 2381 2899 hominum,
2436 2840 2534 2887 aut
2563 2834 2819 2900 damnet,
2852 2839 2950 2887 aut
2977 2832 3295 2903 surripiat?
3348 2834 3412 2886 Et
3467 2834 3514 2885 si
3573 2832 3773 2903 aliqua

1978 2924 2019 2979 C
2059 2930 2143 2978 est
2171 2938 2301 2994 quae
2332 2938 2389 2975 se
2418 2922 2568 2976 dicat
2596 2938 2729 2975 cum
2760 2921 3091 2976 daemonum
3123 2922 3290 2975 turba
3325 2922 3387 2975 in
3430 2921 3771 2975 similitudi-

2059 3026 2191 3063 nem
2234 3011 2543 3064 mulierum
2578 3011 2985 3065 transformata
3013 3009 3181 3064 certis
3212 3012 3475 3064 nuctibus
3502 3011 3769 3081 equitare

2058 3113 2231 3167 super
2260 3098 2534 3168 quasdam
2556 3097 2785 3165 bestias,
2805 3104 2856 3153 et
2886 3098 2949 3151 in
2986 3114 3187 3152 eorum
3235 3100 3528 3152 consortio
3581 3114 3769 3152 anuu-

2058 3191 2339 3240 moratam
2361 3202 2482 3241 esse
2496 3189 2524 3241 ?

2657 3277 3025 3346 Interrogatio
3070 3278 3159 3331 45.

2132 3362 2610 3439 Interrogandum
2641 3362 2687 3416 si
2728 3366 2939 3435 aliquis
2977 3362 3317 3435 sanguinem
3366 3362 3766 3428 monicinum,

2061 3457 2161 3506 aut
2184 3451 2558 3506 dilaceratum
2591 3469 2622 3505 a
2651 3452 2835 3507 bestia
2864 3453 3213 3506 comederit?

2663 3542 3023 3607 Interrogatio
3069 3541 3159 3594 46.

2132 3629 2228 3683 Est
2246 3628 2455 3701 aliquis
2484 3628 2584 3701 qui
2624 3629 2841 3700 juravit
2887 3629 3039 3699 quod
3091 3629 3207 3682 Deo
3259 3628 3614 3682 contrarium
3660 3632 3768 3694 est,

2064 3722 2125 3771 ut
2150 3717 2311 3771 fratri
2330 3733 2631 3788 nunquam
2678 3717 3097 3782 reconcilietur,
3155 3718 3312 3787 quod
3342 3722 3425 3771 est
3469 3722 3768 3783 peccatum

2066 3822 2249 3878 usque
2278 3806 2347 3861 ad
2379 3806 2666 3862 mortem?

2666 3896 3023 3962 Interrogatio
3069 3896 3159 3949 47.

2138 3983 2230 4037 Est
2258 3982 2464 4054 aliquis
2494 3982 2596 4054 qui
2623 3982 2771 4038 bibit
2823 3984 2891 4037 de
2938 3984 3162 4054 liquore
3201 3982 3262 4037 in
3314 3999 3428 4055 quo
3495 3983 3765 4047 mustela,

2065 4073 2155 4126 vel
2186 4088 2334 4137 mus,
2377 4071 2493 4127 sive
2544 4072 2776 4143 aliquod
2830 4072 3201 4127 immundum
3237 4072 3454 4127 animal
3499 4078 3767 4126 necatum

2068 4166 2154 4215 est
2165 4162 2193 4218 τ

2681 4252 3040 4318 Interrogatio
3073 4252 3162 4306 48.

2138 4340 2230 4394 Est
2257 4338 2465 4411 aliquis
2485 4339 2587 4412 qui
2609 4339 2897 4410 jejunium
2924 4337 3439 4410 quadragesimale,
3484 4338 3577 4392 vel
3631 4354 3768 4408 qua-

2065 4431 2198 4482 tuor
2220 4434 2570 4499 temporum,
2604 4428 2720 4482 sive
2757 4428 3007 4483 Letaniaa
3058 4426 3313 4498 majoris,
3363 4427 3452 4481 vel
3491 4427 3765 4498 Rogatio-

2066 4532 2228 4583 num,
2261 4517 2376 4571 sive
2414 4516 2696 4571 indictum
2728 4516 2799 4570 ab
2831 4516 3103 4587 episcopo
3145 4516 3438 4587 jejunium
3465 4531 3573 4587 pro
3621 4532 3763 4586 qua-

2067 4620 2291 4676 cunque
2321 4606 2510 4677 plaga,
2541 4622 2656 4660 non
2690 4604 3111 4659 observaverit?

2675 4695 3032 4762 Interrogatio
3063 4696 3151 4748 49.

2138 4783 2234 4837 Est
2263 4782 2471 4854 aliquis
2501 4783 2600 4855 qui
2647 4783 2813 4849 bibit,
2848 4789 2947 4837 aut
2976 4781 3364 4851 manducavit,
3393 4786 3492 4836 aut
3519 4781 3766 4852 portavit

2069 4886 2239 4941 super
2265 4888 2322 4925 se
2354 4888 2467 4943 quo
2505 4872 2930 4928 existimaverat
2979 4887 3038 4924 se
3083 4872 3183 4927 Dei
3223 4870 3506 4942 judicium
3538 4886 3762 4941 perver-

2066 4963 2188 5014 tere
2218 4962 2425 5032 posse?

2677 5050 3033 5117 Interrogatio
3064 5051 3150 5103 50.

2142 5139 2236 5193 Est
2257 5138 2466 5209 aliquis
2494 5138 2595 5210 qui
2620 5138 2680 5192 in
2713 5140 2953 5194 Kalend.
2994 5138 3249 5193 Januarii
3280 5136 3500 5207 aliquid
3533 5136 3762 5197 fecerat.

2070 5228 2224 5298 quod
2250 5245 2284 5282 a
2311 5228 2554 5298 paganis
2608 5228 2908 5281 inventum
2955 5233 3063 5295 est,
3088 5233 3145 5281 et
3181 5227 3303 5281 dies
3341 5226 3683 5292 observavit,
3715 5241 3768 5278 et

2068 5316 2287 5385 lunam,
2315 5321 2371 5370 et
2400 5333 2642 5386 menses,
2671 5321 2727 5371 et
2745 5316 2954 5372 horum
2981 5317 3237 5371 elfectiva
3258 5315 3512 5387 potentia
3548 5313 3767 5384 aliquid

2069 5410 2398 5477 speraverat
2448 5407 2510 5461 in
2558 5406 2784 5472 melius,
2834 5410 2933 5461 aut
2980 5405 3039 5459 in
3119 5404 3371 5460 deterius
3420 5419 3587 5475 posse
3633 5418 3765 5457 con-

2070 5495 2254 5550 verti?
