3960 6192
264 349 361 398 577
1252 336 1726 394 DECRETORUM
1770 337 1954 392 LIBRI
1993 335 2103 391 XX.
2137 364 2205 376 â€”
2244 334 2452 389 LIBER
2492 333 2767 388 PRIMUS.

1986 457 2032 509 A
2070 470 2185 509 una
2224 455 2343 508 vice
2371 454 2429 508 in
2481 470 2652 520 anno,
2707 454 2765 508 id
2813 458 2917 519 est,
2966 453 3025 508 in
3068 454 3250 525 capite
3282 455 3764 530 Quadragesimze,

384 521 393 526 _
853 459 1216 525 Interrogatio
1263 459 1348 511 5L

350 551 444 603 Est
513 547 722 618 aliquis
797 547 1180 618 quodcunque
1261 562 1406 616 opus
1481 545 1778 611 inchoans,
1857 544 1958 615 qui

259 637 502 709 aliquid.
537 637 775 702 dixerat,
838 641 938 689 aut
981 652 1323 707 quacunque
1383 636 1606 705 magica
1643 641 1764 689 arte
1806 634 1958 688 aliud

259 727 412 790 fecit,
461 725 572 781 nisi
628 729 690 778 ut
744 725 1052 793 Apostolus
1108 723 1292 789 docet,
1355 723 1552 776 omnia
1609 723 1668 776 in
1725 723 1960 776 nomine

262 815 490 870 Domini
539 813 846 868 facienda?
877 814 1069 882 Neque
1101 812 1254 865 enim
1287 813 1578 866 daemones
1611 812 1668 865 in
1700 817 1960 866 nostrum

259 903 613 972 adiutorium
643 902 920 966 debemus
969 901 1254 964 invocare,
1304 901 1400 953 sed
1451 902 1650 966 Deum,
1693 900 1751 953 in
1783 899 1960 954 colle-

259 992 445 1044 ctione
476 990 742 1045 similiter
790 990 1098 1043 herbarum
1133 989 1588 1053 medicinalium,
1633 990 1956 1059 symbolum

258 1085 313 1133 et
363 1081 684 1133 orationem
743 1079 1098 1133 Dominicam
1156 1078 1366 1149 dicere"
1401 1083 1646 1149 oportet,
1707 1083 1764 1133 et
1816 1079 1959 1134 nihil

263 1169 416 1222 aliud
439 1167 466 1221 ?

876 1255 1232 1323 Interrogatio
1264 1259 1350 1310 52.

333 1344 721 1408 Qumrendum
774 1344 946 1398 etiam
982 1344 1027 1396 si
1069 1343 1335 1397 mulieres
1385 1343 1446 1397 in
1497 1343 1760 1398 lanificiis
1819 1343 1958 1408 suis,

260 1434 346 1487 vel
409 1433 771 1487 inordiendis
839 1433 967 1486 telis
1044 1433 1258 1502 aliquid
1329 1433 1538 1498 dicant,
1610 1438 1707 1486 aut
1763 1433 1955 1487 obser-

260 1528 417 1587 vent,
450 1523 580 1588 nisi,
639 1527 702 1574 ut
746 1537 919 1592 supra
968 1522 1182 1575 dictum
1224 1526 1326 1588 est,
1380 1522 1574 1576 omnia
1621 1528 1680 1576 in
1723 1523 1957 1576 nomine

261 1613 490 1666 Domini
515 1611 543 1664 7

874 1702 1243 1767 Interrogatio
1267 1703 1352 1754 53.

329 1790 426 1842 Est
474 1789 684 1860 aliquis
733 1789 832 1859 qui
877 1789 1213 1852 oblationes,
1269 1789 1326 1842 id
1385 1793 1489 1854 est,
1536 1790 1956 1861 eleemosynam

258 1881 565 1947 parentum
592 1876 992 1931 defunctorum
1025 1877 1233 1945 injuste
1265 1876 1549 1931 retineat?

875 1967 1238 2032 Interrogatio
1269 1966 1355 2018 54.

332 2055 425 2107 Est
463 2053 671 2124 aliquis
721 2053 820 2123 qui
869 2070 1042 2123 supra
1101 2059 1394 2107 mortuum
1444 2053 1740 2106 nocturnis
1805 2052 1958 2106 horis

259 2141 515 2194 carmina
543 2141 822 2194 diabolica
849 2147 1124 2205 cantaret,
1149 2149 1204 2195 et
1226 2143 1468 2207 biberet,
1502 2144 1557 2194 et
1591 2142 1962 2195 manducaret

259 2230 360 2294 ibi,
411 2231 574 2300 quasi
636 2230 705 2283 de
759 2231 883 2299 ejus
942 2236 1124 2283 morte
1183 2231 1587 2300 gratularetur,
1629 2235 1686 2284 et
1739 2230 1785 2283 si
1824 2231 1960 2284 alibi

258 2319 473 2373 mortui
505 2320 562 2373 in
610 2319 822 2390 vigiliis
869 2320 1186 2386 nocturnis,
1238 2320 1346 2373 nisi
1393 2319 1451 2373 in
1488 2318 1733 2372 Ecclesia
1763 2324 1960 2373 custo-

257 2409 494 2462 diantur
521 2409 549 2461 ?

882 2496 1241 2561 Interrogatio

331 2585 426 2636 Est
459 2582 669 2653 aliquis
700 2583 799 2652 qui
845 2599 961 2636 non
1012 2582 1418 2649 communicet,
1452 2581 1537 2635 vel
1587 2581 1771 2635 tribus
1808 2586 1958 2636 tem-

256 2671 496 2740 poribus
545 2671 603 2724 in
643 2687 812 2735 anno,
861 2672 917 2724 id
963 2676 1066 2735 est,
1114 2671 1174 2723 in
1221 2671 1452 2735 Pascha,
1506 2672 1855 2738 Pentecoste,
1904 2675 1959 2723 et

259 2760 445 2814 Natali
498 2760 747 2826 Domini,
803 2760 911 2813 nisi
963 2776 1066 2830 pro
1125 2759 1436 2812 mortiferis
1499 2759 1858 2827 criminibus,
1905 2765 1960 2813 et

259 2849 513 2918 episcopi
535 2850 620 2902 vel
645 2849 1003 2902 sacerdotum
1032 2847 1272 2917 judicio,
1298 2865 1330 2902 a
1356 2849 1758 2901 communione
1788 2847 1962 2901 fuerit

258 2940 516 2989 remotus
532 2935 560 2988 ?

880 3026 1247 3091 Interrogatio
1277 3025 1361 3076 56.

333 3114 430 3166 Est
461 3112 666 3183 aliquis
712 3112 810 3182 qui
859 3112 916 3166 in
962 3112 1054 3166 die
1096 3112 1409 3177 Dominica,
1443 3112 1528 3164 vel
1563 3111 1622 3165 in
1654 3112 1958 3182 praecipuis

257 3201 684 3266 festivitatibus,
761 3201 1078 3270 quidquam
1134 3202 1324 3270 operis
1401 3201 1624 3254 faciat:
1685 3206 1742 3254 et
1794 3202 1839 3254 si
1889 3203 1957 3255 ad

257 3289 565 3343 Matutinas
614 3295 671 3343 et
713 3290 782 3343 ad
824 3290 1070 3356 Missam,
1113 3294 1168 3343 et
1195 3289 1264 3342 ad
1308 3290 1600 3359 Vesperas,
1635 3289 1724 3342 his
1757 3288 1957 3343 diebus

258 3378 729 3450 impraetermisse
760 3395 958 3432 omnes
989 3379 1337 3431 occurrant?

861 3467 1229 3532 Interrogatio
1263 3470 1349 3519 57.

333 3556 426 3608 Est
453 3554 664 3624 aliquis
694 3554 1245 3618 excommunicatns,
1271 3553 1368 3623 qui
1395 3568 1500 3622 pro
1524 3553 1705 3608 nihilo
1735 3555 1960 3609 duxerit

256 3641 910 3695 excommunicationem
940 3657 953 3693 :
1001 3643 1055 3693 et
1079 3639 1124 3692 si
1156 3639 1364 3710 aliquis
1407 3655 1535 3692 cum
1565 3643 1953 3696 excommuni-

254 3735 382 3783 cato
407 3729 917 3783 communicaverit
939 3726 966 3780 ?

882 3817 1241 3882 Interrogatio
1268 3817 1352 3869 58.

325 3906 417 3958 Est
449 3903 655 3974 aliquis
699 3904 798 3974 qui
833 3904 1065 3958 modum
1102 3903 1456 3975 poenitentiae
1488 3904 1593 3958 sibi
1634 3904 1954 3975 injunctum

257 4010 375 4048 non
400 3991 782 4048 custodierit?

874 4082 1232 4147 Interrogatio
1259 4083 1342 4136 59.

329 4171 426 4223 Est
459 4169 664 4240 aliquis
700 4169 800 4239 qui
831 4174 1052 4239 patrem
1087 4175 1185 4222 aut
1236 4177 1475 4224 matrem
1507 4170 1954 4238 inhonoraverit,

257 4265 357 4313 aut
381 4259 748 4330 percusserit,
776 4264 874 4312 aut
899 4259 1302 4312 maledixerit?

877 4349 1235 4413 Interrogatio
1265 4347 1348 4400 60.

315 4437 412 4489 Est
452 4435 661 4505 aliquis
701 4435 800 4505 qui
855 4435 1129 4488 vomitum
1174 4440 1302 4504 post
1348 4439 1635 4505 acceptam
1687 4436 1953 4490 Euchari-

252 4525 422 4578 stiam
456 4540 562 4594 per
583 4524 917 4578 ebrietatem
946 4523 1186 4576 fecerit?

871 4614 1230 4679 Interrogatio
1261 4615 1316 4665 6i
1333 4652 1346 4666 .

327 4703 421 4755 Est
447 4699 656 4770 aliquis
686 4700 784 4770 qui
832 4716 993 4754 suam
1038 4700 1477 4754 decimationem
1520 4701 1632 4754 Deo
1661 4703 1716 4754 et
1749 4701 1955 4755 sanctis

256 4791 384 4860 ejus
417 4788 764 4844 retraxerit?

857 4879 1215 4943 Interrogatio
1248 4879 1333 4931 62.

328 4968 420 5020 Est
451 4965 659 5036 aliquis
709 4969 826 5019 tam
877 4982 1177 5036 perversus
1211 4971 1268 5020 et
1300 4967 1413 5019 Deo
1447 4965 1690 5030 alienus,
1735 4971 1798 5021 ut
1841 4967 1952 5020 sal-

247 5061 368 5110 tem
397 5054 693 5109 Dominica
717 5055 806 5108 die
839 5055 905 5107 ad
934 5054 1226 5107 ecclesiam
1265 5070 1380 5107 non
1414 5055 1677 5110 venerit?

887 5145 1250 5210 Interrogatio
1277 5146 1363 5198 63.

323 5233 379 5287 Si
417 5231 684 5303 porcarii,
717 5237 772 5285 ct
801 5232 896 5284 alii
939 5238 1196 5301 pastores
1233 5231 1522 5285 Dominica
1551 5232 1642 5286 die
1670 5232 1740 5287 ad
1768 5233 1954 5287 eccle-

248 5323 395 5374 siam
423 5338 537 5374 non
580 5321 831 5386 veniant,
876 5326 931 5373 et
986 5320 1184 5373 Missas
1218 5337 1332 5374 non
1378 5321 1642 5388 audiunt,
1691 5321 1954 5376 similiter

248 5410 313 5462 in
342 5409 467 5463 aliis
489 5408 889 5463 festivitatibus
906 5409 935 5462 ?

860 5498 1217 5562 Interrogatio
1248 5496 1340 5551 64.

316 5587 408 5641 Est
455 5585 665 5657 aliquis
711 5586 808 5657 qui
853 5587 921 5640 ad
957 5585 1377 5640 confessionem
1425 5601 1544 5640 non
1580 5586 1819 5654 veniret,
1862 5587 1951 5642 vel

3663 339 3765 389 5'78

2071 550 2128 598 et
2151 544 2546 615 paenitentiam
2578 559 2684 615 pro
2713 543 2960 614 peccatis
2994 543 3111 597 suis
3143 560 3256 598 non
3282 545 3643 616 susciperet?

2684 635 3042 698 Interrogatio
3073 635 3161 687 65.

2143 722 2236 775 Est
2283 719 2492 791 aliquis
2548 720 2647 791 qui
2713 721 3003 774 assiduam
3081 721 3417 777 ebrietatem
3492 729 3759 791 sectetur,

2067 810 2340 880 Apostolo
2386 809 2641 863 dicente:
2680 811 2882 880 Neque,
2920 809 3074 863 enim
3128 810 3338 865 ebriosi
3389 827 3634 883 regnum
3667 815 3768 868 Dei

2069 897 2489 969 possidebunt?

2679 1005 3044 1070 Interrogatio
3072 1007 3159 1059 66.

2138 1093 2234 1145 Est
2256 1090 2464 1160 aliquis
2495 1090 2594 1162 qui
2614 1096 2946 1162 contempto
2978 1109 3079 1146 suo
3109 1093 3465 1165 presbytero,
3499 1095 3558 1150 in
3591 1097 3762 1151 aliam

2068 1180 2400 1251 parochiam
2447 1180 2558 1234 iret
2600 1181 2666 1234 ad
2708 1181 3026 1248 ecclesiam,
3075 1187 3132 1236 et
3177 1183 3255 1236 ibi
3287 1185 3760 1251 communicaret,

2067 1273 2125 1324 et
2155 1285 2316 1323 suam
2351 1269 2632 1323 decimam
2663 1269 2869 1324 daret?

2679 1360 3036 1424 Interrogatio
3066 1361 3154 1413 67.

2137 1445 2550 1516 Inquirendum
2582 1446 2650 1500 de
2700 1447 2976 1500 mendicis
3023 1447 3122 1517 qui
3153 1463 3256 1516 per
3285 1449 3614 1518 parochiam
3651 1450 3765 1504 dis-

2067 1539 2306 1588 currunt
2330 1551 2342 1588 :
2365 1539 2420 1588 et
2450 1535 2496 1588 si
2544 1534 2940 1605 unusquisque
2975 1551 3289 1605 pauperem
3321 1537 3388 1590 de.
3419 1537 3635 1591 familia
3667 1555 3768 1592 sua

2067 1624 2304 1694 pascat?

2689 1733 3048 1798 Interrogatio
3072 1734 3158 1784 68.

2140 1819 2619 1889 Interrogandum
2647 1820 2694 1873 si
2726 1821 2784 1874 in
2826 1836 3173 1890 unaquaque
3214 1818 3381 1889 plebe
3413 1820 3612 1874 decani
3655 1821 3770 1875 sint

2066 1923 2170 1978 per
2198 1908 2360 1962 villas
2391 1907 2707 1976 constituti,
2730 1909 2837 1961 viri
2861 1924 3085 1961 veraces
3119 1913 3175 1962 et
3206 1909 3515 1963 Dominum
3551 1910 3769 1964 timen-

2067 2001 2173 2056 tes,
2223 1996 2324 2067 qui
2361 2001 2596 2050 czeteras
2662 1996 3011 2051 admoneant
3065 2002 3127 2050 ut
3186 1997 3255 2050 ad
3303 1999 3598 2052 ecclesiam
3640 2015 3767 2069 per-

2069 2089 2225 2153 gant,
2261 2085 2327 2138 ad
2365 2085 2691 2149 Matutinas,
2752 2086 2822 2138 ad
2856 2086 3101 2150 Missam,
3146 2091 3201 2139 et
3249 2086 3315 2140 ad
3346 2088 3671 2156 Vesperam,
3712 2093 3768 2141 et

2071 2173 2216 2226 nihil
2276 2174 2467 2243 operis
2525 2173 2584 2226 in
2638 2173 2839 2227 diebus
2887 2173 3042 2226 festis
3099 2174 3343 2227 faciant:
3374 2179 3430 2228 et
3482 2177 3524 2228 si
3559 2176 3766 2229 horum

2069 2261 2373 2332 quisquam
2458 2267 2848 2332 transgressus
2913 2261 3102 2326 fuerit,
3184 2261 3374 2314 statim
3435 2263 3767 2332 presbytero

2067 2350 2433 2417 annuntient,
2488 2350 2752 2403 similiter
2809 2351 2877 2404 de
2950 2349 3196 2413 luxuria,
3255 2354 3312 2404 et
3368 2351 3523 2404 omni
3593 2367 3766 2422 opere

2066 2455 2244 2508 pravo
2267 2441 2296 2493 ?

2679 2546 3038 2612 Interrogatio
3069 2546 3156 2597 69.

2139 2634 2232 2687 Est
2279 2632 2488 2703 aliquis
2536 2631 2636 2703 qui
2671 2633 2926 2686 bannum
2969 2632 3239 2703 episcopi,
3309 2637 3407 2686 aut
3449 2631 3767 2704 presbyteri

2069 2721 2177 2786 sui,
2210 2725 2268 2776 et
2292 2721 2937 2775 excommunicationem
2969 2721 3378 2790 parvipendit?

2691 2800 3047 2876 Interrogatio
3071 2811 3157 2862 70.

2140 2897 2596 2967 Perquirendum
2630 2897 2676 2950 si
2724 2897 3053 2968 parochiani
3090 2897 3419 2967 presbytero
3465 2914 3567 2951 suo
3603 2898 3768 2952 debi-

2068 2989 2189 3038 tum
2220 2985 2499 3040 honorem
2541 2986 2896 3056 impendant,
2932 2991 3031 3039 aut
3069 2986 3114 3038 si
3151 2991 3234 3038 est
3267 2986 3471 3056 aliquis
3504 2987 3602 3056 qui
3634 3004 3766 3041 eum

2069 3074 2260 3142 verbo,
2293 3075 2381 3129 vel
2409 3075 2557 3129 facto
2607 3075 3002 3140 inhonoraret,
3048 3079 3105 3129 et
3131 3074 3254 3144 ejus
3285 3074 3503 3129 monita
3532 3093 3765 3146 sperne-

2069 3169 2151 3216 ret
2177 3163 2204 3216 ?

2689 3272 3046 3338 Interrogatio
3087 3273 3173 3323 71.

2141 3359 2234 3411 Est
2273 3357 2480 3429 aliquis
2526 3358 2628 3430 qui
2674 3359 3003 3430 peregrino,
3058 3364 3157 3413 aut
3199 3359 3404 3412 viatori
3450 3359 3768 3429 hospitium

2066 3447 2478 3501 contradixerit
2495 3448 2522 3502 ?

2680 3554 3041 3618 Interrogatio
3066 3554 3156 3606 72.

2138 3638 2552 3710 Inquirendum
2575 3643 2660 3693 est
2680 3656 2823 3709 quas
2845 3639 3181 3693 festivitates
3209 3640 3446 3694 colant?

2679 3729 3038 3793 Interrogatio
3067 3730 3156 3781 73.

2137 3815 2617 3885 Interrogandum
2660 3815 2706 3868 si
2759 3815 2970 3885 patrini
3017 3815 3213 3869 ï¬liolis
3262 3817 3379 3869 suis
3430 3817 3764 3886 Symbolum

2064 3907 2121 3956 et
2151 3904 2479 3958 Orationem
2542 3904 2897 3958 Dominicam
2956 3904 3271 3972 insinuent,
3333 3910 3430 3959 aut
3486 3906 3766 3961 insinuari

2067 3991 2279 4046 faciant
2305 3994 2332 4046 ?

2684 4081 3051 4146 Interrogatio
3082 4081 3168 4133 74.

2137 4168 2594 4239 Perquirendum
2645 4169 2692 4221 si
2722 4170 2822 4222 IIII
2870 4173 2968 4222 aut
3015 4168 3055 4220 V
3103 4168 3189 4221 vel
3238 4168 3432 4238 plures
3463 4168 3766 4223 interfece-

2071 4257 2187 4312 rint
2219 4258 2515 4312 hominem
2538 4257 2565 4311 ?

2692 4347 3060 4412 Interrogatio
3089 4350 3178 4399 75.

2140 4433 2237 4486 Est
2285 4433 2491 4503 aliquis
2539 4433 2640 4504 qui
2671 4434 3010 4488 contradicit
3053 4434 3322 4505 episcopo
3354 4439 3452 4488 aut
3499 4436 3619 4506 ejus
3655 4435 3768 4488 mi-

2067 4521 2280 4588 nistris,
2329 4538 2399 4574 ne
2455 4522 2644 4576 coloni
2697 4527 2796 4577 aut
2843 4523 2988 4575 servi
3028 4539 3132 4594 pro
3164 4524 3484 4577 commissis
3516 4524 3768 4578 crimini-

2066 4609 2172 4662 bus
2201 4611 2374 4680 virgis
2397 4610 2537 4664 nudi
2570 4611 2862 4665 credantur
2883 4613 2911 4664 ?

2672 4701 3039 4766 Interrogatio
3069 4703 3159 4753 76.

2138 4786 2620 4857 Interrogandum
2668 4787 2714 4840 si
2759 4788 2965 4857 aliquis
3005 4789 3400 4858 peregrinum,
3435 4788 3530 4859 qui
3569 4789 3636 4841 de
3667 4805 3768 4841 sua

2065 4875 2252 4945 patria
2280 4880 2514 4946 propter
2559 4890 2917 4944 paganorum
2973 4875 3420 4940 infestationem,
3455 4877 3538 4928 vel
3581 4892 3769 4946 perse-

2065 4965 2351 5018 cutionem
2410 4963 2574 5033 fugit,
2627 4963 2733 5016 hac
2780 4963 2848 5016 de
2907 4979 3075 5016 causa
3126 4964 3260 5034 quia
3309 4964 3366 5016 in
3423 4964 3591 5016 domo
3645 4965 3767 5034 ejus

2070 5053 2298 5117 mansit,
2323 5056 2376 5105 et
2410 5051 2611 5104 diebus
2643 5055 2741 5104 aut
2785 5050 2951 5103 annis
3004 5051 3128 5104 loco
3163 5051 3502 5102 mercenarii
3534 5050 3616 5103 illi
3650 5068 3769 5104 ser-

2067 5141 2222 5207 vivit,
2272 5157 2375 5210 pro
2428 5140 2664 5211 proprio
2719 5156 2881 5193 servo
2940 5140 3075 5194 velit
3126 5140 3358 5207 habere,
3413 5144 3469 5193 et
3499 5141 3764 5206 vendere,

2067 5235 2166 5283 aut
2194 5230 2328 5283 dare
2359 5229 2531 5284 alicui
2568 5227 2927 5299 praesumat?

2676 5319 3036 5384 Interrogatio
3065 5321 3154 5370 77.

2138 5407 2231 5460 Est
2287 5405 2494 5476 aliquis
2531 5405 2631 5476 qui
2683 5405 2894 5475 injusta
2939 5421 3208 5460 mensura
3247 5422 3410 5460 suam
3452 5421 3760 5470 annonam,

2066 5499 2164 5548 aut
2196 5495 2394 5547 vinum
2437 5493 2666 5559 vendat,
2720 5508 2851 5547 cum
2894 5492 3170 5548 Dominus
3221 5493 3406 5550 dicat:
3448 5495 3662 5565 [Equus
3693 5493 3764 5546 sit

2063 5581 2169 5637 tibi
2200 5582 2450 5649 modius,
2479 5586 2536 5636 et
2565 5597 2767 5653 tequus
2797 5582 3072 5636 sextarius
3093 5581 3122 5638 ?
