3960 6192
337 321 441 373 579

953 441 1309 508 Interrogatio
1338 443 1426 495 78.

1418 320 1818 375 BURCHARDI
1864 320 2396 377 WORMACIENSIS
2436 320 2768 376 EPISCOPI.
3684 333 3764 384 580

2062 447 2108 498 A
2146 459 2271 510 nos,
2317 443 2470 514 quod
2533 443 2656 497 sine
2704 441 3048 496 verecundia
3093 457 3406 499 memorare
3455 462 3560 501 non
3601 465 3770 520 possu-

409 528 886 582 Denunciandum
926 529 1098 583 etiam
1121 545 1292 600 quam
1325 545 1596 601 magnum
1630 530 1918 602 piaculum
1963 532 2037 586 sit
2144 548 2294 598 mus,
2339 531 2758 586 fraternitatem
2808 536 2969 585 tuam
3014 531 3460 598 Grammaticam.
3492 542 3544 590 et
3573 538 3654 592 illa
3691 540 3771 595 dit-

334 631 534 670 usuras
583 617 828 688 exigere,
880 621 936 671 et
965 618 1034 672 de
1082 619 1269 673 alieno
1301 618 1498 673 fenore
1529 619 1672 672 velle
1731 619 2030 687 ditescere,

333 710 390 759 et
425 705 574 776 quod
623 705 770 759 sacri
819 721 1064 760 canones
1106 708 1248 762 tales
1289 707 1358 761 ab
1407 707 1650 762 Ecclesia
1681 709 2031 780 ejicipraaci-

333 794 513 866 piant.

932 886 1299 954 Interrogatio
1333 889 1420 940 79.

407 972 501 1026 Est
545 970 752 1043 aliquis
792 973 894 1044 qui
935 978 1170 1044 propter
1215 974 1590 1045 cupiditatem
1627 975 1889 1030 Judaeum
1941 977 2028 1031 vel

2140 619 2383 675 ﬁciliora
2433 620 2777 692 quibusdam
2827 635 3134 691 exponere.
3197 619 3374 684 Quam
3417 638 3529 678 rem
3571 624 3641 679 ita
3675 643 3772 682 mo-

2140 709 2281 764 leste
2329 709 2705 780 suscepimus,
2771 725 2836 763 ac
2881 725 3080 762 sumus
3139 711 3496 766 vehementer
3551 730 3771 785 aspernao

2141 798 2206 866 ti,
2255 803 2320 852 ut
2367 814 2432 852 ea
2469 814 2599 868 quae
2646 797 2807 868 prius
2849 796 3000 852 dicta
3046 797 3297 866 fuerunt,
3354 798 3410 854 in
3456 804 3698 871 gemitum
3730 812 3776 860 et

2136 886 2426 940 tristitiam
2469 890 2822 940 verteremus
2859 927 2871 939 .
2923 886 3060 957 quia
3098 887 3159 940 in
3205 903 3322 941 uno
3369 904 3463 942 ore
3505 906 3620 944 cum
3655 893 3774 946 lovis

2137 975 2423 1042 laudibus,
2473 975 2684 1028 Christi
2731 960 2925 1029 iaudes
2963 991 3084 1029 esse
3115 991 3230 1029 non
3277 982 3520 1046 possunt.
3551 981 3608 1032 Et
3635 997 3771 1050 quam

2136 1079 2308 1134 grave
2344 1063 2776 1134 nefandumque
2825 1062 2899 1117 sit
2934 1065 3221 1135 episcopis
3264 1081 3480 1130 canere,
3522 1069 3654 1136 quod
3693 1085 3774 1123 nec

2136 1152 2278 1206 laico
2325 1152 2589 1223 religioso
2637 1152 2954 1207 conveniat.
3009 1154 3074 1206 Et
3117 1153 3376 1223 quamvis
3431 1154 3774 1212 dilectissimus

2134 1241 2286 1295 ﬁlius
2317 1245 2516 1295 noster
2545 1240 2829 1295 Candidus
2860 1240 3163 1312 presbyter
3193 1243 3546 1312 postmodum
3563 1244 3773 1315 veniens,

2134 1330 2240 1384 hac
2260 1330 2330 1384 de
2375 1345 2436 1383 re
2482 1328 2769 1384 subtiliter
2806 1330 3116 1400 requisitus
3163 1331 3472 1401 negaverit,
3524 1338 3672 1402 atque
3697 1349 3774 1387 vos

2133 1421 2369 1472 conatus
2426 1416 2599 1471 fuerit
2647 1433 2952 1471 excusare:
3013 1418 3083 1472 de
3131 1425 3328 1473 nostro
3387 1423 3569 1472 tamen
3627 1420 3773 1475 adhuc

2134 1507 2332 1560 animo
2364 1522 2482 1560 non
2526 1506 2797 1559 recessit:
2848 1505 2984 1576 quia
3027 1511 3309 1576 quantum
3361 1507 3676 1561 exsecrabile
3711 1514 3774 1561 est

2131 1594 2241 1649 hoc
2273 1596 2342 1648 de
2391 1593 2684 1648 sacerdote
2721 1593 2998 1661 enarrari,
3044 1597 3203 1647 tanto
3238 1600 3433 1649 utrum
3477 1595 3552 1648 ita
3589 1611 3773 1649 necesse

2132 1684 2205 1736 sit
2233 1683 2485 1737 districta
2514 1689 2567 1736 et
2599 1681 2788 1736 veraci
2831 1687 3058 1754 oportet
3096 1682 3477 1737 satisfactione
3535 1685 3772 1754 cognosci.

2136 1771 2293 1826 Unde
2327 1773 2372 1824 si
2404 1775 2532 1841 post
2578 1770 2687 1824 hoc
2731 1769 3026 1824 evidenter
3055 1769 3178 1824 haec
3214 1786 3345 1840 quae
3370 1771 3436 1823 ad
3480 1785 3575 1823 nos
3598 1772 3773 1839 perlata

333 1073 624 1128 paganum
659 1061 1008 1116 interfecerit
1027 1062 1055 1115 ?
1299 1121 1302 1123 Α

954 1152 1314 1220 Interrogatio
1339 1155 1425 1206 80.

405 1236 499 1290 Est
543 1237 748 1310 aliquis
796 1237 1091 1293 insaniens
1121 1239 1221 1310 qui
1250 1240 1504 1310 aliquem
1552 1240 1854 1297 hominem
1879 1241 2025 1296 occi-

329 1322 524 1379 derit?

941 1417 1299 1483 Interrogatio
1333 1419 1388 1470 8t
1406 1456 1419 1470 .

399 1499 491 1552 Est
529 1499 738 1571 aliquis
771 1502 868 1572 qui
924 1503 1186 1557 arborem
1237 1505 1572 1571 succideret,
1608 1509 1663 1558 et
1693 1505 1830 1559 dum
1862 1505 2024 1575 operi

328 1588 647 1642 necessario
686 1589 996 1658 insisteret,
1045 1592 1252 1662 aliquis
1305 1594 1503 1647 subtus
1549 1594 1814 1649 arborem
1862 1594 2025 1649 deve-

327 1675 510 1742 niens,
540 1676 852 1746 improvise
881 1680 1308 1750 opprimeretur
1329 1683 1358 1734 ?

947 1770 1308 1836 Interrogatio
1338 1772 1426 1824 82.

397 1852 493 1906 Est
541 1852 747 1924 aliquis
809 1856 911 1927 qui
977 1858 1398 1927 conjurationes
1451 1863 1508 1912 et
1570 1859 2022 1931 conspirationes

326 1945 637 1996 sectaretur
656 1943 684 1999 ?

2053 1732 2093 1785 Β

2131 1864 2265 1912 sunt
2292 1858 2431 1912 falsa
2461 1873 2583 1912 esse
2611 1857 2939 1921 claruerint,
2993 1873 3184 1928 neque
3211 1874 3305 1911 vos
3339 1857 3504 1926 nugis
3543 1863 3594 1911 et
3629 1875 3771 1912 saecu-

2130 1947 2345 2002 laribus
2364 1945 2569 2001 litteris
2599 1945 2826 2000 studere
2858 1945 3203 2012 constiterit,
3235 1951 3294 1998 et
3318 1945 3434 2002 Deo
3474 1951 3650 1998 nostro
3674 1960 3771 2014 gra-

2129 2036 2237 2091 tias
2283 2051 2541 2107 agamus,
2585 2034 2687 2105 qui
2718 2049 2818 2088 cor
2861 2038 3115 2088 vestrum
3153 2033 3429 2088 maculari
3481 2033 3772 2104 blasphemis

2129 2125 2506 2179 nefandorum
2550 2122 2814 2177 laudibus
2842 2138 2961 2176 non
2992 2121 3272 2190 permisit,
3319 2127 3379 2177 et
3422 2123 3488 2176 de
3512 2121 3773 2176 conceden-

2129 2214 2216 2268 dis
2245 2229 2376 2284 qua:
2408 2211 2638 2282 poscitis
2667 2211 2850 2266 securi
2867 2211 2990 2280 jam
3020 2215 3078 2264 et
3105 2210 3227 2264 sine
3243 2211 3438 2281 aliqua
3465 2210 3774 2265 dubitatione

2127 2305 2457 2356 tractemus.

2127 2406 2255 2461 CAP.
2295 2407 2524 2461 XCVIII.
2565 2435 2633 2446 —
2673 2407 2948 2470 Quantum
2990 2406 3283 2459 discrimen
3321 2408 3590 2475 immineat
3623 2409 3769 2474 pasto-

2194 2478 2347 2532 ribus
2373 2480 2476 2547 qui
2496 2479 2777 2531 reritatem
2804 2478 3010 2532 Christi
3027 2477 3333 2546 prmdicare
3352 2478 3628 2545 negligant.

2208 2565 2317 2635 (Em
2379 2566 2522 2619 decr.
2602 2567 2776 2620 Marci
2850 2580 3033 2633 paper,
3103 2567 3486 2633 Egyptiorum
3555 2566 3772 2634 episcopis

2121 2656 2326 2720 missis,
2378 2670 2498 2723 cap.
2545 2654 2623 2722 3.)
2669 2653 2768 2710 Vae
2807 2653 2960 2706 enim
2992 2653 3102 2706 erit
3132 2653 3319 2719 nobis,
3363 2653 3463 2723 qui
3497 2653 3650 2722 hujus
3686 2653 3772 2704 mi-

2124 2742 2344 2796 nisterii
2385 2758 2531 2795 onus
2564 2746 2893 2810 susceptum
2945 2739 3244 2809 habemus,
3293 2740 3346 2794 si
3371 2741 3647 2795 veritatem
3671 2739 3773 2794 Sal-

2126 2831 2332 2885 vatoris
2379 2829 2562 2884 nostri
2613 2831 2744 2884 Jesu
2795 2829 3024 2894 Christi,
3079 2845 3254 2900 quam
3311 2829 3554 2901 apostoli
3596 2827 3774 2899 praedi-

2123 2923 2413 2984 caverunt,
2443 2918 2756 2989 praedicare
2801 2918 3241 2988 neglexerimus.
3279 2919 3376 2973 Vae
3407 2918 3512 2972 erit
3546 2916 3708 2983 nobis,
3736 2913 3773 2967 si

2046 3005 2085 3058 C
2126 3007 2352 3061 silentio
2394 3007 2693 3066 veritatem
2737 3005 3213 3077 oppresserimus,
3245 3007 3348 3076 qui
3381 3021 3606 3076 erogare
3637 3019 3772 3058 num-

2123 3096 2380 3150 mulariis
2405 3095 2699 3166 jubemur,
2731 3095 2788 3149 id
2819 3099 2925 3161 est,
2958 3093 3308 3148 Christianos
3339 3095 3576 3165 populos
3594 3092 3776 3147 imbue-

2122 3201 2182 3239 re
2235 3190 2293 3238 et
2333 3185 2558 3238 docere.
2607 3183 2752 3248 Quid
2800 3182 2861 3236 in
2912 3182 3095 3253 ipsius
3126 3182 3335 3238 Christi
3377 3183 3563 3237 futuro
3602 3180 3773 3235 dicturi

2121 3285 2319 3323 sumus
2349 3267 2630 3332 examine,
2681 3266 2726 3321 si
2760 3265 3044 3321 sermonis
3073 3267 3198 3336 ejus
3245 3266 3538 3321 veritatem
3569 3265 3770 3320 confun-

2117 3348 2314 3412 dimur
2357 3356 2669 3427 prazdicare
2690 3355 2718 3411 ?
2749 3354 2894 3419 Quid
2932 3354 3044 3409 erit
3073 3355 3142 3408 de
3176 3354 3362 3422 nobis,
3393 3371 3521 3410 cum
3557 3354 3621 3408 de
3647 3368 3775 3407 com-

2121 3446 2308 3500 missis
2351 3445 2518 3500 nobis
2548 3443 2870 3508 animabus,
2918 3446 2974 3496 et
3013 3442 3082 3496 de
3125 3442 3312 3496 ofﬁcio
3354 3447 3605 3514 suscepto
3632 3441 3772 3495 ratio-

915 3539 1280 3605 Interrogatio
1310 3541 1398 3592 88.
2117 3550 2253 3588 nem
2303 3535 2492 3604 justus
2528 3532 2706 3603 judex
2764 3529 3020 3586 Christus
3077 3531 3226 3584 Deus
3279 3535 3478 3585 noster
3504 3529 3774 3584 districtam

384 3627 863 3700 Interrogandum
894 3627 939 3680 si
989 3626 1361 3692 oblationem,
1401 3625 1457 3680 id
1488 3629 1572 3679 est
1600 3640 1810 3696 panem
1840 3630 1898 3680 et
1927 3626 2011 3679 vi-
2117 3621 2415 3692 exegerit?

313 3738 476 3787 num,
512 3719 620 3773 viri
660 3722 716 3772 et
768 3715 1002 3770 feminae
1051 3716 1122 3769 ad
1149 3715 1342 3769 Missas
1372 3714 1634 3780 offerant,
1689 3719 1748 3768 et
1799 3714 1846 3767 si
1896 3730 2010 3768 non
2119 3727 2246 3782 CAP.
2301 3725 2470 3780 xmx,
2509 3755 2573 3764 .-
2631 3723 2783 3790 Quod
2829 3725 3138 3793 episcopum
3187 3728 3438 3792 θρονιεαε
3489 3723 3597 3776 sine
3637 3723 3773 3774 ίηεεν.

259 3835 263 3839 ~
311 3809 416 3863 viri
462 3807 738 3878 conjuges
792 3803 1056 3868 offerant,
1097 3818 1206 3873 pro
1260 3819 1320 3856 se
1370 3803 1602 3874 suisque
1635 3800 1901 3856 omnibus
1948 3806 2011 3856 ut
2256 3799 2512 3850 missione
2539 3796 2845 3850 Ecclesiam
2871 3809 3035 3850 suam
3065 3795 3250 3848 docere
3270 3799 3321 3848 et
3340 3808 3544 3847 amare.

311 3899 369 3953 in
398 3913 612 3952 canone
641 3891 1016 3950 continetur?
2189 3885 2340 3955 (Cap.
2378 3885 2635 3939 Evaristi
2656 3898 2818 3952 papa
2863 3884 2921 3948 V,
2963 3883 3208 3937 omnibus
3235 3897 3336 3951 per
3361 3884 3645 3951 Egyptian
3676 3879 3776 3946 frao

384 3989 510 4042 CAP.
569 3985 720 4040 XCV.
778 4012 850 4022 ——
898 3983 964 4036 Ut
1020 3983 1257 4050 episcopi
1329 3981 1493 4035 libros
1560 3979 1848 4047 gentilium
1904 3994 2009 4035 non
2120 3973 2293 4027 tribus
2311 3973 2581 4042 missum.)
2617 3971 2952 4041 Episcopum
2979 3986 3111 4024 vero
3143 3975 3378 4041 oportet
3407 3974 3711 4040 opportune
3733 3969 3777 4017 et

1065 4053 1265 4119 ιεΩαηεο
2116 4061 2446 4131 importune
2485 4064 2655 4131 atque
2695 4058 2818 4113 sine
2847 4058 3272 4112 intermissione
3310 4059 3612 4112 Ecclesiam
3643 4067 3776 4108 suam

943 2037 1303 2102 Interrogatio
1336 2037 1422 2090 83.

395 2120 488 2173 Est
539 2119 748 2192 aliquis
802 2122 902 2193 qui
957 2124 1253 2177 ecclesiam
1309 2128 1407 2178 aut
1453 2123 1726 2178 clericum
1776 2124 2019 2195 fatigare

325 2210 756 2280 praesumpserit
775 2211 804 2265 ?

956 2301 1316 2368 Interrogatio
1339 2301 1426 2355 84.

395 2384 814 2455 Inquirendum
875 2387 945 2442 de
1013 2389 1232 2459 refugis
1281 2393 1337 2442 et
1382 2388 1618 2459 perﬁdis
1682 2389 1902 2444 clericis
1963 2394 2022 2445 et

321 2470 501 2527 laicis.
779 2471 782 2473 Α

944 2567 1302 2634 Interrogatio
1324 2568 1410 2621 85.

392 2649 852 2706 Percontandum
885 2653 954 2708 (le
999 2655 1322 2710 confratriis
1371 2659 1430 2710 et
1471 2653 1888 2710 fraternitatem
1925 2671 2015 2710 so-

317 2735 616 2792 cietatibus
646 2741 892 2810 qualiter
917 2741 976 2795 in
1007 2741 1280 2813 parochia
1311 2748 1573 2814 agantur.

919 2832 1279 2897 Interrogatio
1309 2833 1374 2885 86
1388 2870 1404 2886 .

388 2915 872 2988 Interrogandum
905 2919 951 2972 si
990 2919 1210 2973 cantica
1256 2919 1450 2990 turpia
1489 2923 1545 2973 et
1569 2919 1744 2973 risum
1777 2936 2012 2975 moven-

317 2999 397 3055 tia
422 3003 629 3074 aliquis
657 3005 806 3059 circa
840 3006 1134 3062 ecclesiam
1165 3013 1396 3061 cantare
1417 3013 1747 3078 praesumat.

931 3097 1296 3162 Interrogatio
1326 3098 1414 3150 87.

386 3178 840 3249 Perquirendum
892 3184 939 3236 si
977 3183 1189 3254 aliquis
1219 3183 1516 3237 ecclesiam
1561 3182 1805 3246 intrans,
1853 3183 2013 3238 fabu-

314 3264 384 3317 lis
418 3282 616 3322 vacare
642 3271 956 3337 consuevit,
989 3276 1045 3325 et
1075 3287 1189 3324 non
1221 3271 1526 3342 diligenter
1552 3272 1834 3325 auscultat
1862 3272 2012 3326 divi-

315 3369 390 3407 na
410 3356 662 3430 eloquia,
694 3365 751 3416 et
794 3360 840 3414 si
874 3365 1184 3431 antequam
1233 3360 1396 3415 Missa
1426 3359 1680 3427 ﬁniatur,
1721 3360 1791 3414 de
1832 3360 2010 3414 eccle-

316 3457 398 3511 sia
420 3449 674 3510 exierit?

385 4148 497 4213 (Ea:
549 4143 739 4199 concil.
786 4141 1082 4209 Carthag.,
1129 4155 1249 4208 cap.
1295 4140 1408 4209 l6.)
1438 4138 1508 4193 Ut
1535 4137 1790 4208 episcopi
1832 4137 2008 4192 libros

2142 4151 2318 4204 locere
2338 4164 2578 4220 eamque
2595 4147 2909 4219 prudenter
2931 4162 3129 4218 regere
3147 4151 3203 4201 et
3221 4162 3438 4214 amare,
3463 4151 3525 4201 ut
3543 4163 3575 4200 a
3589 4143 3776 4197 vitiisse

312 4233 613 4305 gentilium
661 4246 774 4284 non
823 4228 1042 4299 legant:
1080 4227 1480 4282 haereticorum
1523 4232 1716 4282 autem
1760 4242 1865 4298 pro
1906 4242 2005 4282 ne-

2142 4238 2416 4306 ibstineat,
2471 4243 2534 4291 ut
2584 4238 2826 4291 salutem
2875 4236 3147 4307 consequi
3200 4237 3384 4306 possit
3421 4241 3698 4290 aeternam.
3725 4229 3780 4284 Et

311 4322 570 4376 cessitate
595 4323 650 4372 et
671 4323 949 4387 tempore.
2033 4322 2073 4331 ”
2114 4328 2213 4382 illa
2239 4343 2368 4381 cum
2401 4330 2558 4381 tanta
2605 4325 2924 4379 reverentia
2971 4324 3095 4395 ejus
3122 4324 3447 4379 doctrinam
3479 4323 3637 4378 debet
3672 4334 3774 4374 sus-

312 4410 440 4465 Csr.
477 4408 650 4487 CXVI.
699 4407 891 4487 —,Ut
943 4406 1234 4487 cpiscopi,‘
1247 4408 1413 4473 prout
1457 4404 1650 4487 uulgus
1703 4404 2003 4487 intelligere

2143 4417 2325 4487 ipere,
2376 4431 2625 4484 eumque
2678 4429 2872 4467 amare
2911 4417 2969 4467 et
3005 4412 3269 4483 diligere,
3310 4419 3376 4466 ut
3425 4413 3664 4482 legatum
3693 4405 3774 4460 Dei

581 4476 1339 4574 ffﬁﬁiﬂ‘fi’fﬂLOIlfofﬂajfﬂ,
1366 4477 1659 4530 communis
1699 4476 1899 4543 “nam”
1926 4477 2001 4528 α’
2109 4476 2183 4560 et.
2217 4476 2548 4574 praeconem
2571 4501 2841 4567 veritatis,
2874 4500 3032 4572 quia,
3057 4476 3300 4555 testante
3333 4476 3594 4563 Veritate,
3616 4494 3772 4567 quod-

381 4548 552 4605 lorum
577 4548 1020 4619 praedicationem
1048 4550 1359 4614 temperent.
2110 4548 2166 4560 "'
2219 4548 2542 4602 """",'""’
2583 4548 2841 4601 '.‘"“""
2877 4548 3032 4572 1""
3063 4548 3299 4599 """".'
3350 4548 3594 4599 ',‘"""’
3624 4548 3670 4567 "
3724 4581 3732 4591 .

383 4641 504 4664 n,_
534 4638 699 4664 ωηι,
761 4636 1001 4664 3mm“.
1054 4649 1151 4664 ,Μ
1213 4637 1266 4664 η
1306 4632 1324 4664 χ
1357 4634 1423 4664 ιτ,
1469 4631 1714 4664 Mm“;
1772 4632 1998 4664 cunmm
2109 4609 2335 4664 cunque
2385 4593 2647 4662 ligaverit
2687 4605 2862 4661 super
2911 4595 3146 4655 terram,
3193 4594 3301 4643 erit
3351 4589 3588 4658 ligatum
3631 4588 3681 4638 et
3719 4596 3769 4634 ιη

382 4641 504 4710 (Ea:
529 4638 716 4693 concil.
755 4636 1018 4702 Remensi,
1053 4649 1172 4703 cap.
1213 4632 1324 4700 ll.)
1357 4634 1427 4687 Ut
1469 4631 1719 4702 episcopi
1772 4632 1999 4686 Sermo-

306 4746 408 4784 nes
438 4734 494 4782 et
526 4725 809 4782 Homelias
831 4728 1157 4777 sanctorum
1191 4723 1446 4790 Patrum,
1477 4725 1651 4792 prout
1688 4735 1886 4774 omnes
1911 4719 2000 4772 in-

306 4818 563 4889 telligere
601 4813 844 4886 possint,
869 4811 1180 4866 secundum
1211 4809 1623 4882 proprietatem
1678 4806 2002 4863 communis

305 4907 516 4977 linguae
548 4903 858 4976 praedicare
888 4901 1173 4955 studeant.

306 4994 414 5048 CAP
457 4992 700 5048 XCXVll.
746 5019 816 5030 --
863 4989 1220 5059 Reprehensio
1262 4989 1500 5059 episcopi
1545 4989 1604 5041 in
1649 4987 1864 5059 pulpito
1898 5000 2004 5059 pa,-

372 5081 538 5133 ganos
571 5063 735 5118 libros
791 5057 1128 5130 exponentis,
1177 5074 1235 5113 eo
1279 5057 1424 5128 quod
1469 5073 1588 5113 cum
1635 5059 1795 5111 Jovis
1825 5057 2006 5110 laudi-

374 5137 472 5188 bus
493 5136 697 5190 Christi
722 5133 908 5188 taudes
935 5147 1045 5185 non
1075 5134 1412 5185 conveniant.

376 5222 479 5288 (Ea:
521 5237 636 5287 reg.
705 5219 780 5274 ad
846 5219 1191 5274 Desiderium
1237 5216 1400 5286 episc.
1448 5217 1667 5281 Gallias,
1709 5232 1832 5285 cap.
1885 5215 2001 5285 84.)

304 5310 444 5364 Cum
503 5311 682 5363 multa
728 5307 896 5362 nobis
933 5309 1087 5362 bona
1133 5307 1202 5361 de
1251 5304 1454 5360 vestris
1505 5304 1746 5358 fuissent
1799 5304 2004 5358 studiis

301 5397 588 5464 nunciata,
622 5397 700 5451 ita
745 5396 902 5450 cordi
945 5402 1142 5450 nostro
1177 5399 1262 5448 est
1287 5399 1423 5447 nata
1453 5391 1670 5456 laetitia,
1710 5396 1776 5446 ut
1821 5407 2002 5462 nega-

301 5504 364 5542 re
438 5502 503 5542 ea
571 5484 680 5539 sibi
737 5485 1064 5539 fraternitas
1143 5489 1332 5538 vestra
1405 5479 1765 5544 concedenda
1821 5496 2000 5550 popo-

300 5583 502 5644 scerat,
535 5574 777 5631 minime
802 5579 1152 5644 pateremur.
1193 5572 1298 5629 Sed
1347 5575 1474 5642 post
1502 5570 1608 5625 hoc
1637 5569 1903 5639 pervenit
1931 5570 1999 5622 ad

2109 4683 2272 4747 coelo,
2306 4685 2362 4734 et
2415 4679 2800 4750 quodcunque
2831 4677 3065 4733 solverit
3092 4693 3266 4748 super
3294 4682 3530 4743 terram,
3567 4673 3668 4728 erit
3692 4686 3771 4723 so-

2110 4772 2294 4825 lutum
2326 4773 2380 4822 et
2410 4768 2470 4822 in
2501 4767 2675 4821 caelis.

2184 4875 2312 4930 CAP.
2348 4875 2407 4929 C.
2431 4905 2498 4914 —
2527 4874 2610 4928 De
2629 4874 2942 4996 ignozantia
2964 4871 3234 4996 omnibus,
3257 4874 3498 4925 maxime
3517 4864 3779 4922 sacerdoti-

2797 4958 2879 4996 us.
2910 4946 3072 4996 uitan
3113 4959 3168 4995 a.

2797 4958 2879 5009 us,
2910 4946 3168 4998 uitanda.

2189 5035 2310 5105 (Ex
2367 5034 2557 5088 concil.
2595 5033 2845 5086 Toletano
2875 5035 2928 5095 5,
2979 5047 3095 5100 cap.
3126 5029 3240 5100 25.)
3270 5027 3598 5100 Ignorantia
3625 5026 3782 5078 mater

2111 5128 2450 5178 cunctorum
2501 5135 2786 5187 errorum,
2847 5119 3094 5174 maxime
3148 5119 3209 5172 in
3267 5116 3650 5172 sacerdotibus
3699 5107 3782 5163 Dei

2111 5211 2342 5267 vitanda
2371 5215 2478 5277 est,
2531 5209 2632 5281 qui
2687 5207 2929 5264 docendi
2979 5206 3231 5262 ofﬁcium
3268 5206 3327 5260 in
3363 5205 3780 5276 populis‘susce-

2111 5305 2344 5373 perunt.
2403 5297 2734 5353 Sacerdotes
2789 5296 2945 5350 enim
3002 5295 3194 5366 legere
3261 5299 3456 5348 sancta
3519 5289 3783 5360 Scriptura

2114 5389 2407 5454 admonet,
2460 5387 2636 5441 Paulo
2687 5385 2946 5456 apostolo
2996 5384 3217 5438 dicente
3284 5382 3352 5438 ad
3396 5379 3776 5436 Timotheum:

2111 5477 2352 5532 Intende
2407 5473 2656 5540 lectioni,
2705 5471 3110 5529 exhortationi.
3144 5471 3408 5525 Doctores
3465 5479 3681 5536 semper
3727 5473 3777 5513 se

2114 5579 2455 5638 permanere
2485 5563 2546 5618 in
2579 5563 2670 5618 his
2699 5562 2899 5618 sciant.
2932 5561 3116 5633 Igitur
3145 5559 3462 5615 sacerdotes
3489 5554 3776 5626 Scripturas
