3960 6192
173 341 261 393 581
1160 334 1640 392 DECRETORUM
1686 335 1870 390 LIBRI
1912 335 2019 389 XX.
2062 365 2129 373 -—
2171 335 2377 390 LIBER
2424 335 2697 390 PRIMUS.

3581 340 3682 392 58?

170 466 389 516 sanctas
420 467 475 515 et
504 477 747 515 canones
780 460 1142 527 meditemur,
1189 466 1255 514 ut
1287 476 1458 514 omne
1490 476 1635 531 Opus
1666 475 1865 514 eorum
1898 462 1945 515 A
1985 474 2113 532 CAP,
2151 475 2335 529 cvm,
2364 505 2435 515 _
2463 478 2529 531 Ut
2558 477 2741 530 nullus
2788 478 3067 545 episcopus
3098 478 3156 529 in
3188 478 3419 531 alterius
3448 481 3685 547 episcopi

174 553 227 606 in
265 552 681 622 praedicatione
725 555 780 604 et
829 550 1087 604 doctrina
1128 549 1421 613 consistat,
1473 556 1645 620 atque
1694 550 1873 603 aedili-

174 645 299 693 cent
332 644 565 693 cunctos
596 643 712 692 tam
746 637 880 692 ﬁdei
910 636 1167 704 scientia,
1202 652 1375 706 quam
1428 652 1669 707 operum
1715 635 1877 690 disci-

175 728 352 798 plina.

177 815 302 869 CAP.
338 815 424 869 Cl.
453 842 526 855 —
582 816 646 869 Ut
674 816 961 884 episcopus
993 813 1332 939 [diisidentes
1375 812 1701 867 concordare
1744 826 1878 867 com-

924 902 990 939 pe
1034 902 1067 938 a
1104 926 1118 938 .

922 902 1093 955 peuat
1104 926 1118 938 .

248 974 371 1043 (Ea:
402 974 591 1027 concil.
638 975 891 1042 Cartha.,
922 990 1043 1043 cap.
1082 976 1195 1040 26.)
1224 973 1582 1028 Studendum
1613 971 1878 1042 episcopo

182 1068 243 1116 ut
287 1062 631 1116 dissidentes
679 1062 903 1127 fratres,
952 1061 1068 1115 sive
1115 1061 1370 1130 clericos,
1415 1061 1530 1114 sive
1578 1061 1776 1126 laicos,
1808 1057 1881 1113 ad

179 1164 379 1219 pacem
408 1150 589 1220 magis
621 1165 793 1219 quam
823 1151 892 1204 ad
914 1150 1195 1220 judicium
1224 1151 1504 1204 hortetur.

183 1256 309 1310 Car.
347 1255 457 1310 Cll.
488 1284 561 1297 —
603 1258 669 1310 Ut
702 1259 759 1309 in
808 1256 894 1309 die
929 1258 1203 1395 Βοηῆδήἰῗα
1242 1272 1423 1310 rerum
1462 1255 1881 1324 dijudicationes

887 1342 993 1381 non
1062 1343 1176 1381 an.

887 1342 993 1381 non
1023 1342 1176 1381 nant.

251 1431 363 1502 (Ea:
387 1433 576 1485 concil.
602 1431 894 1499 Spalensi.,
945 1446 1066 1499 cap.
1102 1430 1182 1499 2.)
1220 1430 1290 1483 Ut
1333 1430 1527 1483 nullus
1558 1428 1880 1498 episcopus,

181 1521 266 1574 vel
300 1520 450 1574 infra
479 1520 721 1590 positus,
754 1519 846 1573 die
892 1519 1189 1573 Dominica
1231 1535 1425 1573 causas
1449 1518 1704 1589 judicare
1735 1534 1883 1588 pras-

185 1613 396 1663 sumat.

2051 549 2314 615 parochia
2362 547 2437 599 ad
2478 547 2865 616 promotionem
2905 550 3200 602 ministerii
3248 550 3497 602 accedere
3538 565 3682 619 prae-

2055 622 2253 670 sumat.

2059 724 2169 792 (Em
2190 723 2374 777 concil.
2408 723 2688 793 Antioch,
2718 740 2838 792 cap.
2878 724 2990 791 l3.)
3034 724 3235 779 Nullus
3280 724 3585 796 episcopus
3618 741 3687 779 ex

1989 810 2101 864 alia
2150 812 2445 881 provincia
2488 813 2710 867 ‘audeat
2764 814 2831 866 ad
2886 814 3058 867 aliam
3108 814 3451 883 transgredi,
3508 821 3566 868 et
3613 816 3683 868 ad

1986 901 2411 970 promotionem
2470 900 2776 955 ministerii
2832 902 3053 972 aliquos
3098 902 3157 956 in
3211 902 3472 956 Ecclesiis
3532 903 3687 956 ordi-

1989 1003 2149 1052 nare,
2192 988 2321 1042 licet
2352 1005 2691 1042 consensum
2740 990 3044 1044 videantur
3096 990 3353 1060 prazbere
3402 992 3687 1056 nonnulli,

1990 1074 2100 1129 nisi
2129 1075 2337 1129 litteris
2371 1082 2485 1130 tam
2515 1078 2953 1148 Metropolitani,
2988 1095 3161 1149 quam
3193 1086 3550 1140 cmterorum,
3590 1080 3689 1150 qui

1992 1180 2121 1217 cum
2167 1181 2233 1218 eo
2266 1170 2418 1231 sunt,
2452 1165 2855 1235 episcoporum
2904 1170 3138 1236 rogatus
3184 1167 3468 1234 adveniat,
3518 1174 3575 1221 et
3613 1170 3691 1220 sic

1992 1253 2063 1307 ad
2116 1253 2400 1308 actionem
2456 1254 2833 1308 ordinationis
2886 1256 3131 1309 accedat.
3195 1255 3249 1309 Si
3304 1272 3461 1322 vero,
3529 1256 3689 1309 nullo

1990 1348 2252 1409 vocante,
2282 1342 2611 1396 inordinate
2643 1360 2799 1397 more
2827 1343 3173 1413 deproperat
3202 1361 3375 1413 surer
3400 1344 3688 1415 aliquibus

1995 1430 2478 1498 ordinationibus,
2545 1436 2601 1485 et
2660 1431 3054 1485 ecclesiasticis
3121 1433 3367 1502 negotiis
3426 1434 3495 1486 ad
3561 1449 3689 1486 eum

1994 1534 2110 1571 non
2143 1517 2567 1588 pertinentibus
2614 1519 3025 1588 componendis
3060 1535 3071 1572 :
3108 1519 3267 1572 irrita
3297 1518 3528 1589 quidem
3560 1537 3689 1590 quae

1995 1607 2065 1659 ab
2098 1622 2163 1659 eo
2198 1610 2478 1675 geruntur
2499 1606 2777 1659 existant-
2798 1608 2923 1676 Ipse
2949 1623 3081 1661 vero
3110 1607 3478 1678 incompositi
3503 1615 3694 1661 motus

182 1716 311 1770 CAP.
348 1716 489 1770 cm.
533 1743 599 1754 _._
652 1717 719 1769 De
761 1714 1053 1767 domestica
1095 1718 1144 1767 ετ
1192 1716 1441 1768 intem-or,-
1490 1715 1886 1767 εοηυρνεαείοηε
1919 1736 1959 1789 Β
1999 1694 2106 1761 sui,
2141 1700 2195 1748 et
2215 1694 2626 1748 irrationabilis
2656 1694 2907 1748 audacias
2937 1696 3138 1750 subeat
3166 1696 3467 1763 ultionem,
3500 1713 3565 1759 ex
3588 1696 3692 1749 hoc

839 1788 1227 1854 episcoporum.

253 1891 364 1961 (Ea:
395 1893 583 1945 concil.
616 1891 929 1953 Aurelian,
959 1906 1078 1959 cap.
1113 1889 1187 1960 5.)
1220 1890 1473 1944 Decrevit
1501 1894 1692 1944 sancta
1724 1906 1888 1960 syno-

185 1981 291 2035 dus
323 1980 692 2033 domesticam
742 1984 800 2032 et
846 1979 1177 2033 interiorem
1212 1978 1462 2050 episeopi
1502 1979 1885 2032 conversatio-

186 2086 317 2123 nem
349 2069 525 2122 totius
555 2067 1013 2138 reprehensionis
1054 2074 1220 2137 atque
1253 2068 1592 2139 suspicionis
1624 2068 1887 2139 impene-

188 2158 455 2212 trabilem
500 2156 624 2210 ﬁeri
654 2156 883 2221 debere,
926 2162 988 2209 ut
1010 2157 1173 2226 juxta
1218 2159 1551 2227 Apostolum
1582 2157 1886 2227 providea-

187 2262 317 2300 mus
376 2246 546 2313 bona,
600 2262 714 2299 non
762 2246 947 2299 solum
996 2261 1186 2299 coram
1240 2248 1383 2319 Deo,
1432 2247 1529 2299 sed
1572 2247 1744 2300 etiam
1794 2262 1887 2300 co-

186 2352 314 2389 ram
384 2334 653 2387 omnihus
718 2334 1067 2388 hominibus.
1132 2335 1369 2405 Oportet
1430 2335 1605 2404 igitur
1662 2339 1725 2387 ut
1790 2350 1887 2387 cu-

186 2424 382 2478 biculo
442 2422 695 2493 episcopi
758 2428 813 2476 et
869 2423 1270 2476 secretioribus
1328 2423 1677 2493 quibuslibet
1728 2422 1887 2476 obse-

188 2508 345 2578 quiis
406 2508 645 2561 sinceraa
700 2506 992 2577 Opinionis
1049 2508 1366 2561 sacerdotes
1427 2512 1482 2561 et
1547 2507 1736 2561 clerici
1795 2523 1890 2559 as—

192 2597 426 2660 sistant,
498 2596 596 2667 qui
661 2596 1026 2666 vigilantem,
1095 2602 1386 2665 orantem,
1443 2612 1600 2650 sacra
1661 2594 1893 2666 eloquia

191 2682 567 2750 scfutantem,
595 2685 928 2755 episcopum
956 2700 1123 2738 suum
1154 2685 1367 2755 jugiter
1393 2685 1710 2751 attendant,
1740 2684 1891 2754 ejus-

190 2790 305 2845 que
354 2778 565 2827 sancta:
612 2773 1061 2827 conversationis
1104 2778 1297 2841 testes,
1349 2773 1685 2840 imitatores,
1734 2779 1791 2826 et
1821 2773 1893 2828 ad

193 2864 294 2917 Dei
326 2864 575 2933 gloriam
602 2861 1026 2931 praedicationis
1052 2861 1311 2915 existant.

197 2967 329 3023 CAP.
366 2970 500 3025 CIV.
534 3000 602 3009 —
654 2971 721 3024 Ut
772 2971 1048 3039 episcopus
1100 2971 1260 3037 quasi
1291 2968 1484 3038 hospes
1522 2982 1577 3021 se
1623 2968 1895 3022 continere

939 3040 1145 3094 debeat.

262 3151 373 3219 (Ea:
429 3150 596 3204 dictis
643 3149 897 3217 August.)
945 3148 1253 3218 Episcopus
1300 3147 1466 3219 quasi
1514 3148 1723 3218 hospes
1769 3147 1895 3202 ﬁeri

192 3236 387 3299 debet.
438 3241 493 3290 et
524 3237 801 3306 privatam
851 3236 1085 3289 domum
1137 3250 1255 3287 non
1307 3233 1533 3300 habeat,
1587 3234 1686 3287 sed
1733 3234 1894 3305 quasi

192 3325 401 3395 hospes
436 3341 556 3378 esse
614 3324 800 3389 debet,
849 3328 911 3376 ut
959 3321 1213 3378 Christus
1263 3322 1383 3377 ait:
1419 3322 1594 3377 Filius
1640 3322 1895 3377 hominis

198 3429 315 3467 non
347 3412 522 3467 habet
552 3413 649 3467 ubi
674 3418 843 3483 caput
873 3428 1040 3465 suum
1070 3411 1327 3465 reclinet.

194 3518 324 3573 CAP.
374 3520 481 3574 CV.
521 3550 589 3559 -—
640 3520 705 3573 Ut
754 3520 993 3588 episcopi
1032 3521 1346 3586 frequenter
1374 3518 1574 3573 Missas
1614 3517 1889 3571 celebrent.

264 3626 377 3695 (Ea:
419 3626 608 3679 concil.
657 3624 943 3685 Arausico.
996 3639 1117 3692 cap.
1170 3623 1245 3693 3.)
1292 3621 1624 3683 Statuimus,
1673 3626 1735 3675 ut
1776 3638 1893 3675 non

191 3718 418 3767 tantum
466 3712 778 3767 Dominicis
822 3712 1042 3778 diebus,
1084 3718 1139 3765 et
1168 3711 1469 3782 pra-cipuis
1497 3710 1893 3764 festivitatibus

190 3801 450 3872 episcopi
497 3801 690 3855 Missas
734 3799 1044 3866 celebrent,
1080 3799 1175 3853 sed
1220 3815 1349 3853 cum
1397 3798 1668 3869 possibile
1699 3798 1890 3864 fuerit,

189 3889 533 3960 quotidiana
580 3904 812 3961 quoque
857 3888 1132 3943 sacrificia
1163 3888 1549 3958 frequentem,
1603 3902 1707 3941 nec
1740 3872 1893 3941 fasti-

190 3977 379 4031 diant.

193 4082 325 4138 Cn.
359 4083 471 4138 CVI
539 4114 607 4123 —
655 4085 734 4139 Ne
783 4084 1059 4151 episcopus
1102 4083 1280 4152 pretio
1337 4086 1622 4151 corruptus
1666 4082 1893 4135 alterius

607 4156 859 4209 clericum
889 4154 1146 4207 ordinare
1168 4157 1485 4222 praesumat.

262 4260 376 4323 (Ea:
404 4260 593 4313 concil.
625 4259 981 4320 Hannerensi,
1015 4273 1134 4327 cap.
1179 4258 1255 4327 l.)
1288 4256 1567 4313 Omnibus
1614 4256 1891 4311 ministris

191 4346 589 4400 ecclesiasticae
676 4346 973 4416 dignitatis
1056 4345 1486 4414 interdicimus,
1560 4350 1623 4399 ut
1699 4346 1892 4399 nullus

191 4450 545 4505 quocunque
584 4450 824 4488 munere
872 4439 971 4488 aut
1016 4434 1209 4487 favore
1257 4438 1578 4503 corruptus,
1621 4434 1891 4488 clericum

190 4523 434 4577 alterius
493 4524 778 4594 parochiaa
832 4523 1078 4577 latenter
1140 4539 1204 4575 ac
1259 4522 1464 4577 furtive
1525 4522 1595 4576 ad
1663 4522 1893 4577 ordina-

189 4610 414 4663 tionem
465 4610 938 4664 subintroducere
990 4614 1318 4680 praesumat.
1371 4608 1532 4673 Quod
1586 4609 1633 4661 si
1676 4609 1893 4677 fecerit,

186 4699 356 4768 juxta
389 4698 851 4752 Chalcedonense
902 4698 1215 4760 decretum,
1247 4697 1295 4751 is
1343 4698 1443 4767 qui
1472 4698 1753 4752 mediator
1797 4715 1891 4752 ex-

191 4786 357 4852 stitit,
390 4786 438 4839 si
469 4787 706 4840 clericus
750 4791 854 4849 est,
888 4787 1126 4856 proprio
1159 4787 1340 4857 gradu
1367 4785 1608 4853 decidat,
1640 4788 1688 4841 si
1716 4788 1895 4842 laicus

193 4876 295 4924 aut
318 4872 649 4939 monachus,
684 4874 1217 4928 anathematizetur.

194 4976 325 5031 CAP.
363 4977 518 5033 CVII.
554 5008 622 5016 —
677 4979 741 5033 Ut
791 4981 1070 5046 episcopus
1117 4980 1333 5033 clericos
1378 4980 1603 5034 alterius
1622 4982 1897 5049 parochias

754 5050 1062 5103 nullatenus
1098 5050 1334 5105 ordinet.

270 5156 381 5220 (Es:
439 5155 625 5208 concil.
683 5156 1008 5222 Parisiensi,
1061 5170 1183 5224 cap.
1253 5157 1361 5225 32.)
1421 5155 1729 5227 Episcopus
1779 5174 1897 5212 non

190 5242 505 5295 constituat
554 5243 919 5315 presbyteros
961 5248 1059 5297 aut
1089 5243 1356 5297 diaconos
1401 5245 1567 5299 alteri
1613 5244 1896 5315 subjectos

188 5329 485 5400 episcopo,
538 5330 645 5383 nisi
677 5331 823 5385 forte
856 5346 988 5385 cum
1020 5332 1256 5385 consilio
1287 5336 1343 5385 et
1371 5332 1661 5387 voluntate
1692 5333 1893 5402 ipsius.

187 5417 247 5471 Si
328 5418 460 5489 quis
531 5424 723 5474 autem
802 5419 915 5473 tale
998 5419 1218 5490 aliquid
1300 5436 1469 5491 agere
1545 5422 1895 5490 tentaverit,

189 5506 360 5560 irrita
414 5507 489 5562 sit
542 5509 666 5579 ejus
715 5508 1019 5577 ordinatio,
1069 5513 1124 5563 et
1169 5508 1291 5580 ipse
1339 5516 1673 5565 coerceatur
1720 5527 1754 5566 a
1799 5528 1894 5583 sy-

188 5596 363 5650 nodo.

1990 1782 2112 1853 jam
2145 1782 2450 1836 damnatus
2479 1798 2511 1835 a
2542 1788 2737 1836 sancto
2769 1783 3031 1836 concilio.

1997 1886 2105 1940 Car
2149 1886 2278 1941 CIX.
2312 1916 2381 1925 —-
2427 1887 2502 1941 Ne
2545 1888 2826 1953 episcopus
2874 1887 3105 1940 alterius
3149 1887 3398 1941 Ecclesiae
3443 1886 3693 1940 clericum

2437 1956 2698 2010 audacter
2724 1956 2979 2010 invadere
3009 1961 3252 2011 atlentet.

2066 2064 2177 2119 (Ea:
2230 2064 2415 2117 concil.
2475 2065 2715 2127 Niceno,
2767 2078 2885 2132 cap.
2952 2065 3060 2131 16.)
3108 2064 3163 2117 Si
3220 2063 3349 2133 quis
3395 2063 3697 2134 episcopus

1996 2151 2267 2205 clericum
2314 2151 2384 2205 ad
2432 2151 2611 2205 alium
2660 2152 3045 2222 pertinentem
3096 2152 3365 2205 audacter
3405 2152 3695 2217 invadere,

1998 2246 2052 2294 et
2104 2241 2165 2294 in
2219 2256 2320 2293 sua
2376 2239 2621 2293 Ecclesia
2673 2240 2940 2293 ordinare
2996 2239 3319 2305 tentaverit,
3379 2256 3495 2294 non
3554 2257 3696 2294 con-

1998 2328 2277 2382 sentiente
2334 2328 2601 2398 episcopo
2651 2344 2683 2381 a
2731 2344 2845 2399 quo
2900 2327 3177 2393 discessit,
3237 2328 3283 2381 is
3332 2328 3432 2398 qui
3480 2330 3695 2399 regulae

1999 2417 2388 2487 mancipatur,
2457 2416 2745 2470 ordinatio
2812 2414 3147 2486 hujusmodi
3207 2416 3369 2470 irrita
3432 2432 3696 2487 compro-

2001 2506 2189 2560 betur.

2002 2611 2129 2665 CAP.
2171 2610 2275 2665 CX.
2324 2638 2387 2650 —
2434 2612 2512 2665 De
2553 2626 2659 2664 non
2691 2610 3085 2679 presumendis
3126 2612 3340 2666 illicitis
3389 2611 3694 2667 ordinatio-

2758 2682 2935 2735 nibus.

2074 2768 2181 2839 (Ea:
2222 2771 2380 2837 epist.
2405 2769 2679 2838 Simplicii
2704 2784 2837 2838 pap.
2870 2772 3041 2824 missa
3069 2772 3291 2839 Equitio
3331 2772 3617 2837 Florentio,
3648 2777 3698 2825 et

2004 2859 2151 2913 Seve.
2202 2859 2360 2925 epist.
2414 2871 2539 2927 cap.
2602 2857 2672 2927 ί.)
2724 2857 2942 2911 Relatio
2998 2874 3105 2912 nos
3146 2864 3346 2912 vestrae
3378 2860 3699 2914 dilectionis

2004 2945 2292 3011 instruxit,
2371 2949 2429 2999 et
2491 2950 2784 3014 gestorum
2851 2946 3027 3000 series
3091 2947 3321 3017 plenius
3387 2946 3698 3017 intimavit,

1928 3024 1968 3078 (ἶ
2007 3033 2385 3089 Gaudentium
2428 3033 2754 3088 Oftiniensis
2801 3034 3061 3089 Ecclesia:
3108 3036 3456 3089 sacerdotem
3500 3041 3700 3090 contra

2004 3126 2216 3175 statuta
2271 3137 2557 3176 canonum
2614 3139 2679 3176 ac
2728 3129 2920 3177 nostra
2976 3130 3261 3194 prazcepta
3311 3125 3701 3179 ordinationes

2001 3210 2231 3264 illicitas
2295 3216 2673 3281 perpetrasse.
2753 3212 3007 3275 Quarum
3078 3212 3162 3265 illi
3231 3218 3406 3267 totam
3472 3214 3701 3284 penitus

2003 3297 2217 3353 auferri
2267 3298 2635 3371 praecipimus
2664 3304 3023 3371 potestatem.
3076 3300 3417 3370 Scripsimus
3447 3302 3599 3355 enim
3631 3301 3702 3355 ad

2003 3388 2275 3443 Severum
2326 3388 2561 3443 fratrem
2615 3393 2670 3442 et
2720 3389 3114 3460 coepiscopum
3180 3395 3461 3455 nostrum,
3513 3395 3596 3455 ut,
3655 3391 3702 3443 si

2001 3491 2231 3530 necesse
2284 3476 2473 3541 fuerit,
2521 3477 2643 3547 ipse
2690 3477 2749 3530 in
2797 3478 3130 3547 supradicta
3184 3478 3450 3545 Ecclesia,
3510 3479 3697 3533 consi-

1999 3564 2210 3617 deratis
2270 3565 2502 3617 Patrum
2558 3565 2791 3634 regulis,
2858 3566 2964 3620 hoc
3015 3567 3291 3635 fungatur
3339 3567 3526 3620 oflicio
3586 3583 3700 3637 quo

2000 3651 2098 3705 ille
2148 3650 2356 3705 abusus
2405 3668 2528 3706 esse
2574 3652 2871 3707 convictus
2903 3658 2988 3707 est
3021 3670 3034 3707 :
3065 3654 3143 3707 ita
3172 3659 3238 3708 ut
3265 3654 3326 3707 hi
3377 3655 3477 3724 qui
3508 3655 3703 3709 illicite

2002 3741 2071 3793 ab
2103 3740 2304 3794 eodem
2336 3745 2470 3795 sunt
2513 3740 2787 3811 provecti,
2820 3742 2890 3796 ab
2932 3742 3337 3797 Ecclesiasticis
3368 3742 3701 3797 ministeriis

2000 3828 2206 3882 remoti
2236 3828 2369 3883 sint.

2002 3935 2128 3989 CAP.
2164 3933 2294 3988 CXI.
2344 3963 2416 3975 —
2462 3937 2537 3988 De
2565 3937 2813 4003 episcopo
2860 3950 2990 3988 caeco
3030 3936 3144 4002 qui,
3177 3949 3274 4002 per
3318 3935 3697 4004 presbyterum

2097 4020 2274 4073 suum,
2304 4005 2681 4075 presbyterum
2706 4011 2755 4059 et
2786 4005 3039 4060 diaconos
3060 4005 3192 4060 duos
3228 4009 3597 4061 ordinaverat.

2072 4093 2180 4164 (Ea:
2240 4095 2426 4148 concil.
2488 4096 2750 4162 Bragga.,
2818 4110 2939 4164 cap.
3006 4095 3089 4163 ὅ.)
3160 4095 3245 4149 Ad
3311 4095 3700 4167 cognitionem

2001 4182 2181 4236 nostri
2222 4182 2499 4236 examinis
2551 4183 2856 4237 Gabrensis
2915 4183 3142 4238 diaconi
3198 4185 3383 4238 relatu
3443 4185 3706 4254 pervenit

2004 4268 2072 4322 de
2105 4268 2448 4339 quibusdam
2492 4269 2676 4340 ipsius
2708 4269 2970 4341 Ecclesiae
3000 4270 3240 4337 clericis,
3273 4286 3519 4342 quorum
3565 4274 3702 4325 dum

2005 4373 2153 4411 unus
2183 4357 2251 4411 ad
2282 4358 2642 4429 presbyterii,
2686 4358 2799 4413 duo
2838 4359 2909 4413 ad
2941 4359 3265 4413 Levitarnm
3317 4359 3701 4413 ministerium

2002 4449 2489 4513 consecrarentur,
2546 4446 2849 4517 episcopus
2897 4452 3091 4501 autem
3152 4460 3351 4502 eorum
3406 4450 3701 4502 oculorum

2003 4534 2199 4589 dolore
2230 4533 2519 4603 detentus,
2550 4534 2730 4588 fertur
2761 4551 2996 4589 manum
3030 4552 3193 4590 suam
3226 4553 3401 4607 super
3438 4538 3539 4591 hos
3575 4544 3704 4591 tan-

2003 4628 2124 4676 tum
2155 4622 2435 4692 posuisse,
2488 4628 2545 4676 et
2572 4623 2972 4694 presbyterum
3002 4625 3314 4695 quemdam
3360 4625 3474 4679 illis
3504 4632 3703 4680 contra

2002 4712 2443 4765 ecclesiasticum
2475 4711 2735 4765 ordinem
2788 4711 3247 4767 benedictionem
3298 4714 3546 4768 dedisse.
3596 4714 3704 4777 Qui

2003 4800 2134 4854 licet
2174 4804 2406 4870 propter
2444 4804 2661 4853 tantam
2716 4801 3176 4871 praesumptionis
3221 4801 3516 4856 audaciam
3549 4807 3707 4872 pote-

1942 4930 1956 4942 .
2002 4894 2091 4942 rat
2144 4892 2437 4941 accusatus
2489 4888 2704 4957 judicio
2755 4889 3025 4957 praesenti
3081 4889 3363 4954 damnari,
3425 4890 3472 4943 si
3519 4891 3706 4945 adhuc

2001 4978 2061 5031 in
2122 4992 2360 5047 corpore
2415 4977 2657 5047 positus,
2720 4992 2838 5030 non
2895 4976 3100 5031 fuisset
3154 4978 3357 5032 mortis
3409 4979 3703 5033 vocatione

2002 5072 2329 5137 praeventus
2359 5082 2370 5118 :
2408 5065 2504 5120 sed
2534 5065 2670 5136 quia
2691 5067 2811 5137 jam
2842 5065 2938 5120 ille
2969 5067 3218 5120 examini
3250 5067 3444 5121 divino
3475 5068 3705 5123 relictus

2004 5159 2111 5221 est,
2163 5154 2417 5208 humano
2469 5154 2688 5225 judicio
2746 5155 2997 5209 accusari
3052 5172 3169 5209 non
3220 5161 3408 5225 potest
3448 5156 3554 5211 :hi
3605 5158 3705 5228 qui

2005 5248 2332 5314 supersunt,
2378 5247 2435 5296 et
2464 5242 2534 5297 ab
2575 5259 2643 5297 eo
2676 5259 2791 5296 non
2822 5243 3264 5298 consecrationis
3301 5244 3554 5313 titulum,
3607 5246 3705 5300 sed

2006 5331 2342 5402 ignominias
2401 5331 2593 5401 potius
2650 5331 2944 5402 eulogium
3004 5340 3404 5403 perceperunt,
3466 5351 3538 5389 ne
3597 5334 3706 5388 sibi

2006 5419 2292 5474 licentiam
2339 5421 2467 5474 talis
2511 5420 2810 5491 usurpatio
2857 5420 3046 5482 faciat,
3096 5421 3449 5477 decrevimus
3479 5427 3542 5476 ut
3572 5438 3704 5493 gra-

2008 5508 2147 5562 dum
2179 5508 2486 5562 sacerdotis
2518 5509 2606 5563 vel
2656 5508 2886 5563 Levitici
2932 5509 3171 5578 ordinis,
3222 5527 3395 5583 quem
3441 5526 3704 5582 perverse

2010 5595 2203 5666 adepti
2253 5600 2403 5663 sunt,
2436 5596 2682 5666 depositi
2734 5612 2900 5668 aequo
2941 5597 3156 5668 judicio
3189 5598 3516 5654 abutantur.
3548 5594 3706 5651 Tales
