4022 6190
363 301 466 354 583

1443 290 1848 348 BURCHARDI
1888 289 2424 347 WOBMACIENSIS
2461 290 2795 348 EPISCOPI.

3775 298 3884 353 584

362 420 519 478 enim
579 416 786 473 merito
831 413 1077 487 judicati
1125 416 1259 468 sunt
1300 414 1651 482 removendi,
1704 413 1841 486 quia
1894 387 2063 484 pr'ave
2091 415 2138 468 A
2175 413 2342 468 nobis
2371 413 2441 468 de
2472 429 2539 467 eo
2571 416 2756 484 major
2785 414 2858 468 sit
2898 415 3258 484 verecundia,
3291 421 3347 472 et
3376 415 3462 471 illi
3511 416 3887 489 episcopatus

360 505 584 565 inventi
614 508 746 558 sunt
775 501 1089 558 constituti.

363 600 491 653 CAP.
556 594 712 649 CXII.
775 622 839 632 —
903 591 1056 659 Quod
1119 606 1225 644 non
1287 593 1533 660 oporteat
1594 591 1903 660 episcopum
1964 606 2063 661 per

739 666 1027 734 pecuniam
1066 663 1374 732 quempiam
1403 662 1676 716 ordinare.

434 755 556 824 (Ea:
600 753 785 808 concil.
840 751 1114 817 Chalced.,
1163 767 1282 820 cap.
1335 753 1412 818 2.)
1461 750 1518 804 Si
1575 749 1702 822 quis
1760 749 2060 822 episcopus

361 860 465 916 per
509 841 814 914 pecuniam
865 841 1064 894 fecerit
1111 839 1562 903 ordinationem,
1619 844 1674 892 et
1719 839 1825 892 sub
1871 839 2059 909 pretio

363 931 650 1002 redegerit
700 929 946 1000 Spiritus
996 928 1176 982 sancti
1225 927 1488 998 gratiam,
1541 944 1669 998 qua:
1720 943 1835 981 non
1872 931 2063 998 potest

358 1020 552 1088 vendi,
604 1019 1063 1088 ordinaveritque
1094 1033 1199 1087 per
1240 1015 1542 1087 pecuniam
1575 1016 1927 1087 episcopum,
1963 1021 2062 1070 aut

357 1109 778 1180 presbyterum,
838 1111 937 1160 aut
983 1105 1311 1171 diaconum,
1362 1105 1449 1158 vel
1507 1103 1822 1175 quemlibet
1870 1121 1937 1158 ex
1969 1105 2059 1160 his

361 1197 462 1270 qui
513 1200 1005 1251 connumerantur
1054 1194 1116 1248 in
1161 1193 1354 1248 clero:
1387 1193 1606 1264 proprii
1651 1193 1858 1264 gradus
1905 1193 2056 1264 peri-

359 1288 486 1341 culo
531 1283 844 1355 subjacebit
877 1300 889 1337 :
924 1287 978 1336 et
1029 1281 1130 1351 qui
1182 1281 1478 1336 ordinatus
1527 1285 1627 1346 est,
1661 1280 1806 1335 nihil
1854 1297 1925 1335 ex
1955 1281 2059 1335 hac

360 1373 720 1430 ordinatione
767 1370 1046 1442 proﬁciet,
1097 1370 1194 1423 sed
1228 1370 1448 1423 alienus
1495 1369 1630 1422 sita
1670 1369 1967 1439 dignitate.
2002 1368 2059 1423 Si

360 1464 489 1535 quis
540 1478 672 1515 vero
723 1459 1006 1514 mediator
1054 1458 1203 1512 datis
1261 1457 1347 1511 vel
1409 1457 1653 1526 acceptis
1709 1457 1989 1512 exstiterit
2040 1474 2052 1512 :

361 1553 406 1605 si
457 1550 691 1622 quidem
738 1548 978 1602 clericus
1024 1546 1216 1611 fuerit,
1272 1545 1508 1616 proprio
1552 1545 1733 1616 gradu
1789 1545 2056 1600 decidat:

358 1640 406 1693 si
433 1656 566 1693 vero
595 1637 934 1704 monachus,
971 1641 1068 1689 aut
1098 1635 1295 1700 laicus,
1328 1633 1862 1690 anathematizetur.

359 1729 492 1784 Car.
547 1727 726 1783 CXIII.
788 1755 855 1764 —-
905 1723 1061 1790 Quod
1086 1737 1300 1846 tmuéius
1351 1725 1512 1776 etiam
1550 1725 1623 1778 sit
1671 1738 1706 1776 a
1753 1723 1944 1789 lingua
1985 1725 2060 1778 υἱ-

1109 1809 1180 1846 an
1222 1809 1330 1846 um.

1109 1809 1310 1847 anaum
1319 1833 1330 1844 .

430 1888 541 1957 (Ea:
576 1885 736 1939 dictis
771 1884 1020 1951 Gregorii
1041 1883 1240 1952 papae.)
1275 1881 1419 1935 Sunt
1450 1881 1715 1936 nonnulli
1748 1880 1850 1952 qui
1886 1896 2054 1936 num-

358 1991 591 2030 morum
639 1973 870 2044 quidem
928 1970 1164 2042 praemia
1213 1985 1278 2023 ex
1336 1970 1696 2023 ordinatione
1740 1985 1858 2023 non
1912 1969 2054 2023 acci-

357 2064 548 2134 piunt,
615 2067 809 2116 tamen
874 2076 1062 2113 sacros
1128 2059 1360 2112 ordines
1412 2074 1518 2129 pro
1570 2058 1822 2112 humana
1871 2059 2052 2128 gratia

357 2153 702 2223 largiuntur.
777 2148 843 2203 Ili
909 2147 1185 2202 nimirum
1255 2147 1410 2217 quod
1476 2146 1652 2217 gratis
1720 2145 2051 2217 accipiunt,

355 2239 533 2310 gratis
565 2254 680 2292 non
727 2236 992 2290 tribuunt
1026 2252 1038 2289 :
1070 2235 1207 2306 quia
1254 2234 1463 2288 favoris
1508 2250 1815 2288 nummum
1847 2235 1915 2289 de
1944 2234 2050 2288 im-

354 2343 534 2398 penso
565 2325 752 2380 ofﬁcio
786 2323 1099 2377 sanctitatis
1142 2327 1432 2392 expetunt.
1477 2323 1637 2376 Unde
1685 2339 1814 2376 cum
1864 2322 2050 2376 virum

348 2417 570 2486 justum
619 2414 968 2468 describeret
1020 2411 1208 2476 Isaias,
1261 2411 1341 2465 ait
1380 2427 1392 2464 :
1436 2410 1544 2475 Qui
1593 2412 1806 2465 excutit
1851 2427 2053 2464 manus

357 2519 489 2558 suas
535 2502 607 2557 ab
657 2503 814 2556 omni
871 2517 1152 2555 munere:
1190 2500 1326 2571 quia
1377 2499 1532 2554 aliud
1587 2504 1674 2553 est
1721 2515 1932 2552 munus
1980 2498 2052 2552 ab

356 2591 656 2662 obsequio,
718 2589 873 2645 aliud
942 2604 1151 2642 munus
1207 2603 1240 2641 a
1289 2603 1484 2654 manu,
1541 2587 1694 2640 aliud
1758 2603 1968 2640 munus
2022 2603 2052 2639 a

352 2680 571 2751 lingua.
625 2679 828 2733 Munus
878 2677 946 2732 ab
1003 2677 1293 2748 obsequio,
1347 2682 1432 2730 est
1476 2675 1751 2744 subjectio
1799 2675 2052 2730 indebite

353 2768 636 2837 impensa.
685 2768 888 2821 Munus
917 2783 949 2818 a
980 2781 1177 2830 manu,
1209 2764 1455 2835 pecunia
1500 2771 1601 2817 est.
1657 2765 1858 2818 Munus
1889 2780 1919 2817 a
1948 2763 2054 2816 lin-

351 2872 486 2926 gua,
535 2855 712 2909 favor.
747 2855 853 2919 Qui
885 2869 1020 2924 ergo
1069 2868 1256 2907 sacros
1287 2853 1517 2908 ordines
1556 2851 1780 2919 tribuit,
1813 2856 1949 2905 tunc
1980 2850 2049 2904 ab

351 2945 512 2998 omni
579 2959 820 2997 munere
888 2958 1090 2995 manus
1149 2941 1376 3008 excutit,
1447 2939 1680 3010 quando
1731 2939 1791 2992 in
1842 2939 2050 2993 divinis

351 3032 522 3086 rebus
569 3047 688 3085 non
717 3031 905 3085 solum
936 3031 1111 3084 ullam
1144 3031 1464 3100 pecuniam,
1515 3028 1613 3082 sed
1644 3027 1816 3082 etiam
1853 3027 2052 3082 huma-

353 3135 486 3172 nam
516 3118 760 3188 gratiam
795 3133 909 3170 non
936 3116 1194 3186 requirit.

350 3207 479 3262 CAP.
517 3207 692 3261 CXIV.
721 3234 795 3247 —
845 3207 911 3259 Ut
954 3220 1060 3257 non
1097 3203 1279 3258 valeat
1325 3205 1590 3257 sententia
1639 3205 1879 3272 episcopi
1939 3205 2051 3258 nisi

614 3277 926 3330 clericorum
958 3290 1178 3329 suorum
1202 3276 1496 3343 presentia
1518 3276 1783 3341 ﬁrmetur.

422 3368 534 3438 (Ea:
562 3366 750 3420 concil.
784 3364 1082 3431 Carthag.,
1115 3378 1237 3432 cap.
1279 3363 1394 3432 23.)
1429 3362 1592 3415 Irrita
1624 3363 1736 3417 erit
1763 3361 2048 3416 sententia

349 3455 622 3526 episcopi,
667 3453 778 3509 nisi
825 3453 1163 3508 clericorum
1201 3467 1437 3506 suorum
1483 3450 1790 3522 praesentia
1835 3450 2047 3506 contir-

347 3549 556 3599 metur.

347 3633 475 3688 Car.
510 3632 658 3688 CXV.
692 3661 760 3670 —-
803 3631 870 3684 Ut
912 3631 1191 3700 episcopus
1245 3627 1536 3684 secundum
1579 3627 1818 3683 reditum
1869 3629 2047 3684 Eccle-

662 3704 872 3757 siarum
897 3716 1178 3755 numerum
1205 3701 1516 3754 clericorum
1537 3701 1732 3767 faciat.

418 3792 530 3861 (Ea:
559 3791 748 3846 concil.
793 3791 1071 3860 Spalensi,
1121 3804 1242 3858 cap.
1287 3789 1362 3858 l.)
1395 3787 1474 3842 Ne
1501 3787 1713 3858 passim
1745 3786 2045 3858 episcopus

345 3881 779 3936 multitudinem
828 3879 1167 3933 clericorum
1208 3877 1395 3944 faciat,
1428 3877 1526 3930 sed
1575 3877 1887 3930 secundum
1921 3893 2043 3930 me-

343 3971 541 4036 ritum,
607 3970 695 4023 vel
753 3967 1044 4024 redditum
1099 3967 1474 4021 Ecclesiarum
1525 3981 1798 4020 numerus
1844 3967 2043 4021 mode-

341 4065 522 4114 reum
586 4147 714 4200 CAP.
751 4143 929 4200 CXVI.
971 4172 1039 4183 —
1084 4145 1150 4198 De
1186 4145 1450 4213 episcopis
1475 4145 1800 4212 peregrinis.

415 4238 525 4301 (Ea:
554 4235 740 4287 concil.
787 4233 1115 4297 Arelatensi,
1165 4247 1284 4300 cap.
1335 4231 1446 4298 20.)
1501 4232 1577 4284 De
1624 4231 1903 4303 episcopis
1937 4247 2036 4302 pe-
2067 4265 2111 4318 ι)

342 4321 589 4392 regrinis
636 4321 736 4391 qui
765 4321 824 4376 in
873 4319 1078 4374 urbem
1109 4321 1298 4373 solent
1336 4319 1550 4387 venire,
1585 4336 1727 4390 quos
1765 4321 2040 4375 veraciter

345 4411 646 4481 episcopos
694 4410 905 4464 scimus
961 4423 1102 4475 esse,
1160 4407 1376 4478 placuit
1422 4406 1504 4462 eis
1560 4409 1750 4463 locum
1801 4409 1927 4464 dari
1977 4412 2040 4464 ut

343 4498 604 4552 offerant.

343 4588 470 4641 CAP.
505 4585 711 4640 CXVII.
744 4616 814 4626 —
860 4587 928 4640 Ut
958 4585 1174 4638 levitate
1213 4587 1475 4652 vagantes
1505 4585 1760 4654 episcopi,
1807 4584 1882 4639 ad
1913 4602 2040 4656 pro-

794 4661 922 4726 pria
954 4656 1131 4709 redire
1169 4657 1581 4726 compellantur.

414 4748 524 4817 (Ea:
552 4747 741 4814 regist.
801 4747 1024 4814 Gregor.
1070 4761 1246 4815 papa),
1298 4743 1372 4798 ad
1401 4743 1687 4810 Siagrium
1733 4746 2038 4814 episcopum

338 4835 754 4904 Augustodun.,
809 4850 931 4904 cap.
1000 4835 1140 4898 122.)
1207 4835 1348 4889 Cum
1417 4831 1724 4886 sacerdotis
1789 4833 2038 4902 dignitas

337 4925 466 4979 aliis
514 4925 775 4979 videatur
807 4923 1184 4993 dignitatibus
1232 4923 1510 4988 eminere,
1561 4920 1640 4975 ita
1682 4920 1941 4992 quisquis
1971 4937 2035 4975 ea

337 5018 572 5068 ornatus
603 5018 708 5080 est,
740 5012 958 5066 cunctis
1004 5027 1062 5064 se
1101 5010 1446 5064 imitandum
1499 5009 1668 5064 debet
1715 5009 2035 5079 ostendere,

338 5106 402 5155 ut
429 5103 693 5172 exemplo
738 5100 826 5155 sui
853 5098 997 5154 nulli
1026 5113 1252 5164 nocere,
1293 5098 1390 5152 sed
1419 5097 1594 5151 vitam
1628 5097 1822 5168 potius
1853 5099 2038 5154 valeat

338 5205 687 5259 componere
731 5190 1141 5260 subjectorum.
1193 5186 1334 5240 Nam
1384 5185 1432 5239 si
1473 5192 1629 5240 actus
1675 5186 1972 5241 dissentiat
2002 5204 2035 5242 a

339 5277 597 5344 nomine,
649 5283 864 5348 quanto
910 5275 1277 5348 pontiﬁcatus
1311 5274 1432 5346 ipse
1465 5275 1594 5344 plus
1641 5275 1829 5345 erigit,
1877 5281 2034 5330 tanto

337 5365 524 5436 magis
555 5366 783 5420 abdicit.
818 5366 1014 5437 Itaque
1045 5365 1326 5420 Menatem
1361 5363 1647 5435 quendam
1679 5362 2031 5435 episcopum,

337 5455 438 5527 qui
485 5454 620 5508 illuc
650 5454 720 5506 de
769 5453 1077 5508 dioeceseos
1102 5458 1308 5509 nostrte
1335 5445 1708 5507 ordinatione
1747 5453 2036 5523 profectus

335 5547 438 5609 est,
490 5543 550 5598 in
597 5543 755 5597 tanta
805 5558 863 5595 se
905 5541 1133 5597 levitate
1177 5541 1481 5598 didicimus
1526 5540 1815 5610 exhibere,
1865 5545 1929 5596 ut
1978 5545 2036 5596 et

2171 517 2383 556 nomen
2415 518 2531 556 non
2563 503 2637 556 sit
2664 501 2723 556 in
2754 501 2994 572 honore,
3029 503 3126 558 sed
3159 519 3352 558 onere.
3402 505 3568 569 Quod
3604 505 3744 576 quia
3769 522 3886 576 pu-

2169 589 2297 645 dori
2350 590 2518 645 nobis
2548 596 2653 655 est,
2702 591 2770 645 de
2817 607 2885 645 eo
2929 591 3029 646 illa
3061 608 3424 663 cognoscere,
3458 609 3594 664 quae
3627 593 3687 647 in
3736 594 3890 647 alia-

2170 694 2302 732 rum
2333 679 2760 749 provinciarum
2797 681 3039 734 omnino
3090 682 3572 752 reprehendimus
3622 683 3890 738 sacerdo-

2171 767 2344 832 tibus,
2376 767 2701 821 fraternitas
2744 774 2933 822 vestra
2981 785 3115 823 eum
3152 769 3268 823 illic
3295 769 3602 824 immorari
3632 771 3891 842 amplius

2171 871 2289 908 non
2337 856 2656 926 permittat,
2704 855 2800 910 sed
2833 857 2903 910 ad
2938 873 3040 911 nos
3083 859 3422 928 quantocius
3459 859 3676 913 reverti
3726 876 3891 914 com-

2168 945 2366 1015 pellat.
2403 947 2484 998 Ac
2515 944 2699 1016 magis
2726 944 2962 999 inventa
2997 962 3103 1016 per
3132 946 3328 1001 omnia
3359 948 3661 1002 occasione
3692 954 3891 1002 trans-

2166 1033 2374 1099 mittat,
2406 1038 2470 1087 ut
2499 1033 2603 1088 sub
2633 1049 2698 1086 ea
2730 1050 2843 1104 qua
2886 1034 3124 1105 dignum
3155 1039 3243 1090 est
3271 1037 3645 1092 observantia
3695 1038 3887 1092 refre-

2167 1127 2359 1190 natus,
2427 1122 2727 1176 sasculares
2790 1138 2982 1178 mores
3048 1123 3120 1178 ad
3176 1125 3593 1180 sacerdotalem
3654 1127 3890 1197 studeat

2167 1214 2498 1266 convertere
2549 1211 2910 1283 dignitatem.
2991 1213 3133 1267 Nam
3193 1215 3328 1268 satis
3386 1214 3626 1268 noxium
3708 1220 3888 1286 atque

2165 1299 2559 1372 perniciosum
2603 1303 2706 1365 est,
2752 1304 2818 1354 ut
2859 1299 3182 1356 imitatione
3211 1301 3416 1372 ipsius,
3469 1303 3570 1374 qui
3602 1303 3885 1358 aediﬁcari

2169 1387 2215 1440 si
2243 1387 2563 1442 debuerant
2605 1388 2990 1443 destruantur.
3050 1391 3113 1444 In
3148 1406 3259 1461 qua
3291 1407 3354 1445 re
3394 1408 3514 1445 non
3558 1393 3757 1446 solum
3791 1392 3885 1447 ille

2167 1476 2490 1546 culpabilis,
2539 1476 2639 1530 sed
2687 1476 2857 1530 etiam
2912 1478 3008 1548 qui
3055 1494 3172 1532 non
3229 1478 3513 1534 restiterit
3563 1480 3881 1535 invenitur.

2167 1565 2307 1618 Nam
2339 1565 2662 1618 consentire
2703 1565 2924 1620 videtur
2969 1567 3208 1636 erranti,
3257 1567 3360 1638 qui
3407 1569 3793 1640 corrigenda,
3825 1575 3886 1623 ut

2167 1653 2414 1708 resecari
2451 1654 2718 1721 debeant,
2752 1670 2872 1708 non
2919 1655 3222 1710 concurrit.
3272 1655 3419 1720 Quia
3467 1673 3606 1712 vero
3637 1658 3882 1727 quidam

2167 1742 2496 1797 Theodorus
2549 1743 2847 1814 episcopus
2875 1743 2943 1798 de
2995 1743 3222 1798 dioecesi
3268 1745 3752 1800 reverendissimi
3783 1747 3883 1800 fra-

2167 1831 2270 1884 tris
2322 1830 2503 1884 nostri
2568 1831 2885 1886 Constantii
2949 1831 3384 1886 Mediolanensis
3443 1835 3721 1888 Ecclesiae
3765 1836 3878 1906 epi-

2165 1918 2343 1989 scopi,
2385 1919 2768 1989 disciplinam,
2802 1925 2866 1973 ut
2909 1919 3136 1986 dicitur,
3171 1921 3409 1988 evitans,
3463 1922 3605 1976 illuc
3655 1926 3877 1978 venisse

2166 2007 2431 2061 firmatur
2463 2024 2475 2061 :
2509 2007 2808 2062 hortamur
2848 2012 2911 2062 ut
2953 2012 3009 2062 et
3038 2008 3146 2062 isto
3178 2008 3513 2080 diligentius
3562 2012 3874 2082 requisito,

2165 2096 2236 2150 ad
2269 2095 2602 2167 episcopum
2635 2113 2801 2150 suum
2833 2101 3017 2151 vestra
3061 2097 3392 2152 fraternitas
3421 2101 3871 2154 retransmittat.

2168 2185 2233 2238 Et
2263 2185 2420 2256 quia,
2453 2186 2600 2239 sicut
2629 2184 2863 2256 legitur,
2893 2185 2993 2257 qui
3036 2185 3231 2256 abjicit
3259 2187 3632 2260 disciplinam
3682 2189 3874 2243 infelix

2165 2277 2271 2338 est,
2315 2274 2470 2328 nulla
2517 2290 2646 2328 eum
2682 2275 2800 2328 illic
2845 2275 3208 2328 excusatione
3253 2275 3563 2345 patiamini
3599 2278 3872 2344 retinere,

2165 2365 2446 2432 quatenus
2487 2367 2544 2416 et
2572 2362 2653 2428 hi,
2689 2362 2788 2434 qui
2820 2363 3062 2417 levitatis
3092 2379 3291 2417 eorum
3335 2365 3470 2419 vitio
3502 2371 3763 2436 possunt
3791 2367 3879 2419 de-

2163 2447 2296 2517 cipi,
2345 2449 2681 2516 liberentur,
2714 2455 2770 2504 et
2799 2450 2869 2504 de
2901 2450 3037 2521 ipsis
3065 2451 3275 2506 habere
3315 2453 3676 2520 mercedem,
3717 2469 3791 2507 ne
3822 2453 3878 2506 in

2165 2536 2270 2590 hac
2301 2537 2541 2591 stultitia
2571 2542 2830 2609 pereant,
2855 2539 3110 2594 valeatis.

2165 2642 2292 2698 CAP.
2342 2643 2566 2698 CXVIII.
2617 2673 2688 2685 —
2734 2644 3006 2710 Quamdiu
3059 2647 3337 2715 episcopus
3381 2648 3440 2700 in
3491 2647 3686 2702 aliena
3735 2649 3879 2703 civi-

2784 2721 2893 2769 tate
2919 2722 3232 2771 remoretur.

2236 2802 2346 2872 (E1:
2388 2803 2572 2856 concil.
2626 2803 2968 2871 Sardinensi,
3017 2820 3136 2874 cap.
3190 2803 3300 2870 14.)
3349 2804 3516 2860 Osius
3564 2807 3878 2878 episcopus

2161 2889 2304 2944 dixit
2335 2906 2348 2944 :
2383 2892 2444 2944 Et
2476 2891 2582 2944 hoc
2613 2907 2844 2963 quoque
2891 2897 3140 2946 statuere
3181 2893 3418 2959 debetis,
3452 2899 3519 2948 ut
3551 2911 3622 2948 ex
3677 2896 3876 2966 aliqua

2085 2979 2124 3032 C
2162 2978 2388 3032 civitate
2431 2994 2562 3032 cum
2593 2980 2889 3034 advenerit
2934 2981 3004 3035 ad
3048 2981 3221 3035 aliam
3252 2981 3562 3048 civitatem,
3593 2988 3653 3037 et
3683 2984 3870 3038 ambi-

2157 3065 2304 3121 tioni
2353 3067 2536 3137 magis
2567 3083 2742 3138 quam
2782 3069 3074 3123 devotioni
3122 3085 3467 3136 sermonem,
3515 3073 3775 3126 voluerit
3814 3073 3872 3126 in

2158 3153 2348 3208 aliena
2394 3155 2618 3210 civitate
2663 3158 2847 3211 multo
2893 3162 3156 3228 tempore
3195 3159 3443 3213 residere
3478 3175 3490 3212 :
3529 3159 3680 3214 forte
3713 3161 3869 3214 enim

2157 3243 2348 3297 evenit
2375 3243 2707 3314 episcopum
2741 3245 2848 3299 loci
2881 3262 2998 3300 non
3039 3263 3160 3300 esse
3203 3251 3319 3300 tam
3352 3247 3731 3314 instructum,
3780 3265 3872 3303 ne-

2156 3347 2268 3402 que
2311 3337 2429 3386 tam
2471 3333 2701 3388 doctum
2732 3350 2746 3388 :
2777 3334 2824 3388 is
2853 3351 2985 3389 vero
3027 3335 3130 3406 qui
3175 3335 3406 3389 advenit
3447 3336 3696 3407 incipiat
3728 3355 3868 3392 con-

2155 3424 2412 3476 temnere
2469 3438 2625 3490 eum,
2678 3427 2735 3477 et
2780 3423 3111 3495 frequenter
3155 3424 3340 3480 facere
3389 3441 3753 3488 sermonem,
3809 3431 3871 3480 ut

2155 3509 2494 3566 dehonestet
2521 3515 2578 3565 et
2602 3511 2857 3566 inﬁrmet
2893 3512 3046 3566 illius
3078 3528 3404 3582 personam,
3455 3514 3534 3568 ita
3559 3519 3627 3568 ut
3659 3531 3727 3569 ex
3765 3515 3867 3569 hac

2156 3599 2451 3654 occasione
2500 3615 2622 3654 non
2672 3600 2898 3655 dubitet
2949 3601 3276 3673 relinquere
3328 3602 3697 3672 adsignatam
3758 3602 3866 3658 sibi

2155 3687 2479 3755 Ecclesiam,
2544 3693 2602 3743 et
2650 3693 2906 3744 transeat
2959 3689 3030 3744 ad
3088 3689 3356 3744 alienam.
3411 3690 3663 3744 Definite
3727 3707 3863 3761 ergo

2152 3780 2416 3847 tempora
2446 3792 2459 3831 :
2493 3775 2630 3847 quia
2655 3782 2713 3832 et
2741 3793 2857 3832 non
2884 3777 3062 3848 recipi
3083 3779 3438 3849 episcopum,
3467 3779 3862 3835 inhumanum

2153 3869 2254 3930 est,
2289 3869 2345 3919 et
2374 3865 2419 3918 si
2463 3865 2683 3920 diutius
2729 3866 2996 3930 resideat,
3031 3867 3420 3936 perniciosum
3467 3874 3574 3922 est.
3629 3870 3859 3924 Nemini

2152 3957 2343 4006 autem
2375 3953 2659 4023 superiori
2704 3955 2944 4008 concilio
2978 3956 3181 4009 fratres
3210 3961 3432 4010 nostros
3465 3959 3855 4023 constituisse,

2151 4045 2214 4095 ut
2239 4041 2288 4094 si
2318 4041 2447 4112 quis
2476 4041 2655 4096 laicus
2701 4042 2761 4097 in
2792 4059 2880 4112 ea,
2911 4043 2969 4098 in
3001 4060 3116 4114 qua
3144 4051 3551 4111 commoratur,
3603 4047 3854 4112 civitate,

2150 4135 2400 4199 quatuor
2447 4130 2771 4185 Dominicos
2808 4131 2952 4197 dies,
2998 4132 3054 4185 id
3085 4138 3188 4200 est,
3223 4149 3326 4202 per
3355 4139 3468 4186 tres
3500 4136 3855 4204 septimanas

2149 4233 2269 4272 non
2301 4217 2642 4273 celebrasset
2669 4225 3034 4286 conventum,
3067 4219 3474 4275 communione
3502 4223 3849 4292 privaretur.

2149 4305 2204 4359 Si
2251 4305 2374 4359 hiec
2422 4305 2570 4360 circa
2622 4306 2797 4360 laicos
2853 4308 3162 4362 constituta
3207 4314 3362 4374 sunt,
3421 4312 3609 4364 multo
3668 4313 3851 4383 magis

2145 4393 2478 4464 episcopum
2525 4410 2628 4448 nec
2660 4395 2811 4462 licet,
2847 4411 2953 4450 nec
2992 4397 3173 4461 decet,
3205 4396 3251 4450 si
3283 4397 3442 4451 nulla
3471 4398 3547 4452 sit
3577 4403 3698 4452 tam
3733 4417 3853 4471 gra-

2147 4481 2227 4534 vis
2259 4482 2562 4536 necessitas
2591 4499 2720 4554 quaa
2742 4483 3018 4550 detineat,
3047 4491 3110 4540 ut
3129 4485 3379 4556 amplius
3401 4502 3434 4538 a
3457 4489 3852 4559 suprascripto

2144 4574 2402 4641 tempore
2453 4571 2658 4625 absens
2696 4571 2770 4626 sit
2811 4572 2880 4626 ab
2926 4573 3172 4628 Ecclesia
3221 4590 3342 4628 sua.
3379 4573 3640 4629 Universi
3692 4577 3849 4632 dixe-

2142 4665 2281 4714 runt
2307 4658 2533 4729 placere
2563 4660 2690 4713 sibi.

2144 4764 2272 4819 CAP.
2320 4764 2488 4818 CXIX.
2535 4795 2604 4804 ——
2633 4768 2706 4820 De
2733 4766 3094 4835 suscipiendis
3136 4769 3399 4837 episcopis
3446 4770 3546 4837 qui
3588 4784 3851 4837 persecu-

2728 4841 2919 4891 tionem
2947 4840 3256 4907 patiuntur.

2215 4924 2326 4993 (Ea:
2371 4923 2551 4978 eodem
2600 4940 2719 4994 cap.
2763 4927 2876 4991 22.)
2930 4925 3097 4982 Osius
3132 4925 3432 4996 episcopus
3477 4926 3670 4981 dixit:
3705 4927 3848 5000 Sug-

2141 5017 2374 5080 gerente
2405 5011 2579 5066 fratre
2629 5019 2684 5066 et
2714 5013 3058 5084 coepiscopo
3103 5019 3298 5068 nostro
3332 5014 3623 5085 Olympio,
3670 5017 3847 5070 etiam

2141 5099 2251 5154 hoc
2279 5101 2511 5170 placuit,
2553 5105 2619 5156 ut
2657 5103 2705 5155 si
2745 5102 2956 5172 aliquis
2998 5102 3112 5156 vim
3147 5119 3452 5174 perpessus
3484 5109 3587 5169 est,
3622 5109 3684 5157 et
3737 5105 3846 5158 ini-

2142 5203 2253 5258 que
2280 5189 2570 5260 expulsus,
2603 5206 2707 5260 pro
2739 5189 3039 5261 disciplina
3077 5196 3134 5245 et
3173 5191 3454 5246 catholica
3482 5191 3845 5247 confessione

2141 5277 2227 5330 vel
2273 5293 2377 5348 pro
2419 5276 2747 5332 defensione
2780 5280 3055 5343 veritatis,
3092 5279 3373 5350 effugiens
3421 5281 3705 5350 pericula,
3757 5268 3844 5334 in-

2141 5379 2355 5419 nocens
2387 5369 2443 5419 et
2491 5365 2728 5421 devotus
2769 5366 2839 5421 ad
2881 5366 3052 5421 aliam
3108 5368 3328 5422 venerit
3369 5368 3681 5435 civitatem,
3729 5385 3844 5424 non

2141 5453 2520 5523 prohibeatur
2550 5455 2879 5533 immorari,
2931 5455 3210 5526 quamdiu
3258 5460 3357 5510 aut
3393 5457 3581 5511 rcdire
3636 5457 3838 5527 possit,

2140 5545 2242 5597 aut
2282 5540 2496 5613 injuria
2541 5543 2667 5614 ejus
2715 5543 3037 5600 remedium
3075 5543 3356 5616 acceperit
3389 5559 3404 5600 :
3445 5543 3590 5609 Quia
3629 5545 3839 5600 durum
