4022 6190
141 288 249 340 585

1134 274 1619 334 DECRETORUM
1665 275 1853 330 LIBRI
1893 275 2003 330 XX.
2045 302 2116 313 —
2158 274 2371 331 LIBER
2415 275 2691 331 PRIMUS.

3582 284 3683 336 586

141 413 230 462 est
260 423 399 461 eum
434 406 530 477 qui
552 402 1004 475 persecutionem
1031 401 1246 471 patitur
1272 416 1390 454 non
1422 397 1633 469 recipi;
1678 398 1851 451 etiam
1892 400 1938 451 Α
1975 398 2290 465 Propterea
2315 402 2368 453 te
2394 400 2675 453 Joannem
2725 395 2797 449 ab
2844 396 3108 451 hostibus
3165 401 3492 469 captivitate
3542 404 3684 458 Lisi-

141 506 201 551 et
224 498 391 566 larga
415 490 804 548 benevolentia
831 495 888 544 et
918 490 1250 544 humanitas
1287 488 1341 541 ei
1372 493 1458 541 est
1506 487 1846 541 exhibenda.

144 583 360 639 Omnis
391 588 633 653 synodus
660 578 839 633 dixit:
879 579 1151 632 Universa
1178 594 1306 648 quae
1351 576 1659 629 constituta
1717 579 1853 628 sunt

143 671 441 739 catholica
480 669 720 723 Ecclesia
747 667 807 720 in
847 667 1117 720 universo
1145 667 1280 720 orbe
1310 664 1516 720 diffusa
1544 664 1847 718 custodiet.

147 764 216 816 Et
247 758 715 829 subscripserunt
744 755 842 826 qui
872 760 1278 809 convenerant.

150 869 288 921 CAP.
350 864 499 919 CXX.
539 892 604 902 —-
657 864 729 915 De
761 863 872 915 illis
926 862 1026 929 qui
1074 875 1129 913 se
1157 860 1346 913 dicunt
1388 872 1498 912 esse
1554 860 1849 926 episcopos.

224 953 343 1024 (Ea:
382 952 849 1016 concil.Remensi,
904 964 1029 1017 cap.
1081 947 1197 1015 43.)
1229 946 1373 1001 Sunt
1420 946 1479 999 in
1510 946 1855 1016 quibusdam

153 1045 294 1097 locis
326 1041 495 1096 scotti
522 1046 577 1093 et
620 1038 716 1092 alii
746 1038 974 1091 erronei
1032 1037 1131 1106 qui
1183 1052 1241 1088 se
1296 1035 1495 1088 dicant
1555 1034 1855 1103 episcopos

152 1148 306 1194 esse,
340 1136 400 1184 et
420 1130 630 1183 multos
669 1126 1048 1197 negligentes,
1082 1125 1298 1194 absque
1330 1122 1559 1177 licentia
1588 1123 1855 1176 domino-

153 1237 291 1273 rum
322 1232 561 1271 suorum
591 1216 706 1269 sive
760 1214 1190 1282 magistrorum,
1260 1213 1626 1281 presbyteros
1656 1217 1713 1265 et
1741 1210 1860 1265 dia-

151 1325 337 1363 conos
356 1307 641 1361 ordinent.
670 1305 925 1368 Quorum
957 1303 1401 1367 ordinationem,
1437 1302 1575 1371 quia
1595 1302 1859 1372 plerum-

150 1415 269 1469 que
328 1399 393 1449 in
479 1396 855 1449 Simoniacam
926 1392 1122 1445 incidit
1171 1392 1459 1453 haeresim,
1524 1397 1583 1444 et
1660 1388 1857 1443 multis

152 1485 459 1539 erroribus
532 1483 801 1552 subjacet,
875 1480 1059 1533 modis
1113 1478 1382 1531 omnibus
1435 1478 1663 1531 irritam
1733 1476 1859 1530 tieri

154 1577 375 1630 debere
408 1588 601 1626 omnes
639 1587 753 1623 uno
780 1584 1063 1622 consensu
1102 1566 1476 1620 decrevimus.

156 1684 286 1737 CAP.
327 1679 500 1734 CXXI.
534 1708 598 1717 —
639 1677 885 1741 Qualiter
911 1674 1191 1743 peregrini
1222 1674 1460 1740 episcopi
1481 1673 1856 1739 frecipiantur.
1895 1679 1935 1732 Β

228 1772 347 1835 (Ea:
411 1766 580 1833 regal.
633 1765 881 1831 Gregorii
936 1780 1068 1831 pap.
1138 1763 1406 1813 universis
1472 1760 1739 1827 episcopis
1769 1772 1867 1824 per

156 1860 469 1926 Illyricum,
519 1869 635 1922 cap.
691 1853 811 1919 42.)
876 1851 1111 1904 Jovinus
1203 1847 1713 1902 excellentissimus
1782 1844 1869 1896 vir

157 1948 318 2002 ﬁlius
360 1949 553 1998 noster
582 1958 682 2012 per
722 1940 1006 2010 Illyricum
1042 1937 1263 2007 scriptis
1316 1937 1433 1989 suis
1487 1934 1656 1989 nobis
1723 1932 1868 1985 indi-

158 2051 317 2090 casse
373 2031 742 2101 dignoscitur,
791 2029 857 2081 ad
917 2044 974 2080 se
1031 2026 1202 2079 sacris
1257 2024 1516 2094 apicibus
1569 2020 1870 2077 destinatis

156 2125 390 2193 jussum
416 2118 587 2174 fuisse
619 2118 916 2187 episcopos
949 2131 1091 2185 quos
1144 2130 1173 2168 e
1205 2112 1455 2183 propriis
1492 2112 1632 2165 locis
1690 2108 1865 2163 hosti-

162 2210 343 2264 litatis
375 2209 535 2261 furor
581 2205 891 2274 expulerat,
941 2203 1010 2256 ad
1043 2219 1138 2256 eos
1188 2201 1488 2272 episcopos
1541 2199 1641 2269 qui
1713 2211 1869 2249 nunc

160 2313 399 2371 quoque
430 2298 490 2349 in
518 2295 652 2349 locis
713 2292 965 2363 propriis
995 2292 1234 2361 degunt,
1294 2305 1395 2360 pro
1447 2285 1866 2340 sustentatione

161 2405 223 2441 ac
250 2384 558 2455 stipendiis
612 2381 915 2451 praesentis
946 2380 1072 2433 vita:
1104 2396 1223 2432 esse
1251 2377 1603 2448 jungendos.
1638 2376 1706 2428 Et
1736 2373 1867 2426 licet

162 2478 229 2531 ad
302 2476 411 2528 hoc
490 2472 903 2525 fraternitatem
982 2474 1229 2521 vestram
1281 2466 1469 2536 jussio
1526 2462 1868 2533 principalis

162 2566 495 2626 admoneat,
523 2560 796 2613 habemus
821 2563 1011 2610 tamen
1047 2557 1231 2625 majus
1254 2555 1462 2608 horum
1525 2552 1865 2606 mandatum

163 2652 367 2705 aeterni
403 2648 696 2720 principis,
728 2663 841 2717 quo
871 2646 939 2699 ad
999 2645 1117 2698 haec
1174 2642 1486 2696 terribilius
1533 2639 1869 2710 peragenda

163 2739 589 2811 compellimur,
660 2741 721 2789 ut
766 2751 880 2788 non
936 2734 1061 2786 dico
1113 2733 1317 2786 fratres
1374 2734 1430 2783 et
1486 2729 1870 2798 coepiscopos

164 2836 416 2892 nostros,
451 2826 545 2879 sed
576 2825 728 2895 ipsos
760 2822 929 2877 etiam
979 2838 1122 2886 quos
1153 2820 1318 2873 nobis
1352 2819 1694 2871 contrarios
1720 2815 1867 2887 pati-

170 2932 318 2976 mur.
388 2929 519 2967 cum
601 2909 996 2980 opportunitas
1050 2907 1323 2977 postulat,
1383 2905 1442 2958 iu
1497 2904 1867 2960 conferendis

168 3003 442 3060 subsidiis
471 2994 868 3055 necessitatum
909 2996 1223 3049 carnalium
1255 2993 1590 3063 diligamus.
1635 2995 1872 3065 Oportet

170 3111 308 3164 ergo
349 3108 452 3144 vos
480 3090 547 3143 ad
580 3088 723 3141 hanc
770 3102 890 3138 rem
956 3090 1012 3137 et
1063 3081 1276 3137 caelesti
1308 3080 1584 3150 primitus
1620 3082 1871 3152 principi

172 3182 504 3238 nbedientes
534 3177 795 3241 existere,
819 3181 873 3227 et
894 3171 1286 3242 imperialibus
1313 3168 1484 3222 etiam
1510 3170 1872 3238 jussionibus

108 3248 116 3255 .
171 3268 519 3332 consentire,
554 3270 833 3336 quatenus
877 3262 1078 3315 fratres
1109 3258 1589 3329 coepiscoposque
1621 3264 1869 3324 nostros,

172 3377 319 3432 quos
388 3362 447 3411 et
493 3352 837 3424 captivitatis
888 3350 1243 3404 diversarum
1312 3346 1712 3401 necessitatum
1765 3364 1875 3400 an-

172 3448 382 3521 gustiae
438 3441 851 3513 comprimunt,
914 3436 1168 3492 debeatis
1223 3434 1597 3489 consolandos
1662 3451 1877 3489 conve-

171 3536 534 3604 niendosque
579 3530 872 3584 vobiscum
902 3526 963 3580 in
1009 3522 1404 3581 ecclesiasticis
1434 3524 1879 3576 sustentationi-

169 3627 280 3680 bus
306 3624 551 3677 libenter
573 3618 859 3688 suscipere
885 3632 898 3669 :
922 3630 1039 3667 non
1070 3613 1304 3682 quidem
1342 3615 1405 3664 ut
1450 3625 1551 3678 per
1609 3625 1876 3663 commu-

174 3714 413 3767 nionem
474 3704 816 3778 episcOpalis
885 3702 1079 3755 throni
1134 3699 1493 3768 dignitatem,
1555 3698 1650 3749 sed
1704 3701 1769 3749 ut
1809 3698 1880 3750 ab

174 3799 426 3854 Ecclesia
464 3798 628 3866 juxta
705 3790 1138 3863 possibilitatem
1216 3785 1559 3839 sufﬁcientia
1638 3784 1884 3838 debeant

179 3889 456 3942 alimenta
489 3884 801 3955 percipere.
841 3879 930 3933 Sic
978 3876 1130 3928 enim
1165 3880 1222 3928 et
1276 3873 1604 3944 proximum
1656 3871 1713 3923 in
1767 3872 1880 3925 Deo

182 3985 242 4033 et
272 3980 455 4032 Deum
496 3973 555 4025 in
583 3969 840 4041 proximo
868 3966 1107 4034 diligere
1128 3962 1598 4033 comprobamur.
1656 3958 1881 4013 Nullam

184 4065 400 4136 quippe
429 4061 509 4115 eis
530 4075 632 4113 nos
659 4058 718 4110 in
742 4053 943 4109 vestris
1002 4051 1264 4106 Ecclesiis
1326 4049 1727 4103 auctoritatem
1776 4048 1879 4101 tri-

180 4155 440 4217 buimus,
500 4148 598 4202 sed
656 4152 851 4201 tamen
905 4159 1002 4197 eos
1056 4140 1258 4195 vestris
1315 4138 1531 4193 solatiis
1588 4136 1879 4211 contineri

184 4254 555 4309 summopere
598 4237 916 4290 hortamur.

187 4351 319 4406 CAP.
366 4345 563 4402 CXXlI.
605 4374 672 4382 —
707 4344 777 4395 De
824 4338 1090 4407 episcopis
1147 4337 1233 4390 vel
1277 4334 1605 4403 presbyteris
1655 4334 1881 4400 ignotis,

258 4423 321 4473 ut
373 4422 496 4471 ante
551 4406 923 4483 probationem
1002 4407 1314 4476 synodalem
1371 4406 1690 4458 ministrare
1779 4420 1885 4458 non

256 4491 667 4559 permittuntur.

262 4615 374 4684 (Ea:
403 4610 589 4666 concil.
645 4608 917 4671 Rotoma.,
951 4617 1071 4671 cap.
1100 4599 1178 4669 8.)
1202 4598 1537 4663 Statuimus,
1570 4596 1885 4651 secundum

186 4700 520 4756 canonicam
566 4696 869 4761 cautelam,
939 4706 1138 4744 omnes
1182 4688 1567 4757 undecunque
1615 4701 1886 4757 superve-

187 4791 414 4846 nientes
464 4788 691 4858 ignotos
778 4781 1075 4851 episcopos
1153 4779 1243 4831 vel
1316 4775 1697 4847 rresbyteros,
1759 4777 1886 4827 ante

188 4874 588 4949 probationem
642 4869 974 4941 synodalem
1026 4866 1084 4919 in
1148 4863 1592 4919 ecclesiasticum
1638 4861 1890 4915 ministe-

190 4966 341 5020 rium
377 4980 492 5017 non
520 4960 840 5015 admittere.

196 5090 326 5143 CAP.
384 5085 609 5141 CXXlll.
656 5111 729 5124 —
769 5083 836 5135 Ut
906 5079 1185 5146 episcopus
1263 5073 1564 5146 hostilitate
1633 5070 1890 5139 expulsus

442 5157 516 5210 ad
547 5158 715 5208 aliam
743 5145 1021 5205 vacantem
1048 5151 1289 5201 transeat
1319 5145 1639 5196 Ecclesiam.

269 5265 377 5331 (Ea:
400 5276 551 5329 regu.
602 5260 658 5315 S.
692 5258 883 5324 Grego.
935 5252 1008 5306 ad
1046 5249 1340 5319 Agnellum
1383 5248 1553 5315 epis.,
1587 5260 1707 5313 cap.
1752 5243 1891 5311 I35.)

197 5351 503 5408 Pastoralis
533 5346 707 5401 ofﬁcii
736 5360 873 5399 cura
925 5358 1029 5394 nos
1060 5340 1334 5394 admonet
1392 5333 1674 5388 destitutis
1706 5332 1893 5386 Eccle-

197 5441 303 5495 siis
346 5437 613 5510 proprios
669 5431 1014 5487 constituere
1096 5425 1434 5491 sacerdotes,
1490 5421 1592 5493 qui
1661 5437 1897 5492 gregem

199 5527 567 5584 Dominicum
587 5520 862 5595 pastorali
878 5518 1085 5573 debeat
1134 5514 1520 5572 sollicitudine
1550 5511 1893 5584 gubernare.

561 5630 840 5695 ΡΑτιιοι..
893 5624 1070 5690 CXL.

1964 490 2119 537 tanae
2174 485 2424 540 civitatis
2494 486 2857 556 episcopum,
2927 486 2987 539 in
3042 486 3382 558 Squillicina
3437 492 3684 545 Ecclesia

1964 571 2325 630 cardinalem
2358 590 2587 630 necesse
2621 573 2892 628 duximus
2922 576 3272 631 constituere
3301 580 3681 646 sacerdotem,

1965 665 2026 714 ut
2081 664 2138 713 et
2188 670 2516 735 susceptam
2596 663 2772 715 semel
2841 663 3167 718 animarum
3221 682 3416 720 curam
3470 668 3686 722 intuitu

1966 746 2185 798 futurae
2232 745 2636 803 retributionis
2689 744 2953 815 impleas,
3017 753 3074 802 et
3126 749 3258 803 licet
3298 755 3475 818 atua,
3525 751 3684 805 hoste

1963 830 2340 901 imminente,
2405 834 2681 904 depulsus
2739 833 2836 901 sis,
2868 835 3038 889 aliam
3079 853 3209 907 qua:
3266 844 3493 908 pastore
3525 843 3686 892 vacat

1966 919 2180 974 debeas
2210 922 2523 977 Ecclesiam
2555 921 2880 990 gubernare
2913 940 2926 976 :
2983 923 3061 977 ita
3086 929 3278 979 tamen
3320 931 3399 992 ut,
3459 927 3506 980 si
3543 927 3684 980 civi-

1966 1014 2143 1063 tatem
2176 1008 2338 1065 illam
2380 1011 2450 1064 ab
2485 1009 2748 1063 hostibus
2816 1010 3053 1066 liberam
3113 1013 3281 1080 efﬁci,
3340 1020 3395 1068 et
3444 1015 3684 1068 Domino

1968 1102 2310 1168 protegente
2344 1099 2415 1153 ad
2476 1097 2732 1168 priorem
2799 1104 3009 1154 statum
3058 1103 3360 1173 contigerit
3406 1105 3683 1169 revocari,

1968 1186 2030 1238 in
2063 1201 2193 1239 eam
2226 1187 2285 1240 in
2316 1204 2430 1257 qua
2458 1192 2518 1239 et
2573 1185 2732 1256 prius
2766 1189 3061 1243 ordinatus
3126 1207 3183 1244 es
3216 1191 3522 1245 Ecclesiam
3593 1208 3684 1245 re-

1970 1276 2232 1329 vertaris.
2286 1277 2385 1331 Sin
2432 1281 2632 1329 autem
2679 1278 2949 1347 praedicta
2978 1277 3172 1332 civitas
3214 1280 3489 1333 continua
3512 1280 3689 1350 capti-

1970 1363 2162 1417 vitatis
2196 1363 2527 1417 calamitate
2552 1365 2855 1433 premitur,
2888 1365 2946 1419 in
2973 1360 3077 1419 hac
3107 1366 3166 1419 in
3203 1383 3317 1437 qua
3346 1373 3404 1421 et
3450 1385 3480 1421 a
3518 1368 3685 1423 nobis

1972 1452 2369 1506 incardinatus
2401 1468 2460 1503 es
2488 1451 2700 1505 debeas
2734 1453 2978 1506 Ecclesia
3002 1469 3361 1523 permanere.

1972 1560 2100 1612 CAP.
2125 1558 2345 1612 CXXIV.
2388 1588 2454 1596 —
2490 1560 2558 1610 De
2590 1560 2873 1626 episcopis,
2907 1560 3052 1628 quod
3097 1574 3273 1613 omnes
3331 1561 3567 1616 homines
3611 1565 3686 1617 eis

2504 1628 2637 1695 jure
2679 1629 2890 1683 obedire
2906 1630 3150 1683 debeant.

2048 1717 2155 1784 (Ea:
2178 1715 2373 1769 decret.
2408 1717 2699 1772 Clementis
2724 1734 2903 1787 papae,
2947 1734 3065 1788 cap.
3128 1721 3236 1787 15).
3286 1718 3496 1773 Omnes
3525 1720 3687 1789 prin-

1977 1804 2131 1873 cipes
2157 1808 2323 1856 terrae
2351 1808 2407 1857 et
2433 1810 2672 1858 cunctos
2703 1805 2965 1859 homines
3001 1806 3283 1877 episcopis
3341 1807 3595 1875 obedire,
3631 1812 3690 1862 et

1978 1891 2167 1959 capita
2193 1908 2295 1943 sua
2324 1892 2687 1959 submittere,
2738 1910 3058 1964 eorumque
3100 1895 3392 1949 auditores
3441 1897 3687 1951 existere

1977 1978 2372 2049 praecipiebat,
2427 1984 2491 2033 ut
2535 1997 2736 2034 omnes
2786 1982 3002 2052 pariter
3038 1982 3235 2037 ﬁdeles
3285 1990 3343 2038 et
3413 2001 3687 2056 coopera-

1977 2074 2132 2121 tores
2158 2067 2301 2136 legis
2336 2066 2438 2120 Dei
2489 2075 2976 2138 monstrarentur,
3029 2087 3099 2123 ne
3147 2072 3216 2125 de
3269 2071 3352 2125 eis
3384 2074 3609 2128 dicatur
3669 2089 3683 2127 :

1979 2154 2423 2209 Confundentur
2479 2163 2536 2209 et
2595 2157 2938 2211 erubescent
3010 2175 3211 2211 omnes
3268 2161 3366 2230 qui
3421 2166 3691 2233 pugnant
3788 2168 3793 2169 ⁷

1979 2243 2282 2297 adversum
2326 2247 2380 2295 te
2448 2248 2506 2297 et
2546 2250 2718 2298 erunt
2748 2246 2910 2315 quasi
2963 2262 3077 2299 non
3132 2247 3264 2313 sint,
3311 2254 3369 2301 et
3415 2251 3691 2319 peribunt

1978 2331 2087 2384 viri
2120 2329 2219 2400 qui
2248 2331 2651 2386 contradicunt
2693 2332 2818 2387 tibi.
2875 2335 3104 2397 Quaeres
3154 2351 3267 2403 eos,
3300 2342 3356 2390 et
3384 2353 3502 2391 non
3534 2339 3689 2392 inve-

1979 2419 2123 2484 nies,
2164 2418 2312 2470 viros
2344 2418 2591 2473 rebelles
2624 2425 2785 2474 tuos:
2817 2428 2987 2475 erunt
3012 2423 3175 2493 quasi
3207 2440 3322 2478 non
3346 2426 3481 2492 sint,
3515 2431 3571 2480 et
3599 2441 3689 2479 ve-

1977 2508 2087 2561 luti
2145 2507 2509 2576 consumptio
2568 2508 2835 2563 homines
2907 2510 3184 2565 bellantes
3238 2513 3541 2568 adversum
3607 2521 3683 2569 te.

1979 2597 2193 2651 Omnes
2237 2610 2374 2664 ergo
2423 2595 2527 2665 qui
2600 2596 2683 2649 eis
2730 2602 3089 2668 contraeunt,
3144 2599 3223 2654 ita
3284 2602 3584 2657 damnatos
3632 2608 3690 2658 et

1980 2682 2221 2736 infames
2250 2698 2431 2751 usque
2454 2683 2523 2737 ad
2556 2683 2997 2739 satisfactionem
3048 2689 3400 2744 monstrabat
3426 2707 3438 2745 :
3490 2695 3546 2744 et
3574 2691 3689 2744 nisi

1982 2774 2475 2837 converterentur,
2532 2786 2565 2823 a
2615 2771 2909 2827 liminibus
2971 2775 3230 2830 Ecclesia:
3284 2777 3499 2832 alienos
3565 2795 3687 2832 esse

1980 2858 2370 2931 praecipiebat.

1913 2956 1955 3011 (ἶ
1989 2968 2117 3023 CAP.
2154 2965 2344 3041 CXXV.
2401 2995 2470 3041 έ
2515 2965 2670 3031 Quod
2725 2967 2989 3041 episcopi,
3019 2970 3192 3025 claves
3250 2975 3362 3025 sint
3416 2974 3683 3041 Ecclesia,

2058 3042 2107 3092 et
2171 3036 2411 3116 [labeant
2451 3036 2775 3105 potestatem
2831 3036 3081 3095 claudere
3124 3043 3310 3096 calum
3356 3047 3407 3097 et
3474 3036 3689 3113 aperire

2054 3112 2244 3178 portas
2273 3112 2411 3175 ejus.

2062 3214 2172 3285 (Ea:
2203 3213 2381 3268 eodem
2412 3228 2536 3283 cap.
2570 3215 2682 3286 37.)
2736 3216 2997 3270 Sanctam
3030 3234 3166 3287 ergo
3208 3219 3516 3273 Ecclesiam
3571 3220 3679 3274 im-

1988 3303 2332 3357 maculatam
2397 3318 2595 3355 omnes
2666 3320 2890 3357 servare
2954 3305 3165 3359 debere
3237 3308 3686 3378 evangelizabat,

1988 3391 2149 3462 cujus
2175 3391 2355 3444 claves
2384 3389 2680 3461 episcopos
2738 3409 2860 3446 esse
2902 3393 3149 3447 dicebat.
3202 3395 3318 3464 Ipsi
3363 3396 3515 3449 enim
3582 3396 3685 3449 ha-

1988 3480 2126 3534 bent
2154 3481 2491 3549 potestatem
2525 3480 2788 3533 claudere
2842 3481 3049 3535 coelum
3090 3486 3149 3536 et
3205 3483 3431 3553 aperire
3486 3489 3684 3554 portas

1989 3568 2129 3637 ejus,
2162 3565 2312 3636 'quia
2342 3566 2525 3619 claves
2590 3567 2715 3621 cceli
2763 3568 2897 3621 facti
2951 3573 3101 3624 sunt.
3156 3572 3433 3624 Amovere
3493 3575 3685 3626 autem

1991 3671 2089 3709 eos
2110 3654 2398 3706 neminem
2429 3654 2636 3708 debere
2661 3656 2917 3719 docebat,
2946 3658 3081 3727 quia
3111 3659 3262 3712 oculi
3305 3658 3532 3713 Domini
3554 3664 3688 3713 sunt

1991 3748 2047 3797 et
2104 3740 2203 3811 qui
2247 3757 2344 3794 eos
2397 3744 2599 3812 tangit,
2653 3744 2840 3813 tangit
2897 3745 3177 3814 pupillam
3212 3747 3363 3800 oculi
3422 3747 3566 3815 ejus.
3625 3748 3690 3800 Et

1990 3833 2206 3901 quanta
2237 3845 2405 3899 paena
2436 3830 2642 3900 dignus
2714 3833 2785 3884 sit
2820 3832 2918 3902 qui
2962 3849 3056 3885 eos
3093 3835 3459 3900 scandalizat,
3499 3834 3690 3904 ipsum

1994 3917 2302 3972 Dominum
2346 3918 2603 3971 docuisse
2654 3918 2894 3985 dicebat,
2924 3919 3021 3973 ubi
3052 3920 3131 3973 ait
3166 3938 3178 3975 :
3216 3921 3324 3985 Qui
3346 3921 3688 3975 scandaliza-

1992 4006 2137 4060 verit
2191 4021 2373 4059 unum
2423 4007 2493 4060 de
2568 4005 2790 4077 pusillis
2849 4006 2949 4077 qui
3011 4007 3071 4061 in
3131 4025 3222 4063 me
3268 4009 3527 4075 credunt,
3588 4025 3689 4064 ex-

1993 4093 2155 4166 pedit
2181 4092 2234 4146 ei
2258 4098 2319 4146 ut
2358 4093 2741 4163 suspendatur
2788 4094 2941 4148 mola
2981 4095 3230 4149 asinaria
3260 4096 3321 4150 in
3363 4096 3511 4151 collo
3542 4096 3686 4167 ejus,

1995 4188 2048 4237 et
2073 4183 2442 4253 demergatur
2464 4184 2523 4237 in
2552 4183 2905 4254 profundum
2937 4184 3130 4238 maris.

1993 4291 2120 4345 CAP.
2164 4288 2384 4344 CXXVI.
2426 4321 2487 4331 —
2530 4290 2681 4356 Quod
2747 4293 3021 4359 episcopos
3088 4291 3355 4346 Dominus
3380 4292 3454 4346 ad
3515 4293 3690 4358 glori-

2055 4360 2337 4427 ﬁcandum
2369 4377 2423 4432 se
2450 4363 2683 4427 elegerit,
2742 4367 2791 4415 et
2842 4362 2986 4431 quod
3044 4377 3222 4416 omnes
3265 4366 3540 4432 principes
3589 4369 3692 4418 ter-

2060 4446 2137 4485 ra
2162 4432 2238 4484 eis
2269 4431 2484 4485 obedire
2512 4436 2773 4500 oporteat,
2802 4439 2853 4486 et
2882 4435 3065 4500 capita
3085 4448 3187 4487 sua
3214 4431 3544 4488 submittere.

2064 4538 2169 4607 (Ea:
2208 4538 2387 4592 eodem
2428 4553 2549 4607 cap.
2610 4537 2724 4607 29.)
2781 4538 2865 4591 Ad
2900 4537 3339 4608 gloriﬁcandum
3369 4555 3448 4606 se,
3498 4544 3556 4593 et
3597 4540 3690 4595 di-

1993 4627 2123 4681 vina
2153 4628 2424 4682 mandata
2463 4625 2799 4681 seminanda
2829 4631 2886 4679 et
2925 4627 3371 4696 evangelizanda
3396 4628 3692 4699 episcopos

1997 4715 2271 4771 Dominus
2300 4715 2497 4786 elegit,
2531 4718 2587 4768 et
2616 4718 2679 4767 ut
2708 4730 2826 4768 non
2857 4713 3295 4784 prohibeantur,
3341 4721 3438 4770 aut
3458 4722 3691 4786 pertur-

1995 4805 2203 4860 bentur
2228 4805 2459 4859 aiebat:
2510 4802 2791 4867 Quoniam
2848 4801 2949 4872 qui
3005 4818 3099 4855 eos
3150 4802 3333 4870 ltedit,
3374 4820 3506 4858 eum
3536 4805 3693 4860 laedit

1996 4894 2158 4964 cujus
2196 4893 2482 4964 legatione
2538 4891 2879 4960 funguntur.
2933 4889 3250 4944 Prmdicare
3307 4907 3405 4945 eos
3443 4894 3688 4961 assidue,

1998 4986 2053 5035 et
2108 4980 2380 5035 mandata
2422 4978 2652 5032 Domini
2697 4978 2818 5031 sine
2863 4977 3288 5032 intermissione
3354 4983 3692 5035 annuntiare

1998 5069 2252 5140 rogabat.
2310 5067 2496 5136 Opera
2526 5082 2724 5119 eorum
2757 5066 2909 5119 bona
2953 5081 3144 5119 coram
3177 5065 3505 5120 hominibus
3536 5085 3695 5123 mon-

2001 5164 2179 5212 strare
2219 5161 2276 5209 et
2331 5154 2737 5209 conscientiam
2792 5154 3002 5208 bonam
3059 5170 3252 5208 coram
3312 5155 3427 5208 Deo
3484 5156 3693 5211 habere

2000 5245 2345 5301 insinuabat.

2003 5354 2129 5409 CAP.
2163 5351 2403 5408 CXXVII.
2446 5378 2515 5387 ——
2546 5349 2628 5402 De
2692 5350 2979 5417 episcopis,
3023 5347 3168 5416 quod
3204 5364 3259 5403 se
3297 5350 3522 5405 invicem
3563 5351 3695 5406 dili-

2638 5434 2762 5487 gere
2812 5419 3061 5472 debeant.

2075 5508 2189 5578 (Em
2226 5506 2406 5561 eodem
2443 5521 2565 5575 cap.
2610 5506 2721 5573 30.)
2775 5503 3082 5574 Episcopos
3142 5520 3280 5575 ergo
3337 5504 3520 5563 vicem
3555 5523 3698 5579 apo-

3304 5616 3385 5674 19
