4022 6190
383 334 483 386 58⁸7

1461 322 1868 379 BURCHARDI
1911 317 2445 377 WORMACIENSIS
2486 285 2818 374 EPISCOPI.

3809 317 3908 370 588

381 455 662 509 stolorum
725 467 922 521 gerere
974 448 1281 502 Dominum
1329 445 1584 500 docuisse
1641 445 1888 514 dicebat,
1934 445 2070 499 reli-
2101 445 2149 497 A
2188 448 2539 498 manentem.
2584 442 2721 495 Ecce
2752 439 3043 494 homicida
3072 438 3445 508 probabiliter
3473 454 3607 492 esse
3646 438 3910 493 declara-

386 557 634 614 quorum
657 541 1068 608 discipulorum
1112 552 1287 588 \It‘t’m
1331 543 1524 588 tenere
1576 533 1938 604 presbyteros
1981 534 2080 587 de-

383 629 869 686 bereinsiuuabut
901 644 914 680 :
943 641 998 678 et
1026 643 1068 677 SI
1104 629 1231 694 quis
1279 626 1533 694 a'iquem
1583 639 1653 676 ex
1696 622 1785 675 his
1837 621 2082 674 scanda-

385 719 601 785 lizaret,
625 717 1016 788 gravis~imaui
1069 717 1175 766 sibi
1208 728 1434 783 pmuam
1469 711 1666 764 inferri
1685 709 1894 764 debere
1933 724 2080 779 prae-

387 808 627 863 dicabat.
689 806 933 858 Cunctos
1012 820 1068 854 se
1117 802 1356 853 invicem
1400 801 1639 868 diligere
1698 804 1756 852 et
1811 797 2081 868 adjuvare

387 896 614 959 debere,
648 901 704 947 et
735 894 1023 945 neminem
1060 891 1129 943 ab
1177 889 1465 959 adjutorio
1513 887 1706 942 fratris
1754 903 1811 944 se
1856 886 2082 940 subtra-

386 983 524 1037 here
558 981 895 1032 instruebat.

388 1070 517 1125 CAP.
551 1067 822 1123 CXXVIII.
855 1094 928 1106 —
963 1067 1028 1118 Ut
1074 1067 1353 1188 episcopus
1385 1065 1692 1131 episcopum
1738 1061 1910 1115 alium
1975 1075 2083 1114 non

1087 1151 1248 1188 ουηειι
1275 1152 1328 1186 (Ψ
1361 1174 1372 1184 .

1087 1151 1350 1188 ουησιιισθι
1361 1174 1372 1184 .

459 1228 578 1294 (Ea:
607 1225 791 1279 concil.
845 1225 1170 1287 Arelatensi,
1214 1238 1334 1289 cup.
1368 1221 1490 1290 l3.)
1523 1221 1593 1274 Ut
1640 1220 1831 1273 nullus
1860 1218 2081 1289 episco-

387 1332 492 1386 pus
537 1315 711 1368 aliuni
746 1315 1143 1380 episcoporum
1177 1312 1488 1375 conculcet,
1558 1324 1807 1377 eumque
1864 1307 2080 1360 calum-

387 1404 537 1457 niari
561 1406 646 1454 Vel
679 1401 939 1470 injuriari
972 1406 1298 1467 praesumat.
1342 1398 1502 1461 Quod
1535 1397 1582 1449 si
1628 1397 1847 1464 fecerit,
1874 1395 2084 1465 gradus

391 1494 480 1544 sui
513 1491 767 1560 periculo
792 1491 1124 1553 Silbijt‘blt.

393 1581 520 1634 Car.
583 1579 795 1633 CXXIX.
870 1579 944 1631 De
991 1578 1257 1643 episcopis
1315 1571 1410 1642 qui
1459 1589 1513 1626 se
1563 1589 1597 1626 a
1638 1575 1880 1640 fratrum
1917 1571 2083 1639 adju-

944 1653 1080 1700 torto
1134 1646 1532 1699 sublrnweriut.

462 1738 578 1808 (Ex
608 1737 750 1790 decr.
786 1736 1098 1788 Alculudri
1115 1751 1249 1802 ραι).
1293 1748 1411 1800 cup.
1457 1734 1522 1784 30
1548 1732 1792 1785 omnibus
1823 1731 2087 1799 episcopis

389 1828 744 1894 missis.)Qui
796 1828 988 1877 autem
1020 1841 1084 1876 ex
1144 1829 1328 1874 vestro
1379 1821 1618 1888 collegio
1678 1819 1879 1882 fuerit,
1931 1827 1989 1871 et
2019 1817 2088 1870 ab

392 1915 605 1967 auxilio
660 1926 843 1964 Vestro
899 1929 958 1964 se
1039 1910 1402 1977 subtraXerit,
1461 1909 1643 1977 magis
1702 1907 2090 1961 schismaticus

393 2018 566 2072 quam
626 2001 881 2053 sacerdos
931 2017 1050 2052 esse
1085 1999 1438 2069 probabitur.
1479 2021 1499 2045 α
1547 1999 1700 2064 Ecce,
1748 1995 1939 2066 inquit
1965 1996 2092 2048 Pro-

393 2091 588 2160 pheta,
649 2105 821 2159 quam
876 2088 1093 2140 bonum
1153 2095 1210 2140 et
1247 2105 1420 2157 quam
1475 2086 1798 2156 jucundum
1829 2083 2090 2137 habitare

394 2180 597 2233 fratres
622 2179 678 2230 iu
707 2194 907 2230 unum.
934 2197 960 2226 ››
989 2176 1070 2228 Ιιιί
1097 2192 1228 2227 vero
1261 2192 1373 2227 non
1394 2175 1450 2227 in
1476 2190 1654 2227 unum
1684 2171 1962 2237 habitant,
1988 2170 2091 2241 qui

397 2284 430 2320 a
468 2267 707 2320 fratrum
743 2282 799 2318 se
859 2264 1061 2318 solatio
1109 2263 1472 2326 subtrahunt,
1515 2268 1588 2326 et,
1645 2261 1801 2332 quod
1844 2260 2092 2314 deterius

398 2363 504 2420 est,
554 2357 824 2408 fratri'ous
867 2353 1102 2406 insidias
1144 2358 1490 2421 pra-parant,
1547 2357 1647 2404 aut
1694 2352 1930 2420 laqueos
1995 2363 2091 2418 po-

398 2449 564 2497 nunt.
600 2443 740 2495 lteni
776 2448 903 2511 post
954 2457 1132 2510 pauca
1161 2456 1173 2493 :
1215 2441 1326 2494 Nos
1357 2455 1494 2508 ergo
1529 2439 1628 2509 qui
1677 2436 1942 2507 discipuli
1985 2437 2089 2490 Do-

398 2531 542 2584 mini
600 2537 656 2583 et
701 2529 810 2583 dici
854 2536 910 2582 et
951 2545 1071 2581 esse
1126 2529 1410 2596 cupimus,
1456 2532 1682 2597 portare
1727 2539 1955 2579 crucem
1989 2524 2096 2578 Do-

399 2619 564 2687 mini,
598 2624 654 2671 et
682 2617 934 2687 computi
957 2617 1228 2670 fratribus
1259 2617 1554 2681 debemus,
1579 2619 1635 2668 et
1665 2630 1780 2668 non
1811 2627 2094 2683 quascun-

399 2723 510 2779 que
571 2708 652 2760 eis
709 2707 950 2760 insidias
1009 2711 1106 2758 aut
1173 2705 1362 2758 foveas
1393 2718 1760 2773 praeparare:
1819 2700 1956 2771 quia
2012 2704 2094 2753 ta-

397 2797 611 2850 lionem
643 2800 889 2848 meretur
929 2793 1027 2862 qui
1070 2791 1344 2845 fratribus
1402 2791 1624 2844 foveam
1673 2792 1855 2860 parat.
1907 2788 2095 2842 Nolite

398 2899 610 2949 errare,
643 2882 867 2945 fratres,
905 2880 1041 2950 quia
1071 2881 1216 2932 Deus
1257 2895 1373 2931 non
1422 2878 1716 2931 irridetur.
1777 2875 1956 2945 Hujus
2009 2874 2092 2927 rei

398 2971 585 3043 gratia
618 2971 775 3023 Vobis
804 2968 1078 3024 Dominus
1108 2967 1394 3020 commisit
1451 2966 1761 3019 Ecclesium
1818 2978 2000 3030 suam,
2034 2966 2096 3015 ut

398 3076 502 3130 pro
561 3058 829 3112 omnibus
867 3057 1154 3121 laboretis,
1207 3062 1263 3108 et
1304 3055 1520 3106 cunctis
1579 3050 1868 3124 oppressis
1921 3066 2092 3119 opem

397 3148 550 3201 ferre
584 3163 698 3198 non
723 3145 1045 3214 negligatis.
1102 3143 1260 3196 Unde
1309 3152 1364 3194 et
1396 3142 1670 3195 Dominus
1699 3155 1804 3210 per
1840 3137 2092 3208 Prophe-

399 3242 518 3289 tam
551 3234 828 3302 loquitur,
863 3232 1091 3284 dicens:
1131 3233 1260 3284 Haec
1303 3229 1441 3282 dicit
1473 3229 1746 3282 Dominus
1776 3243 1789 3281 :
1835 3227 2092 3281 Judicate

401 3338 570 3377 mane
594 3321 897 3391 judicium,
923 3327 982 3372 et
1010 3319 1192 3371 eruite
1236 3317 1286 3370 vi
1317 3333 1619 3387 oppressos
1681 3316 1750 3369 de
1789 3331 1966 3369 manu
2001 3331 2091 3368 ca-

401 3409 753 3472 lumniantis,
783 3424 852 3460 ne
893 3409 1039 3460 forte
1070 3407 1398 3476 egrediatur
1427 3405 1590 3474 quasi
1638 3404 1788 3473 ignis
1828 3404 2090 3474 indigna—

398 3500 479 3553 tio
506 3514 654 3563 mea,
688 3502 744 3550 et
772 3497 1168 3558 succendatur,
1229 3500 1286 3548 et
1333 3511 1448 3546 non
1483 3493 1555 3546 sit
1593 3493 1692 3564 qui
1749 3493 2090 3562 exstinguat.

399 3588 506 3641 Vos
546 3602 685 3656 ergo
717 3585 816 3655 qui
847 3584 904 3637 in
938 3599 1161 3636 summa
1201 3583 1432 3654 specula
1461 3598 1494 3636 a
1527 3582 1771 3636 Domino
1798 3581 2096 3636 constituti

399 3675 556 3740 estis,
616 3673 907 3737 attendere
955 3686 1052 3724 eos
1099 3677 1154 3723 et
1211 3669 1532 3740 opprimere
1587 3673 1835 3738 oportet,
1897 3667 2094 3738 quiin

399 3765 601 3819 fratres
632 3761 944 3816 seditiones
970 3765 1026 3813 et
1057 3761 1324 3814 scandala
1353 3759 1619 3824 excitant,
1649 3774 1719 3812 ne
1752 3755 1924 3811 simul
1963 3771 2095 3812 cum

401 3853 482 3907 eis
513 3851 784 3923 pereatis.

400 3942 530 3996 CAP.
566 3939 754 3995 CXXX.
788 3967 856 3979 —
893 3938 972 4013 De
992 3938 1257 4013 episcopis
1286 3937 1382 4002 qui
1400 3935 1662 4013 sequasi
1702 3935 1897 3988 canino
1944 3933 2099 3986 dente

937 4010 1163 4059 invicem
1221 4010 1564 4059 corroserint.

472 4101 592 4170 (Ea:
639 4097 838 4151 eisdem
886 4095 960 4147 ad
988 4093 1215 4158 eosdem,
1257 4108 1377 4160 cap.
1416 4088 1546 4159 ‘18.)
1598 4090 1656 4145 Si
1711 4106 1865 4157 vero,
1941 4088 2096 4161 quod

403 4187 581 4242 absitl
651 4183 936 4238 discordes
985 4180 1226 4246 fueritis,
1259 4185 1317 4233 et
1344 4179 1548 4233 canino
1598 4179 1766 4234 dente
1787 4196 1883 4232 vos
1933 4178 2098 4232 dero-

399 4276 535 4330 dere
565 4270 867 4341 cmperitis,
903 4285 1017 4322 non
1049 4269 1232 4322 solum
1279 4284 1377 4322 eos
1427 4284 1544 4322 non
1585 4267 1946 4338 superabitis,
1997 4265 2092 4320 sed
2126 4284 2169 4337 ι)

401 4367 458 4418 et
489 4361 648 4415 vobis
678 4359 787 4429 ipsi
815 4357 1114 4422 nocebitis,
1146 4363 1320 4428 atque
1351 4356 1420 4412 ab
1451 4357 1533 4411 eis
1572 4354 2006 4427 superabimini,
2039 4359 2096 4408 et

399 4455 676 4504 nocenter
709 4448 854 4501 forte
882 4445 1162 4517 peribitis.

402 4539 532 4594 CAP.
568 4537 780 4592 CXXXI.
814 4564 885 4578 —
926 4536 1006 4589 De
1055 4536 1321 4618 episcopis
1349 4537 1447 4618 qui
1469 4533 1740 4600 fratribus
1795 4547 1981 4586 nocere
2009 4531 2097 4584 de-

473 4681 581 4750 (Em
611 4678 753 4732 decr.
789 4677 1072 4744 Boni/acii
1118 4607 1516 4745 ῗὲιῗᾜῖιέίευι
1567 4673 1754 4727 omnis
1785 4671 1885 4742 qui
1908 4670 2097 4742 diligit

395 4769 628 4822 fratrem
661 4782 849 4832 suum,
883 4782 949 4834 ex
1001 4767 1113 4819 Deo
1146 4769 1230 4818 est
1261 4780 1275 4818 ε
1310 4763 1390 4816 ita
1418 4762 1603 4816 omnis
1654 4761 1756 4833 qui
1792 4760 1914 4814 odit
1956 4774 2094 4830 pro-

396 4857 640 4922 ximum,
663 4871 730 4909 ex
760 4855 990 4908 diabolo
1036 4858 1140 4906 est.
1173 4852 1485 4906 Dilectione
1516 4850 1669 4904 enim
1717 4850 1839 4904 sola
1883 4848 2094 4902 discer-

394 4946 554 4999 nitur
585 4943 736 5014 quis,
757 4957 821 4996 ex
849 4959 964 5012 quo
995 4941 1226 5012 genitus
1256 4939 1630 5009 approbetur,
1671 4938 1894 4992 dicente
1921 4938 2095 4991 Joan-

394 5049 469 5087 ne
506 5033 608 5086 :ln
637 5031 744 5085 hoc
806 5027 1095 5083 manifesti
1144 5033 1278 5080 sunt
1319 5026 1423 5080 filii
1478 5025 1600 5090 Dei,
1645 5031 1700 5078 et
1729 5024 1834 5079 filii
1861 5023 2090 5078 diaboli.

396 5119 596 5176 Omnis
625 5118 725 5190 qui
757 5133 873 5171 non
904 5117 1040 5170 facit
1073 5115 1379 5184 justitiam,
1441 5130 1510 5168 ex
1566 5115 1680 5167 Deo
1730 5129 1846 5166 non
1899 5119 2004 5180 est,
2038 5117 2097 5166 et

394 5225 510 5264 non
535 5206 725 5278 diligit
746 5207 983 5259 fratrem
1019 5220 1208 5256 suum.
1258 5201 1541 5266 Quoniam
1580 5202 1704 5256 haec
1751 5206 1838 5256 est
1865 5217 2092 5256 annun-

394 5297 556 5352 tiatio
606 5311 784 5367 quam
830 5294 901 5348 ab
960 5293 1126 5346 initio
1191 5290 1454 5356 audistis,
1506 5295 1570 5344 ut
1617 5289 1870 5360 diligatis
1919 5290 2094 5344 alter-

394 5392 609 5442 utrum.
650 5385 716 5438 Et
766 5388 896 5454 post
956 5381 1304 5452 paululum:
1374 5378 1573 5434 Omnis
1634 5378 1734 5450 qui
1809 5377 1927 5432 odit
1987 5377 2095 5430 ira-

392 5481 540 5530 trem
578 5487 769 5537 suum,
822 5470 1113 5524 homicida
1158 5473 1266 5522 est.
1306 5469 1373 5522 Et
1421 5467 1572 5521 scitis
1619 5466 1898 5537 quoniam
1959 5481 2093 5518 om-

393 5563 488 5620 nis
574 5559 863 5618 homicida
945 5575 1065 5614 non
1114 5557 1292 5615 habet
1356 5556 1533 5612 vitam
1583 5561 1858 5611 aeternam
1914 5553 1976 5608 in
2032 5570 2094 5609 se

2195 539 2291 587 tur
2320 532 2458 602 quia
2514 532 2765 584 fraterna
2797 529 3069 582 societate
3099 527 3393 581 dividitur.
3425 528 3571 581 Nam
3605 533 3665 580 et
3715 529 3764 580 si
3791 544 3909 581 ma-

2194 635 2304 672 nus
2334 635 2449 672 non
2481 624 2706 672 moveat
2735 617 2807 670 ad
2858 616 3254 683 occidendum,
3278 633 3380 686 pro
3412 632 3481 669 eo
3511 622 3723 669 tamen
3775 617 3910 686 quia

2195 707 2438 760 immitis
2463 711 2548 760 est
2575 707 2647 760 ad
2679 706 3024 769 nocendum,
3061 705 3178 774 jam
3211 722 3245 758 a
3298 705 3415 758 Deo
3466 704 3776 758 homicida
3817 711 3906 758 te-

2193 802 2386 850 netur.
2425 797 2571 849 Vivit
2617 793 2732 860 ille,
2762 800 2820 848 et
2843 794 2949 847 iste
2974 794 3094 863 jam
3139 793 3473 846 interfector
3512 792 3904 847 convincitur.

2196 885 2342 938 Cum
2389 884 2568 953 igitur
2595 884 2685 938 his
2731 883 3032 954 praeceptis
3096 883 3296 936 beatus
3351 883 3656 950 apostolus
3702 881 3907 934 Paulus

2194 988 2447 1027 consona
2485 972 2890 1043 praedicatione
2922 971 3248 1036 concordet,
3269 970 3503 1024 dicens:
3540 970 3647 1024 Sol
3682 985 3804 1022 non
3821 985 3909 1020 oc-

2195 1060 2347 1115 cidat
2375 1077 2550 1132 super
2578 1060 2934 1114 iracundiam
2957 1065 3200 1112 vestram
3227 1075 3240 1124 ;
3291 1063 3348 1112 et
3387 1075 3401 1112 :
3456 1058 3652 1112 Nolite
3721 1058 3909 1110 locum

2196 1151 2335 1205 dare
2373 1150 2623 1215 diabolo,
2661 1149 2855 1202 relatae
2909 1153 3044 1201 sunt
3099 1148 3263 1202 nobis
3293 1147 3698 1218 quorumdam
3729 1163 3909 1198 sacer-

2196 1239 2396 1293 dotum
2418 1253 2680 1308 personae
2734 1237 2797 1290 in
2829 1242 3050 1290 tantam
3101 1235 3506 1290 obstinationis
3567 1235 3903 1290 eiferbuisse

2198 1325 2564 1390 discordiam,
2631 1331 2695 1379 ut
2746 1341 2863 1378 non
2894 1325 3079 1377 solum
3106 1324 3232 1377 illos
3283 1323 3355 1377 ab
3381 1323 3470 1376 ira
3498 1339 3750 1376 occasus
3778 1323 3906 1376 solis

2198 1430 2314 1468 non
2344 1420 2589 1479 revocet,
2624 1414 2721 1466 sed
2765 1429 2837 1466 ne
2893 1429 3107 1465 annosa
3136 1411 3370 1482 quidem
3410 1412 3738 1465 transactio
3768 1418 3905 1464 tem-

2197 1519 2404 1572 porum
2461 1502 2532 1555 ad
2589 1501 2804 1557 bonum
2858 1499 3151 1553 charitatis
3201 1499 3460 1552 reclinet.
3533 1499 3773 1568 Quippe
3843 1501 3896 1551 in

2197 1605 2446 1661 quorum
2501 1589 2769 1644 cordibus
2822 1588 2902 1641 ita
2949 1589 3026 1641 sol
3061 1587 3298 1657 justitiae
3338 1588 3612 1641 Christus
3641 1586 3895 1640 occubuit

2202 1686 2264 1732 ut
2315 1679 2383 1732 ad
2443 1678 2642 1731 lumen
2673 1677 2964 1730 charitatis
3042 1675 3229 1728 redire
3261 1675 3348 1728 vix
3399 1677 3656 1745 possint.
3704 1677 3900 1729 Horum

2199 1765 2379 1835 igitur
2407 1770 2463 1818 et
2501 1765 2778 1818 similium
2807 1763 3260 1817 discordantium
3292 1765 3537 1816 fratrum
3568 1763 3895 1826 oblationes,

2191 1855 2357 1924 juxta
2385 1853 2612 1922 antiqui
2638 1853 2872 1906 canonis
2913 1851 3327 1910 definitionem,
3354 1853 3512 1904 nullo
3548 1851 3732 1904 modo
3773 1853 3897 1902 reci-

2199 1941 2437 2009 piendas
2491 1957 2612 1994 esse
2650 1956 2967 1994 censemus.
3025 1939 3282 1993 Personis
3320 1946 3516 1992 tamen
3579 1940 3896 1993 discordan-

2197 2029 2345 2082 tium
2372 2029 2430 2083 id
2458 2029 2692 2098 speciali
2716 2028 3048 2081 deIinitione
3071 2027 3459 2097 praecipimus,
3485 2033 3576 2093 ut,
3601 2033 3891 2097 antequam

2199 2134 2295 2170 eos
2317 2116 2704 2170 reconciliatio
2738 2132 2872 2169 vera
2920 2116 3190 2180 innectat,
3236 2117 3430 2168 nullus
3503 2131 3722 2168 eorum
3761 2131 3889 2168 accc-

2199 2204 2332 2258 dere
2374 2204 2446 2258 ad
2499 2205 2674 2272 altare
2727 2203 2952 2256 Domini
2982 2203 3209 2267 audeat,
3241 2203 3328 2255 vel
3357 2202 3616 2269 gratiam
3649 2218 3890 2255 commu-

2201 2291 2391 2345 nionis
2420 2299 2631 2344 sanctae
2665 2291 2945 2361 percipiat
2973 2305 2987 2343 :
3020 2290 3119 2343 sed
3169 2290 3462 2359 geminato
3508 2297 3783 2359 tempore
3807 2305 3894 2358 per

2200 2379 2600 2450 paenitentiam
2636 2379 3107 2449 compensabunt,
3143 2394 3258 2449 quo
3319 2379 3634 2432 discordiae
3703 2378 3892 2431 servie-

2200 2474 2357 2522 runt.
2390 2467 2551 2531 Quod
2570 2467 2617 2520 si
2650 2483 2800 2520 unus
2832 2483 3058 2532 eorum,
3091 2466 3202 2519 alio
3234 2471 3678 2532 contemnente,
3722 2466 3791 2519 ad
3820 2482 3897 2516 sa-

2201 2555 2584 2610 tisfactionem
2613 2554 2904 2608 charitatis
2933 2555 3269 2616 cucurrerit,
3301 2570 3366 2608 ex
3391 2570 3458 2607 eo
3491 2560 3764 2625 tempore
3786 2555 3898 2624 jam

2202 2644 2475 2715 pacificus
2505 2643 2654 2696 intra
2690 2643 2990 2696 Ecclesiam
3023 2642 3350 2711 recipietur,
3382 2658 3445 2694 ex
3508 2660 3635 2712 quo
3665 2643 3737 2697 ad
3775 2659 3900 2696 con-

2207 2732 2460 2788 cordiam
2516 2732 2811 2786 festinasse
2869 2731 3230 2784 convincitur
3283 2748 3295 2785 :
3353 2732 3655 2785 sententia
3717 2738 3899 2784 tamen

2208 2820 2492 2892 superiori
2517 2829 2761 2886 servata,
2796 2825 2858 2872 ut
2888 2825 3115 2890 tempus
3169 2820 3322 2889 quod
3358 2819 3416 2872 in
3452 2819 3607 2874 iram
3641 2819 3901 2890 expendit

2205 2909 2563 2980 geminatum
2601 2909 2660 2961 in
2686 2907 3036 2978 paenitentiae
3069 2906 3454 2960 satisfactione
3483 2910 3800 2976 persolvat.

2129 3007 2170 3063 C
2207 3013 2336 3069 CAP.
2366 3012 2605 3067 CXXXII.
2641 3041 2703 3052 -υ
2759 3014 2824 3066 Ut
2860 3012 3042 3065 nullus
3087 3011 3152 3082 de
3206 3013 3452 3079 episcopo
3478 3027 3578 3064 suo
3638 3015 3896 3082 querelam

2272 3084 2461 3154 faciat,
2495 3085 2605 3137 nisi
2629 3085 2788 3151 prius
2810 3099 2928 3135 eum
2966 3083 3031 3134 de
3051 3081 3233 3135 eadem
3261 3097 3400 3150 saepe
3430 3081 3762 3151 interpellet.

2204 3174 2316 3244 (Ex
2401 3173 2542 3226 decr.
2607 3171 2926 3226 Alemandri
2993 3185 3174 3238 papae,
3248 3170 3494 3223 omnibus
3581 3171 3891 3225 orthodoris

2203 3263 2401 3327 missis,
2435 3275 2553 3328 cap.
2578 3261 2656 3324 2.)
2687 3259 2744 3313 Si
2771 3259 2898 3328 quis
2954 3273 3092 3326 erga
3139 3257 3471 3328 episcopum
3534 3259 3628 3312 vel
3687 3268 3891 3312 actores

2204 3348 2468 3402 Ecclesia
2500 3347 2818 3418 quamlibet
2849 3347 3142 3416 querelam
3173 3345 3383 3400 habere
3433 3345 3662 3415 justam
3727 3348 3890 3400 credi-

2203 3438 2371 3504 derit,
2404 3453 2522 3490 non
2552 3435 2710 3506 prius
2772 3436 3046 3505 primates
3092 3439 3187 3488 aut
3241 3435 3383 3488 alios
3437 3435 3614 3489 adeat
3661 3437 3885 3506 judices,

2205 3541 2380 3595 quam
2412 3525 2619 3595 ipsosa
2654 3525 2862 3594 quibus
2919 3539 2978 3576 se
3035 3522 3236 3576 laesum
3293 3523 3541 3576 aestimat
3601 3526 3887 3578 conveniat

2204 3613 2566 3668 familiariter
2599 3629 2611 3666 :
2645 3629 2761 3665 non
2809 3612 3008 3676 semel,
3055 3611 3154 3665 sed
3204 3611 3538 3680 sepissime,
3591 3619 3661 3666 ut
3715 3614 3782 3666 ab
3818 3613 3884 3664 eis

2205 3706 2305 3756 aut
2361 3718 2516 3755 suam
2563 3701 2846 3770 justitiam
2901 3699 3164 3768 accipiat,
3200 3705 3298 3752 aut
3337 3701 3790 3754 excusationem.
3838 3699 3884 3752 Si

2208 3795 2398 3844 autem
2430 3805 2590 3844 secus
2612 3789 2808 3858 egerit,
2843 3787 2913 3841 ab
2944 3787 3083 3858 ipsis
3112 3793 3167 3841 et
3211 3787 3280 3841 ab
3324 3787 3450 3842 aliis
3495 3791 3885 3844 communione

2211 3878 2486 3949 privetur,
2518 3881 2793 3948 tanquam
2815 3877 3212 3946 apostolorum
3251 3876 3624 3947 aliorumque
3680 3880 3883 3932 Patrum

2208 3971 2592 4036 contemptor.

2209 4071 2337 4127 Car.
2391 4071 2654 4127 CXXXIII.
2705 4099 2778 4111 —-
2835 4072 2903 4125 Ut
2941 4071 3179 4138 episcopi
3231 4085 3266 4122 a
3321 4069 3431 4123 solo
3493 4071 3731 4125 Domino
3787 4073 3878 4123 sint

2864 4141 2925 4194 di
2919 4140 3216 4209 judicandi
3223 4182 3234 4192 .

2283 4231 2391 4298 (Ea:
2441 4231 2584 4284 decr.
2615 4231 2897 4286 Clementis
2934 4244 3092 4298 pap.,
3123 4245 3246 4298 cap.
3281 4231 3392 4295 38.)
3455 4230 3766 4302 Episcopos
3799 4246 3882 4283 au-

2208 4324 2324 4374 tem
2353 4335 2388 4372 a
2415 4321 2534 4373 solo
2571 4319 2813 4372 Domino
2837 4317 3181 4387 judicaudos
3238 4323 3338 4371 aut
3383 4321 3809 4385 ,removendos,
3839 4323 3887 4371 et

2205 4424 2320 4462 non
2359 4407 2430 4461 ab
2462 4408 2588 4462 aliis
2609 4423 2729 4462 esse
2758 4406 3009 4460 dicebat:
3039 4407 3175 4476 quia
3237 4405 3324 4458 sui
3376 4411 3534 4471 sunt,
3591 4424 3713 4462 non
3763 4408 3885 4461 alte-

2203 4496 2342 4551 rius.
2403 4496 2471 4548 Et
2527 4496 2653 4566 quis
2701 4501 2786 4548 est
2816 4495 2915 4565 qui
2949 4497 3184 4550 alterius
3223 4495 3444 4564 judicet
3469 4499 3744 4550 servum?
3765 4497 3886 4550 Nam

2205 4584 2254 4638 si
2278 4584 2385 4638 ista
2415 4600 2530 4637 non
2552 4583 2853 4653 patiuntur
2880 4582 3162 4649 homines,
3222 4599 3325 4637 nec
3353 4584 3502 4637 Deus
3541 4584 3800 4650 deorum,
3841 4589 3888 4636 et

2207 4671 2482 4726 Dominus
2534 4671 2956 4725 dominantium
3007 4671 3128 4726 haec
3155 4673 3436 4726 ullatenus
3467 4674 3708 4742 patitur.
3745 4672 3881 4726 Unde

2205 4765 2261 4815 et
2298 4776 2402 4831 per
2431 4761 2738 4831 prophetas
2788 4760 2897 4814 sibi
2945 4765 3118 4815 testes
3163 4777 3282 4814 esse
3339 4760 3565 4815 dicebat
3623 4778 3730 4832 per
3757 4776 3881 4832 quos

2205 4848 2478 4902 Dominus
2520 4848 2797 4918 loquitur,
2832 4848 3025 4901 dicens
3059 4865 3074 4901 :
3130 4849 3265 4902 Ecce
3315 4850 3510 4903 excoxi
3546 4856 3624 4915 te,
3659 4851 3757 4905 sed
3784 4864 3882 4903 non

2203 4936 2366 5008 quasi
2415 4943 2721 5007 argentum
2775 4952 2789 4990 :
2832 4935 2980 5006 elegi
3022 4942 3076 4990 te
3127 4937 3188 4990 in
3245 4938 3468 4991 camino
3519 4938 3875 5009 paupertatis.

2205 5026 2446 5096 Propter
2475 5041 2583 5088 me,
2611 5031 2847 5095 propter
2875 5041 2966 5077 me
3008 5024 3212 5079 faciam
3246 5031 3307 5079 ut
3353 5042 3470 5080 non
3502 5026 3872 5098 blasphemer;

2204 5118 2261 5168 et
2287 5113 2534 5184 gloriam
2565 5129 2755 5167 meam
2785 5112 2950 5166 alteri
2980 5128 3098 5167 non
3125 5113 3291 5168 dabo.

2204 5220 2332 5275 CAP.
2370 5220 2630 5274 CXXXIV.
2687 5248 2756 5260 —
2813 5220 2988 5290 Nimis
3049 5220 3344 5273 timendum
3385 5225 3436 5274 et
3481 5221 3872 5290 previde

2677 5305 2740 5343 ne
2775 5288 3122 5357 offendantur
3163 5294 3418 5360 episcopi.

2274 5379 2438 5448 (Cap.
2463 5379 2721 5433 Evaristi
2747 5394 2879 5447 pap.
2935 5379 3011 5434 VI
3050 5379 3301 5433 omnibus
3315 5395 3416 5448 per
3444 5379 3752 5449 Egi/ptum
3775 5382 3873 5446 fra-

2203 5467 2379 5520 tribus
2406 5467 2679 5537 missum.)
2716 5465 2899 5520 Nimis
2933 5466 3190 5521 timenda
3229 5473 3334 5534 est,
3367 5468 3593 5535 fratres,
3621 5470 3745 5524 haec
3770 5484 3872 5522 sen-

2201 5553 2403 5624 tentia,
2425 5559 2484 5611 et
2518 5553 2954 5626 prouidendum
3011 5553 3172 5611 vobis
3201 5570 3273 5610 ne
3308 5555 3609 5614 oﬂ‘endatis
3637 5574 3736 5613 eos
3789 5555 3872 5626 qui
