4022 6190
152 404 256 457 589
1162 395 1638 451 DECRETORUM
1682 396 1870 451 LIBRI
1907 394 2019 450 xx.
2061 421 2153 434 —
2193 358 2715 451 LIBERIPRIMUS.
3594 402 3696 454 590

151 532 376 581 tantam
407 540 439 577 a
464 520 710 577 Domino
760 524 1118 590 potestatem
1169 519 1401 572 habent.
1438 522 1501 573 Et
1537 519 1663 573 ideo
1693 518 1883 588 potius
1913 520 1958 570 Α
1997 515 2292 586 quoniam
2320 521 2433 571 tam
2466 517 2784 571 sacerdotes
2815 532 2988 586 quam
3014 518 3220 587 reliqui
3276 518 3472 572 ﬁdeles
3503 535 3704 573 omnes

152 608 525 674 obaudiendi,
557 603 872 674 diligendi,
906 609 966 656 et
999 619 1361 673 summopere
1392 610 1524 656 sunt
1551 605 1880 668 venerandi,
1991 619 2294 657 summam
2322 606 2529 660 debent
2576 605 2787 659 habere
2822 621 3017 659 curam
3062 606 3131 659 de
3180 606 3269 660 his
3299 608 3398 678 qui
3438 612 3699 676 pereunt,

152 706 355 754 etnon
406 693 769 755 detrahendi,
827 692 916 744 vel
968 691 1260 745 Iacerandi
1319 697 1419 745 aut
1456 692 1743 762 ejiciendi,
1786 692 1885 745 sed
1978 698 2290 763 quatenus
2370 709 2570 748 eorum
2648 694 3055 763 redargutione
3110 701 3207 747 aut
3264 694 3625 764 corrigantur
3672 713 3706 748 a

154 786 447 857 portandi,
472 790 525 837 et
546 782 790 836 amandi
854 780 981 850 ipso
1013 780 1240 833 dicente
1289 780 1531 833 Domino
1588 799 1605 835 :
1647 780 1756 843 Qui
1787 797 1886 832 vos
1993 782 2267 853 peccatis,
2302 787 2418 847 aut,
2451 782 2498 835 si
2527 780 2946 851 incorrigibiles
2989 784 3381 853 apparuerint,
3416 783 3485 836 ab
3520 782 3702 836 Eccle-

159 876 341 937 audit,
384 889 469 925 me
523 870 727 924 audit:
790 873 855 921 et
900 867 1003 937 qui
1054 883 1153 919 vos
1200 866 1446 935 spernit,
1508 884 1597 920 me
1644 867 1883 937 spernit.
1996 869 2084 923 sia
2121 874 2480 939 separentur.

160 965 295 1019 Ideo
328 963 447 1016 haec
475 960 630 1013 vobis
672 963 729 1010 et
768 956 1050 1010 omnibus
1081 954 1357 1008 ﬁdelibus
1404 955 1725 1021 scribimus,
1774 956 1889 1008 fra-
2358 958 2485 1011 Cap.
2530 956 2820 1011 CXXXVII.
2855 988 2924 997 —
2955 961 3027 1012 De
3056 959 3240 1012 eadem
3270 974 3346 1011 re.

163 1060 299 1113 tres,
336 1056 402 1104 ut
433 1050 501 1103 ab
537 1048 623 1101 liis
654 1062 759 1098 vos
817 1044 1070 1098 caveatis
1114 1049 1170 1097 et
1218 1044 1470 1111 posteris
1515 1044 1715 1097 vestris
1774 1059 1890 1095 non
2072 1044 2186 1114 (Ea:
2242 1045 2385 1099 decr.
2466 1045 2749 1099 Clementis
2794 1061 2951 1114 pap,
3008 1062 3127 1114 cap.
3194 1050 3301 1111 17.)
3342 1045 3455 1115 Ipsi
3514 1048 3706 1099 autem

166 1142 387 1195 malum
417 1138 508 1192 sed
552 1137 773 1189 bonum
827 1133 1161 1201 exemplum
1208 1131 1579 1202 relinquatis,
1618 1131 1890 1201 quoniam
2000 1132 2256 1202 episc0pi
2296 1133 2343 1185 si
2386 1132 2861 1198 exorbitaverint,
2922 1134 2992 1186 ab
3069 1133 3190 1201 istis
3242 1150 3358 1186 non
3434 1139 3568 1187 sunt
3618 1150 3708 1186 re-

161 1230 385 1298 injuria
414 1226 821 1296 episcoporum
854 1222 926 1275 ad
957 1220 1251 1275 Christum
1286 1220 1562 1289 pertinet,
1587 1221 1751 1290 cujus
1772 1218 1892 1272 vice
1998 1222 2399 1291 prehendendi
2452 1222 2539 1275 vel
2606 1222 2907 1291 arguendi,
2969 1223 3067 1275 sed
3122 1222 3409 1291 portandi,
3471 1222 3583 1275 nisi
3649 1222 3714 1275 in

162 1320 510 1387 funguntur.
2002 1310 2116 1363 ﬁde
2156 1310 2493 1362 erraverint.
2545 1309 2617 1361 Hi
2672 1325 2811 1378 ergo
2868 1325 3039 1378 super
3098 1309 3204 1362 hoc
3251 1313 3404 1374 sunt,
3456 1326 3573 1363 non
3629 1310 3712 1364 illi

164 1425 308 1478 exp.
368 1420 598 1475 cxxxv.
647 1447 718 1457 —
777 1420 851 1471 De
897 1416 1161 1483 episcopis
1211 1414 1315 1478 qui
1365 1412 1434 1465 ab
1491 1412 1738 1466 omnibus
1779 1414 1893 1467 suis
2003 1413 2177 1466 super
2225 1397 2413 1450 istos:
2467 1395 2747 1465 quoniam
2795 1397 2979 1465 major
3022 1412 3056 1449 ει
3110 1397 3336 1449 minore
3384 1413 3502 1451 non
3551 1399 3715 1468 argui

277 1492 660 1555 criminantur,
695 1492 758 1540 ut
780 1503 963 1541 eorum
993 1486 1309 1539 criminatio
1331 1498 1439 1536 non
1468 1486 1787 1551 recipiatur.
2003 1500 2109 1538 nec
2164 1484 2412 1553 judicari
2457 1488 2668 1552 potest.
2705 1484 2929 1537 'Nullus
2980 1500 3037 1536 se
3083 1484 3320 1535 extollat
3349 1500 3485 1553 erga
3528 1487 3718 1540 docto-

240 1582 352 1645 (ΕΖΒ
391 1582 549 1646 epist.
572 1579 763 1633 Caiist.
796 1590 978 1645 pupae,
1014 1590 1138 1641 cap.
1187 1570 1261 1639 1.)
1298 1572 1563 1624 Callistus
1597 1572 1895 1641 episcopus
2004 1588 2095 1625 res
2127 1589 2191 1625 ac
2245 1572 2554 1640 magistros
2597 1589 2731 1624 suos
2766 1588 2779 1624 :
2837 1571 2972 1639 quia
3026 1570 3339 1639 discipulus
3392 1588 3565 1642 super
3597 1591 3718 1627 ma-

172 1669 442 1723 Ecclesiie
466 1666 756 1719 catholica}
810 1663 971 1717 urbis
1026 1665 1327 1723 Romanas,
1375 1661 1678 1713 Benedicto
1737 1660 1897 1713 fratri
2005 1660 2251 1729 gistrum
2309 1675 2414 1711 nec
2463 1676 2585 1712 esse
2660 1660 2829 1713 debet
2885 1675 2991 1712 nec
3045 1664 3251 1728 potest.
3336 1661 3538 1714 Nullus
3587 1665 3723 1717 velit

170 1764 229 1811 et
292 1755 586 1825 episcopo,
658 1753 903 1805 salutem
982 1751 1042 1803 in
1117 1749 1368 1802 Christo.
1458 1749 1899 1802 Criminationes
1931 1799 1971 1850 Β
2011 1748 2123 1802 dici
2165 1753 2393 1801 sanctus
2442 1753 2754 1817 antequam
2806 1747 2898 1811 sit,
2943 1747 3040 1800 sed
3079 1748 3239 1815 prius
3296 1747 3470 1801 situt
3532 1752 3722 1805 verius

172 1862 311 1898 vero
376 1848 575 1896 contra
631 1841 928 1893 doctorem
998 1854 1175 1890 nemo
1220 1836 1495 1905 suscipiat
1536 1854 1548 1888 :
1597 1838 1734 1906 quia
1783 1853 1900 1889 non
1931 1835 1971 1850 ”
2018 1836 2255 1890 dicatur.
2303 1836 2597 1904 Praecepta
2656 1835 2883 1889 Domini
2930 1835 3346 1906 doctorumque
3421 1853 3486 1891 ac
3539 1839 3723 1909 magi-

176 1937 415 2003 oportet
447 1930 593 1983 ﬁlios
621 1936 811 1998 patres
854 1926 1303 1997 reprehendere.
1360 1940 1463 1977 nec
1492 1942 1684 1978 servos
1714 1925 1907 1978 domi-
2016 1928 2266 1977 strorum
2316 1923 2484 1975 factis
2561 1924 2821 1993 quotidie
2888 1923 3223 1992 adimplere,
3287 1927 3345 1977 et
3399 1924 3460 1980 in
3515 1927 3727 1982 Christi

181 2038 285 2075 nos
319 2021 590 2072 lacerare.
624 2018 748 2071 Filii
790 2032 929 2084 ergo
984 2019 1123 2067 sunt
1174 2014 1473 2066 doctorum
1522 2028 1721 2067 omnes
1765 2030 1907 2082 quos
2016 2011 2249 2066 nomine
2279 2026 2384 2080 pro
2418 2011 2670 2064 inimicis
2701 2028 2866 2063 orare
2893 2017 3135 2082 oportet.

183 2111 490 2162 instruunt
516 2122 528 2159 :
563 2110 618 2158 et
649 2106 789 2159 sicut
830 2104 935 2157 ﬁlii
969 2108 1166 2171 patres
1195 2100 1472 2164 carnales,
1507 2100 1586 2153 sic
1618 2107 1677 2154 et
1711 2101 1772 2155 hi
1803 2118 1909 2171 pa-
2386 2100 2516 2153 CAP.
2556 2100 2865 2154 CXXXVIII.
2895 2130 2963 2138 —
2996 2102 3076 2154 De
3105 2100 3289 2154 eadem
3317 2118 3394 2157 re.

185 2203 302 2252 tres
334 2195 551 2248 debent
580 2194 817 2262 diligere
849 2191 1155 2261 spiritales.
1192 2189 1317 2241 Non
1342 2189 1495 2240 enim
1526 2189 1671 2242 bene
1710 2190 1910 2243 vivunt
2087 2188 2197 2257 (Ea:
2220 2188 2378 2255 epist.
2445 2187 2669 2241 Eusebii
2715 2203 2898 2255 papae,
2941 2203 3061 2255 cap.
3114 2189 3223 2254 20.)
3275 2191 3513 2246 Necesse
3570 2193 3727 2245 enim

185 2287 287 2356 qui
321 2300 443 2337 non
485 2288 631 2335 recte
656 2282 911 2346 credunt,
967 2285 1069 2332 aut
1098 2284 1291 2347 patres
1321 2276 1770 2345 reprehendunt,
1820 2277 1907 2331 vel
2018 2282 2104 2330 est
2142 2282 2206 2328 ut
2262 2280 2515 2327 rectores
2566 2292 2600 2328 a
2656 2274 2897 2328 subditis
2953 2274 3284 2337 timeantur,
3345 2278 3415 2331 ab
3472 2279 3728 2350 ipsisque

186 2372 508 2428 detrahunt
545 2370 679 2423 suis,
736 2370 1001 2422 Ductores
1033 2382 1197 2435 ergo,
1251 2364 1351 2434 qui
1395 2368 1449 2417 et
1478 2371 1670 2435 patres
1699 2383 1908 2420 vocan-
2017 2363 2397 2431 corrigantur,
2437 2367 2501 2415 ut
2539 2363 2793 2416 humana
2822 2362 3127 2417 formidine
3178 2380 3411 2433 peccare
3444 2372 3726 2436 metuant,

188 2467 303 2527 tur,
350 2459 536 2528 magis
565 2457 827 2528 portandi
873 2471 1047 2525 quam
1095 2453 1562 2522 reprehendendi
1608 2461 1763 2520 sunt,
1796 2455 1909 2508 nisi
2019 2448 2116 2518 qui
2142 2448 2334 2501 divina
2358 2449 2582 2518 judicia
2622 2466 2737 2504 non
2786 2451 3109 2505 formidant.
3167 2453 3483 2507 Deteriores
3514 2456 3730 2527 quippe

186 2551 247 2602 in
272 2554 433 2602 recta
462 2546 572 2600 ﬁde
616 2544 946 2598 erraverint.
1000 2542 1209 2596 Nullus
1258 2556 1395 2606 ergo
1450 2541 1754 2597 doctorum
1806 2560 1911 2613 per
2019 2541 2153 2590 sunt
2205 2537 2307 2606 qui
2375 2538 2678 2591 doctorum
2734 2539 2911 2593 vitam
2959 2556 3259 2608 moreSQue
3322 2551 3727 2614 corrumpunt,

186 2638 409 2707 scripta
458 2639 771 2697 accusetur,
829 2646 933 2685 nec
983 2630 1097 2683 nisi
1142 2628 1302 2682 ﬁdeli
1350 2634 1406 2682 et
1461 2630 1747 2701 legitimo,
1808 2631 1910 2703 qui
2020 2624 2110 2679 his
2152 2624 2253 2693 qui
2309 2625 2658 2678 substantias
2716 2627 2962 2680 aliorum
3017 2628 3349 2699 praediaque
3424 2632 3729 2702 diripiunt.

188 2727 373 2781 etiam
441 2720 997 2792 irrep,.ehensibilem
1056 2718 1233 2771 vitam
1277 2732 1341 2769 ac
1408 2721 1910 2774 conversationem
2023 2712 2138 2782 Ipsi
2184 2710 2421 2781 quidem
2473 2727 2542 2764 ea
2589 2729 2720 2783 quae
2772 2719 2932 2767 extra
2988 2731 3109 2776 nos,
3158 2716 3290 2771 licet
3344 2726 3539 2773 nostra
3595 2723 3727 2789 sint,

190 2816 387 2877 ducat,
449 2808 763 2864 accusatori
831 2807 1191 2877 respondeat.
1250 2803 1394 2867 Quia
1447 2805 1757 2877 indignum

2142 2804 2329 2866 arunt;
2405 2800 2585 2853 nostri
2639 2818 2869 2873 quoque
2932 2803 3297 2872 detractores,
3388 2813 3445 2860 et
3503 2824 3730 2863 morum

192 2911 258 2957 ut
288 2903 493 2956 doctor
542 2899 715 2952 stulto
764 2907 821 2950 et
875 2896 1105 2949 indocto
1145 2898 1318 2963 atque
1375 2896 1913 2962 reprehensibiliter
2023 2892 2388 2957 corruptores
2461 2893 2810 2959 nostrorum,
2899 2892 3015 2945 sive
3074 2893 3173 2963 qui
3249 2894 3555 2950 adversum
3627 2914 3733 2951 nos

196 2990 414 3046 viventi
469 2988 810 3058 respondeat
854 2985 1016 3055 juxta
1068 2980 1373 3035 stultitiam
1423 2998 1610 3047 suam,
1688 2984 1911 3039 dicente
2022 2981 2345 3044 armantur,
2376 2976 2611 3046 proprie
2644 2994 2750 3031 nos
2808 2978 2918 3048 ipsi
2947 2979 3264 3052 decipiunt,
3296 2988 3352 3036 et
3406 2984 3536 3039 ideo
3577 2986 3733 3055 juste

194 3080 540 3148 Scriptura:
594 3076 719 3129 Non
766 3072 1113 3141 respondeas
1168 3069 1340 3122 stulto
1394 3068 1558 3137 juxta
1610 3073 1912 3127 stultitiam
1945 3079 1987 3134 ο
2024 3064 2267 3117 infames
2335 3068 2493 3132 sunt,
2583 3070 2643 3120 et
2713 3067 2918 3122 merito
2998 3068 3070 3123 ab
3151 3070 3399 3126 Ecclesia
3480 3079 3734 3128 extorres

201 3183 391 3222 suam.
436 3165 557 3218 Non
602 3164 747 3217 bene
796 3161 932 3213 vivit
982 3159 1083 3230 qui
1135 3174 1251 3210 non
1298 3162 1448 3210 recte
1509 3160 1707 3215 credit.
1768 3161 1921 3215 Nihil
2032 3169 2199 3224 ﬁunt,

207 3255 350 3310 mali
378 3253 502 3306 vult
533 3251 632 3322 qui
660 3249 848 3305 ﬁdelis
878 3254 982 3302 est.
1046 3246 1106 3301 Si
1154 3244 1285 3315 quis
1336 3245 1521 3299 ﬁdelis
1573 3254 1680 3317 est,
1730 3249 1922 3303 videat
2389 3256 2517 3312 Cip,
2563 3258 2821 3313 cxxx1x,
2853 3288 2926 3301 _.
2954 3264 3031 3316 De
3075 3263 3261 3317 eadem
3296 3281 3377 3319 τε,

203 3361 280 3399 ne
308 3343 452 3396 falsa
479 3341 770 3410 loquatur,
804 3341 865 3427 ut
888 3336 1187 3427 cuiquam
1219 3333 1457 3427 insi-dias
1500 3344 1722 3427 ponat,
1752 3338 1923 3427 iFide-
2101 3347 2213 3410 (Ea:
2242 3344 2437 3400 decret.
2498 3348 2633 3400 Gaii
2664 3364 2847 3419 papae,
2910 3364 3030 3418 cap.
3085 3353 3167 3419 7.)
3224 3354 3373 3417 Oves
3420 3370 3555 3409 vero
3604 3371 3734 3427 qua:

207 3433 278 3488 lis
308 3432 485 3485 homo
514 3444 741 3497 semper
770 3425 1016 3480 ﬁdeliter
1047 3422 1189 3512 agit,
1220 3427 1277 3475 et
1307 3421 1570 3512 inﬁdelis
1598 3425 1800 3478 callide
1830 3424 1920 3478 in-
2030 3433 2248 3504 pastori
2279 3449 2382 3487 suo
2410 3436 2730 3489 commissas
2789 3436 3026 3503 fuerint,
3079 3454 3211 3493 eum
3270 3457 3376 3495 nec
3418 3421 3736 3512 reprehen-

210 3520 476 3585 Sidialur,
530 3523 697 3587 atque
743 3515 939 3569 ﬁdeles
971 3517 1028 3566 et
1066 3511 1160 3580 l’ie
1201 3526 1265 3563 ⁸ο
1297 3509 1450 3579 Iuste
1496 3511 1749 3566 Viventes
1790 3529 1921 3581 ΡΘΓ·
2033 3522 2191 3586 dere,
2245 3521 2356 3573 nisi
2389 3538 2420 3574 a
2476 3528 2628 3575 recta
2684 3524 2795 3576 ﬁde
2855 3525 3279 3595 exorbitaverit,
3331 3509 3562 3598 debent,
3631 3546 3737 3584 nec

212 3610 353 3664 dere
386 3606 591 3660 nititur
620 3605 755 3675 quia
785 3601 991 3656 similis
1038 3598 1303 3687 similem,
1335 3597 1441 3652 sibi
1500 3601 1725 3669 quaerit.
1788 3600 1921 3654 Inﬁ-
2035 3609 2321 3662 ullatenus
2374 3625 2638 3663 accusare
2696 3618 2981 3679 possunt;
3036 3614 3174 3683 quia
3232 3616 3380 3670 facta
3442 3597 3737 3687 pastorum

211 3696 361 3753 detis
405 3710 538 3749 vero
594 3694 769 3747 homo
833 3694 1099 3744 mortuus
1154 3691 1238 3739 est
1293 3686 1355 3740 in
1383 3703 1620 3757 corpore
1677 3689 1920 3750 vivente,
2032 3711 2234 3751 eorum
2270 3696 2459 3766 gladio
2512 3698 2771 3751 ferienda
2828 3714 2943 3752 non
2990 3706 3143 3767 sunt,
3197 3686 3531 3775 quanquam
3583 3712 3735 3760 recte

216 3788 464 3841 Econtra
493 3797 787 3835 sermones
817 3778 1003 3832 ﬁdelis
1060 3775 1311 3829 hominis
1363 3775 1538 3829 vitam
1592 3777 1925 3831 custodiunt
2032 3783 2508 3854 reprehendenda
2536 3786 2853 3839 videantur,

215 3874 568 3965 auditorum.
613 3865 1108 3965 Doctorem'en‘im
1138 3864 1590 3965 catholicumﬁet
1635 3866 1923 3965 pra‘c-ipue
2033 3891 2162 3946 CAR
2199 3889 2345 3944 CXL.
2376 3920 2445 3929 __
2473 3893 2545 3965 De,s
2590 3892 2878 3965 infamatis
2916 3895 2967 3944 ει
3005 3891 3324 3949 (maceratis
3362 3898 3647 3965 episcopis,
3687 3904 3738 3953 ει

219 3960 453 4017 Domini
483 3958 856 4017 sacerdotem,
889 3955 1031 4007 sicut
1081 3952 1240 4005 nullo
1273 3969 1467 4006 errore
1513 3953 1815 4024 implicari,
1844 3954 1923 4006 ita
2437 3977 2473 4014 a
2494 3952 2809 4014 civitatibus
2844 3965 3089 4029 propriis
3122 3966 3320 4030 pulsis.

221 4048 384 4102 nulla
439 4050 660 4116 oportet
715 4041 1143 4097 machinatione
1187 4046 1288 4093 aut
1333 4040 1643 4111 cupiditate
1699 4040 1921 4105 violari,
2105 4050 2209 4118 (Ea:
2255 4048 2450 4102 ἀει-νει.
2505 4049 2742 4103 Evarist.
2787 4063 2947 4116 papa
3001 4050 3247 4104 omnibus
3300 4068 3398 4119 per
3442 4054 3739 4121 Egyptum

221 4136 446 4191 dicente
473 4134 766 4203 Scriptura
802 4135 995 4184 sancta
1028 4144 1041 4183 :
1096 4130 1226 4183 Post
1274 4129 1759 4199 concupiscentias
1799 4136 1925 4183 tuas
2031 4136 2303 4203 fratribus
2344 4138 2552 4202 missis,
2604 4151 2723 4203 cap.
2764 4135 2868 4203 18.)
2910 4134 3249 4190 Audivimus
3279 4139 3433 4193 enim
3457 4142 3739 4210 quosdam

226 4241 343 4278 non
371 4240 487 4290 933s
521 4228 577 4277 et
604 4239 637 4275 ἃ
665 4221 960 4274 νοιυηιᾶῖθ
1000 4223 1102 4271 τουᾶ
1136 4217 1425 4271 δνθΓῙ-θΐίε-
2033 4241 2067 4278 a
2096 4225 2254 4278 vobis
2302 4224 2608 4277 infamatos
2660 4227 2716 4275 et
2757 4222 3093 4276 dilaceratos
3151 4226 3464 4298 episcopos,
3522 4245 3555 4281 a
3601 4231 3736 4284 civi-

228 4332 358 4386 CAP.
406 4327 662 4383 CXXXVI,
698 4354 769 4416 Ἱ-
812 4325 1133 4416 ξρίεοᾳρρε.
1169 4337 1231 4416 ac
1256 4324 1372 4416 suis
1427 4321 1639 4416 ovibus‘
1664 4337 1771 4376 non
1832 4338 1919 4377 re-
1963 4362 2006 4416 D
2033 4312 2250 4367 tatibus
2313 4311 2567 4381 propriis
2622 4312 2840 4407 pulsos,
2893 4312 2993 4381 qui
3035 4312 3172 4365 alibi
3217 4315 3471 4386 episcopi
3526 4320 3739 4373 consti-

490 4396 920 4468 preliendendos,
963 4395 1074 4447 nisi
1111 4394 1170 4445 in
1195 4394 1302 4460 ﬁde
1339 4396 1654 4446 erraverint.
1965 4394 2006 4416 υ
2040 4406 2078 4454 ιι

2166 4415 2283 4452 non
2336 4403 2594 4469 possunt,
2639 4397 2746 4451 nisi
2802 4398 2862 4451 in
2919 4398 3242 4453 civitatibus
3292 4418 3409 4455 non
3461 4403 3737 4472 minimis,

304 4489 416 4556 (Ea:
445 4490 605 4556 epist.
652 4485 904 4539 Anacieti
954 4495 1135 4550 papae,
1184 4482 1395 4548 scripta
1442 4480 1688 4534 omnibus
1729 4480 1892 4536 Chris.

2151 4488 2268 4541 l1i08
2306 4487 2367 4541 in
2428 4487 2530 4553 eis,
2599 4486 2738 4555 ipsis
2794 4487 3137 4555 viventibus,
3183 4492 3539 4545 constitutos.
3608 4494 3739 4548 Ideo

230 4576 622 4641 sacerdotibus,
678 4588 799 4641 cap.
872 4569 1189 4640 1-)000101‘
1224 4573 1419 4621 autem
1446 4569 1533 4622 V01
1579 4573 1774 4639 pastor
1830 4569 1926 4622 ΕΟ·
2039 4577 2162 4632 haec
2218 4575 2377 4629 vobis
2462 4574 2788 4642 scribimus,
2849 4581 2914 4629 ut
2960 4575 3150 4629 sciatis
3224 4578 3332 4631 hoc
3386 4595 3503 4633 non
3546 4580 3739 4649 licere,

232 4663 439 4729 clesiaa,
481 4661 529 4714 si
573 4677 605 4714 a
659 4658 925 4713 ﬁdelibus
969 4653 1394 4720 exorbitaverit,
1442 4654 1550 4708 erit
1588 4671 1619 4707 a
1666 4653 1931 4709 ﬁdelibus
2041 4665 2141 4719 sed
2160 4663 2426 4735 proprios
2478 4662 2732 4717 revocari
2771 4666 2827 4715 et
2872 4662 3243 4734 integerrime
3294 4667 3521 4721 restitui
3570 4669 3741 4724 debe.

233 4749 626 4820 corrigendus.
656 4746 765 4801 Sed
820 4760 926 4815 pro
984 4742 1244 4813 reprohis
1305 4742 1564 4796 moribus
1615 4741 1796 4811 magis

2170 4752 2300 4806 Illos
2347 4767 2481 4806 vero
2529 4749 2630 4821 qui
2676 4750 3000 4805 adulterina
3044 4751 3298 4807 fceditate
3369 4770 3499 4807 suas
3569 4774 3740 4827 spon-

230 4838 586 4903 tolerandus,
616 4851 790 4908 quam
824 4830 1442 4902 distringendus;quia
1470 4834 1714 4885 rectores
1752 4830 1935 4885 Eccle-
2043 4858 2154 4909 sas,
2205 4856 2346 4911 quas
2390 4844 2449 4894 et
2517 4855 2723 4893 uxores
2784 4854 2986 4894 eorum
3043 4841 3282 4911 Ιπωῆχο
3357 4847 3558 4897 tenore
3620 4862 3743 4900 esse

232 4928 393 4981 siina
450 4925 691 4980 Domino
729 4927 864 4977 sunt
910 4920 1227 4991 judicandi,
1278 4920 1423 4973 Sicut
1478 4919 1558 4973 ait
1605 4920 1931 4988 Ρτορὶιθιειε
2042 4928 2442 4997 intelligimus,
2500 4931 2719 4993 tenent,
2779 4927 2908 4996 ejici
2967 4933 3027 4982 ut
3069 4929 3380 4996 adulteros,
3429 4935 3600 5000 atque
3648 4932 3742 4985 in-

234 5017 388 5071 DeUS
431 5013 589 5067 δῐθὶίῐ
631 5012 693 5066 in
747 5025 1041 5082 synagoga
1084 5008 1343 5075 deorum,
1396 5007 1455 5061 in
1495 5006 1685 5061 Πιθάίο
1743 5012 1934 5061 autem
2044 5016 2223 5070 fames
2252 5014 2398 5081 ﬁeri,
2460 5030 2673 5085 eosque
2726 5014 2797 5068 ab
2829 5015 3224 5069 ecclesiasticis
3283 5017 3592 5071 honoribus
3659 5034 3745 5072 ar-

236 5107 375 5159 deos
401 5101 688 5157 discernit.
726 5100 885 5155 Unde
917 5102 1144 5168 oportet
1170 5111 1644 5166 unumquemque
1678 5094 1824 5148 ﬁdeli

2156 5146 2161 5156 .
2222 5102 2515 5172 jubemus.
2592 5101 2650 5156 Si
2716 5108 2909 5157 autem
2985 5103 3256 5157 adversus
3311 5120 3408 5159 eos
3493 5107 3744 5177 aliquam

237 5194 287 5248 si
344 5192 547 5246 viderit
611 5194 710 5243 aut
756 5186 1092 5256 cognoverit
1162 5185 1358 5255 plebes
1456 5200 1586 5237 suas
1670 5183 1938 5239 adversus
2048 5191 2340 5263 querelam
2396 5189 2729 5257 habueritis,
2763 5190 2854 5243 his
2880 5190 3124 5261 peractis
3162 5191 3573 5263 inquirendum
3613 5196 3743 5265 erit,

236 5286 528 5353 pastorem
567 5294 738 5333 suum
766 5285 1098 5337 tumescere,
1139 5278 1239 5327 aut
1295 5274 1512 5327 clerum
1561 5271 1939 5327 detractioni-
2051 5284 2108 5334 et
2127 5278 2466 5333 auctoritate
2488 5278 2661 5347 hujus
2687 5284 2894 5331 sancta:
2924 5278 3071 5331 sedis
3118 5280 3565 5339 terminandum,

238 5371 347 5425 bus
378 5384 594 5434 vacare,
625 5368 735 5459 hoc
773 5365 975 5419 vitium
1006 5378 1125 5459 ΡΓΟΑ
1153 5361 1369 5415 Viribus
1410 5360 1753 5459 “exétirpaf‘fi
1802 5377 1938 5431 Pru’
2052 5385 2181 5440 CAP.
2210 5382 2384 5438 CXLI.
2411 5414 2481 5423 —
2515 5385 2583 5439 Ut
2627 5386 2905 5459 episcopus
2951 5399 3060 5459 non
3112 5383 3449 5452 dijudicetur
3489 5392 3585 5458 qui
3632 5391 3748 5445 suis

242 5459 561 5529 denterque
587 5456 874 5523 corrigere
913 5457 1136 5522 satagat
1165 5467 1178 5505 :
1214 5466 1318 5505 nec
1373 5449 1454 5503 eis
1482 5449 1544 5502 in
1590 5449 1937 5519 quibuscun-
2580 5449 2741 5508 rebus
2766 5449 2845 5507 est
2879 5449 3209 5522 expoliatus.

240 5564 359 5620 que
413 5545 661 5617 negotiis
700 5542 945 5610 misceri,
979 5541 1024 5594 si
1078 5538 1498 5609 incorrigibiles
1544 5539 1941 5608 apparuerint,
2126 5540 2245 5611 (Ea:
2286 5540 2487 5595 decret.
2556 5540 2746 5594 Felicis
2792 5554 2954 5609 papa
3003 5544 3241 5610 episcop.
3296 5558 3394 5611 per
3453 5548 3749 5615 Egyptian

242 5641 555 5707 antequam
624 5649 725 5688 suo
776 5630 1218 5689 reconcilientur
1271 5626 1510 5695 doctori,
1573 5631 1939 5697 presumat:
2055 5630 2259 5696 missis,
2313 5645 2437 5700 cap.
2504 5628 2608 5697 10.)
2660 5626 2858 5682 Nullus
2931 5628 3086 5683 enim
3124 5629 3427 5701 episcopus
3487 5633 3587 5704 qui
3633 5633 3747 5686 suis
