3960 6192
402 281 497 332 591

1477 277 1877 332 BURCHARDI
1919 273 2449 331 WORMACIENSIS
2487 270 2822 327 EPISCOPI.

3708 285 3796 336 592

395 402 478 451 est
498 397 668 450 rebus
736 395 1100 466 exspoliatus,
1152 399 1251 448 aut
1301 412 1331 448 a
1371 412 1428 449 se
1481 395 1550 448 de
1597 395 1831 466 propria
1884 396 1940 449 vi
1994 399 2168 450 autA
2207 391 2448 446 licenter
2477 390 2744 461 appellet,
2795 393 2850 444 et
2870 389 3037 451 adeat
3087 389 3398 459 apostolica:
3453 393 3581 448 sedis
3621 401 3799 467 pontiﬁ.

397 502 588 539 errore
673 488 867 555 pulsus
928 492 1236 554 antequam
1299 483 1497 537 omnia
1552 485 1660 538 sibi
1715 485 1906 538 ablata
1958 483 2095 554 legi-

395 575 502 629 bus
549 575 946 637 restituantur,
989 578 1046 626 et
1100 573 1223 641 ipse
1272 572 1502 642 paciﬁce
1556 589 1775 626 annum
1826 574 1912 626 vel
1965 575 2094 642 plus

397 663 486 717 sui
591 661 817 715 fruatur
913 662 1256 724 honoribus,
1346 661 1582 732 sedique
1673 661 1925 732 proprim
2022 660 2094 715 sit

393 751 734 821 regulariter
802 750 1117 814 restitutus,
1185 751 1349 819 juxta
1436 749 1768 803 canonicam
1856 750 2093 804 institu-

394 841 608 894 tionem
680 837 950 903 accusari,
1041 839 1246 905 vocari,
1311 837 1578 907 judicari,
1653 843 1753 892 aut
1831 837 2093 892 damnari

402 931 610 999 potest.

802 1014 939 1068 CAP.
977 1013 1171 1066 CXLII.
1198 1043 1264 1051 —
1301 1016 1372 1066 De
1399 1013 1585 1066 eadem
1603 1029 1681 1067 re.

469 1104 580 1166 (Er
624 1102 818 1155 deerat.
852 1102 1071 1170 Slepha.
1101 1116 1258 1168 papa
1294 1102 1543 1154 omnibus
1592 1103 1856 1170 episcopis
1889 1102 2087 1168 missis,

393 1207 514 1260 cap.
549 1191 624 1260 6)
669 1191 865 1244 Nullus
905 1190 1054 1242 enim
1112 1189 1535 1259 episcoporum,
1570 1189 1706 1242 dum
1749 1189 1866 1242 suis
1921 1189 2093 1244 fuerit

391 1281 563 1333 rebus
581 1277 946 1348 exspoliatus,
980 1281 1078 1330 aut
1123 1293 1154 1329 a
1197 1278 1330 1330 sede
1381 1278 1613 1346 propria
1645 1278 1902 1347 qualibet
1931 1293 2089 1330 occa-

391 1368 551 1420 sione
575 1366 792 1434 pulsus,
822 1365 992 1418 debet
1016 1365 1265 1417 accusari
1299 1381 1315 1414 :
1347 1371 1448 1418 aut
1486 1383 1517 1417 a
1565 1381 1857 1435 quoquam
1906 1365 1959 1418 ei
1988 1382 2088 1434 po-

392 1460 502 1508 test
536 1455 752 1507 crimen
783 1453 971 1522 ubjici,
1021 1454 1362 1523 priusquam
1403 1453 1769 1523 integerrime
1806 1459 2089 1507 restaure-

395 1547 506 1608 tur,
541 1548 597 1595 et
617 1541 813 1596 omnia
849 1557 978 1610 quae.
1031 1542 1083 1594 ei
1127 1541 1315 1594 ablata
1362 1557 1704 1612 quocunque
1753 1548 1886 1595 sunt
1923 1542 2092 1612 inge-

389 1629 504 1692 nio,
542 1630 780 1698 legibus,
824 1629 1288 1697 redintegrentur
1337 1634 1390 1682 et
1442 1629 1562 1698 ipse
1607 1630 1854 1699 proprias
1876 1630 1993 1683 sedi
2035 1635 2091 1682 et

391 1717 634 1786 pristino
682 1717 853 1769 statui
910 1717 1249 1784 regulariter
1296 1717 1610 1769 reddatur:
1648 1717 1726 1769 ita
1785 1723 1844 1770 ut
1886 1733 2085 1770 omnes

387 1806 800 1874 possessiones,
855 1809 912 1856 et
961 1811 1162 1856 cuncta
1211 1804 1316 1857 sibi
1367 1805 1574 1874 injuste
1628 1804 1868 1872 sublata,
1917 1810 2085 1876 atque

391 1892 608 1945 fructus
653 1907 871 1956 omnes,
933 1897 1063 1944 ante
1095 1897 1427 1960 conceptam
1463 1892 1908 1958 accusationem,
1973 1892 2087 1963 pri-

390 1985 567 2034 males
599 1986 655 2032 et
681 1981 925 2048 synodus
980 1979 1248 2049 episcopo
1293 1980 1362 2032 de
1417 1996 1529 2050 quo
1587 1981 1776 2050 agitur
1828 1980 2086 2034 funditus

389 2070 709 2136 restituant.
769 2068 913 2130 Quia
962 2069 1066 2120 hoc
1127 2084 1241 2120 non
1291 2069 1478 2121 solum
1527 2069 1932 2132 ecclesiasticae,
1987 2070 2083 2124 sed

388 2156 559 2209 etiam
619 2157 811 2209 saeculi
854 2157 1008 2224 leges
1068 2155 1191 2208 ﬁeri
1244 2156 1591 2226 prohibent:
1639 2173 1825 2227 neque
1875 2157 2085 2228 aliquis

388 2260 607 2309 eorum,
642 2251 742 2297 aut
796 2243 1168 2297 Ecclesiarum
1213 2250 1529 2312 auctorum,
1583 2245 1668 2297 vel
1716 2245 2083 2299 defensorum

389 2332 459 2386 ad
499 2333 718 2403 aliquos
766 2332 925 2402 prius
976 2331 1230 2384 accusari
1277 2332 1462 2394 debet,
1514 2349 1685 2402 quam
1735 2333 1858 2402 ipse
1905 2334 2085 2386 chari-

386 2421 584 2485 tative,
625 2420 709 2474 bis
739 2425 838 2473 aut
866 2425 952 2472 ter
989 2421 1060 2472 ab
1110 2419 1191 2472 eis
1231 2420 1330 2490 qui
1360 2436 1418 2474 se
1463 2422 1630 2474 lassos
1659 2422 1964 2488 aestimant,
1996 2422 2082 2476 vel

388 2523 485 2561 eos
512 2524 616 2578 pro
661 2507 948 2578 aliquibus
995 2508 1278 2562 erratibus
1316 2509 1603 2578 corripere
1652 2509 1914 2578 cupiunt,
1957 2526 2083 2564 con-

387 2597 650 2650 veniatur
681 2612 693 2649 :
730 2602 792 2648 ut
818 2596 889 2649 ab
927 2596 1007 2647 eis
1048 2601 1148 2649 aut
1200 2596 1538 2651 familiarem
1596 2598 2078 2665 emendationem,

387 2689 486 2738 aut
502 2684 718 2754 justam
768 2683 1045 2754 percipiat
1093 2684 1535 2737 excusationem.
1588 2683 1745 2748 Quod
1797 2684 1897 2755 qui
1933 2701 2077 2755 prte-

385 2772 712 2843 sumpserit,
762 2772 1054 2826 liminibus
1116 2778 1378 2827 arceatur
1437 2772 1718 2840 Ecclesiae,
1772 2789 1954 2843 usque
2010 2773 2077 2827 ad

386 2861 730 2932 condignam
769 2859 1232 2914 satisfactionem.

777 2949 886 3002 CAP
935 2949 1160 3004 CXLIII.
1191 2979 1259 2988 —
1290 2950 1368 3002 De
1392 2949 1576 3003 eadem
1613 2965 1692 3006 re.

458 3038 579 3106 (Ea:
623 3037 816 3090 decret.
865 3035 1018 3091 Sinti
1057 3052 1215 3104 papa
1263 3038 1542 3106 Hispania:
1569 3039 1835 3106 episcopis
1876 3038 2079 3102 missis,

385 3141 505 3194 cap.
535 3125 729 3189 6.)His
771 3124 962 3177 taliter
1005 3124 1398 3189 consideratis,
1441 3131 1611 3194 atque
1661 3141 1790 3178 cum
1825 3125 2079 3195 reliquo-

384 3228 512 3266 rum
539 3212 933 3281 episcoporum
966 3211 1229 3278 decretis,
1271 3217 1547 3281 tanquam
1587 3212 1847 3266 omnium
1886 3227 2081 3266 curam

384 3304 646 3366 gerentes
687 3303 923 3367 propter
950 3299 1100 3352 sedis
1158 3300 1402 3369 propriae
1433 3300 1654 3369 apicem
1721 3299 2083 3354 decernimus

386 3391 450 3439 ut
481 3401 650 3439 nemo
680 3386 1021 3456 pontiﬁcum
1062 3387 1314 3456 aliquem
1341 3388 1457 3440 suis
1497 3388 1666 3441 rebus
1704 3389 2082 3458 exspoliatum

387 3472 738 3543 episcopum,
774 3479 871 3526 aut
901 3489 933 3526 a
977 3473 1108 3527 sede
1155 3475 1404 3544 pulsum,
1455 3475 1945 3528 excommunicare
1985 3481 2085 3530 aut

380 3560 636 3631 judicare
674 3567 1024 3631 praesumat:
1075 3563 1209 3632 quia
1266 3578 1381 3616 non
1426 3567 1511 3616 est
1556 3563 1925 3634 privilegium
1966 3580 2081 3634 quo

385 3648 687 3717 exspoliari
718 3650 896 3719 possit
920 3651 1039 3719 jam
1082 3651 1345 3704 nudatus.
1392 3650 1449 3705 Si
1499 3651 1628 3721 quis
1676 3658 1868 3705 autem
1919 3652 2084 3707 aliter

384 3752 551 3805 agere
618 3739 1067 3808 presumpserit,
1126 3739 1265 3793 sciat
1327 3755 1628 3793 censuram
1702 3740 1874 3809 hujus
1931 3742 2082 3795 sedis

381 3841 509 3878 cum
543 3826 809 3879 omnibus
853 3827 1126 3880 membris
1173 3829 1291 3881 suis
1338 3829 1446 3881 sibi
1478 3845 1593 3881 non
1649 3828 1996 3892 defuturam,
2025 3835 2080 3883 et

381 3912 528 3966 sicut
557 3914 758 3983 egerit,
805 3914 883 3967 ita
933 3917 1184 3985 recipiet.
1222 3916 1280 3970 Si
1329 3917 1494 3982 bene,
1548 3916 1712 3970 bene.
1771 3917 1828 3971 Si
1885 3933 2078 3988 grave,

379 3999 568 4069 grave.
623 4002 678 4056 Si
743 4003 1008 4071 pessime,
1061 4003 1322 4072 pessime.
1374 4004 1660 4067 Quoniam
1723 4005 1930 4076 dignus
1995 4013 2081 4060 est

379 4088 672 4158 operarius
705 4091 962 4143 mercede
991 4107 1111 4144 sua.

2121 1679 2158 1730 Β

2211 497 2354 546 cem,
2387 479 2487 551 qui
2535 486 2634 533 aut
2687 495 2790 548 per
2839 494 2917 541 se,
2955 483 3053 531 aut
3104 493 3208 548 per
3274 478 3491 532 vicarios
3539 499 3668 545 suos,
3709 489 3803 556 ejus

2205 566 2499 623 retractari
2536 565 2832 636 negotium
2873 571 3160 636 procuret.
3222 566 3285 619 Et
3317 566 3442 620 dum
3482 568 3653 625 iterato
3684 574 3802 642 judi.

2206 657 2293 711 cio
2317 655 2574 728 pontifex
2604 671 2832 708 causam
2879 671 3042 707 suam
3085 655 3231 724 agit,
3266 656 3441 710 nullus
3483 659 3610 712 alius
3640 661 3688 714 in
3713 665 3807 733 ejus

2206 747 2328 799 loco
2373 745 2735 813 subrogetur,
2797 748 3061 814 ponatur,
3097 749 3197 796 aut
3226 745 3504 799 ordinetur
3549 749 3804 821 episcopus.

2209 832 2517 900 Quoniam,
2588 847 2920 902 quanquam
2985 831 3536 901 comprovincialibus
3586 837 3810 908 episcopis

2202 922 2450 975 accusati
2477 936 2707 974 causam
2769 918 3050 990 pontiﬁcis
3122 920 3356 973 scrutari
3409 921 3575 982 liceat,
3627 939 3723 978 non
3747 933 3808 979 ta-

2201 1027 2336 1064 men
2357 1009 2585 1064 deﬁniri
2614 1009 2936 1062 inconsulto
2977 1010 3236 1063 Romano
3266 1008 3513 1078 pontiﬁce
3532 1013 3810 1080 permissum

2202 1104 2285 1152 est
2317 1116 2329 1152 :
2363 1115 2493 1152 cum
2547 1098 2713 1151 beato
2770 1097 2936 1150 Petro
2989 1097 3261 1164 apostolo,
3302 1113 3410 1150 non
3456 1098 3518 1151 ab
3557 1099 3653 1152 alio
3681 1118 3811 1170 quam

2205 1188 2278 1241 ab
2305 1186 2428 1256 ipso
2482 1186 2697 1240 dictum
2731 1185 2802 1238 sit
2858 1186 3148 1239 Domino:
3208 1185 3553 1256 Quaecunque
3602 1187 3810 1256 ligaveris

2201 1291 2374 1345 super
2397 1280 2631 1341 terram,
2661 1278 2832 1327 erunt
2872 1273 3048 1337 ligata
3079 1279 3137 1327 et
3193 1274 3253 1326 in
3281 1274 3464 1327 caelis:
3512 1280 3564 1328 et
3604 1289 3810 1345 quaecun-

2201 1378 2312 1434 que
2344 1363 2575 1416 solveris
2605 1378 2778 1430 super
2814 1368 3049 1429 terram,
3089 1367 3258 1415 erunt
3305 1364 3474 1414 soluta
3513 1364 3639 1416 etin
3679 1366 3805 1418 caelis.

2201 1452 2257 1506 Si
2283 1453 2412 1521 quis
2440 1451 2724 1520 putaverit
2753 1467 2810 1503 se
2839 1467 2870 1503 a
2901 1451 3134 1521 proprio
3166 1451 3592 1520 metropolitano
3622 1454 3806 1521 gravari,

2200 1540 2353 1608 apud
2420 1538 2716 1608 primatim
2770 1537 3098 1600 diasceseos,
3180 1545 3279 1592 aut
3329 1555 3494 1607 penes
3562 1541 3808 1609 apostolica

2199 1627 2533 1680 universalis
2583 1626 2840 1679 Ecclesiae
2899 1642 3103 1696 papam
3160 1626 3460 1694 judicetur.
3525 1631 3812 1680 Accusatores

2198 1721 2256 1769 et.
2289 1715 2676 1768 accusationes
2711 1731 2852 1783 quas
2904 1714 3058 1782 leges
3098 1715 3292 1767 saeculi
3330 1731 3444 1768 non
3502 1716 3750 1778 asciscunt,
3773 1721 3810 1767 et

2198 1818 2301 1856 nos
2333 1801 2686 1856 unanimiter
2718 1802 3142 1866 submovemus,
3180 1819 3253 1856 ne
3284 1804 3386 1856 ﬁat
3416 1803 3696 1856 indistricta
3719 1819 3810 1870 pro-

2195 1890 2425 1944 batione
2451 1889 2739 1959 impietas,
2791 1905 2922 1944 cum
2954 1895 3109 1942 recta
3165 1891 3239 1942 sit
3277 1890 3477 1960 judicii
3516 1891 3567 1942 in
3610 1891 3810 1942 electione

2193 1977 2494 2056 sententia.
2554 1977 2614 2031 Si
2663 1977 2791 2047 quis
2851 1993 2988 2046 erga
3037 1977 3375 2048 episcopum
3422 1979 3505 2030 vel
3533 1982 3720 2030 actores
3741 1976 3811 2028 Ec-

2194 2065 2378 2120 clesiae
2404 2083 2462 2120 se
2493 2066 2790 2136 proprium
2823 2066 3125 2119 crediderit
3155 2067 3365 2120 habere
3405 2067 3692 2136 negotium,
3733 2079 3811 2116 non

2194 2155 2355 2224 prius
2378 2155 2542 2208 adeat
2582 2153 2827 2224 judices,
2873 2171 3046 2224 quam
3089 2156 3159 2208 ad
3207 2172 3303 2209 eos
3351 2160 3594 2208 recurrat
3631 2154 3816 2206 cbarita—

2194 2244 2266 2297 tis
2295 2242 2484 2297 studio
2528 2259 2542 2295 :
2573 2249 2636 2296 ut
2673 2242 2944 2296 familiari
2976 2243 3264 2313 colloquio
3315 2242 3652 2300 commoniti,
3686 2257 3738 2294 ea
3758 2257 3816 2292 sa-

2195 2347 2332 2385 nare
2379 2332 2626 2385 debeant
2679 2346 2808 2400 quze
2874 2330 2934 2384 in
3006 2334 3427 2401 querimoniam
3507 2331 3817 2385 deducuntur.

2194 2420 2355 2483 Quod
2401 2420 2448 2473 si
2480 2420 2644 2473 aliter
2693 2420 2894 2489 egerit,
2947 2423 3358 2474 communione
3401 2423 3654 2490 privetur.
3692 2418 3821 2471 Nemo

2193 2508 2532 2578 pontiﬁcum
2563 2507 2831 2577 deinceps
2859 2508 3111 2578 aliquem
3150 2509 3485 2578 episcopum
3537 2509 3639 2560 suis
3667 2521 3822 2574 exspo-

2203 2595 2404 2648 liatum
2458 2595 2648 2662 rebus,
2711 2601 2812 2649 aut
2864 2613 2893 2649 a
2946 2597 3079 2650 sede
3111 2598 3346 2665 pulsum
3401 2593 3824 2650 excommunicare

2195 2687 2297 2735 aut
2319 2682 2579 2753 judicare
2631 2688 2985 2750 prmsumat:
3038 2685 3173 2754 quia
3228 2689 3348 2738 non
3397 2691 3480 2737 est
3526 2678 3826 2752 privilegium

2192 2788 2308 2842 quo
2349 2771 2584 2843 spoliari
2612 2771 2787 2841 possit
2821 2773 2940 2841 jam
2981 2773 3249 2826 nudatus.
3297 2772 3426 2826 Pari
3462 2762 3644 2825 tenore
3679 2769 3827 2822 decer-

2191 2859 2385 2912 nimus
2416 2875 2530 2912 non
2559 2859 2716 2912 credi
2745 2860 3060 2913 accusatori
3112 2860 3233 2930 qui,
3282 2860 3514 2914 absente
3544 2854 3826 2918 adversario,

2116 2957 2157 3012 C
2195 2963 2421 3001 causam
2491 2947 2858 3018 suggesserit,
2921 2952 3054 3001 ante
3110 2948 3412 3018 utriusque
3458 2946 3624 3016 partis
3664 2944 3830 2997 discus-

2194 3036 2410 3089 sionem
2454 3051 2466 3089 :
2500 3052 2604 3089 nec
2641 3042 2998 3090 accusatores
3028 3052 3132 3090 nec
3161 3041 3337 3090 testes
3361 3037 3587 3105 suscipi,
3613 3033 3698 3103 qui
3746 3045 3829 3082 non

2191 3129 2323 3176 sunt
2357 3123 2568 3177 idonei.
2607 3123 2844 3189 Placuit,
2880 3125 2926 3176 si
2977 3130 3272 3178 accusatus
3305 3126 3397 3178 vel
3427 3125 3706 3178 damnatus
3738 3119 3832 3188 epi-

2191 3228 2390 3282 scopus
2449 3212 2821 3282 appellaverit
2869 3213 3192 3266 Romanum
3248 3214 3603 3282 pontiﬁcem.
3659 3208 3708 3262 id
3747 3213 3830 3259 sta-

2190 3301 2468 3354 tuendum
2499 3301 2655 3370 quod
2710 3299 2830 3370 ipse
2859 3300 3011 3370 juste
3055 3303 3362 3356 censuerit.
3419 3303 3482 3356 Et
3536 3314 3715 3354 omnes
3763 3294 3834 3364 qui

2190 3388 2458 3441 adversus
2489 3389 2681 3442 Patres
2707 3395 3028 3457 armantur,
3082 3390 3328 3443 infames
3381 3405 3501 3443 esse
3549 3397 3832 3440 censemus:

2193 3489 2378 3544 neque
2411 3490 2507 3528 eos
2536 3475 2633 3545 qui
2666 3491 2795 3529 cum
2827 3476 3074 3530 inimicis
3107 3485 3432 3542 morantur,
3464 3476 3534 3530 ad
3584 3468 3835 3529 accusatio-

2190 3579 2324 3618 nem
2365 3565 2452 3618 vel
2507 3564 2573 3618 ad
2634 3565 3030 3619 testimonium
3103 3566 3489 3635 recipiendos.
3561 3561 3748 3618 Placuit
3793 3562 3835 3608 ut

2189 3669 2419 3723 semper
2457 3652 2516 3706 in
2577 3655 2934 3707 accusatione
2992 3655 3336 3708 clericorum
3388 3654 3576 3723 primo
3622 3662 3834 3721 persona.

2189 3742 2352 3806 ﬁdes,
2384 3741 2498 3794 vita
2542 3749 2598 3794 et
2655 3743 3006 3796 conversatio
3054 3743 3580 3813 blasphemantium
3627 3751 3836 3810 perscru-

2188 3834 2362 3882 tetur.
2423 3830 2562 3882 Nam
2609 3830 2750 3883 ﬁdes
2795 3846 2995 3884 omnes
3058 3837 3217 3884 actus
3281 3832 3538 3885 hominis
3570 3824 3833 3900 praecedere

2189 3917 2359 3970 debet
2399 3933 2412 3970 :
2459 3917 2596 3988 quia
2645 3917 2854 3972 dubius
2903 3918 2963 3972 in
3022 3918 3152 3984 ﬁde,
3207 3919 3466 3973 inﬁdelis
3501 3923 3601 3972 est.
3659 3917 3750 3970 Nec
3779 3911 3834 3962 eis

2188 4004 2424 4059 omnino
2476 4023 2596 4058 esse
2651 4006 3000 4060 credendum
3059 4008 3159 4078 qui
3198 4009 3460 4061 veritatis
3511 4007 3674 4060 ﬁdem
3721 4002 3837 4070 igno-

2188 4097 2334 4158 rant,
2378 4107 2479 4145 nec
2530 4097 2698 4146 rectas
2732 4094 3175 4148 conversationis
3205 4096 3390 4150 vitam
3418 4097 3633 4151 ducunt
3663 4109 3674 4145 :
3729 4102 3838 4158 quo-

379 4193 761 4280 CAPLCXLIV.
793 4197 991 4280 ..Πυι¹
1021 4198 1260 4280 ερεξοορί
1305 4199 1588 4280 ογίγηίῃαίί
1633 4199 1797 4252 libere
1854 4205 2066 4270 αροεεο,
2101 4227 2143 4280 D
2189 4180 2340 4233 niam
2379 4180 2519 4234 tales
2545 4181 2706 4234 facile
2746 4187 2802 4234 et
2830 4182 3226 4237 indifferenter
3278 4187 3554 4250 lacerant,
3605 4187 3657 4235 et
3693 4173 3834 4232 crimi-

484 4264 651 4338 licam
724 4265 994 4338 appellent
1048 4267 1241 4338 sedem,
1299 4273 1350 4320 et
1427 4269 1688 4338 pleraque
1754 4264 2068 4324 alia-circa

475 4334 749 4402 judicium
787 4335 1144 4389 observanda.

447 4437 770 4508 (Emuecrci.
831 4441 980 4494 Julii
1007 4457 1164 4509 papa
1212 4442 1530 4498 Orientalib.
1573 4447 1837 4515 episc0pis
1863 4448 2063 4512 missis,

374 4540 493 4594 cap.
541 4527 649 4595 l8.)
692 4526 760 4580 Ut
794 4544 992 4582 omnes
1043 4530 1292 4600 episcopi
1321 4531 1423 4601 qui
1471 4533 1527 4585 in
1567 4533 1906 4602 quibusdam
1935 4552 2068 4605 gra-

371 4613 624 4667 vioribus
684 4617 983 4684 pulsantur
1037 4617 1120 4670 vel
1172 4619 1549 4672 criminantur
1606 4621 1809 4686 causis,
1843 4624 2066 4693 quoties

369 4717 599 4756 necesse
637 4703 833 4770 fuerit,
881 4704 1060 4757 libere
1112 4708 1482 4773 apostolicam
1531 4710 1823 4778 appellent
1846 4712 2060 4776 sedem,

367 4796 539 4862 atque
566 4791 636 4845 ad
670 4808 794 4844 eam
830 4792 993 4861 quasi
1015 4793 1083 4846 ad
1111 4800 1349 4847 matrem
1379 4795 1735 4865 confugiant,
1767 4802 1830 4850 ut
1872 4798 1942 4852 ab
1974 4815 2060 4864 ea,

365 4880 510 4934 sicut
565 4896 794 4949 semper
844 4880 968 4942 fuit,
1033 4881 1123 4950 pie
1195 4882 1522 4948 fulciautur,
1575 4884 1956 4939 defendamur
2009 4893 2065 4941 et

363 4965 698 5020 liberentur.
758 4967 931 5035 Cujus
1011 4969 1366 5036 dispositioni
1413 4987 1614 5024 omnes
1680 4973 1926 5043 majores
1983 4991 2062 5028 ec-

361 5054 699 5108 clesiasticus
725 5071 946 5118 causas,
998 5060 1052 5107 et
1097 5057 1493 5124 episcoporum
1537 5059 1773 5128 judicia,
1824 5061 2061 5132 antiqua

361 5145 744 5210 apostolorum
776 5160 1094 5213 eorumque
1128 5161 1518 5199 successorum
1569 5153 1739 5216 atque
1771 5165 2055 5204 canonum

358 5231 664 5283 auctoritas
722 5233 1044 5285 reservavit.
1107 5234 1392 5296 Quoniam
1440 5236 1744 5305 culpantur
1804 5238 2058 5308 episcopi

353 5317 490 5385 quia
521 5318 684 5371 aliter
715 5335 848 5382 erga
882 5321 1082 5373 fratres
1122 5324 1345 5387 egerint
1372 5338 1547 5391 quam
1600 5325 1859 5393 ejusdem
1909 5327 2058 5381 sedis

349 5420 516 5474 papa:
551 5405 674 5458 ﬁeri
699 5407 996 5475 placuerit,
1032 5409 1244 5478 placuit
1275 5416 1336 5463 ut
1380 5416 1675 5465 accusatus
1703 5415 1789 5466 vel
1827 5414 2054 5483 judica-

347 5496 440 5547 tus
468 5508 502 5547 a
527 5496 1104 5564 comprovincialtbus
1150 5499 1211 5551 in
1240 5499 1435 5569 aliqua
1479 5515 1514 5552 a
1544 5516 1713 5554 causa
1746 5502 2050 5574 episcopus

2179 4283 2392 4332 nentur
2420 4284 2571 4332 recte
2628 4284 2684 4332 et
2718 4279 2810 4349 pie
2861 4280 3132 4334 viventes.
3202 4282 3336 4335 Ideo
3389 4281 3639 4351 suspicio
3681 4287 3837 4330 eorum

2178 4365 2535 4419 discutienda
2575 4371 2663 4420 est
2698 4368 2886 4436 primo
2920 4373 2976 4420 et
3003 4370 3368 4439 corrigenda.
3409 4371 3604 4438 Neque
3655 4377 3837 4418 accusa-

2176 4453 2393 4507 toribus
2423 4455 2718 4523 suspectis,
2768 4457 2854 4509 vel
2895 4457 2964 4509 de
3013 4457 3390 4512 inimicorum
3445 4458 3702 4512 domi-bus
3745 4464 3842 4520 pro-

2174 4539 2478 4594 deuntibus
2517 4541 2884 4595 credendum.

2176 4629 2302 4680 CAP.
2336 4628 2525 4681 CXLV.
2557 4657 2626 4668 ——
2683 4629 2981 4698 Episcopus
3037 4635 3088 4685 si
3139 4632 3208 4685 ab
3249 4634 3445 4702 aliquo
3489 4632 3748 4702 pulsatur,
3771 4638 3847 4693 ρετ

2532 4719 2808 4785 episcopos
2835 4719 3050 4786 judices
3080 4736 3243 4775 causa
3273 4725 3533 4788 ﬁniatur.

2245 4804 2355 4872 (Ea:
2420 4805 2608 4857 concil.
2672 4806 2938 4874 Spalensi,
3005 4823 3125 4876 cap.
3209 4811 3287 4876 8.)
3355 4811 3418 4865 Si
3496 4809 3774 4880 episcopus
3827 4816 3849 4851 a

2174 4907 2466 4962 quoquam
2538 4893 2840 4962 impetitur
2889 4896 2972 4948 vel
3031 4896 3126 4950 ille
3178 4898 3442 4968 aliquam
3514 4895 3846 4968 quaestionem

2173 4979 2452 5041 retulerit,
2497 4996 2601 5048 per
2621 4980 2916 5052 episcopos
2965 4984 3187 5052 judices
3228 5002 3406 5040 causa
3461 4987 3732 5040 finiatur:
3761 4979 3850 5032 sive

2172 5081 2316 5135 quos
2347 5066 2428 5119 eis
2461 5067 2735 5136 primates
2775 5071 3058 5139 dederint,
3094 5073 3210 5127 sive
3231 5091 3382 5145 quos
3417 5075 3536 5145 ipsi
3567 5072 3765 5126 vicinos
3795 5079 3844 5118 ex

2175 5169 2453 5207 consensu
2485 5157 2782 5227 elegerint.

2170 5240 2296 5296 CAP.
2331 5243 2547 5297 CXLVI.
2580 5276 2648 5283 —
2705 5249 2774 5300 De
2834 5251 3098 5317 episcopis
3133 5249 3427 5318 judicibus
3472 5266 3608 5321 quos
3648 5259 3841 5303 commu-

2682 5336 2768 5386 m's
2797 5350 3080 5391 consensus
3110 5338 3346 5406 elegerit.

2236 5417 2542 5487 (Exeodem
2573 5436 2741 5487 conc.,
2774 5438 2894 5492 cap.
2945 5426 3020 5491 9.)
3071 5426 3293 5480 Iudices
3332 5433 3540 5482 autem
3587 5427 3842 5496 episcopos

2164 5520 2308 5575 quos
2336 5510 2656 5564 communis
2688 5526 2999 5569 consensus
3026 5515 3280 5585 elegerit,
3329 5531 3464 5572 non
3495 5517 3664 5572 liceat
3699 5523 3842 5584 quem
