  <div class='ocr_page' id='page_1' title='image "/cluster/home/n/w/nwhite01/storage/ocr_20150623/140/hvd.32044054760004/302.png"; bbox 0 0 4022 6190; ppageno 0'>
   <div class='ocr_carea' id='block_1_1' title="bbox 186 249 312 301">
    <p class='ocr_par' dir='ltr' id='par_1_1' title="bbox 186 249 312 301">
     <span class='ocr_line' id='line_1_1' title="bbox 186 249 312 301; baseline 0 -1"><span class='ocrx_word' id='word_1_1' title='bbox 186 249 312 301; x_wconf 83' lang='lat'><strong>593</strong></span> 
     </span>
    </p>
   </div>
   <div class='ocr_carea' id='block_1_2' title="bbox 184 375 749 435">
    <p class='ocr_par' dir='ltr' id='par_1_2' title="bbox 184 375 749 435">
     <span class='ocr_line' id='line_1_2' title="bbox 184 375 749 435; baseline -0.009 -17"><span class='ocrx_word' id='word_1_2' title='bbox 184 380 386 435; x_wconf 86' lang='lat' dir='ltr'><strong>quam</strong></span> <span class='ocrx_word' id='word_1_3' title='bbox 438 375 749 433; x_wconf 82' lang='lat' dir='ltr'><strong>provocare</strong></span> 
     </span>
    </p>
   </div>
   <div class='ocr_carea' id='block_1_3' title="bbox 186 447 1933 519">
    <p class='ocr_par' dir='ltr' id='par_1_3' title="bbox 186 447 1933 519">
     <span class='ocr_line' id='line_1_3' title="bbox 186 447 1933 519; baseline 0 -14"><span class='ocrx_word' id='word_1_4' title='bbox 186 452 577 505; x_wconf 80' lang='lat' dir='ltr'><strong>contumacia</strong></span> <span class='ocrx_word' id='word_1_5' title='bbox 623 449 774 503; x_wconf 87' lang='lat' dir='ltr'><strong>nolle</strong></span> <span class='ocrx_word' id='word_1_6' title='bbox 824 447 1238 515; x_wconf 87' lang='lat' dir='ltr'><strong>obtemperare</strong></span> <span class='ocrx_word' id='word_1_7' title='bbox 1281 451 1597 519; x_wconf 88' lang='lat' dir='ltr'><strong>judicibus,</strong></span> <span class='ocrx_word' id='word_1_8' title='bbox 1650 467 1778 503; x_wconf 91' lang='lat' dir='ltr'><strong>cum</strong></span> <span class='ocrx_word' id='word_1_9' title='bbox 1826 451 1933 505; x_wconf 91' lang='lat' dir='ltr'><strong>hoc</strong></span> 
     </span>
    </p>
   </div>
   <div class='ocr_carea' id='block_1_4' title="bbox 190 535 1930 610">
    <p class='ocr_par' dir='ltr' id='par_1_4' title="bbox 190 535 1930 610">
     <span class='ocr_line' id='line_1_4' title="bbox 190 535 1930 610; baseline -0.001 -16"><span class='ocrx_word' id='word_1_10' title='bbox 190 542 414 610; x_wconf 64' lang='lat' dir='ltr'><strong>prima!</strong></span> <span class='ocrx_word' id='word_1_11' title='bbox 464 539 611 593; x_wconf 84' lang='lat' dir='ltr'><strong>sedis</strong></span> <span class='ocrx_word' id='word_1_12' title='bbox 660 536 925 608; x_wconf 80' lang='lat' dir='ltr'><strong>episcopo</strong></span> <span class='ocrx_word' id='word_1_13' title='bbox 968 535 1151 588; x_wconf 84' lang='lat' dir='ltr'><strong>fuerit</strong></span> <span class='ocrx_word' id='word_1_14' title='bbox 1185 539 1516 606; x_wconf 87' lang='lat' dir='ltr'><strong>probatum,</strong></span> <span class='ocrx_word' id='word_1_15' title='bbox 1576 540 1671 591; x_wconf 87' lang='lat' dir='ltr'><strong>det</strong></span> <span class='ocrx_word' id='word_1_16' title='bbox 1713 539 1930 593; x_wconf 77' lang='lat' dir='ltr'><strong>litteras</strong></span> 
     </span>
    </p>
   </div>
   <div class='ocr_carea' id='block_1_5' title="bbox 190 623 1931 695">
    <p class='ocr_par' dir='ltr' id='par_1_5' title="bbox 190 623 1931 695">
     <span class='ocr_line' id='line_1_5' title="bbox 190 623 1931 695; baseline -0.001 -14"><span class='ocrx_word' id='word_1_17' title='bbox 190 634 261 681; x_wconf 87' lang='lat' dir='ltr'><strong>ut</strong></span> <span class='ocrx_word' id='word_1_18' title='bbox 314 629 517 681; x_wconf 90' lang='lat' dir='ltr'><strong>nullus</strong></span> <span class='ocrx_word' id='word_1_19' title='bbox 568 626 619 679; x_wconf 93' lang='lat' dir='ltr'><strong>ei</strong></span> <span class='ocrx_word' id='word_1_20' title='bbox 669 623 1053 678; x_wconf 77' lang='lat' dir='ltr'><strong>communicet</strong></span> <span class='ocrx_word' id='word_1_21' title='bbox 1108 624 1548 695; x_wconf 87' lang='lat' dir='ltr'><strong>episcoporum,</strong></span> <span class='ocrx_word' id='word_1_22' title='bbox 1602 628 1783 679; x_wconf 90' lang='lat' dir='ltr'><strong>donec</strong></span> <span class='ocrx_word' id='word_1_23' title='bbox 1828 628 1931 680; x_wconf 88' lang='lat' dir='ltr'><strong>ob-</strong></span> 
     </span>
    </p>
   </div>
   <div class='ocr_carea' id='block_1_6' title="bbox 188 723 1926 854">
    <p class='ocr_par' dir='ltr' id='par_1_6' title="bbox 188 723 1926 854">
     <span class='ocr_line' id='line_1_6' title="bbox 188 723 1926 854; baseline -0.001 -13"><span class='ocrx_word' id='word_1_24' title='bbox 188 723 647 841; x_wconf 48' lang='lat' dir='ltr'><strong>gaTPeéi&#39;tLVll.</strong></span> <span class='ocrx_word' id='word_1_25' title='bbox 702 813 765 825; x_wconf 92' lang='lat'><strong>—-</strong></span> <span class='ocrx_word' id='word_1_26' title='bbox 822 786 887 838; x_wconf 90' lang='lat' dir='ltr'><strong>Ut</strong></span> <span class='ocrx_word' id='word_1_27' title='bbox 944 785 1202 851; x_wconf 76' lang='lat' dir='ltr'><strong>episcopi</strong></span> <span class='ocrx_word' id='word_1_28' title='bbox 1246 787 1719 853; x_wconf 79' lang='lat' dir='ltr'><strong>comprovinciates</strong></span> <span class='ocrx_word' id='word_1_29' title='bbox 1772 802 1926 854; x_wconf 85' lang='lat' dir='ltr'><strong>pere-</strong></span> 
     </span>
    </p>
   </div>
   <div class='ocr_carea' id='block_1_7' title="bbox 625 854 1509 923">
    <p class='ocr_par' dir='ltr' id='par_1_7' title="bbox 625 854 1509 923">
     <span class='ocr_line' id='line_1_7' title="bbox 625 854 1509 923; baseline 0.002 -16"><span class='ocrx_word' id='word_1_30' title='bbox 625 858 781 923; x_wconf 88' lang='lat' dir='ltr'><strong>grina</strong></span> <span class='ocrx_word' id='word_1_31' title='bbox 802 854 1022 922; x_wconf 85' lang='lat' dir='ltr'><strong>judicia</strong></span> <span class='ocrx_word' id='word_1_32' title='bbox 1052 870 1167 906; x_wconf 87' lang='lat' dir='ltr'><strong>non</strong></span> <span class='ocrx_word' id='word_1_33' title='bbox 1200 860 1509 921; x_wconf 77' lang='lat' dir='ltr'><strong>patiantur.</strong></span> 
     </span>
    </p>
   </div>
   <div class='ocr_carea' id='block_1_8' title="bbox 268 944 1921 1014">
    <p class='ocr_par' dir='ltr' id='par_1_8' title="bbox 268 944 1921 1014">
     <span class='ocr_line' id='line_1_8' title="bbox 268 944 1921 1014; baseline -0.001 -13"><span class='ocrx_word' id='word_1_34' title='bbox 268 949 386 1014; x_wconf 78' lang='lat' dir='ltr'><strong>(Ea:</strong></span> <span class='ocrx_word' id='word_1_35' title='bbox 435 946 631 999; x_wconf 88' lang='lat' dir='ltr'><strong>decret.</strong></span> <span class='ocrx_word' id='word_1_36' title='bbox 671 944 901 996; x_wconf 79' lang='lat' dir='ltr'><strong>Fabiani</strong></span> <span class='ocrx_word' id='word_1_37' title='bbox 945 958 1113 1010; x_wconf 71' lang='lat' dir='ltr'><strong>papa:</strong></span> <span class='ocrx_word' id='word_1_38' title='bbox 1165 945 1385 997; x_wconf 80' lang='lat' dir='ltr'><strong>Hilario</strong></span> <span class='ocrx_word' id='word_1_39' title='bbox 1430 948 1673 1012; x_wconf 85' lang='lat' dir='ltr'><strong>episcopo</strong></span> <span class='ocrx_word' id='word_1_40' title='bbox 1722 947 1921 1009; x_wconf 82' lang='lat' dir='ltr'><em>missis,</em></span> 
     </span>
    </p>
   </div>
   <div class='ocr_carea' id='block_1_9' title="bbox 189 1030 1926 1103">
    <p class='ocr_par' dir='ltr' id='par_1_9' title="bbox 189 1030 1926 1103">
     <span class='ocr_line' id='line_1_9' title="bbox 189 1030 1926 1103; baseline -0.002 -14"><span class='ocrx_word' id='word_1_41' title='bbox 189 1052 322 1103; x_wconf 85' lang='lat' dir='ltr'><strong>cap.</strong></span> <span class='ocrx_word' id='word_1_42' title='bbox 379 1035 489 1099; x_wconf 82' lang='lat' dir='ltr'><strong>l6.)</strong></span> <span class='ocrx_word' id='word_1_43' title='bbox 541 1032 836 1101; x_wconf 72' lang='lat' dir='ltr'><strong>Peregrina</strong></span> <span class='ocrx_word' id='word_1_44' title='bbox 874 1047 1007 1083; x_wconf 78' lang='lat' dir='ltr'><strong>vero</strong></span> <span class='ocrx_word' id='word_1_45' title='bbox 1052 1030 1305 1100; x_wconf 87' lang='lat' dir='ltr'><strong>judicia,</strong></span> <span class='ocrx_word' id='word_1_46' title='bbox 1352 1033 1505 1085; x_wconf 77' lang='lat' dir='ltr'><strong>salva</strong></span> <span class='ocrx_word' id='word_1_47' title='bbox 1552 1033 1611 1086; x_wconf 91' lang='lat' dir='ltr'><strong>in</strong></span> <span class='ocrx_word' id='word_1_48' title='bbox 1661 1034 1926 1086; x_wconf 87' lang='lat' dir='ltr'><strong>omnibus</strong></span> 
     </span>
    </p>
   </div>
   <div class='ocr_carea' id='block_1_10' title="bbox 190 1119 1919 1193">
    <p class='ocr_par' dir='ltr' id='par_1_10' title="bbox 190 1119 1919 1193">
     <span class='ocr_line' id='line_1_10' title="bbox 190 1119 1919 1193; baseline -0.002 -17"><span class='ocrx_word' id='word_1_49' title='bbox 190 1124 522 1193; x_wconf 84' lang='lat' dir='ltr'><strong>apostolica</strong></span> <span class='ocrx_word' id='word_1_50' title='bbox 546 1122 892 1184; x_wconf 78' lang='lat' dir='ltr'><strong>auctoritate,</strong></span> <span class='ocrx_word' id='word_1_51' title='bbox 917 1119 1189 1189; x_wconf 74' lang='lat' dir='ltr'><strong>generali</strong></span> <span class='ocrx_word' id='word_1_52' title='bbox 1214 1121 1509 1173; x_wconf 81' lang='lat' dir='ltr'><strong>sanctione</strong></span> <span class='ocrx_word' id='word_1_53' title='bbox 1531 1122 1919 1191; x_wconf 84' lang='lat' dir='ltr'><strong>prohibemus.</strong></span> 
     </span>
    </p>
   </div>
   <div class='ocr_carea' id='block_1_11' title="bbox 191 1208 1924 1280">
    <p class='ocr_par' dir='ltr' id='par_1_11' title="bbox 191 1208 1924 1280">
     <span class='ocr_line' id='line_1_11' title="bbox 191 1208 1924 1280; baseline -0.001 -17"><span class='ocrx_word' id='word_1_54' title='bbox 191 1212 354 1275; x_wconf 86' lang='lat' dir='ltr'><strong>Quia</strong></span> <span class='ocrx_word' id='word_1_55' title='bbox 385 1212 688 1280; x_wconf 85' lang='lat' dir='ltr'><strong>indignum</strong></span> <span class='ocrx_word' id='word_1_56' title='bbox 733 1216 814 1261; x_wconf 91' lang='lat' dir='ltr'><strong>est</strong></span> <span class='ocrx_word' id='word_1_57' title='bbox 843 1214 905 1263; x_wconf 91' lang='lat' dir='ltr'><strong>ut</strong></span> <span class='ocrx_word' id='word_1_58' title='bbox 934 1208 1006 1261; x_wconf 88' lang='lat' dir='ltr'><strong>ab</strong></span> <span class='ocrx_word' id='word_1_59' title='bbox 1047 1208 1273 1261; x_wconf 79' lang='lat' dir='ltr'><strong>exteris</strong></span> <span class='ocrx_word' id='word_1_60' title='bbox 1316 1209 1611 1278; x_wconf 89' lang='lat' dir='ltr'><strong>judicetur</strong></span> <span class='ocrx_word' id='word_1_61' title='bbox 1654 1211 1753 1280; x_wconf 86' lang='lat' dir='ltr'><strong>qui</strong></span> <span class='ocrx_word' id='word_1_62' title='bbox 1785 1227 1924 1280; x_wconf 80' lang='lat' dir='ltr'><strong>pro-</strong></span> 
     </span>
    </p>
   </div>
   <div class='ocr_carea' id='block_1_12' title="bbox 191 1297 1923 1367">
    <p class='ocr_par' dir='ltr' id='par_1_12' title="bbox 191 1297 1923 1367">
     <span class='ocr_line' id='line_1_12' title="bbox 191 1297 1923 1367; baseline -0.001 -13"><span class='ocrx_word' id='word_1_63' title='bbox 191 1301 485 1354; x_wconf 87' lang='lat' dir='ltr'><strong>vinciales</strong></span> <span class='ocrx_word' id='word_1_64' title='bbox 529 1305 583 1352; x_wconf 90' lang='lat' dir='ltr'><strong>et</strong></span> <span class='ocrx_word' id='word_1_65' title='bbox 623 1317 654 1352; x_wconf 93' lang='lat' dir='ltr'><strong>a</strong></span> <span class='ocrx_word' id='word_1_66' title='bbox 686 1316 739 1351; x_wconf 91' lang='lat' dir='ltr'><strong>se</strong></span> <span class='ocrx_word' id='word_1_67' title='bbox 785 1300 988 1351; x_wconf 90' lang='lat' dir='ltr'><strong>electos</strong></span> <span class='ocrx_word' id='word_1_68' title='bbox 1036 1297 1221 1351; x_wconf 89' lang='lat' dir='ltr'><strong>debet</strong></span> <span class='ocrx_word' id='word_1_69' title='bbox 1269 1298 1477 1351; x_wconf 88' lang='lat' dir='ltr'><strong>habere</strong></span> <span class='ocrx_word' id='word_1_70' title='bbox 1521 1298 1763 1367; x_wconf 87' lang='lat' dir='ltr'><strong>judices,</strong></span> <span class='ocrx_word' id='word_1_71' title='bbox 1814 1299 1923 1353; x_wconf 83' lang='lat' dir='ltr'><em>nisi</em></span> 
     </span>
    </p>
   </div>
   <div class='ocr_carea' id='block_1_13' title="bbox 184 1386 1920 1458">
    <p class='ocr_par' dir='ltr' id='par_1_13' title="bbox 184 1386 1920 1458">
     <span class='ocr_line' id='line_1_13' title="bbox 184 1386 1920 1458; baseline -0.001 -16"><span class='ocrx_word' id='word_1_72' title='bbox 184 1390 388 1443; x_wconf 78' lang='lat' dir='ltr'><strong>fuerit</strong></span> <span class='ocrx_word' id='word_1_73' title='bbox 417 1389 783 1458; x_wconf 89' lang='lat' dir='ltr'><strong>appellatum.</strong></span> <span class='ocrx_word' id='word_1_74' title='bbox 820 1386 975 1440; x_wconf 90' lang='lat' dir='ltr'><strong>Unde</strong></span> <span class='ocrx_word' id='word_1_75' title='bbox 1010 1391 1272 1455; x_wconf 78' lang='lat' dir='ltr'><strong>oportet,</strong></span> <span class='ocrx_word' id='word_1_76' title='bbox 1310 1386 1355 1438; x_wconf 93' lang='lat' dir='ltr'><strong>si</strong></span> <span class='ocrx_word' id='word_1_77' title='bbox 1384 1386 1591 1456; x_wconf 83' lang='lat' dir='ltr'><strong>aliquis</strong></span> <span class='ocrx_word' id='word_1_78' title='bbox 1622 1387 1920 1458; x_wconf 88' lang='lat' dir='ltr'><strong>episcopo-</strong></span> 
     </span>
    </p>
   </div>
   <div class='ocr_carea' id='block_1_14' title="bbox 191 1473 1919 1546">
    <p class='ocr_par' dir='ltr' id='par_1_14' title="bbox 191 1473 1919 1546">
     <span class='ocr_line' id='line_1_14' title="bbox 191 1473 1919 1546; baseline -0.002 -14"><span class='ocrx_word' id='word_1_79' title='bbox 191 1494 335 1532; x_wconf 86' lang='lat' dir='ltr'><strong>rum</strong></span> <span class='ocrx_word' id='word_1_80' title='bbox 371 1493 551 1546; x_wconf 85' lang='lat' dir='ltr'><strong>super</strong></span> <span class='ocrx_word' id='word_1_81' title='bbox 596 1476 757 1528; x_wconf 87' lang='lat' dir='ltr'><strong>certis</strong></span> <span class='ocrx_word' id='word_1_82' title='bbox 788 1479 1088 1527; x_wconf 83' lang='lat' dir='ltr'><strong>accusetur</strong></span> <span class='ocrx_word' id='word_1_83' title='bbox 1130 1473 1492 1539; x_wconf 86' lang='lat' dir='ltr'><strong>criminibus,</strong></span> <span class='ocrx_word' id='word_1_84' title='bbox 1541 1480 1602 1527; x_wconf 88' lang='lat' dir='ltr'><strong>ut</strong></span> <span class='ocrx_word' id='word_1_85' title='bbox 1634 1477 1701 1528; x_wconf 91' lang='lat' dir='ltr'><strong>ab</strong></span> <span class='ocrx_word' id='word_1_86' title='bbox 1733 1476 1919 1528; x_wconf 89' lang='lat' dir='ltr'><strong>omni-</strong></span> 
     </span>
    </p>
   </div>
   <div class='ocr_carea' id='block_1_15' title="bbox 190 1562 1915 1634">
    <p class='ocr_par' dir='ltr' id='par_1_15' title="bbox 190 1562 1915 1634">
     <span class='ocr_line' id='line_1_15' title="bbox 190 1562 1915 1634; baseline -0.001 -14"><span class='ocrx_word' id='word_1_87' title='bbox 190 1566 313 1619; x_wconf 87' lang='lat' dir='ltr'><strong>bus</strong></span> <span class='ocrx_word' id='word_1_88' title='bbox 372 1564 642 1619; x_wconf 87' lang='lat' dir='ltr'><strong>audiatur</strong></span> <span class='ocrx_word' id='word_1_89' title='bbox 677 1563 771 1633; x_wconf 87' lang='lat' dir='ltr'><strong>qui</strong></span> <span class='ocrx_word' id='word_1_90' title='bbox 802 1566 932 1615; x_wconf 90' lang='lat' dir='ltr'><strong>sunt</strong></span> <span class='ocrx_word' id='word_1_91' title='bbox 962 1562 1020 1615; x_wconf 92' lang='lat' dir='ltr'><strong>in</strong></span> <span class='ocrx_word' id='word_1_92' title='bbox 1073 1562 1372 1630; x_wconf 82' lang='lat' dir='ltr'><strong>provincia</strong></span> <span class='ocrx_word' id='word_1_93' title='bbox 1421 1562 1703 1634; x_wconf 76' lang='lat' dir='ltr'><strong>episcopis</strong></span> <span class='ocrx_word' id='word_1_94' title='bbox 1737 1581 1748 1617; x_wconf 91' lang='lat'>:</span> <span class='ocrx_word' id='word_1_95' title='bbox 1784 1565 1915 1634; x_wconf 85' lang='lat' dir='ltr'><strong>quia</strong></span> 
     </span>
    </p>
   </div>
   <div class='ocr_carea' id='block_1_16' title="bbox 190 1643 1987 1723">
    <p class='ocr_par' dir='ltr' id='par_1_16' title="bbox 190 1643 1987 1723">
     <span class='ocr_line' id='line_1_16' title="bbox 190 1643 1987 1723; baseline -0.001 -16"><span class='ocrx_word' id='word_1_96' title='bbox 190 1672 321 1709; x_wconf 88' lang='lat' dir='ltr'><strong>non</strong></span> <span class='ocrx_word' id='word_1_97' title='bbox 379 1658 612 1723; x_wconf 76' lang='lat' dir='ltr'><strong>oportet</strong></span> <span class='ocrx_word' id='word_1_98' title='bbox 653 1656 968 1704; x_wconf 88' lang='lat' dir='ltr'><strong>accusatum</strong></span> <span class='ocrx_word' id='word_1_99' title='bbox 1028 1649 1247 1703; x_wconf 83' lang='lat' dir='ltr'><strong>alicubi</strong></span> <span class='ocrx_word' id='word_1_100' title='bbox 1303 1667 1473 1721; x_wconf 87' lang='lat' dir='ltr'><strong>quam</strong></span> <span class='ocrx_word' id='word_1_101' title='bbox 1532 1652 1592 1704; x_wconf 90' lang='lat' dir='ltr'><strong>in</strong></span> <span class='ocrx_word' id='word_1_102' title='bbox 1641 1652 1762 1705; x_wconf 88' lang='lat' dir='ltr'><strong>foro</strong></span> <span class='ocrx_word' id='word_1_103' title='bbox 1811 1670 1914 1707; x_wconf 91' lang='lat' dir='ltr'><strong>suo</strong></span> <span class='ocrx_word' id='word_1_104' title='bbox 1948 1643 1987 1695; x_wconf 83' lang='grc' dir='ltr'>Β</span> 
     </span>
    </p>
   </div>
   <div class='ocr_carea' id='block_1_17' title="bbox 188 1743 421 1798">
    <p class='ocr_par' dir='ltr' id='par_1_17' title="bbox 188 1743 421 1798">
     <span class='ocr_line' id='line_1_17' title="bbox 188 1743 421 1798; baseline -0.013 -1"><span class='ocrx_word' id='word_1_105' title='bbox 188 1743 421 1798; x_wconf 84' lang='lat' dir='ltr'><strong>audiri.</strong></span> 
     </span>
    </p>
   </div>
   <div class='ocr_carea' id='block_1_18' title="bbox 189 1829 1914 1899">
    <p class='ocr_par' dir='ltr' id='par_1_18' title="bbox 189 1829 1914 1899">
     <span class='ocr_line' id='line_1_18' title="bbox 189 1829 1914 1899; baseline -0.002 -12"><span class='ocrx_word' id='word_1_106' title='bbox 189 1834 336 1887; x_wconf 65' lang='lat' dir='ltr'><strong>CAP.</strong></span> <span class='ocrx_word' id='word_1_107' title='bbox 378 1829 651 1885; x_wconf 79' lang='lat' dir='ltr'><strong>CXLVIII.</strong></span> <span class='ocrx_word' id='word_1_108' title='bbox 700 1860 764 1867; x_wconf 90' lang='lat'><strong>—</strong></span> <span class='ocrx_word' id='word_1_109' title='bbox 816 1831 888 1883; x_wconf 89' lang='lat' dir='ltr'><strong>De</strong></span> <span class='ocrx_word' id='word_1_110' title='bbox 935 1831 1189 1897; x_wconf 88' lang='lat' dir='ltr'><strong>episcopo</strong></span> <span class='ocrx_word' id='word_1_111' title='bbox 1238 1831 1546 1891; x_wconf 78' lang='lat' dir='ltr'><strong>criminale,</strong></span> <span class='ocrx_word' id='word_1_112' title='bbox 1584 1832 1636 1883; x_wconf 90' lang='lat' dir='ltr'><strong>si</strong></span> <span class='ocrx_word' id='word_1_113' title='bbox 1674 1831 1914 1899; x_wconf 68' lang='lat' dir='ltr'><strong>judicent</strong></span> 
     </span>
    </p>
   </div>
   <div class='ocr_carea' id='block_1_19' title="bbox 747 1900 1362 1967">
    <p class='ocr_par' dir='ltr' id='par_1_19' title="bbox 747 1900 1362 1967">
     <span class='ocr_line' id='line_1_19' title="bbox 747 1900 1362 1967; baseline 0 -14"><span class='ocrx_word' id='word_1_114' title='bbox 747 1904 1051 1967; x_wconf 86' lang='lat' dir='ltr'><strong>suspectum</strong></span> <span class='ocrx_word' id='word_1_115' title='bbox 1086 1900 1362 1954; x_wconf 72' lang='lat' dir='ltr'><strong>habuerit.</strong></span> 
     </span>
    </p>
   </div>
   <div class='ocr_carea' id='block_1_20' title="bbox 270 1970 1910 2039">
    <p class='ocr_par' dir='ltr' id='par_1_20' title="bbox 270 1970 1910 2039">
     <span class='ocr_line' id='line_1_20' title="bbox 270 1970 1910 2039; baseline -0.003 -12"><span class='ocrx_word' id='word_1_116' title='bbox 270 1974 401 2039; x_wconf 79' lang='lat' dir='ltr'><strong>(Ea:</strong></span> <span class='ocrx_word' id='word_1_117' title='bbox 435 1972 629 2025; x_wconf 86' lang='lat' dir='ltr'><strong>decret.</strong></span> <span class='ocrx_word' id='word_1_118' title='bbox 673 1971 907 2038; x_wconf 83' lang='lat' dir='ltr'><strong>ejusdem</strong></span> <span class='ocrx_word' id='word_1_119' title='bbox 950 1971 1026 2023; x_wconf 84' lang='lat' dir='ltr'><strong>ad</strong></span> <span class='ocrx_word' id='word_1_120' title='bbox 1064 1970 1309 2023; x_wconf 83' lang='lat' dir='ltr'><strong>eumdem</strong></span> <span class='ocrx_word' id='word_1_121' title='bbox 1352 1972 1660 2039; x_wconf 80' lang='lat' dir='ltr'><strong>episcopum</strong></span> <span class='ocrx_word' id='word_1_122' title='bbox 1707 1974 1910 2033; x_wconf 78' lang='lat' dir='ltr'><strong>missis,</strong></span> 
     </span>
    </p>
   </div>
   <div class='ocr_carea' id='block_1_21' title="bbox 188 2058 1911 2130">
    <p class='ocr_par' dir='ltr' id='par_1_21' title="bbox 188 2058 1911 2130">
     <span class='ocr_line' id='line_1_21' title="bbox 188 2058 1911 2130; baseline -0.002 -14"><span class='ocrx_word' id='word_1_123' title='bbox 188 2078 325 2130; x_wconf 85' lang='lat' dir='ltr'><strong>cap.</strong></span> <span class='ocrx_word' id='word_1_124' title='bbox 360 2062 480 2130; x_wconf 79' lang='lat'><strong>27.)</strong></span> <span class='ocrx_word' id='word_1_125' title='bbox 513 2060 567 2113; x_wconf 91' lang='lat' dir='ltr'><strong>Si</strong></span> <span class='ocrx_word' id='word_1_126' title='bbox 606 2059 728 2129; x_wconf 78' lang='lat' dir='ltr'><strong>quis</strong></span> <span class='ocrx_word' id='word_1_127' title='bbox 762 2075 891 2112; x_wconf 89' lang='lat' dir='ltr'><strong>vero</strong></span> <span class='ocrx_word' id='word_1_128' title='bbox 940 2058 1249 2126; x_wconf 85' lang='lat' dir='ltr'><strong>episcopus</strong></span> <span class='ocrx_word' id='word_1_129' title='bbox 1288 2058 1537 2126; x_wconf 89' lang='lat' dir='ltr'><strong>judicem</strong></span> <span class='ocrx_word' id='word_1_130' title='bbox 1580 2064 1911 2128; x_wconf 90' lang='lat' dir='ltr'><strong>suspectum</strong></span> 
     </span>
    </p>
   </div>
   <div class='ocr_carea' id='block_1_22' title="bbox 190 2144 1912 2216">
    <p class='ocr_par' dir='ltr' id='par_1_22' title="bbox 190 2144 1912 2216">
     <span class='ocr_line' id='line_1_22' title="bbox 190 2144 1912 2216; baseline -0.002 -13"><span class='ocrx_word' id='word_1_131' title='bbox 190 2147 498 2212; x_wconf 82' lang='lat' dir='ltr'><strong>habuerit,</strong></span> <span class='ocrx_word' id='word_1_132' title='bbox 532 2152 588 2199; x_wconf 92' lang='lat' dir='ltr'><strong>et</strong></span> <span class='ocrx_word' id='word_1_133' title='bbox 627 2146 825 2199; x_wconf 89' lang='lat' dir='ltr'><strong>viderit</strong></span> <span class='ocrx_word' id='word_1_134' title='bbox 876 2161 934 2198; x_wconf 90' lang='lat' dir='ltr'><strong>se</strong></span> <span class='ocrx_word' id='word_1_135' title='bbox 966 2146 1280 2213; x_wconf 89' lang='lat' dir='ltr'><strong>ingravari,</strong></span> <span class='ocrx_word' id='word_1_136' title='bbox 1328 2144 1505 2197; x_wconf 89' lang='lat' dir='ltr'><strong>libere</strong></span> <span class='ocrx_word' id='word_1_137' title='bbox 1545 2145 1737 2199; x_wconf 83' lang='lat' dir='ltr'><strong>sedem</strong></span> <span class='ocrx_word' id='word_1_138' title='bbox 1770 2163 1912 2216; x_wconf 91' lang='lat' dir='ltr'><strong>apo-</strong></span> 
     </span>
    </p>
   </div>
   <div class='ocr_carea' id='block_1_23' title="bbox 190 2235 1914 2304">
    <p class='ocr_par' dir='ltr' id='par_1_23' title="bbox 190 2235 1914 2304">
     <span class='ocr_line' id='line_1_23' title="bbox 190 2235 1914 2304; baseline -0.001 -14"><span class='ocrx_word' id='word_1_139' title='bbox 190 2238 472 2291; x_wconf 88' lang='lat' dir='ltr'><strong>stolicam</strong></span> <span class='ocrx_word' id='word_1_140' title='bbox 530 2235 794 2304; x_wconf 83' lang='lat' dir='ltr'><strong>appellet.</strong></span> <span class='ocrx_word' id='word_1_141' title='bbox 841 2236 1248 2303; x_wconf 84' lang='lat' dir='ltr'><strong>Appellantem</strong></span> <span class='ocrx_word' id='word_1_142' title='bbox 1295 2240 1487 2286; x_wconf 90' lang='lat' dir='ltr'><strong>autem</strong></span> <span class='ocrx_word' id='word_1_143' title='bbox 1540 2250 1654 2287; x_wconf 91' lang='lat' dir='ltr'><strong>non</strong></span> <span class='ocrx_word' id='word_1_144' title='bbox 1705 2236 1914 2289; x_wconf 88' lang='lat' dir='ltr'><strong>habeat</strong></span> 
     </span>
    </p>
   </div>
   <div class='ocr_carea' id='block_1_24' title="bbox 189 2321 1909 2389">
    <p class='ocr_par' dir='ltr' id='par_1_24' title="bbox 189 2321 1909 2389">
     <span class='ocr_line' id='line_1_24' title="bbox 189 2321 1909 2389; baseline -0.001 -9"><span class='ocrx_word' id='word_1_145' title='bbox 189 2325 441 2380; x_wconf 84' lang='lat' dir='ltr'><strong>afﬂictio</strong></span> <span class='ocrx_word' id='word_1_146' title='bbox 473 2324 607 2388; x_wconf 88' lang='lat' dir='ltr'><strong>ulla,</strong></span> <span class='ocrx_word' id='word_1_147' title='bbox 659 2328 754 2376; x_wconf 89' lang='lat' dir='ltr'><strong>aut</strong></span> <span class='ocrx_word' id='word_1_148' title='bbox 781 2322 1129 2376; x_wconf 89' lang='lat' dir='ltr'><strong>detentionis</strong></span> <span class='ocrx_word' id='word_1_149' title='bbox 1157 2321 1453 2389; x_wconf 72' lang='lat' dir='ltr'><strong>injuriosze</strong></span> <span class='ocrx_word' id='word_1_150' title='bbox 1496 2324 1780 2388; x_wconf 89' lang='lat' dir='ltr'><strong>custodia,</strong></span> <span class='ocrx_word' id='word_1_151' title='bbox 1814 2326 1909 2378; x_wconf 90' lang='lat' dir='ltr'><strong>sed</strong></span> 
     </span>
    </p>
   </div>
   <div class='ocr_carea' id='block_1_25' title="bbox 192 2411 1910 2483">
    <p class='ocr_par' dir='ltr' id='par_1_25' title="bbox 192 2411 1910 2483">
     <span class='ocr_line' id='line_1_25' title="bbox 192 2411 1910 2483; baseline -0.001 -15"><span class='ocrx_word' id='word_1_152' title='bbox 192 2417 377 2468; x_wconf 77' lang='lat' dir='ltr'><strong>liceat.</strong></span> <span class='ocrx_word' id='word_1_153' title='bbox 405 2412 741 2483; x_wconf 87' lang='lat' dir='ltr'><strong>appellatori</strong></span> <span class='ocrx_word' id='word_1_154' title='bbox 783 2411 1203 2465; x_wconf 89' lang='lat' dir='ltr'><strong>conviciantum</strong></span> <span class='ocrx_word' id='word_1_155' title='bbox 1244 2426 1471 2463; x_wconf 86' lang='lat' dir='ltr'><strong>causam</strong></span> <span class='ocrx_word' id='word_1_156' title='bbox 1504 2413 1910 2480; x_wconf 76' lang='lat' dir='ltr'><strong>appellationis</strong></span> 
     </span>
    </p>
   </div>
   <div class='ocr_carea' id='block_1_26' title="bbox 194 2498 1907 2557">
    <p class='ocr_par' dir='ltr' id='par_1_26' title="bbox 194 2498 1907 2557">
     <span class='ocr_line' id='line_1_26' title="bbox 194 2498 1907 2557; baseline -0.002 0"><span class='ocrx_word' id='word_1_157' title='bbox 194 2503 467 2557; x_wconf 87' lang='lat' dir='ltr'><strong>remedio</strong></span> <span class='ocrx_word' id='word_1_158' title='bbox 515 2501 807 2554; x_wconf 89' lang='lat' dir='ltr'><strong>sublevare</strong></span> <span class='ocrx_word' id='word_1_159' title='bbox 841 2517 853 2553; x_wconf 92' lang='lat'>:</span> <span class='ocrx_word' id='word_1_160' title='bbox 884 2500 1015 2552; x_wconf 86' lang='lat' dir='ltr'><strong>licet</strong></span> <span class='ocrx_word' id='word_1_161' title='bbox 1066 2499 1239 2552; x_wconf 90' lang='lat' dir='ltr'><strong>etiam</strong></span> <span class='ocrx_word' id='word_1_162' title='bbox 1272 2498 1331 2551; x_wconf 91' lang='lat' dir='ltr'><strong>in</strong></span> <span class='ocrx_word' id='word_1_163' title='bbox 1362 2499 1545 2552; x_wconf 90' lang='lat' dir='ltr'><strong>causis</strong></span> <span class='ocrx_word' id='word_1_164' title='bbox 1587 2500 1907 2554; x_wconf 92' lang='lat' dir='ltr'><strong>criminali-</strong></span> 
     </span>
    </p>
   </div>
   <div class='ocr_carea' id='block_1_27' title="bbox 192 2588 1905 2661">
    <p class='ocr_par' dir='ltr' id='par_1_27' title="bbox 192 2588 1905 2661">
     <span class='ocr_line' id='line_1_27' title="bbox 192 2588 1905 2661; baseline -0.002 -16"><span class='ocrx_word' id='word_1_165' title='bbox 192 2593 309 2646; x_wconf 90' lang='lat' dir='ltr'><strong>bus</strong></span> <span class='ocrx_word' id='word_1_166' title='bbox 371 2590 688 2661; x_wconf 86' lang='lat' dir='ltr'><strong>appellare,</strong></span> <span class='ocrx_word' id='word_1_167' title='bbox 756 2604 861 2641; x_wconf 92' lang='lat' dir='ltr'><strong>nec</strong></span> <span class='ocrx_word' id='word_1_168' title='bbox 921 2588 1250 2657; x_wconf 83' lang='lat' dir='ltr'><strong>appellandi</strong></span> <span class='ocrx_word' id='word_1_169' title='bbox 1310 2603 1414 2640; x_wconf 86' lang='lat' dir='ltr'><strong>vox</strong></span> <span class='ocrx_word' id='word_1_170' title='bbox 1477 2588 1796 2659; x_wconf 84' lang='lat' dir='ltr'><strong>denegetur</strong></span> <span class='ocrx_word' id='word_1_171' title='bbox 1854 2591 1905 2642; x_wconf 89' lang='lat' dir='ltr'><strong>ei</strong></span> 
     </span>
    </p>
   </div>
   <div class='ocr_carea' id='block_1_28' title="bbox 195 2675 1509 2749">
    <p class='ocr_par' dir='ltr' id='par_1_28' title="bbox 195 2675 1509 2749">
     <span class='ocr_line' id='line_1_28' title="bbox 195 2675 1509 2749; baseline -0.002 -17"><span class='ocrx_word' id='word_1_172' title='bbox 195 2695 377 2749; x_wconf 85' lang='lat' dir='ltr'><strong>quem</strong></span> <span class='ocrx_word' id='word_1_173' title='bbox 406 2679 466 2731; x_wconf 91' lang='lat' dir='ltr'><strong>in</strong></span> <span class='ocrx_word' id='word_1_174' title='bbox 491 2677 836 2746; x_wconf 90' lang='lat' dir='ltr'><strong>supplicium</strong></span> <span class='ocrx_word' id='word_1_175' title='bbox 866 2676 1147 2729; x_wconf 86' lang='lat' dir='ltr'><strong>sententia</strong></span> <span class='ocrx_word' id='word_1_176' title='bbox 1177 2675 1509 2729; x_wconf 89' lang='lat' dir='ltr'><strong>destinarat.</strong></span> 
     </span>
    </p>
   </div>
   <div class='ocr_carea' id='block_1_29' title="bbox 198 2766 1904 2833">
    <p class='ocr_par' dir='ltr' id='par_1_29' title="bbox 198 2766 1904 2833">
     <span class='ocr_line' id='line_1_29' title="bbox 198 2766 1904 2833; baseline -0.003 -11"><span class='ocrx_word' id='word_1_177' title='bbox 198 2768 332 2822; x_wconf 76' lang='lat' dir='ltr'><strong>CAP.</strong></span> <span class='ocrx_word' id='word_1_178' title='bbox 388 2766 606 2820; x_wconf 83' lang='lat' dir='ltr'><strong>CXLIX.</strong></span> <span class='ocrx_word' id='word_1_179' title='bbox 658 2794 730 2805; x_wconf 93' lang='lat'><strong>—</strong></span> <span class='ocrx_word' id='word_1_180' title='bbox 779 2766 839 2820; x_wconf 92' lang='lat' dir='ltr'><strong>Si</strong></span> <span class='ocrx_word' id='word_1_181' title='bbox 879 2768 1002 2833; x_wconf 85' lang='lat' dir='ltr'><em>quis</em></span> <span class='ocrx_word' id='word_1_182' title='bbox 1034 2767 1313 2832; x_wconf 86' lang='lat' dir='ltr'><strong>episcopus</strong></span> <span class='ocrx_word' id='word_1_183' title='bbox 1356 2766 1415 2816; x_wconf 92' lang='lat' dir='ltr'><strong>in</strong></span> <span class='ocrx_word' id='word_1_184' title='bbox 1462 2767 1685 2819; x_wconf 86' lang='lat' dir='ltr'><strong>crimine</strong></span> <span class='ocrx_word' id='word_1_185' title='bbox 1724 2766 1904 2819; x_wconf 73' lang='lat' dir='ltr'><strong>deimi-</strong></span> 
     </span>
    </p>
   </div>
   <div class='ocr_carea' id='block_1_30' title="bbox 273 2838 1906 2904">
    <p class='ocr_par' dir='ltr' id='par_1_30' title="bbox 273 2838 1906 2904">
     <span class='ocr_line' id='line_1_30' title="bbox 273 2838 1906 2904; baseline 0 -13"><span class='ocrx_word' id='word_1_186' title='bbox 273 2844 363 2891; x_wconf 87' lang='lat' dir='ltr'><strong>tus</strong></span> <span class='ocrx_word' id='word_1_187' title='bbox 409 2840 600 2903; x_wconf 83' lang='lat' dir='ltr'><strong>fuerit,</strong></span> <span class='ocrx_word' id='word_1_188' title='bbox 639 2842 689 2889; x_wconf 88' lang='lat' dir='ltr'><strong>et</strong></span> <span class='ocrx_word' id='word_1_189' title='bbox 728 2852 833 2889; x_wconf 89' lang='lat' dir='ltr'><strong>non</strong></span> <span class='ocrx_word' id='word_1_190' title='bbox 862 2840 1038 2904; x_wconf 79' lang='lat' dir='ltr'><strong>potest</strong></span> <span class='ocrx_word' id='word_1_191' title='bbox 1076 2838 1339 2904; x_wconf 86' lang='lat' dir='ltr'><strong>plurimos</strong></span> <span class='ocrx_word' id='word_1_192' title='bbox 1372 2850 1712 2902; x_wconf 83' lang='lat' dir='ltr'><strong>congregare.</strong></span> <span class='ocrx_word' id='word_1_193' title='bbox 1746 2853 1779 2889; x_wconf 92' lang='lat' dir='ltr'><strong>a</strong></span> <span class='ocrx_word' id='word_1_194' title='bbox 1809 2840 1906 2891; x_wconf 81' lang='lat' dir='ltr'><strong>XII</strong></span> 
     </span>
    </p>
   </div>
   <div class='ocr_carea' id='block_1_31' title="bbox 270 2907 849 2975">
    <p class='ocr_par' dir='ltr' id='par_1_31' title="bbox 270 2907 849 2975">
     <span class='ocr_line' id='line_1_31' title="bbox 270 2907 849 2975; baseline 0 -16"><span class='ocrx_word' id='word_1_195' title='bbox 270 2910 541 2975; x_wconf 79' lang='lat' dir='ltr'><strong>episcopis</strong></span> <span class='ocrx_word' id='word_1_196' title='bbox 567 2907 849 2959; x_wconf 85' lang='lat' dir='ltr'><strong>audiatur.</strong></span> 
     </span>
    </p>
   </div>
   <div class='ocr_carea' id='block_1_32' title="bbox 273 2974 1901 3047">
    <p class='ocr_par' dir='ltr' id='par_1_32' title="bbox 273 2974 1901 3047">
     <span class='ocr_line' id='line_1_32' title="bbox 273 2974 1901 3047; baseline -0.002 -15"><span class='ocrx_word' id='word_1_197' title='bbox 273 2981 387 3045; x_wconf 65' lang='lat' dir='ltr'><strong>(Er</strong></span> <span class='ocrx_word' id='word_1_198' title='bbox 450 2979 637 3031; x_wconf 83' lang='lat' dir='ltr'><strong>concil.</strong></span> <span class='ocrx_word' id='word_1_199' title='bbox 696 2978 981 3043; x_wconf 83' lang='lat' dir='ltr'><strong>Carthag...</strong></span> <span class='ocrx_word' id='word_1_200' title='bbox 1045 2991 1165 3043; x_wconf 86' lang='lat' dir='ltr'><strong>cap.</strong></span> <span class='ocrx_word' id='word_1_201' title='bbox 1227 2974 1334 3041; x_wconf 79' lang='lat' dir='ltr'><strong>l2.)</strong></span> <span class='ocrx_word' id='word_1_202' title='bbox 1392 2976 1541 3029; x_wconf 81' lang='lat' dir='ltr'><strong>Felix</strong></span> <span class='ocrx_word' id='word_1_203' title='bbox 1601 2979 1901 3047; x_wconf 80' lang='lat' dir='ltr'><strong>episcopus</strong></span> 
     </span>
    </p>
   </div>
   <div class='ocr_carea' id='block_1_33' title="bbox 205 3064 1904 3134">
    <p class='ocr_par' dir='ltr' id='par_1_33' title="bbox 205 3064 1904 3134">
     <span class='ocr_line' id='line_1_33' title="bbox 205 3064 1904 3134; baseline -0.001 -14"><span class='ocrx_word' id='word_1_204' title='bbox 205 3068 349 3121; x_wconf 84' lang='lat' dir='ltr'><strong>dixit</strong></span> <span class='ocrx_word' id='word_1_205' title='bbox 378 3084 389 3120; x_wconf 93' lang='lat'>:</span> <span class='ocrx_word' id='word_1_206' title='bbox 426 3067 708 3134; x_wconf 82' lang='lat' dir='ltr'><strong>Suggero,</strong></span> <span class='ocrx_word' id='word_1_207' title='bbox 761 3064 1076 3117; x_wconf 78' lang='lat' dir='ltr'><strong>secundum</strong></span> <span class='ocrx_word' id='word_1_208' title='bbox 1109 3068 1320 3116; x_wconf 91' lang='lat' dir='ltr'><strong>statuta</strong></span> <span class='ocrx_word' id='word_1_209' title='bbox 1349 3069 1607 3118; x_wconf 85' lang='lat' dir='ltr'><strong>veterum</strong></span> <span class='ocrx_word' id='word_1_210' title='bbox 1640 3066 1904 3119; x_wconf 89' lang='lat' dir='ltr'><strong>concilio-</strong></span> 
     </span>
    </p>
   </div>
   <div class='ocr_carea' id='block_1_34' title="bbox 204 3151 1902 3223">
    <p class='ocr_par' dir='ltr' id='par_1_34' title="bbox 204 3151 1902 3223">
     <span class='ocr_line' id='line_1_34' title="bbox 204 3151 1902 3223; baseline -0.001 -14"><span class='ocrx_word' id='word_1_211' title='bbox 204 3173 352 3220; x_wconf 90' lang='lat' dir='ltr'><strong>rum,</strong></span> <span class='ocrx_word' id='word_1_212' title='bbox 388 3161 453 3207; x_wconf 92' lang='lat' dir='ltr'><strong>ut</strong></span> <span class='ocrx_word' id='word_1_213' title='bbox 501 3155 549 3206; x_wconf 89' lang='lat' dir='ltr'><strong>si</strong></span> <span class='ocrx_word' id='word_1_214' title='bbox 603 3154 731 3223; x_wconf 90' lang='lat' dir='ltr'><strong>quis</strong></span> <span class='ocrx_word' id='word_1_215' title='bbox 777 3153 1100 3221; x_wconf 91' lang='lat' dir='ltr'><strong>episcopus,</strong></span> <span class='ocrx_word' id='word_1_216' title='bbox 1154 3151 1306 3221; x_wconf 89' lang='lat' dir='ltr'><strong>quod</strong></span> <span class='ocrx_word' id='word_1_217' title='bbox 1357 3169 1471 3205; x_wconf 92' lang='lat' dir='ltr'><strong>non</strong></span> <span class='ocrx_word' id='word_1_218' title='bbox 1518 3152 1807 3222; x_wconf 80' lang='lat' dir='ltr'><strong>Optamus,</strong></span> <span class='ocrx_word' id='word_1_219' title='bbox 1844 3155 1902 3207; x_wconf 77' lang='lat' dir='ltr'><strong>in</strong></span> 
     </span>
    </p>
   </div>
   <div class='ocr_carea' id='block_1_35' title="bbox 202 3239 1902 3311">
    <p class='ocr_par' dir='ltr' id='par_1_35' title="bbox 202 3239 1902 3311">
     <span class='ocr_line' id='line_1_35' title="bbox 202 3239 1902 3311; baseline -0.001 -14"><span class='ocrx_word' id='word_1_220' title='bbox 202 3250 429 3297; x_wconf 88' lang='lat' dir='ltr'><strong>reatum</strong></span> <span class='ocrx_word' id='word_1_221' title='bbox 484 3243 736 3311; x_wconf 80' lang='lat' dir='ltr'><strong>aliquem</strong></span> <span class='ocrx_word' id='word_1_222' title='bbox 794 3241 1118 3307; x_wconf 89' lang='lat' dir='ltr'><strong>incurrerit,</strong></span> <span class='ocrx_word' id='word_1_223' title='bbox 1179 3245 1235 3293; x_wconf 93' lang='lat' dir='ltr'><strong>et</strong></span> <span class='ocrx_word' id='word_1_224' title='bbox 1273 3239 1450 3293; x_wconf 88' lang='lat' dir='ltr'><strong>nimia</strong></span> <span class='ocrx_word' id='word_1_225' title='bbox 1498 3244 1800 3295; x_wconf 86' lang='lat' dir='ltr'><strong>necessitas</strong></span> <span class='ocrx_word' id='word_1_226' title='bbox 1851 3243 1902 3296; x_wconf 93' lang='lat' dir='ltr'><strong>ei</strong></span> 
     </span>
    </p>
   </div>
   <div class='ocr_carea' id='block_1_36' title="bbox 201 3328 1901 3397">
    <p class='ocr_par' dir='ltr' id='par_1_36' title="bbox 201 3328 1901 3397">
     <span class='ocr_line' id='line_1_36' title="bbox 201 3328 1901 3397; baseline -0.002 -13"><span class='ocrx_word' id='word_1_227' title='bbox 201 3331 379 3384; x_wconf 83' lang='lat' dir='ltr'><strong>fuerit</strong></span> <span class='ocrx_word' id='word_1_228' title='bbox 425 3346 539 3381; x_wconf 92' lang='lat' dir='ltr'><strong>non</strong></span> <span class='ocrx_word' id='word_1_229' title='bbox 589 3344 751 3397; x_wconf 84' lang='lat' dir='ltr'><strong>posse</strong></span> <span class='ocrx_word' id='word_1_230' title='bbox 804 3328 1079 3397; x_wconf 89' lang='lat' dir='ltr'><strong>plurimos</strong></span> <span class='ocrx_word' id='word_1_231' title='bbox 1128 3342 1477 3396; x_wconf 80' lang='lat' dir='ltr'><strong>congregare</strong></span> <span class='ocrx_word' id='word_1_232' title='bbox 1520 3345 1531 3380; x_wconf 74' lang='grc' dir='ltr'>ε</span> <span class='ocrx_word' id='word_1_233' title='bbox 1567 3345 1637 3381; x_wconf 89' lang='lat' dir='ltr'><strong>ne</strong></span> <span class='ocrx_word' id='word_1_234' title='bbox 1688 3329 1743 3381; x_wconf 91' lang='lat' dir='ltr'><strong>in</strong></span> <span class='ocrx_word' id='word_1_235' title='bbox 1794 3331 1901 3381; x_wconf 87' lang='lat' dir='ltr'><strong>cri-</strong></span> 
     </span>
    </p>
   </div>
   <div class='ocr_carea' id='block_1_37' title="bbox 204 3415 1900 3485">
    <p class='ocr_par' dir='ltr' id='par_1_37' title="bbox 204 3415 1900 3485">
     <span class='ocr_line' id='line_1_37' title="bbox 204 3415 1900 3485; baseline -0.001 -14"><span class='ocrx_word' id='word_1_236' title='bbox 204 3420 361 3472; x_wconf 87' lang='lat' dir='ltr'><strong>mine</strong></span> <span class='ocrx_word' id='word_1_237' title='bbox 410 3421 727 3482; x_wconf 87' lang='lat' dir='ltr'><strong>remaneat,</strong></span> <span class='ocrx_word' id='word_1_238' title='bbox 764 3432 797 3468; x_wconf 90' lang='lat' dir='ltr'><strong>a</strong></span> <span class='ocrx_word' id='word_1_239' title='bbox 842 3416 934 3468; x_wconf 82' lang='lat' dir='ltr'><strong>XII</strong></span> <span class='ocrx_word' id='word_1_240' title='bbox 979 3415 1278 3485; x_wconf 91' lang='lat' dir='ltr'><strong>episcopis,</strong></span> <span class='ocrx_word' id='word_1_241' title='bbox 1311 3420 1366 3467; x_wconf 91' lang='lat' dir='ltr'><strong>et</strong></span> <span class='ocrx_word' id='word_1_242' title='bbox 1407 3416 1702 3485; x_wconf 81' lang='lat' dir='ltr'><strong>presbyter</strong></span> <span class='ocrx_word' id='word_1_243' title='bbox 1747 3434 1777 3468; x_wconf 86' lang='lat' dir='ltr'><strong>a</strong></span> <span class='ocrx_word' id='word_1_244' title='bbox 1809 3434 1900 3469; x_wconf 83' lang='lat' dir='ltr'><strong>sex</strong></span> 
     </span>
    </p>
   </div>
   <div class='ocr_carea' id='block_1_38' title="bbox 202 3502 1906 3574">
    <p class='ocr_par' dir='ltr' id='par_1_38' title="bbox 202 3502 1906 3574">
     <span class='ocr_line' id='line_1_38' title="bbox 202 3502 1906 3574; baseline -0.001 -16"><span class='ocrx_word' id='word_1_245' title='bbox 202 3505 512 3574; x_wconf 85' lang='lat' dir='ltr'><strong>episcopis,</strong></span> <span class='ocrx_word' id='word_1_246' title='bbox 571 3520 702 3556; x_wconf 91' lang='lat' dir='ltr'><strong>cum</strong></span> <span class='ocrx_word' id='word_1_247' title='bbox 748 3503 986 3571; x_wconf 91' lang='lat' dir='ltr'><strong>proprio</strong></span> <span class='ocrx_word' id='word_1_248' title='bbox 1038 3520 1139 3555; x_wconf 91' lang='lat' dir='ltr'><strong>suo</strong></span> <span class='ocrx_word' id='word_1_249' title='bbox 1199 3502 1462 3573; x_wconf 90' lang='lat' dir='ltr'><strong>episcopo</strong></span> <span class='ocrx_word' id='word_1_250' title='bbox 1508 3503 1793 3564; x_wconf 87' lang='lat' dir='ltr'><strong>audiatur,</strong></span> <span class='ocrx_word' id='word_1_251' title='bbox 1851 3510 1906 3558; x_wconf 90' lang='lat' dir='ltr'><strong>et</strong></span> 
     </span>
    </p>
   </div>
   <div class='ocr_carea' id='block_1_39' title="bbox 204 3593 767 3647">
    <p class='ocr_par' dir='ltr' id='par_1_39' title="bbox 204 3593 767 3647">
     <span class='ocr_line' id='line_1_39' title="bbox 204 3593 767 3647; baseline -0.007 0"><span class='ocrx_word' id='word_1_252' title='bbox 204 3594 479 3647; x_wconf 74' lang='lat' dir='ltr'><strong>diaconus</strong></span> <span class='ocrx_word' id='word_1_253' title='bbox 505 3609 537 3645; x_wconf 88' lang='lat' dir='ltr'><strong>a</strong></span> <span class='ocrx_word' id='word_1_254' title='bbox 565 3593 767 3645; x_wconf 89' lang='lat' dir='ltr'><strong>tribus.</strong></span> 
     </span>
    </p>
   </div>
   <div class='ocr_carea' id='block_1_40' title="bbox 205 3682 1903 3748">
    <p class='ocr_par' dir='ltr' id='par_1_40' title="bbox 205 3682 1903 3748">
     <span class='ocr_line' id='line_1_40' title="bbox 205 3682 1903 3748; baseline -0.001 -13"><span class='ocrx_word' id='word_1_255' title='bbox 205 3683 339 3735; x_wconf 79' lang='lat' dir='ltr'><strong>CAP.</strong></span> <span class='ocrx_word' id='word_1_256' title='bbox 384 3682 487 3736; x_wconf 89' lang='lat' dir='ltr'><strong>CL.</strong></span> <span class='ocrx_word' id='word_1_257' title='bbox 520 3712 589 3719; x_wconf 95' lang='lat'><strong>—</strong></span> <span class='ocrx_word' id='word_1_258' title='bbox 620 3684 692 3734; x_wconf 88' lang='lat' dir='ltr'><strong>De</strong></span> <span class='ocrx_word' id='word_1_259' title='bbox 739 3683 986 3748; x_wconf 87' lang='lat' dir='ltr'><strong>episcopo</strong></span> <span class='ocrx_word' id='word_1_260' title='bbox 1032 3682 1339 3743; x_wconf 81' lang='lat' dir='ltr'><strong>criminato,</strong></span> <span class='ocrx_word' id='word_1_261' title='bbox 1379 3683 1428 3733; x_wconf 90' lang='lat' dir='ltr'><strong>si</strong></span> <span class='ocrx_word' id='word_1_262' title='bbox 1470 3684 1708 3747; x_wconf 84' lang='lat' dir='ltr'><strong>episcopi</strong></span> <span class='ocrx_word' id='word_1_263' title='bbox 1759 3695 1903 3734; x_wconf 87' lang='lat' dir='ltr'><strong>com-</strong></span> 
     </span>
    </p>
   </div>
   <div class='ocr_carea' id='block_1_41' title="bbox 348 3752 1756 3820">
    <p class='ocr_par' dir='ltr' id='par_1_41' title="bbox 348 3752 1756 3820">
     <span class='ocr_line' id='line_1_41' title="bbox 348 3752 1756 3820; baseline 0.001 -17"><span class='ocrx_word' id='word_1_264' title='bbox 348 3754 711 3820; x_wconf 82' lang='lat' dir='ltr'><strong>provinciales</strong></span> <span class='ocrx_word' id='word_1_265' title='bbox 742 3755 798 3803; x_wconf 87' lang='lat' dir='ltr'><strong>in</strong></span> <span class='ocrx_word' id='word_1_266' title='bbox 830 3752 945 3819; x_wconf 86' lang='lat' dir='ltr'><strong>ejus</strong></span> <span class='ocrx_word' id='word_1_267' title='bbox 974 3754 1351 3805; x_wconf 80' lang='lat' dir='ltr'><strong>criminatione</strong></span> <span class='ocrx_word' id='word_1_268' title='bbox 1388 3752 1756 3805; x_wconf 71' lang='lat' dir='ltr'><strong>dissenserint.</strong></span> 
     </span>
    </p>
   </div>
   <div class='ocr_carea' id='block_1_42' title="bbox 280 3839 1905 3909">
    <p class='ocr_par' dir='ltr' id='par_1_42' title="bbox 280 3839 1905 3909">
     <span class='ocr_line' id='line_1_42' title="bbox 280 3839 1905 3909; baseline -0.001 -15"><span class='ocrx_word' id='word_1_269' title='bbox 280 3843 392 3907; x_wconf 69' lang='lat' dir='ltr'><strong>(Em</strong></span> <span class='ocrx_word' id='word_1_270' title='bbox 420 3841 605 3893; x_wconf 87' lang='lat' dir='ltr'><strong>concil.</strong></span> <span class='ocrx_word' id='word_1_271' title='bbox 648 3841 953 3905; x_wconf 73' lang='lat' dir='ltr'><strong>Antioche,</strong></span> <span class='ocrx_word' id='word_1_272' title='bbox 1004 3856 1123 3907; x_wconf 81' lang='lat' dir='ltr'><strong>cap.</strong></span> <span class='ocrx_word' id='word_1_273' title='bbox 1174 3840 1285 3908; x_wconf 68' lang='grc'><strong>14.)</strong></span> <span class='ocrx_word' id='word_1_274' title='bbox 1336 3839 1393 3894; x_wconf 92' lang='lat' dir='ltr'><strong>Si</strong></span> <span class='ocrx_word' id='word_1_275' title='bbox 1428 3839 1555 3909; x_wconf 89' lang='lat' dir='ltr'><strong>quis</strong></span> <span class='ocrx_word' id='word_1_276' title='bbox 1605 3839 1905 3909; x_wconf 86' lang='lat' dir='ltr'><strong>episcopus</strong></span> 
     </span>
    </p>
   </div>
   <div class='ocr_carea' id='block_1_43' title="bbox 203 3927 1904 3996">
    <p class='ocr_par' dir='ltr' id='par_1_43' title="bbox 203 3927 1904 3996">
     <span class='ocr_line' id='line_1_43' title="bbox 203 3927 1904 3996; baseline -0.002 -13"><span class='ocrx_word' id='word_1_277' title='bbox 203 3930 276 3983; x_wconf 90' lang='lat' dir='ltr'><strong>de</strong></span> <span class='ocrx_word' id='word_1_278' title='bbox 312 3929 480 3981; x_wconf 76' lang='lat' dir='ltr'><strong>certis</strong></span> <span class='ocrx_word' id='word_1_279' title='bbox 524 3927 862 3980; x_wconf 89' lang='lat' dir='ltr'><strong>criminibus</strong></span> <span class='ocrx_word' id='word_1_280' title='bbox 912 3927 1280 3996; x_wconf 89' lang='lat' dir='ltr'><strong>dijudicatur,</strong></span> <span class='ocrx_word' id='word_1_281' title='bbox 1314 3932 1369 3980; x_wconf 89' lang='lat' dir='ltr'><strong>et</strong></span> <span class='ocrx_word' id='word_1_282' title='bbox 1399 3927 1693 3995; x_wconf 85' lang='lat' dir='ltr'><strong>contingat</strong></span> <span class='ocrx_word' id='word_1_283' title='bbox 1742 3927 1809 3979; x_wconf 92' lang='lat' dir='ltr'><strong>de</strong></span> <span class='ocrx_word' id='word_1_284' title='bbox 1839 3944 1904 3980; x_wconf 89' lang='lat' dir='ltr'><strong>eo</strong></span> 
     </span>
    </p>
   </div>
   <div class='ocr_carea' id='block_1_44' title="bbox 203 4014 1905 4086">
    <p class='ocr_par' dir='ltr' id='par_1_44' title="bbox 203 4014 1905 4086">
     <span class='ocr_line' id='line_1_44' title="bbox 203 4014 1905 4086; baseline -0.002 -15"><span class='ocrx_word' id='word_1_285' title='bbox 203 4017 715 4086; x_wconf 89' lang='lat' dir='ltr'><strong>comprovinciales</strong></span> <span class='ocrx_word' id='word_1_286' title='bbox 758 4015 1053 4085; x_wconf 84' lang='lat' dir='ltr'><strong>episcopos</strong></span> <span class='ocrx_word' id='word_1_287' title='bbox 1103 4016 1403 4081; x_wconf 89' lang='lat' dir='ltr'><strong>dissidere,</strong></span> <span class='ocrx_word' id='word_1_288' title='bbox 1452 4031 1582 4067; x_wconf 86' lang='lat' dir='ltr'><strong>cum</strong></span> <span class='ocrx_word' id='word_1_289' title='bbox 1619 4014 1905 4083; x_wconf 84' lang='lat' dir='ltr'><strong>judicatus</strong></span> 
     </span>
    </p>
   </div>
   <div class='ocr_carea' id='block_1_45' title="bbox 204 4102 1901 4170">
    <p class='ocr_par' dir='ltr' id='par_1_45' title="bbox 204 4102 1901 4170">
     <span class='ocr_line' id='line_1_45' title="bbox 204 4102 1901 4170; baseline -0.002 -11"><span class='ocrx_word' id='word_1_290' title='bbox 204 4107 281 4159; x_wconf 90' lang='lat' dir='ltr'><strong>ab</strong></span> <span class='ocrx_word' id='word_1_291' title='bbox 327 4106 453 4158; x_wconf 90' lang='lat' dir='ltr'><strong>aliis</strong></span> <span class='ocrx_word' id='word_1_292' title='bbox 496 4105 773 4157; x_wconf 84' lang='lat' dir='ltr'><strong>innocens</strong></span> <span class='ocrx_word' id='word_1_293' title='bbox 806 4104 1075 4170; x_wconf 89' lang='lat' dir='ltr'><strong>creditur,</strong></span> <span class='ocrx_word' id='word_1_294' title='bbox 1123 4120 1250 4157; x_wconf 88' lang='lat' dir='ltr'><strong>reus</strong></span> <span class='ocrx_word' id='word_1_295' title='bbox 1292 4104 1361 4156; x_wconf 88' lang='lat' dir='ltr'><strong>ab</strong></span> <span class='ocrx_word' id='word_1_296' title='bbox 1392 4102 1516 4155; x_wconf 91' lang='lat' dir='ltr'><strong>aliis</strong></span> <span class='ocrx_word' id='word_1_297' title='bbox 1563 4102 1901 4169; x_wconf 68' lang='lat' dir='ltr'><strong>azstimatur,</strong></span> 
     </span>
    </p>
   </div>
   <div class='ocr_carea' id='block_1_46' title="bbox 206 4191 1977 4264">
    <p class='ocr_par' dir='ltr' id='par_1_46' title="bbox 206 4191 1977 4264">
     <span class='ocr_line' id='line_1_46' title="bbox 206 4191 1977 4264; baseline 0.001 -18"><span class='ocrx_word' id='word_1_298' title='bbox 206 4199 447 4264; x_wconf 88' lang='lat' dir='ltr'><strong>propter</strong></span> <span class='ocrx_word' id='word_1_299' title='bbox 510 4193 682 4261; x_wconf 84' lang='lat' dir='ltr'><strong>hujus</strong></span> <span class='ocrx_word' id='word_1_300' title='bbox 750 4192 1136 4262; x_wconf 81' lang='lat' dir='ltr'><strong>ambiguitatis</strong></span> <span class='ocrx_word' id='word_1_301' title='bbox 1210 4191 1624 4245; x_wconf 86' lang='lat' dir='ltr'><strong>absolutionem</strong></span> <span class='ocrx_word' id='word_1_302' title='bbox 1695 4195 1977 4247; x_wconf 78' lang='lat' dir='ltr'><strong>sanctaeD</strong></span> 
     </span>
    </p>
   </div>
   <div class='ocr_carea' id='block_1_47' title="bbox 208 4280 1907 4351">
    <p class='ocr_par' dir='ltr' id='par_1_47' title="bbox 208 4280 1907 4351">
     <span class='ocr_line' id='line_1_47' title="bbox 208 4280 1907 4351; baseline 0 -17"><span class='ocrx_word' id='word_1_303' title='bbox 208 4282 428 4351; x_wconf 85' lang='lat' dir='ltr'><strong>synodo</strong></span> <span class='ocrx_word' id='word_1_304' title='bbox 464 4281 676 4350; x_wconf 86' lang='lat' dir='ltr'><strong>placuit</strong></span> <span class='ocrx_word' id='word_1_305' title='bbox 707 4285 773 4333; x_wconf 90' lang='lat' dir='ltr'><strong>ut</strong></span> <span class='ocrx_word' id='word_1_306' title='bbox 816 4281 1289 4350; x_wconf 88' lang='lat' dir='ltr'><strong>metropolitanus</strong></span> <span class='ocrx_word' id='word_1_307' title='bbox 1328 4280 1628 4349; x_wconf 86' lang='lat' dir='ltr'><strong>episcopus</strong></span> <span class='ocrx_word' id='word_1_308' title='bbox 1660 4297 1687 4331; x_wconf 91' lang='lat' dir='ltr'><strong>a</strong></span> <span class='ocrx_word' id='word_1_309' title='bbox 1721 4280 1907 4334; x_wconf 87' lang='lat' dir='ltr'><strong>vicina</strong></span> 
     </span>
    </p>
   </div>
   <div class='ocr_carea' id='block_1_48' title="bbox 208 4368 1905 4439">
    <p class='ocr_par' dir='ltr' id='par_1_48' title="bbox 208 4368 1905 4439">
     <span class='ocr_line' id='line_1_48' title="bbox 208 4368 1905 4439; baseline 0 -18"><span class='ocrx_word' id='word_1_310' title='bbox 208 4369 504 4439; x_wconf 86' lang='lat' dir='ltr'><strong>provincia</strong></span> <span class='ocrx_word' id='word_1_311' title='bbox 544 4368 765 4437; x_wconf 85' lang='lat' dir='ltr'><strong>judices</strong></span> <span class='ocrx_word' id='word_1_312' title='bbox 816 4368 956 4421; x_wconf 88' lang='lat' dir='ltr'><strong>alios</strong></span> <span class='ocrx_word' id='word_1_313' title='bbox 988 4374 1278 4434; x_wconf 85' lang='lat' dir='ltr'><strong>convocet,</strong></span> <span class='ocrx_word' id='word_1_314' title='bbox 1324 4368 1423 4437; x_wconf 88' lang='lat' dir='ltr'><strong>qui</strong></span> <span class='ocrx_word' id='word_1_315' title='bbox 1455 4368 1905 4425; x_wconf 86' lang='lat' dir='ltr'><strong>controversiam</strong></span> 
     </span>
    </p>
   </div>
   <div class='ocr_carea' id='block_1_49' title="bbox 211 4456 1907 4527">
    <p class='ocr_par' dir='ltr' id='par_1_49' title="bbox 211 4456 1907 4527">
     <span class='ocr_line' id='line_1_49' title="bbox 211 4456 1907 4527; baseline -0.002 -15"><span class='ocrx_word' id='word_1_316' title='bbox 211 4459 437 4521; x_wconf 84' lang='lat' dir='ltr'><strong>tollant,</strong></span> <span class='ocrx_word' id='word_1_317' title='bbox 488 4461 543 4512; x_wconf 88' lang='lat' dir='ltr'><strong>et</strong></span> <span class='ocrx_word' id='word_1_318' title='bbox 572 4463 636 4509; x_wconf 91' lang='lat' dir='ltr'><strong>ut</strong></span> <span class='ocrx_word' id='word_1_319' title='bbox 682 4474 785 4526; x_wconf 86' lang='lat' dir='ltr'><strong>per</strong></span> <span class='ocrx_word' id='word_1_320' title='bbox 821 4474 919 4509; x_wconf 90' lang='lat' dir='ltr'><strong>eos</strong></span> <span class='ocrx_word' id='word_1_321' title='bbox 964 4458 1133 4511; x_wconf 87' lang='lat' dir='ltr'><strong>simul</strong></span> <span class='ocrx_word' id='word_1_322' title='bbox 1167 4463 1223 4511; x_wconf 85' lang='lat' dir='ltr'><strong>et</strong></span> <span class='ocrx_word' id='word_1_323' title='bbox 1252 4473 1354 4527; x_wconf 90' lang='lat' dir='ltr'><strong>per</strong></span> <span class='ocrx_word' id='word_1_324' title='bbox 1398 4456 1907 4526; x_wconf 77' lang='lat' dir='ltr'><strong>comprovinciales</strong></span> 
     </span>
    </p>
   </div>
   <div class='ocr_carea' id='block_1_50' title="bbox 208 4544 1761 4615">
    <p class='ocr_par' dir='ltr' id='par_1_50' title="bbox 208 4544 1761 4615">
     <span class='ocr_line' id='line_1_50' title="bbox 208 4544 1761 4615; baseline -0.001 -17"><span class='ocrx_word' id='word_1_325' title='bbox 208 4546 506 4615; x_wconf 89' lang='lat' dir='ltr'><strong>episcopos</strong></span> <span class='ocrx_word' id='word_1_326' title='bbox 538 4545 693 4614; x_wconf 86' lang='lat' dir='ltr'><strong>quod</strong></span> <span class='ocrx_word' id='word_1_327' title='bbox 721 4545 938 4614; x_wconf 86' lang='lat' dir='ltr'><strong>justum</strong></span> <span class='ocrx_word' id='word_1_328' title='bbox 970 4545 1141 4597; x_wconf 85' lang='lat' dir='ltr'><strong>fuerit</strong></span> <span class='ocrx_word' id='word_1_329' title='bbox 1171 4546 1351 4598; x_wconf 88' lang='lat' dir='ltr'><strong>visum</strong></span> <span class='ocrx_word' id='word_1_330' title='bbox 1393 4544 1761 4614; x_wconf 89' lang='lat' dir='ltr'><strong>approbetur.</strong></span> 
     </span>
    </p>
   </div>
   <div class='ocr_carea' id='block_1_51' title="bbox 357 4633 1765 4700">
    <p class='ocr_par' dir='ltr' id='par_1_51' title="bbox 357 4633 1765 4700">
     <span class='ocr_line' id='line_1_51' title="bbox 357 4633 1765 4700; baseline -0.001 -13"><span class='ocrx_word' id='word_1_331' title='bbox 357 4633 484 4687; x_wconf 81' lang='lat' dir='ltr'><strong>CAP.</strong></span> <span class='ocrx_word' id='word_1_332' title='bbox 519 4633 643 4687; x_wconf 89' lang='lat' dir='ltr'><strong>CLI.</strong></span> <span class='ocrx_word' id='word_1_333' title='bbox 671 4663 737 4670; x_wconf 94' lang='grc'><strong>--</strong></span> <span class='ocrx_word' id='word_1_334' title='bbox 771 4636 835 4687; x_wconf 87' lang='lat' dir='ltr'><strong>Ut</strong></span> <span class='ocrx_word' id='word_1_335' title='bbox 867 4635 1129 4700; x_wconf 82' lang='lat' dir='ltr'><strong>episcopis</strong></span> <span class='ocrx_word' id='word_1_336' title='bbox 1155 4634 1335 4686; x_wconf 86' lang='lat' dir='ltr'><strong>nullus</strong></span> <span class='ocrx_word' id='word_1_337' title='bbox 1366 4634 1535 4686; x_wconf 88' lang='lat' dir='ltr'><strong>laicus</strong></span> <span class='ocrx_word' id='word_1_338' title='bbox 1565 4635 1765 4685; x_wconf 80' lang='lat' dir='ltr'><strong>crimen</strong></span> 
     </span>
    </p>
   </div>
   <div class='ocr_carea' id='block_1_52' title="bbox 816 4707 1301 4772">
    <p class='ocr_par' dir='ltr' id='par_1_52' title="bbox 816 4707 1301 4772">
     <span class='ocr_line' id='line_1_52' title="bbox 816 4707 1301 4772; baseline 0 -17"><span class='ocrx_word' id='word_1_339' title='bbox 816 4707 1090 4771; x_wconf 81' lang='lat' dir='ltr'><strong>imponere</strong></span> <span class='ocrx_word' id='word_1_340' title='bbox 1114 4709 1301 4772; x_wconf 73' lang='lat' dir='ltr'><strong>possit.</strong></span> 
     </span>
    </p>
   </div>
   <div class='ocr_carea' id='block_1_53' title="bbox 287 4773 1909 4843">
    <p class='ocr_par' dir='ltr' id='par_1_53' title="bbox 287 4773 1909 4843">
     <span class='ocr_line' id='line_1_53' title="bbox 287 4773 1909 4843; baseline 0 -16"><span class='ocrx_word' id='word_1_341' title='bbox 287 4778 392 4843; x_wconf 70' lang='lat' dir='ltr'><strong>(Em</strong></span> <span class='ocrx_word' id='word_1_342' title='bbox 421 4773 617 4829; x_wconf 87' lang='lat' dir='ltr'><strong>decret.</strong></span> <span class='ocrx_word' id='word_1_343' title='bbox 669 4774 898 4841; x_wconf 82' lang='lat' dir='ltr'><strong>Sylvest.</strong></span> <span class='ocrx_word' id='word_1_344' title='bbox 931 4790 1107 4843; x_wconf 72' lang='lat' dir='ltr'><strong>papae,</strong></span> <span class='ocrx_word' id='word_1_345' title='bbox 1137 4790 1255 4842; x_wconf 87' lang='lat' dir='ltr'><strong>cap.</strong></span> <span class='ocrx_word' id='word_1_346' title='bbox 1308 4775 1383 4842; x_wconf 85' lang='grc'><strong>1.)</strong></span> <span class='ocrx_word' id='word_1_347' title='bbox 1430 4775 1490 4826; x_wconf 89' lang='lat' dir='ltr'><strong>In</strong></span> <span class='ocrx_word' id='word_1_348' title='bbox 1537 4788 1818 4827; x_wconf 88' lang='lat' dir='ltr'><strong>consensu</strong></span> <span class='ocrx_word' id='word_1_349' title='bbox 1852 4780 1909 4827; x_wconf 79' lang='lat' dir='ltr'><strong>ct</strong></span> 
     </span>
    </p>
   </div>
   <div class='ocr_carea' id='block_1_54' title="bbox 210 4862 1907 4931">
    <p class='ocr_par' dir='ltr' id='par_1_54' title="bbox 210 4862 1907 4931">
     <span class='ocr_line' id='line_1_54' title="bbox 210 4862 1907 4931; baseline -0.001 -16"><span class='ocrx_word' id='word_1_350' title='bbox 210 4862 630 4931; x_wconf 84' lang='lat' dir='ltr'><strong>subscriptione</strong></span> <span class='ocrx_word' id='word_1_351' title='bbox 705 4862 965 4915; x_wconf 92' lang='lat' dir='ltr'><strong>omnium</strong></span> <span class='ocrx_word' id='word_1_352' title='bbox 1030 4863 1402 4915; x_wconf 87' lang='lat' dir='ltr'><strong>constitutum</strong></span> <span class='ocrx_word' id='word_1_353' title='bbox 1456 4879 1539 4915; x_wconf 74' lang='lat' dir='ltr'><strong>est</strong></span> <span class='ocrx_word' id='word_1_354' title='bbox 1591 4866 1654 4916; x_wconf 90' lang='lat' dir='ltr'><strong>ut</strong></span> <span class='ocrx_word' id='word_1_355' title='bbox 1715 4863 1907 4915; x_wconf 90' lang='lat' dir='ltr'><strong>nullus</strong></span> 
     </span>
    </p>
   </div>
   <div class='ocr_carea' id='block_1_55' title="bbox 210 4949 1905 5020">
    <p class='ocr_par' dir='ltr' id='par_1_55' title="bbox 210 4949 1905 5020">
     <span class='ocr_line' id='line_1_55' title="bbox 210 4949 1905 5020; baseline -0.001 -17"><span class='ocrx_word' id='word_1_356' title='bbox 210 4950 389 5004; x_wconf 89' lang='lat' dir='ltr'><strong>laicus</strong></span> <span class='ocrx_word' id='word_1_357' title='bbox 422 4950 708 5020; x_wconf 86' lang='lat' dir='ltr'><strong>episcopo,</strong></span> <span class='ocrx_word' id='word_1_358' title='bbox 752 4951 837 5002; x_wconf 91' lang='lat' dir='ltr'><strong>vel</strong></span> <span class='ocrx_word' id='word_1_359' title='bbox 872 4949 1041 5003; x_wconf 90' lang='lat' dir='ltr'><strong>alicui</strong></span> <span class='ocrx_word' id='word_1_360' title='bbox 1094 4950 1151 5003; x_wconf 91' lang='lat' dir='ltr'><strong>in</strong></span> <span class='ocrx_word' id='word_1_361' title='bbox 1203 4950 1496 5004; x_wconf 90' lang='lat' dir='ltr'><strong>ordinibus</strong></span> <span class='ocrx_word' id='word_1_362' title='bbox 1544 4949 1751 5019; x_wconf 87' lang='lat' dir='ltr'><strong>posito,</strong></span> <span class='ocrx_word' id='word_1_363' title='bbox 1798 4950 1905 5002; x_wconf 86' lang='lat' dir='ltr'><strong>cri-</strong></span> 
     </span>
    </p>
   </div>
   <div class='ocr_carea' id='block_1_56' title="bbox 211 5038 1905 5109">
    <p class='ocr_par' dir='ltr' id='par_1_56' title="bbox 211 5038 1905 5109">
     <span class='ocr_line' id='line_1_56' title="bbox 211 5038 1905 5109; baseline 0.001 -19"><span class='ocrx_word' id='word_1_364' title='bbox 211 5055 343 5091; x_wconf 90' lang='lat' dir='ltr'><strong>men</strong></span> <span class='ocrx_word' id='word_1_365' title='bbox 373 5038 604 5108; x_wconf 82' lang='lat' dir='ltr'><strong>aliquod</strong></span> <span class='ocrx_word' id='word_1_366' title='bbox 657 5039 835 5107; x_wconf 86' lang='lat' dir='ltr'><strong>possit</strong></span> <span class='ocrx_word' id='word_1_367' title='bbox 868 5038 1095 5091; x_wconf 81' lang='lat' dir='ltr'><strong>inferre.</strong></span> <span class='ocrx_word' id='word_1_368' title='bbox 1144 5040 1207 5091; x_wconf 80' lang='lat' dir='ltr'><strong>Et</strong></span> <span class='ocrx_word' id='word_1_369' title='bbox 1250 5044 1314 5091; x_wconf 92' lang='lat' dir='ltr'><strong>ut</strong></span> <span class='ocrx_word' id='word_1_370' title='bbox 1346 5040 1641 5109; x_wconf 85' lang='lat' dir='ltr'><strong>presbyter</strong></span> <span class='ocrx_word' id='word_1_371' title='bbox 1670 5054 1780 5090; x_wconf 92' lang='lat' dir='ltr'><strong>non</strong></span> <span class='ocrx_word' id='word_1_372' title='bbox 1811 5039 1905 5092; x_wconf 83' lang='lat' dir='ltr'><strong>ad-</strong></span> 
     </span>
    </p>
   </div>
   <div class='ocr_carea' id='block_1_57' title="bbox 208 5126 1909 5196">
    <p class='ocr_par' dir='ltr' id='par_1_57' title="bbox 208 5126 1909 5196">
     <span class='ocr_line' id='line_1_57' title="bbox 208 5126 1909 5196; baseline -0.001 -20"><span class='ocrx_word' id='word_1_373' title='bbox 208 5143 404 5179; x_wconf 86' lang='lat' dir='ltr'><strong>versus</strong></span> <span class='ocrx_word' id='word_1_374' title='bbox 447 5126 804 5195; x_wconf 88' lang='lat' dir='ltr'><strong>episcopum,</strong></span> <span class='ocrx_word' id='word_1_375' title='bbox 838 5143 951 5179; x_wconf 90' lang='lat' dir='ltr'><strong>non</strong></span> <span class='ocrx_word' id='word_1_376' title='bbox 993 5126 1264 5180; x_wconf 87' lang='lat' dir='ltr'><strong>diaconus</strong></span> <span class='ocrx_word' id='word_1_377' title='bbox 1295 5127 1566 5179; x_wconf 81' lang='lat' dir='ltr'><strong>adversus</strong></span> <span class='ocrx_word' id='word_1_378' title='bbox 1615 5126 1909 5196; x_wconf 65' lang='lat' dir='ltr'><strong>presbyte-</strong></span> 
     </span>
    </p>
   </div>
   <div class='ocr_carea' id='block_1_58' title="bbox 208 5215 1912 5279">
    <p class='ocr_par' dir='ltr' id='par_1_58' title="bbox 208 5215 1912 5279">
     <span class='ocr_line' id='line_1_58' title="bbox 208 5215 1912 5279; baseline 0.001 -13"><span class='ocrx_word' id='word_1_379' title='bbox 208 5230 360 5279; x_wconf 87' lang='lat' dir='ltr'><strong>rum,</strong></span> <span class='ocrx_word' id='word_1_380' title='bbox 395 5232 511 5268; x_wconf 91' lang='lat' dir='ltr'><strong>non</strong></span> <span class='ocrx_word' id='word_1_381' title='bbox 540 5215 923 5269; x_wconf 81' lang='lat' dir='ltr'><strong>subdiaconus</strong></span> <span class='ocrx_word' id='word_1_382' title='bbox 962 5216 1231 5268; x_wconf 83' lang='lat' dir='ltr'><strong>adversus</strong></span> <span class='ocrx_word' id='word_1_383' title='bbox 1281 5215 1605 5275; x_wconf 83' lang='lat' dir='ltr'><strong>diaconum,</strong></span> <span class='ocrx_word' id='word_1_384' title='bbox 1643 5231 1755 5267; x_wconf 92' lang='lat' dir='ltr'><strong>non</strong></span> <span class='ocrx_word' id='word_1_385' title='bbox 1788 5232 1912 5268; x_wconf 77' lang='lat' dir='ltr'><strong>aro-</strong></span> 
     </span>
    </p>
   </div>
   <div class='ocr_carea' id='block_1_59' title="bbox 214 5302 1909 5371">
    <p class='ocr_par' dir='ltr' id='par_1_59' title="bbox 214 5302 1909 5371">
     <span class='ocr_line' id='line_1_59' title="bbox 214 5302 1909 5371; baseline 0 -16"><span class='ocrx_word' id='word_1_386' title='bbox 214 5304 363 5371; x_wconf 85' lang='lat' dir='ltr'><strong>lytus</strong></span> <span class='ocrx_word' id='word_1_387' title='bbox 393 5303 663 5355; x_wconf 84' lang='lat' dir='ltr'><strong>adversus</strong></span> <span class='ocrx_word' id='word_1_388' title='bbox 706 5303 1141 5367; x_wconf 88' lang='lat' dir='ltr'><strong>subdiaconum,</strong></span> <span class='ocrx_word' id='word_1_389' title='bbox 1186 5318 1302 5355; x_wconf 92' lang='lat' dir='ltr'><strong>nou</strong></span> <span class='ocrx_word' id='word_1_390' title='bbox 1336 5302 1613 5355; x_wconf 88' lang='lat' dir='ltr'><strong>exorcista</strong></span> <span class='ocrx_word' id='word_1_391' title='bbox 1641 5303 1909 5355; x_wconf 88' lang='lat' dir='ltr'><strong>adversus</strong></span> 
     </span>
    </p>
   </div>
   <div class='ocr_carea' id='block_1_60' title="bbox 214 5390 1909 5459">
    <p class='ocr_par' dir='ltr' id='par_1_60' title="bbox 214 5390 1909 5459">
     <span class='ocr_line' id='line_1_60' title="bbox 214 5390 1909 5459; baseline 0 -16"><span class='ocrx_word' id='word_1_392' title='bbox 214 5390 521 5459; x_wconf 84' lang='lat' dir='ltr'><strong>acolytum,</strong></span> <span class='ocrx_word' id='word_1_393' title='bbox 590 5408 703 5443; x_wconf 93' lang='lat' dir='ltr'><strong>non</strong></span> <span class='ocrx_word' id='word_1_394' title='bbox 774 5391 955 5444; x_wconf 87' lang='lat' dir='ltr'><strong>lector</strong></span> <span class='ocrx_word' id='word_1_395' title='bbox 1021 5392 1290 5445; x_wconf 89' lang='lat' dir='ltr'><strong>adversus</strong></span> <span class='ocrx_word' id='word_1_396' title='bbox 1368 5390 1725 5455; x_wconf 84' lang='lat' dir='ltr'><strong>exorcistam,</strong></span> <span class='ocrx_word' id='word_1_397' title='bbox 1795 5406 1909 5444; x_wconf 90' lang='lat' dir='ltr'><strong>non</strong></span> 
     </span>
    </p>
   </div>
   <div class='ocr_carea' id='block_1_61' title="bbox 216 5478 1909 5545">
    <p class='ocr_par' dir='ltr' id='par_1_61' title="bbox 216 5478 1909 5545">
     <span class='ocr_line' id='line_1_61' title="bbox 216 5478 1909 5545; baseline 0 -14"><span class='ocrx_word' id='word_1_398' title='bbox 216 5478 486 5531; x_wconf 85' lang='lat' dir='ltr'><strong>ostiarius</strong></span> <span class='ocrx_word' id='word_1_399' title='bbox 537 5480 806 5532; x_wconf 89' lang='lat' dir='ltr'><strong>adversus</strong></span> <span class='ocrx_word' id='word_1_400' title='bbox 861 5480 1151 5545; x_wconf 90' lang='lat' dir='ltr'><strong>lectorem,</strong></span> <span class='ocrx_word' id='word_1_401' title='bbox 1204 5479 1299 5532; x_wconf 86' lang='lat' dir='ltr'><strong>det</strong></span> <span class='ocrx_word' id='word_1_402' title='bbox 1343 5479 1758 5531; x_wconf 89' lang='lat' dir='ltr'><strong>accusationem</strong></span> <span class='ocrx_word' id='word_1_403' title='bbox 1807 5480 1909 5531; x_wconf 83' lang='lat' dir='ltr'><strong>ali-</strong></span> 
     </span>
    </p>
   </div>
   <div class='ocr_carea' id='block_1_62' title="bbox 1937 2918 1977 2972">
    <p class='ocr_par' dir='ltr' id='par_1_62' title="bbox 1937 2918 1977 2972">
     <span class='ocr_line' id='line_1_62' title="bbox 1937 2918 1977 2972; baseline 0 0"><span class='ocrx_word' id='word_1_404' title='bbox 1937 2918 1977 2972; x_wconf 93' lang='lat' dir='ltr'><strong>C</strong></span> 
     </span>
    </p>
   </div>
   <div class='ocr_carea' id='block_1_63' title="bbox 1216 238 2745 301">
    <p class='ocr_par' dir='ltr' id='par_1_63' title="bbox 1216 238 2745 301">
     <span class='ocr_line' id='line_1_63' title="bbox 1216 238 2745 301; baseline 0.003 -6"><span class='ocrx_word' id='word_1_405' title='bbox 1216 238 1703 297; x_wconf 82' lang='lat' dir='ltr'><strong>DECRETORUM</strong></span> <span class='ocrx_word' id='word_1_406' title='bbox 1743 241 1929 297; x_wconf 81' lang='lat' dir='ltr'><strong>LIBRI</strong></span> <span class='ocrx_word' id='word_1_407' title='bbox 1968 242 2077 298; x_wconf 82' lang='lat' dir='ltr'><strong>XX.</strong></span> <span class='ocrx_word' id='word_1_408' title='bbox 2111 272 2181 283; x_wconf 96' lang='lat'>—</span> <span class='ocrx_word' id='word_1_409' title='bbox 2219 242 2429 299; x_wconf 81' lang='lat' dir='ltr'><strong>LIBER</strong></span> <span class='ocrx_word' id='word_1_410' title='bbox 2466 245 2745 301; x_wconf 81' lang='lat' dir='ltr'><strong>PRIMUS.</strong></span> 
     </span>
    </p>
   </div>
   <div class='ocr_carea' id='block_1_64' title="bbox 3640 254 3748 307">
    <p class='ocr_par' dir='ltr' id='par_1_64' title="bbox 3640 254 3748 307">
     <span class='ocr_line' id='line_1_64' title="bbox 3640 254 3748 307; baseline 0.009 -1"><span class='ocrx_word' id='word_1_411' title='bbox 3640 254 3748 307; x_wconf 78' lang='grc'><strong>594</strong></span> 
     </span>
    </p>
   </div>
   <div class='ocr_carea' id='block_1_65' title="bbox 799 354 1994 456">
    <p class='ocr_par' dir='ltr' id='par_1_65' title="bbox 799 358 1994 430">
     <span class='ocr_line' id='line_1_65' title="bbox 799 358 1994 430; baseline 0.003 -18"><span class='ocrx_word' id='word_1_412' title='bbox 799 375 812 412; x_wconf 91' lang='lat'><strong>:</strong></span> <span class='ocrx_word' id='word_1_413' title='bbox 858 362 915 411; x_wconf 88' lang='lat' dir='ltr'><strong>et</strong></span> <span class='ocrx_word' id='word_1_414' title='bbox 962 358 1235 428; x_wconf 85' lang='lat' dir='ltr'><strong>quisquis</strong></span> <span class='ocrx_word' id='word_1_415' title='bbox 1283 362 1559 430; x_wconf 88' lang='lat' dir='ltr'><strong>probatus</strong></span> <span class='ocrx_word' id='word_1_416' title='bbox 1603 360 1777 414; x_wconf 85' lang='lat' dir='ltr'><strong>fuerit</strong></span> <span class='ocrx_word' id='word_1_417' title='bbox 1828 377 1930 429; x_wconf 91' lang='lat' dir='ltr'><strong>pro</strong></span> <span class='ocrx_word' id='word_1_418' title='bbox 1962 365 1994 416; x_wconf 80' lang='grc' dir='ltr'>Α</span> 
     </span>
    </p>
   </div>
   <div class='ocr_carea' id='block_1_66' title="bbox 2093 354 3743 456">
    <p class='ocr_par' dir='ltr' id='par_1_66' title="bbox 2093 354 3743 456">
     <span class='ocr_line' id='line_1_66' title="bbox 2093 354 3743 456; baseline 0.009 -22"><span class='ocrx_word' id='word_1_419' title='bbox 2093 396 2243 434; x_wconf 83' lang='lat' dir='ltr'><strong>nam.</strong></span> <span class='ocrx_word' id='word_1_420' title='bbox 2278 382 2343 435; x_wconf 87' lang='lat' dir='ltr'><strong>Et</strong></span> <span class='ocrx_word' id='word_1_421' title='bbox 2371 398 2489 436; x_wconf 90' lang='lat' dir='ltr'><strong>non</strong></span> <span class='ocrx_word' id='word_1_422' title='bbox 2542 384 2848 438; x_wconf 91' lang='lat' dir='ltr'><strong>damnetur</strong></span> <span class='ocrx_word' id='word_1_423' title='bbox 2891 388 3123 456; x_wconf 69' lang='lat' dir='ltr'><strong>prtesul,</strong></span> <span class='ocrx_word' id='word_1_424' title='bbox 3182 388 3292 442; x_wconf 90' lang='lat' dir='ltr'><strong>nisi</strong></span> <span class='ocrx_word' id='word_1_425' title='bbox 3335 390 3393 443; x_wconf 91' lang='lat' dir='ltr'><strong>in</strong></span> <span class='ocrx_word' id='word_1_426' title='bbox 3434 354 3572 448; x_wconf 39' lang='lat' dir='ltr'><strong>‘LXX</strong></span> <span class='ocrx_word' id='word_1_427' title='bbox 3599 394 3743 448; x_wconf 85' lang='lat' dir='ltr'><strong>duo-</strong></span> 
     </span>
    </p>
   </div>
   <div class='ocr_carea' id='block_1_67' title="bbox 2042 468 2691 526">
    <p class='ocr_par' dir='ltr' id='par_1_67' title="bbox 2042 468 2691 526">
     <span class='ocr_line' id='line_1_67' title="bbox 2042 468 2691 526; baseline 0.006 -6"><span class='ocrx_word' id='word_1_428' title='bbox 2042 468 2148 521; x_wconf 90' lang='lat' dir='ltr'><strong>bus</strong></span> <span class='ocrx_word' id='word_1_429' title='bbox 2182 468 2406 524; x_wconf 89' lang='lat' dir='ltr'><strong>idoneis</strong></span> <span class='ocrx_word' id='word_1_430' title='bbox 2432 473 2691 526; x_wconf 88' lang='lat' dir='ltr'><strong>testibus.</strong></span> 
     </span>
    </p>
   </div>
   <div class='ocr_carea' id='block_1_68' title="bbox 2042 574 3742 644">
    <p class='ocr_par' dir='ltr' id='par_1_68' title="bbox 2042 574 3742 644">
     <span class='ocr_line' id='line_1_68' title="bbox 2042 574 3742 644; baseline 0.008 -17"><span class='ocrx_word' id='word_1_431' title='bbox 2042 575 2170 627; x_wconf 77' lang='lat' dir='ltr'><strong>CAP.</strong></span> <span class='ocrx_word' id='word_1_432' title='bbox 2244 574 2405 629; x_wconf 89' lang='lat' dir='ltr'><strong>CLII.</strong></span> <span class='ocrx_word' id='word_1_433' title='bbox 2470 608 2538 616; x_wconf 89' lang='lat'>—</span> <span class='ocrx_word' id='word_1_434' title='bbox 2601 578 2753 644; x_wconf 84' lang='lat' dir='ltr'><strong>Quod</strong></span> <span class='ocrx_word' id='word_1_435' title='bbox 2818 582 3031 633; x_wconf 68' lang='lat' dir='ltr'><strong>inimici</strong></span> <span class='ocrx_word' id='word_1_436' title='bbox 3092 587 3429 637; x_wconf 79' lang='lat' dir='ltr'><strong>accusatores</strong></span> <span class='ocrx_word' id='word_1_437' title='bbox 3478 601 3588 640; x_wconf 90' lang='lat' dir='ltr'><strong>esse</strong></span> <span class='ocrx_word' id='word_1_438' title='bbox 3636 602 3742 641; x_wconf 87' lang='lat' dir='ltr'><strong>non</strong></span> 
     </span>
    </p>
   </div>
   <div class='ocr_carea' id='block_1_69' title="bbox 2776 655 3005 717">
    <p class='ocr_par' dir='ltr' id='par_1_69' title="bbox 2776 655 3005 717">
     <span class='ocr_line' id='line_1_69' title="bbox 2776 655 3005 717; baseline 0.004 -14"><span class='ocrx_word' id='word_1_439' title='bbox 2776 655 3005 717; x_wconf 81' lang='lat' dir='ltr'><strong>passint.</strong></span> 
     </span>
    </p>
   </div>
   <div class='ocr_carea' id='block_1_70' title="bbox 2114 733 3739 812">
    <p class='ocr_par' dir='ltr' id='par_1_70' title="bbox 2114 733 3739 812">
     <span class='ocr_line' id='line_1_70' title="bbox 2114 733 3739 812; baseline 0.008 -26"><span class='ocrx_word' id='word_1_440' title='bbox 2114 733 2222 802; x_wconf 70' lang='lat' dir='ltr'><strong>(Ex</strong></span> <span class='ocrx_word' id='word_1_441' title='bbox 2250 734 2449 789; x_wconf 88' lang='lat' dir='ltr'><strong>decret.</strong></span> <span class='ocrx_word' id='word_1_442' title='bbox 2494 738 2748 791; x_wconf 80' lang='lat' dir='ltr'><strong>Anacleti</strong></span> <span class='ocrx_word' id='word_1_443' title='bbox 2782 753 2960 805; x_wconf 78' lang='lat' dir='ltr'><strong>popae,</strong></span> <span class='ocrx_word' id='word_1_444' title='bbox 3007 740 3252 793; x_wconf 85' lang='lat' dir='ltr'><strong>omnibus</strong></span> <span class='ocrx_word' id='word_1_445' title='bbox 3298 745 3560 812; x_wconf 85' lang='lat' dir='ltr'><strong>episcopis</strong></span> <span class='ocrx_word' id='word_1_446' title='bbox 3607 746 3739 799; x_wconf 86' lang='lat' dir='ltr'><strong>mis-</strong></span> 
     </span>
    </p>
   </div>
   <div class='ocr_carea' id='block_1_71' title="bbox 2037 822 3739 892">
    <p class='ocr_par' dir='ltr' id='par_1_71' title="bbox 2037 822 3739 892">
     <span class='ocr_line' id='line_1_71' title="bbox 2037 822 3739 892; baseline 0.008 -19"><span class='ocrx_word' id='word_1_447' title='bbox 2037 822 2136 885; x_wconf 90' lang='lat' dir='ltr'><strong>sis,</strong></span> <span class='ocrx_word' id='word_1_448' title='bbox 2184 836 2305 890; x_wconf 88' lang='lat' dir='ltr'><strong>cap.</strong></span> <span class='ocrx_word' id='word_1_449' title='bbox 2346 826 2460 892; x_wconf 86' lang='lat'><strong>37.)</strong></span> <span class='ocrx_word' id='word_1_450' title='bbox 2504 829 2871 878; x_wconf 82' lang='lat' dir='ltr'><strong>Accusatores</strong></span> <span class='ocrx_word' id='word_1_451' title='bbox 2901 833 3092 879; x_wconf 86' lang='lat' dir='ltr'><strong>autem</strong></span> <span class='ocrx_word' id='word_1_452' title='bbox 3142 835 3199 880; x_wconf 90' lang='lat' dir='ltr'><strong>et</strong></span> <span class='ocrx_word' id='word_1_453' title='bbox 3238 835 3406 882; x_wconf 81' lang='lat' dir='ltr'><strong>testes</strong></span> <span class='ocrx_word' id='word_1_454' title='bbox 3454 847 3574 885; x_wconf 89' lang='lat' dir='ltr'><strong>esse</strong></span> <span class='ocrx_word' id='word_1_455' title='bbox 3624 848 3739 886; x_wconf 91' lang='lat' dir='ltr'><strong>non</strong></span> 
     </span>
    </p>
   </div>
   <div class='ocr_carea' id='block_1_72' title="bbox 2036 911 3739 983">
    <p class='ocr_par' dir='ltr' id='par_1_72' title="bbox 2036 911 3739 983">
     <span class='ocr_line' id='line_1_72' title="bbox 2036 911 3739 983; baseline 0.008 -23"><span class='ocrx_word' id='word_1_456' title='bbox 2036 915 2275 977; x_wconf 90' lang='lat' dir='ltr'><strong>possunt</strong></span> <span class='ocrx_word' id='word_1_457' title='bbox 2327 911 2515 980; x_wconf 90' lang='lat' dir='ltr'><strong>quiin</strong></span> <span class='ocrx_word' id='word_1_458' title='bbox 2552 913 2808 982; x_wconf 80' lang='lat' dir='ltr'><strong>proximo</strong></span> <span class='ocrx_word' id='word_1_459' title='bbox 2857 914 2986 967; x_wconf 83' lang='lat' dir='ltr'><strong>facti</strong></span> <span class='ocrx_word' id='word_1_460' title='bbox 3019 921 3153 968; x_wconf 92' lang='lat' dir='ltr'><strong>sunt</strong></span> <span class='ocrx_word' id='word_1_461' title='bbox 3199 917 3438 983; x_wconf 89' lang='lat' dir='ltr'><strong>inimici,</strong></span> <span class='ocrx_word' id='word_1_462' title='bbox 3491 936 3563 972; x_wconf 92' lang='lat' dir='ltr'><strong>ne</strong></span> <span class='ocrx_word' id='word_1_463' title='bbox 3607 920 3739 973; x_wconf 89' lang='lat' dir='ltr'><strong>irati</strong></span> 
     </span>
    </p>
   </div>
   <div class='ocr_carea' id='block_1_73' title="bbox 2036 999 3737 1067">
    <p class='ocr_par' dir='ltr' id='par_1_73' title="bbox 2036 999 3737 1067">
     <span class='ocr_line' id='line_1_73' title="bbox 2036 999 3737 1067; baseline 0.008 -19"><span class='ocrx_word' id='word_1_464' title='bbox 2036 1012 2244 1049; x_wconf 89' lang='lat' dir='ltr'><strong>nocere</strong></span> <span class='ocrx_word' id='word_1_465' title='bbox 2275 999 2527 1067; x_wconf 88' lang='lat' dir='ltr'><strong>cupiant,</strong></span> <span class='ocrx_word' id='word_1_466' title='bbox 2580 1016 2651 1052; x_wconf 92' lang='lat' dir='ltr'><strong>ne</strong></span> <span class='ocrx_word' id='word_1_467' title='bbox 2687 1001 2806 1053; x_wconf 56' lang='lat' dir='ltr'><strong>laesi</strong></span> <span class='ocrx_word' id='word_1_468' title='bbox 2840 1002 3030 1054; x_wconf 90' lang='lat' dir='ltr'><strong>ulcisci</strong></span> <span class='ocrx_word' id='word_1_469' title='bbox 3082 1020 3138 1055; x_wconf 89' lang='lat' dir='ltr'><strong>se</strong></span> <span class='ocrx_word' id='word_1_470' title='bbox 3173 1006 3362 1058; x_wconf 88' lang='lat' dir='ltr'><strong>velint.</strong></span> <span class='ocrx_word' id='word_1_471' title='bbox 3401 1007 3460 1059; x_wconf 91' lang='lat' dir='ltr'><strong>In</strong></span> <span class='ocrx_word' id='word_1_472' title='bbox 3508 1007 3737 1061; x_wconf 78' lang='lat' dir='ltr'><strong>offensis</strong></span> 
     </span>
    </p>
   </div>
   <div class='ocr_carea' id='block_1_74' title="bbox 2034 1085 3734 1164">
    <p class='ocr_par' dir='ltr' id='par_1_74' title="bbox 2034 1085 3734 1164">
     <span class='ocr_line' id='line_1_74' title="bbox 2034 1085 3734 1164; baseline 0.008 -27"><span class='ocrx_word' id='word_1_473' title='bbox 2034 1085 2216 1154; x_wconf 88' lang='lat' dir='ltr'><strong>igitur</strong></span> <span class='ocrx_word' id='word_1_474' title='bbox 2268 1095 2663 1141; x_wconf 85' lang='lat' dir='ltr'><strong>accusatorum</strong></span> <span class='ocrx_word' id='word_1_475' title='bbox 2715 1095 2771 1142; x_wconf 89' lang='lat' dir='ltr'><strong>et</strong></span> <span class='ocrx_word' id='word_1_476' title='bbox 2815 1091 3047 1145; x_wconf 88' lang='lat' dir='ltr'><strong>testium</strong></span> <span class='ocrx_word' id='word_1_477' title='bbox 3102 1093 3336 1147; x_wconf 80' lang='lat' dir='ltr'><strong>atfectus</strong></span> <span class='ocrx_word' id='word_1_478' title='bbox 3388 1098 3734 1164; x_wconf 69' lang='lat' dir='ltr'><strong>quaerendus</strong></span> 
     </span>
    </p>
   </div>
   <div class='ocr_carea' id='block_1_75' title="bbox 2035 1178 2723 1246">
    <p class='ocr_par' dir='ltr' id='par_1_75' title="bbox 2035 1178 2723 1246">
     <span class='ocr_line' id='line_1_75' title="bbox 2035 1178 2723 1246; baseline 0.006 -21"><span class='ocrx_word' id='word_1_479' title='bbox 2035 1178 2141 1238; x_wconf 90' lang='lat' dir='ltr'><strong>est,</strong></span> <span class='ocrx_word' id='word_1_480' title='bbox 2175 1178 2230 1227; x_wconf 88' lang='lat' dir='ltr'><strong>et</strong></span> <span class='ocrx_word' id='word_1_481' title='bbox 2262 1190 2377 1227; x_wconf 91' lang='lat' dir='ltr'><strong>non</strong></span> <span class='ocrx_word' id='word_1_482' title='bbox 2411 1182 2723 1246; x_wconf 90' lang='lat' dir='ltr'><strong>suspectus.</strong></span> 
     </span>
    </p>
   </div>
   <div class='ocr_carea' id='block_1_76' title="bbox 2034 1279 3729 1357">
    <p class='ocr_par' dir='ltr' id='par_1_76' title="bbox 2034 1279 3729 1357">
     <span class='ocr_line' id='line_1_76' title="bbox 2034 1279 3729 1357; baseline 0.005 -24"><span class='ocrx_word' id='word_1_483' title='bbox 2034 1279 2162 1333; x_wconf 78' lang='lat' dir='ltr'><strong>CAP.</strong></span> <span class='ocrx_word' id='word_1_484' title='bbox 2236 1280 2413 1335; x_wconf 92' lang='lat' dir='ltr'><strong>CLIII.</strong></span> <span class='ocrx_word' id='word_1_485' title='bbox 2481 1312 2550 1320; x_wconf 93' lang='lat'><strong>—</strong></span> <span class='ocrx_word' id='word_1_486' title='bbox 2614 1284 2677 1357; x_wconf 80' lang='lat' dir='ltr'><strong>Ut</strong></span> <span class='ocrx_word' id='word_1_487' title='bbox 2733 1285 2969 1357; x_wconf 81' lang='lat' dir='ltr'><strong>episcopi</strong></span> <span class='ocrx_word' id='word_1_488' title='bbox 3020 1290 3391 1357; x_wconf 83' lang='lat' dir='ltr'><strong>accusatorum</strong></span> <span class='ocrx_word' id='word_1_489' title='bbox 3450 1289 3729 1357; x_wconf 87' lang='lat' dir='ltr'><strong>episcopo-</strong></span> 
     </span>
    </p>
   </div>
   <div class='ocr_carea' id='block_1_77' title="bbox 2492 1354 3261 1421">
    <p class='ocr_par' dir='ltr' id='par_1_77' title="bbox 2492 1354 3261 1421">
     <span class='ocr_line' id='line_1_77' title="bbox 2492 1354 3261 1421; baseline 0.005 -17"><span class='ocrx_word' id='word_1_490' title='bbox 2492 1368 2615 1405; x_wconf 84' lang='lat' dir='ltr'><strong>rum</strong></span> <span class='ocrx_word' id='word_1_491' title='bbox 2638 1354 2853 1421; x_wconf 86' lang='lat' dir='ltr'><strong>judices</strong></span> <span class='ocrx_word' id='word_1_492' title='bbox 2884 1370 2994 1407; x_wconf 84' lang='lat' dir='ltr'><strong>esse</strong></span> <span class='ocrx_word' id='word_1_493' title='bbox 3019 1355 3261 1409; x_wconf 80' lang='lat' dir='ltr'><strong>debeant.</strong></span> 
     </span>
    </p>
   </div>
   <div class='ocr_carea' id='block_1_78' title="bbox 2101 1438 3727 1510">
    <p class='ocr_par' dir='ltr' id='par_1_78' title="bbox 2101 1438 3727 1510">
     <span class='ocr_line' id='line_1_78' title="bbox 2101 1438 3727 1510; baseline 0.004 -18"><span class='ocrx_word' id='word_1_494' title='bbox 2101 1438 2220 1507; x_wconf 70' lang='lat' dir='ltr'><strong>(Em</strong></span> <span class='ocrx_word' id='word_1_495' title='bbox 2269 1440 2461 1494; x_wconf 87' lang='lat' dir='ltr'><strong>decret.</strong></span> <span class='ocrx_word' id='word_1_496' title='bbox 2518 1443 2745 1495; x_wconf 89' lang='lat' dir='ltr'><strong>Damasi</strong></span> <span class='ocrx_word' id='word_1_497' title='bbox 2796 1458 2974 1510; x_wconf 70' lang='lat' dir='ltr'><strong>papae,</strong></span> <span class='ocrx_word' id='word_1_498' title='bbox 3024 1458 3143 1510; x_wconf 85' lang='lat' dir='ltr'><strong>cap.</strong></span> <span class='ocrx_word' id='word_1_499' title='bbox 3197 1446 3271 1507; x_wconf 88' lang='lat'><strong>3.)</strong></span> <span class='ocrx_word' id='word_1_500' title='bbox 3324 1446 3727 1499; x_wconf 85' lang='lat' dir='ltr'><strong>Accusatorum</strong></span> 
     </span>
    </p>
   </div>
   <div class='ocr_carea' id='block_1_79' title="bbox 2031 1527 3728 1602">
    <p class='ocr_par' dir='ltr' id='par_1_79' title="bbox 2031 1527 3728 1602">
     <span class='ocr_line' id='line_1_79' title="bbox 2031 1527 3728 1602; baseline 0.005 -24"><span class='ocrx_word' id='word_1_501' title='bbox 2031 1527 2432 1598; x_wconf 90' lang='lat' dir='ltr'><strong>episcoporum</strong></span> <span class='ocrx_word' id='word_1_502' title='bbox 2477 1529 2695 1598; x_wconf 90' lang='lat' dir='ltr'><strong>judices</strong></span> <span class='ocrx_word' id='word_1_503' title='bbox 2739 1545 2861 1582; x_wconf 91' lang='lat' dir='ltr'><strong>esse</strong></span> <span class='ocrx_word' id='word_1_504' title='bbox 2902 1530 3257 1583; x_wconf 87' lang='lat' dir='ltr'><strong>decernimus</strong></span> <span class='ocrx_word' id='word_1_505' title='bbox 3305 1532 3599 1602; x_wconf 89' lang='lat' dir='ltr'><strong>episcopos</strong></span> <span class='ocrx_word' id='word_1_506' title='bbox 3643 1550 3728 1586; x_wconf 87' lang='lat' dir='ltr'><strong>sa-</strong></span> 
     </span>
    </p>
   </div>
   <div class='ocr_carea' id='block_1_80' title="bbox 2029 1615 3013 1686">
    <p class='ocr_par' dir='ltr' id='par_1_80' title="bbox 2029 1615 3013 1686">
     <span class='ocr_line' id='line_1_80' title="bbox 2029 1615 3013 1686; baseline 0.004 -20"><span class='ocrx_word' id='word_1_507' title='bbox 2029 1615 2270 1684; x_wconf 84' lang='lat' dir='ltr'><strong>pientes,</strong></span> <span class='ocrx_word' id='word_1_508' title='bbox 2305 1621 2455 1670; x_wconf 90' lang='lat' dir='ltr'><strong>recte</strong></span> <span class='ocrx_word' id='word_1_509' title='bbox 2482 1621 2538 1668; x_wconf 91' lang='lat' dir='ltr'><strong>et</strong></span> <span class='ocrx_word' id='word_1_510' title='bbox 2558 1617 2710 1686; x_wconf 89' lang='lat' dir='ltr'><strong>juste</strong></span> <span class='ocrx_word' id='word_1_511' title='bbox 2738 1618 3013 1670; x_wconf 86' lang='lat' dir='ltr'><strong>volentes.</strong></span> 
     </span>
    </p>
   </div>
   <div class='ocr_carea' id='block_1_81' title="bbox 2022 1721 3724 1794">
    <p class='ocr_par' dir='ltr' id='par_1_81' title="bbox 2022 1721 3724 1794">
     <span class='ocr_line' id='line_1_81' title="bbox 2022 1721 3724 1794; baseline 0.002 -19"><span class='ocrx_word' id='word_1_512' title='bbox 2022 1721 2151 1775; x_wconf 76' lang='lat' dir='ltr'><strong>CAP.</strong></span> <span class='ocrx_word' id='word_1_513' title='bbox 2214 1722 2385 1794; x_wconf 86' lang='lat' dir='ltr'><strong>CLIV.</strong></span> <span class='ocrx_word' id='word_1_514' title='bbox 2440 1750 2513 1762; x_wconf 97' lang='lat'><strong>—</strong></span> <span class='ocrx_word' id='word_1_515' title='bbox 2567 1722 2813 1787; x_wconf 81' lang='lat' dir='ltr'><strong>Qualiter</strong></span> <span class='ocrx_word' id='word_1_516' title='bbox 2863 1728 3148 1777; x_wconf 86' lang='lat' dir='ltr'><strong>accusatus</strong></span> <span class='ocrx_word' id='word_1_517' title='bbox 3202 1726 3480 1794; x_wconf 85' lang='lat' dir='ltr'><strong>episcopus</strong></span> <span class='ocrx_word' id='word_1_518' title='bbox 3534 1726 3724 1781; x_wconf 86' lang='lat' dir='ltr'><strong>discu-</strong></span> 
     </span>
    </p>
   </div>
   <div class='ocr_carea' id='block_1_82' title="bbox 2093 1792 3724 1867">
    <p class='ocr_par' dir='ltr' id='par_1_82' title="bbox 2093 1792 3724 1867">
     <span class='ocr_line' id='line_1_82' title="bbox 2093 1792 3724 1867; baseline 0.005 -24"><span class='ocrx_word' id='word_1_519' title='bbox 2093 1792 2308 1867; x_wconf 80' lang='lat' dir='ltr'><strong>tiendus</strong></span> <span class='ocrx_word' id='word_1_520' title='bbox 2356 1795 2429 1845; x_wconf 88' lang='lat' dir='ltr'><strong>sit</strong></span> <span class='ocrx_word' id='word_1_521' title='bbox 2471 1794 3010 1867; x_wconf 74' lang='lat' dir='ltr'><strong>apudpatriarchas</strong></span> <span class='ocrx_word' id='word_1_522' title='bbox 3062 1796 3143 1848; x_wconf 88' lang='lat' dir='ltr'><strong>vel</strong></span> <span class='ocrx_word' id='word_1_523' title='bbox 3172 1792 3460 1863; x_wconf 76' lang='lat' dir='ltr'><strong>primates,</strong></span> <span class='ocrx_word' id='word_1_524' title='bbox 3494 1802 3544 1850; x_wconf 90' lang='lat' dir='ltr'><strong>et</strong></span> <span class='ocrx_word' id='word_1_525' title='bbox 3592 1802 3724 1867; x_wconf 88' lang='lat' dir='ltr'><strong>quot</strong></span> 
     </span>
    </p>
   </div>
   <div class='ocr_carea' id='block_1_83' title="bbox 2093 1863 2832 1917">
    <p class='ocr_par' dir='ltr' id='par_1_83' title="bbox 2093 1863 2832 1917">
     <span class='ocr_line' id='line_1_83' title="bbox 2093 1863 2832 1917; baseline 0.001 -2"><span class='ocrx_word' id='word_1_526' title='bbox 2093 1864 2319 1916; x_wconf 88' lang='lat' dir='ltr'><strong>testibus</strong></span> <span class='ocrx_word' id='word_1_527' title='bbox 2347 1863 2595 1917; x_wconf 78' lang='lat' dir='ltr'><em>convinci</em></span> <span class='ocrx_word' id='word_1_528' title='bbox 2624 1864 2832 1916; x_wconf 84' lang='lat' dir='ltr'><strong>debeat.</strong></span> 
     </span>
    </p>
   </div>
   <div class='ocr_carea' id='block_1_84' title="bbox 2093 1970 3723 2040">
    <p class='ocr_par' dir='ltr' id='par_1_84' title="bbox 2093 1970 3723 2040">
     <span class='ocr_line' id='line_1_84' title="bbox 2093 1970 3723 2040; baseline 0.004 -18"><span class='ocrx_word' id='word_1_529' title='bbox 2093 1970 2203 2032; x_wconf 79' lang='lat' dir='ltr'><strong>(Ea:</strong></span> <span class='ocrx_word' id='word_1_530' title='bbox 2247 1970 2392 2022; x_wconf 85' lang='lat' dir='ltr'><strong>decr.</strong></span> <span class='ocrx_word' id='word_1_531' title='bbox 2459 1970 2745 2037; x_wconf 84' lang='lat' dir='ltr'><strong>Zepherini</strong></span> <span class='ocrx_word' id='word_1_532' title='bbox 2794 1986 2951 2039; x_wconf 77' lang='lat' dir='ltr'><strong>papa:</strong></span> <span class='ocrx_word' id='word_1_533' title='bbox 3015 1972 3259 2026; x_wconf 88' lang='lat' dir='ltr'><strong>omnibus</strong></span> <span class='ocrx_word' id='word_1_534' title='bbox 3314 1988 3416 2040; x_wconf 91' lang='lat' dir='ltr'><strong>per</strong></span> <span class='ocrx_word' id='word_1_535' title='bbox 3477 1976 3723 2030; x_wconf 89' lang='lat' dir='ltr'><strong>Siciliam</strong></span> 
     </span>
    </p>
   </div>
   <div class='ocr_carea' id='block_1_85' title="bbox 2020 2059 3721 2130">
    <p class='ocr_par' dir='ltr' id='par_1_85' title="bbox 2020 2059 3721 2130">
     <span class='ocr_line' id='line_1_85' title="bbox 2020 2059 3721 2130; baseline 0.005 -22"><span class='ocrx_word' id='word_1_536' title='bbox 2020 2059 2329 2111; x_wconf 87' lang='lat' dir='ltr'><strong>constitutis</strong></span> <span class='ocrx_word' id='word_1_537' title='bbox 2393 2059 2658 2124; x_wconf 89' lang='lat' dir='ltr'><strong>episcopis</strong></span> <span class='ocrx_word' id='word_1_538' title='bbox 2734 2061 2953 2123; x_wconf 86' lang='lat' dir='ltr'><strong>missis,</strong></span> <span class='ocrx_word' id='word_1_539' title='bbox 3022 2076 3141 2127; x_wconf 87' lang='lat' dir='ltr'><strong>cap.</strong></span> <span class='ocrx_word' id='word_1_540' title='bbox 3215 2061 3308 2130; x_wconf 83' lang='lat'><strong>2.)</strong></span> <span class='ocrx_word' id='word_1_541' title='bbox 3377 2063 3721 2117; x_wconf 71' lang='lat' dir='ltr'><strong>Patriarchas</strong></span> 
     </span>
    </p>
   </div>
   <div class='ocr_carea' id='block_1_86' title="bbox 2018 2145 3721 2221">
    <p class='ocr_par' dir='ltr' id='par_1_86' title="bbox 2018 2145 3721 2221">
     <span class='ocr_line' id='line_1_86' title="bbox 2018 2145 3721 2221; baseline 0.006 -26"><span class='ocrx_word' id='word_1_542' title='bbox 2018 2159 2154 2197; x_wconf 89' lang='lat' dir='ltr'><strong>vero</strong></span> <span class='ocrx_word' id='word_1_543' title='bbox 2207 2146 2293 2198; x_wconf 87' lang='lat' dir='ltr'><strong>vel</strong></span> <span class='ocrx_word' id='word_1_544' title='bbox 2334 2145 2611 2214; x_wconf 83' lang='lat' dir='ltr'><strong>primates</strong></span> <span class='ocrx_word' id='word_1_545' title='bbox 2679 2154 3005 2200; x_wconf 90' lang='lat' dir='ltr'><strong>accusatum</strong></span> <span class='ocrx_word' id='word_1_546' title='bbox 3068 2148 3436 2203; x_wconf 90' lang='lat' dir='ltr'><strong>discutientes</strong></span> <span class='ocrx_word' id='word_1_547' title='bbox 3492 2152 3721 2221; x_wconf 90' lang='lat' dir='ltr'><strong>episco-</strong></span> 
     </span>
    </p>
   </div>
   <div class='ocr_carea' id='block_1_87' title="bbox 2019 2233 3716 2308">
    <p class='ocr_par' dir='ltr' id='par_1_87' title="bbox 2019 2233 3716 2308">
     <span class='ocr_line' id='line_1_87' title="bbox 2019 2233 3716 2308; baseline 0.006 -25"><span class='ocrx_word' id='word_1_548' title='bbox 2019 2247 2181 2300; x_wconf 90' lang='lat' dir='ltr'><strong>pum,</strong></span> <span class='ocrx_word' id='word_1_549' title='bbox 2211 2249 2327 2285; x_wconf 86' lang='lat' dir='ltr'><strong>nun</strong></span> <span class='ocrx_word' id='word_1_550' title='bbox 2356 2235 2486 2286; x_wconf 91' lang='lat' dir='ltr'><strong>ante</strong></span> <span class='ocrx_word' id='word_1_551' title='bbox 2506 2233 2842 2286; x_wconf 86' lang='lat' dir='ltr'><strong>sententiam</strong></span> <span class='ocrx_word' id='word_1_552' title='bbox 2876 2236 3169 2302; x_wconf 84' lang='lat' dir='ltr'><strong>proferant</strong></span> <span class='ocrx_word' id='word_1_553' title='bbox 3188 2236 3487 2302; x_wconf 81' lang='lat' dir='ltr'><strong>ﬁnitivam,</strong></span> <span class='ocrx_word' id='word_1_554' title='bbox 3522 2255 3716 2308; x_wconf 89' lang='lat' dir='ltr'><strong>quam,</strong></span> 
     </span>
    </p>
   </div>
   <div class='ocr_carea' id='block_1_88' title="bbox 2018 2320 3719 2395">
    <p class='ocr_par' dir='ltr' id='par_1_88' title="bbox 2018 2320 3719 2395">
     <span class='ocr_line' id='line_1_88' title="bbox 2018 2320 3719 2395; baseline 0.005 -24"><span class='ocrx_word' id='word_1_555' title='bbox 2018 2320 2332 2389; x_wconf 89' lang='lat' dir='ltr'><strong>apostolica</strong></span> <span class='ocrx_word' id='word_1_556' title='bbox 2399 2321 2574 2373; x_wconf 90' lang='lat' dir='ltr'><strong>fultus</strong></span> <span class='ocrx_word' id='word_1_557' title='bbox 2646 2323 3021 2389; x_wconf 87' lang='lat' dir='ltr'><strong>auctoritate,</strong></span> <span class='ocrx_word' id='word_1_558' title='bbox 3090 2330 3187 2378; x_wconf 89' lang='lat' dir='ltr'><strong>aut</strong></span> <span class='ocrx_word' id='word_1_559' title='bbox 3251 2342 3414 2379; x_wconf 90' lang='lat' dir='ltr'><strong>reum</strong></span> <span class='ocrx_word' id='word_1_560' title='bbox 3481 2343 3538 2379; x_wconf 90' lang='lat' dir='ltr'><strong>se</strong></span> <span class='ocrx_word' id='word_1_561' title='bbox 3594 2327 3719 2395; x_wconf 91' lang='lat' dir='ltr'><strong>ipse</strong></span> 
     </span>
    </p>
   </div>
   <div class='ocr_carea' id='block_1_89' title="bbox 2018 2407 3719 2483">
    <p class='ocr_par' dir='ltr' id='par_1_89' title="bbox 2018 2407 3719 2483">
     <span class='ocr_line' id='line_1_89' title="bbox 2018 2407 3719 2483; baseline 0.005 -25"><span class='ocrx_word' id='word_1_562' title='bbox 2018 2407 2394 2473; x_wconf 81' lang='lat' dir='ltr'><strong>confiteatur,</strong></span> <span class='ocrx_word' id='word_1_563' title='bbox 2477 2413 2574 2460; x_wconf 88' lang='lat' dir='ltr'><strong>aut</strong></span> <span class='ocrx_word' id='word_1_564' title='bbox 2666 2426 2768 2478; x_wconf 89' lang='lat' dir='ltr'><strong>per</strong></span> <span class='ocrx_word' id='word_1_565' title='bbox 2840 2412 3169 2465; x_wconf 90' lang='lat' dir='ltr'><strong>innocentes</strong></span> <span class='ocrx_word' id='word_1_566' title='bbox 3247 2418 3302 2465; x_wconf 91' lang='lat' dir='ltr'><strong>et</strong></span> <span class='ocrx_word' id='word_1_567' title='bbox 3378 2414 3719 2483; x_wconf 87' lang='lat' dir='ltr'><strong>regulariter</strong></span> 
     </span>
    </p>
   </div>
   <div class='ocr_carea' id='block_1_90' title="bbox 2018 2494 3717 2571">
    <p class='ocr_par' dir='ltr' id='par_1_90' title="bbox 2018 2494 3717 2571">
     <span class='ocr_line' id='line_1_90' title="bbox 2018 2494 3717 2571; baseline 0.005 -24"><span class='ocrx_word' id='word_1_568' title='bbox 2018 2494 2378 2548; x_wconf 84' lang='lat' dir='ltr'><strong>examinatos</strong></span> <span class='ocrx_word' id='word_1_569' title='bbox 2432 2496 2799 2551; x_wconf 87' lang='lat' dir='ltr'><strong>convincatur</strong></span> <span class='ocrx_word' id='word_1_570' title='bbox 2852 2504 3061 2564; x_wconf 87' lang='lat' dir='ltr'><strong>testes,</strong></span> <span class='ocrx_word' id='word_1_571' title='bbox 3120 2502 3218 2571; x_wconf 90' lang='lat' dir='ltr'><strong>qui</strong></span> <span class='ocrx_word' id='word_1_572' title='bbox 3288 2502 3540 2555; x_wconf 88' lang='lat' dir='ltr'><strong>minores</strong></span> <span class='ocrx_word' id='word_1_573' title='bbox 3597 2517 3717 2555; x_wconf 92' lang='lat' dir='ltr'><strong>non</strong></span> 
     </span>
    </p>
   </div>
   <div class='ocr_carea' id='block_1_91' title="bbox 2016 2584 3718 2661">
    <p class='ocr_par' dir='ltr' id='par_1_91' title="bbox 2016 2584 3718 2661">
     <span class='ocr_line' id='line_1_91' title="bbox 2016 2584 3718 2661; baseline 0.005 -26"><span class='ocrx_word' id='word_1_574' title='bbox 2016 2584 2133 2635; x_wconf 91' lang='lat' dir='ltr'><strong>sint</strong></span> <span class='ocrx_word' id='word_1_575' title='bbox 2210 2600 2451 2636; x_wconf 91' lang='lat' dir='ltr'><strong>numero</strong></span> <span class='ocrx_word' id='word_1_576' title='bbox 2518 2601 2689 2654; x_wconf 88' lang='lat' dir='ltr'><strong>quam</strong></span> <span class='ocrx_word' id='word_1_577' title='bbox 2770 2588 2850 2640; x_wconf 88' lang='lat' dir='ltr'><strong>illi</strong></span> <span class='ocrx_word' id='word_1_578' title='bbox 2927 2589 3189 2658; x_wconf 83' lang='lat' dir='ltr'><strong>discipuli</strong></span> <span class='ocrx_word' id='word_1_579' title='bbox 3267 2590 3504 2644; x_wconf 82' lang='lat' dir='ltr'><strong>fuerunt</strong></span> <span class='ocrx_word' id='word_1_580' title='bbox 3572 2607 3718 2661; x_wconf 90' lang='lat' dir='ltr'><strong>quos</strong></span> 
     </span>
    </p>
   </div>
   <div class='ocr_carea' id='block_1_92' title="bbox 2019 2670 3718 2749">
    <p class='ocr_par' dir='ltr' id='par_1_92' title="bbox 2019 2670 3718 2749">
     <span class='ocr_line' id='line_1_92' title="bbox 2019 2670 3718 2749; baseline 0.005 -24"><span class='ocrx_word' id='word_1_581' title='bbox 2019 2670 2297 2725; x_wconf 89' lang='lat' dir='ltr'><strong>Dominus</strong></span> <span class='ocrx_word' id='word_1_582' title='bbox 2345 2673 2413 2726; x_wconf 93' lang='lat' dir='ltr'><strong>ad</strong></span> <span class='ocrx_word' id='word_1_583' title='bbox 2461 2674 2856 2742; x_wconf 88' lang='lat' dir='ltr'><strong>adjumentum</strong></span> <span class='ocrx_word' id='word_1_584' title='bbox 2888 2678 3281 2747; x_wconf 90' lang='lat' dir='ltr'><strong>apostolorum</strong></span> <span class='ocrx_word' id='word_1_585' title='bbox 3324 2679 3536 2747; x_wconf 88' lang='lat' dir='ltr'><strong>eligere</strong></span> <span class='ocrx_word' id='word_1_586' title='bbox 3574 2695 3718 2749; x_wconf 66' lang='lat' dir='ltr'><strong>pras-</strong></span> 
     </span>
    </p>
   </div>
   <div class='ocr_carea' id='block_1_93' title="bbox 2014 2759 2186 2827">
    <p class='ocr_par' dir='ltr' id='par_1_93' title="bbox 2014 2759 2186 2827">
     <span class='ocr_line' id='line_1_93' title="bbox 2014 2759 2186 2827; baseline 0 -16"><span class='ocrx_word' id='word_1_587' title='bbox 2014 2759 2186 2827; x_wconf 88' lang='lat' dir='ltr'><strong>cepit.</strong></span> 
     </span>
    </p>
   </div>
   <div class='ocr_carea' id='block_1_94' title="bbox 2195 2849 3532 2923">
    <p class='ocr_par' dir='ltr' id='par_1_94' title="bbox 2195 2849 3532 2923">
     <span class='ocr_line' id='line_1_94' title="bbox 2195 2849 3532 2923; baseline 0.004 -22"><span class='ocrx_word' id='word_1_588' title='bbox 2195 2849 2323 2902; x_wconf 75' lang='lat' dir='ltr'><strong>CAP.</strong></span> <span class='ocrx_word' id='word_1_589' title='bbox 2359 2850 2505 2904; x_wconf 88' lang='lat' dir='ltr'><strong>CLV.</strong></span> <span class='ocrx_word' id='word_1_590' title='bbox 2540 2880 2609 2890; x_wconf 96' lang='lat'><strong>—</strong></span> <span class='ocrx_word' id='word_1_591' title='bbox 2639 2856 2713 2906; x_wconf 83' lang='lat' dir='ltr'><strong>De</strong></span> <span class='ocrx_word' id='word_1_592' title='bbox 2740 2856 3071 2920; x_wconf 86' lang='lat' dir='ltr'><strong>patriarchis</strong></span> <span class='ocrx_word' id='word_1_593' title='bbox 3104 2860 3153 2908; x_wconf 90' lang='lat' dir='ltr'><strong>et</strong></span> <span class='ocrx_word' id='word_1_594' title='bbox 3182 2856 3532 2923; x_wconf 86' lang='lat' dir='ltr'><strong>primatibus.</strong></span> 
     </span>
    </p>
   </div>
   <div class='ocr_carea' id='block_1_95' title="bbox 2090 2936 3713 3012">
    <p class='ocr_par' dir='ltr' id='par_1_95' title="bbox 2090 2936 3713 3012">
     <span class='ocr_line' id='line_1_95' title="bbox 2090 2936 3713 3012; baseline 0.006 -25"><span class='ocrx_word' id='word_1_595' title='bbox 2090 2936 2211 3004; x_wconf 78' lang='lat' dir='ltr'><strong>(Ea:</strong></span> <span class='ocrx_word' id='word_1_596' title='bbox 2236 2936 2380 2990; x_wconf 83' lang='lat' dir='ltr'><strong>decr.</strong></span> <span class='ocrx_word' id='word_1_597' title='bbox 2417 2939 2707 2993; x_wconf 88' lang='lat' dir='ltr'><strong>Clementis</strong></span> <span class='ocrx_word' id='word_1_598' title='bbox 2735 2957 2893 3009; x_wconf 86' lang='lat' dir='ltr'><strong>pap.,</strong></span> <span class='ocrx_word' id='word_1_599' title='bbox 2920 2957 3039 3010; x_wconf 92' lang='lat' dir='ltr'><strong>cap.</strong></span> <span class='ocrx_word' id='word_1_600' title='bbox 3075 2942 3152 3012; x_wconf 92' lang='lat'><strong>9.)</strong></span> <span class='ocrx_word' id='word_1_601' title='bbox 3186 2945 3246 2995; x_wconf 90' lang='lat' dir='ltr'><strong>ln</strong></span> <span class='ocrx_word' id='word_1_602' title='bbox 3278 2943 3389 2995; x_wconf 90' lang='lat' dir='ltr'><strong>illis</strong></span> <span class='ocrx_word' id='word_1_603' title='bbox 3418 2959 3551 2997; x_wconf 91' lang='lat' dir='ltr'><strong>vero</strong></span> <span class='ocrx_word' id='word_1_604' title='bbox 3578 2943 3713 2997; x_wconf 86' lang='lat' dir='ltr'><strong>civi-</strong></span> 
     </span>
    </p>
   </div>
   <div class='ocr_carea' id='block_1_96' title="bbox 2016 3024 3713 3101">
    <p class='ocr_par' dir='ltr' id='par_1_96' title="bbox 2016 3024 3713 3101">
     <span class='ocr_line' id='line_1_96' title="bbox 2016 3024 3713 3101; baseline 0.005 -24"><span class='ocrx_word' id='word_1_605' title='bbox 2016 3024 2226 3077; x_wconf 89' lang='lat' dir='ltr'><strong>tatibus</strong></span> <span class='ocrx_word' id='word_1_606' title='bbox 2256 3027 2314 3078; x_wconf 91' lang='lat' dir='ltr'><strong>in</strong></span> <span class='ocrx_word' id='word_1_607' title='bbox 2348 3026 2555 3095; x_wconf 76' lang='lat' dir='ltr'><strong>quibUs</strong></span> <span class='ocrx_word' id='word_1_608' title='bbox 2585 3029 2721 3081; x_wconf 88' lang='lat' dir='ltr'><strong>olim</strong></span> <span class='ocrx_word' id='word_1_609' title='bbox 2767 3030 2917 3098; x_wconf 89' lang='lat' dir='ltr'><strong>apud</strong></span> <span class='ocrx_word' id='word_1_610' title='bbox 2959 3031 3219 3083; x_wconf 84' lang='lat' dir='ltr'><strong>ethnicos</strong></span> <span class='ocrx_word' id='word_1_611' title='bbox 3250 3030 3420 3101; x_wconf 89' lang='lat' dir='ltr'><strong>primi</strong></span> <span class='ocrx_word' id='word_1_612' title='bbox 3452 3030 3713 3085; x_wconf 73' lang='lat' dir='ltr'><strong>ﬂamines</strong></span> 
     </span>
    </p>
   </div>
   <div class='ocr_carea' id='block_1_97' title="bbox 2013 3115 3711 3190">
    <p class='ocr_par' dir='ltr' id='par_1_97' title="bbox 2013 3115 3711 3190">
     <span class='ocr_line' id='line_1_97' title="bbox 2013 3115 3711 3190; baseline 0.007 -28"><span class='ocrx_word' id='word_1_613' title='bbox 2013 3126 2235 3179; x_wconf 90' lang='lat' dir='ltr'><strong>eorum,</strong></span> <span class='ocrx_word' id='word_1_614' title='bbox 2272 3118 2442 3183; x_wconf 91' lang='lat' dir='ltr'><strong>atque</strong></span> <span class='ocrx_word' id='word_1_615' title='bbox 2479 3115 2649 3184; x_wconf 91' lang='lat' dir='ltr'><strong>primi</strong></span> <span class='ocrx_word' id='word_1_616' title='bbox 2698 3117 2839 3185; x_wconf 80' lang='lat' dir='ltr'><strong>legis</strong></span> <span class='ocrx_word' id='word_1_617' title='bbox 2872 3118 3135 3170; x_wconf 81' lang='lat' dir='ltr'><strong>doctores</strong></span> <span class='ocrx_word' id='word_1_618' title='bbox 3180 3126 3363 3185; x_wconf 90' lang='lat' dir='ltr'><strong>erant,</strong></span> <span class='ocrx_word' id='word_1_619' title='bbox 3416 3120 3711 3190; x_wconf 86' lang='lat' dir='ltr'><strong>episc0po-</strong></span> 
     </span>
    </p>
   </div>
   <div class='ocr_carea' id='block_1_98' title="bbox 2014 3200 3709 3278">
    <p class='ocr_par' dir='ltr' id='par_1_98' title="bbox 2014 3200 3709 3278">
     <span class='ocr_line' id='line_1_98' title="bbox 2014 3200 3709 3278; baseline 0.006 -27"><span class='ocrx_word' id='word_1_620' title='bbox 2014 3215 2143 3252; x_wconf 92' lang='lat' dir='ltr'><strong>rum</strong></span> <span class='ocrx_word' id='word_1_621' title='bbox 2176 3200 2451 3269; x_wconf 85' lang='lat' dir='ltr'><strong>primates</strong></span> <span class='ocrx_word' id='word_1_622' title='bbox 2492 3204 2647 3271; x_wconf 90' lang='lat' dir='ltr'><strong>poni,</strong></span> <span class='ocrx_word' id='word_1_623' title='bbox 2683 3206 2767 3257; x_wconf 87' lang='lat' dir='ltr'><strong>vel</strong></span> <span class='ocrx_word' id='word_1_624' title='bbox 2800 3205 3171 3275; x_wconf 86' lang='lat' dir='ltr'><strong>patriarchas,</strong></span> <span class='ocrx_word' id='word_1_625' title='bbox 3223 3208 3321 3277; x_wconf 92' lang='lat' dir='ltr'><strong>qui</strong></span> <span class='ocrx_word' id='word_1_626' title='bbox 3354 3208 3709 3278; x_wconf 89' lang='lat' dir='ltr'><strong>reliquorum</strong></span> 
     </span>
    </p>
   </div>
   <div class='ocr_carea' id='block_1_99' title="bbox 2014 3287 3710 3365">
    <p class='ocr_par' dir='ltr' id='par_1_99' title="bbox 2014 3287 3710 3365">
     <span class='ocr_line' id='line_1_99' title="bbox 2014 3287 3710 3365; baseline 0.006 -26"><span class='ocrx_word' id='word_1_627' title='bbox 2014 3287 2412 3358; x_wconf 86' lang='lat' dir='ltr'><strong>episcoporum</strong></span> <span class='ocrx_word' id='word_1_628' title='bbox 2458 3292 2696 3360; x_wconf 86' lang='lat' dir='ltr'><strong>judicia,</strong></span> <span class='ocrx_word' id='word_1_629' title='bbox 2749 3299 2805 3346; x_wconf 88' lang='lat' dir='ltr'><strong>et</strong></span> <span class='ocrx_word' id='word_1_630' title='bbox 2837 3296 3074 3363; x_wconf 83' lang='lat' dir='ltr'><strong>majora,</strong></span> <span class='ocrx_word' id='word_1_631' title='bbox 3107 3298 3331 3365; x_wconf 84' lang='lat' dir='ltr'><strong>quoties</strong></span> <span class='ocrx_word' id='word_1_632' title='bbox 3364 3312 3593 3349; x_wconf 89' lang='lat' dir='ltr'><strong>necesse</strong></span> <span class='ocrx_word' id='word_1_633' title='bbox 3623 3297 3710 3349; x_wconf 89' lang='lat' dir='ltr'><strong>fo-</strong></span> 
     </span>
    </p>
   </div>
   <div class='ocr_carea' id='block_1_100' title="bbox 2014 3378 3713 3451">
    <p class='ocr_par' dir='ltr' id='par_1_100' title="bbox 2014 3378 3713 3451">
     <span class='ocr_line' id='line_1_100' title="bbox 2014 3378 3713 3451; baseline 0.006 -24"><span class='ocrx_word' id='word_1_634' title='bbox 2014 3381 2121 3439; x_wconf 91' lang='lat' dir='ltr'><strong>ret,</strong></span> <span class='ocrx_word' id='word_1_635' title='bbox 2170 3378 2400 3445; x_wconf 83' lang='lat' dir='ltr'><strong>negotia</strong></span> <span class='ocrx_word' id='word_1_636' title='bbox 2431 3379 2489 3431; x_wconf 90' lang='lat' dir='ltr'><strong>in</strong></span> <span class='ocrx_word' id='word_1_637' title='bbox 2532 3380 2645 3433; x_wconf 81' lang='lat' dir='ltr'><strong>fide</strong></span> <span class='ocrx_word' id='word_1_638' title='bbox 2686 3382 2993 3451; x_wconf 88' lang='lat' dir='ltr'><strong>agitarent,</strong></span> <span class='ocrx_word' id='word_1_639' title='bbox 3044 3388 3102 3436; x_wconf 86' lang='lat' dir='ltr'><strong>et</strong></span> <span class='ocrx_word' id='word_1_640' title='bbox 3133 3386 3449 3439; x_wconf 90' lang='lat' dir='ltr'><strong>secundum</strong></span> <span class='ocrx_word' id='word_1_641' title='bbox 3488 3384 3713 3438; x_wconf 90' lang='lat' dir='ltr'><strong>Domini</strong></span> 
     </span>
    </p>
   </div>
   <div class='ocr_carea' id='block_1_101' title="bbox 2014 3463 3709 3541">
    <p class='ocr_par' dir='ltr' id='par_1_101' title="bbox 2014 3463 3709 3541">
     <span class='ocr_line' id='line_1_101' title="bbox 2014 3463 3709 3541; baseline 0.007 -27"><span class='ocrx_word' id='word_1_642' title='bbox 2014 3463 2385 3530; x_wconf 89' lang='lat' dir='ltr'><strong>voluntatem,</strong></span> <span class='ocrx_word' id='word_1_643' title='bbox 2433 3467 2579 3519; x_wconf 88' lang='lat' dir='ltr'><strong>sicut</strong></span> <span class='ocrx_word' id='word_1_644' title='bbox 2624 3470 2801 3520; x_wconf 88' lang='lat' dir='ltr'><strong>sancti</strong></span> <span class='ocrx_word' id='word_1_645' title='bbox 2849 3470 3271 3524; x_wconf 78' lang='lat' dir='ltr'><strong>constitu-runt</strong></span> <span class='ocrx_word' id='word_1_646' title='bbox 3313 3474 3578 3541; x_wconf 88' lang='lat' dir='ltr'><strong>apostoli,</strong></span> <span class='ocrx_word' id='word_1_647' title='bbox 3632 3472 3709 3525; x_wconf 89' lang='lat' dir='ltr'><strong>ita</strong></span> 
     </span>
    </p>
   </div>
   <div class='ocr_carea' id='block_1_102' title="bbox 2016 3552 3371 3623">
    <p class='ocr_par' dir='ltr' id='par_1_102' title="bbox 2016 3552 3371 3623">
     <span class='ocr_line' id='line_1_102' title="bbox 2016 3552 3371 3623; baseline 0.008 -21"><span class='ocrx_word' id='word_1_648' title='bbox 2016 3555 2078 3603; x_wconf 89' lang='lat' dir='ltr'><strong>ut</strong></span> <span class='ocrx_word' id='word_1_649' title='bbox 2108 3566 2179 3603; x_wconf 90' lang='lat' dir='ltr'><strong>ne</strong></span> <span class='ocrx_word' id='word_1_650' title='bbox 2202 3552 2331 3621; x_wconf 83' lang='lat' dir='ltr'><strong>quis</strong></span> <span class='ocrx_word' id='word_1_651' title='bbox 2363 3554 2571 3621; x_wconf 84' lang='lat' dir='ltr'><strong>injuste</strong></span> <span class='ocrx_word' id='word_1_652' title='bbox 2603 3556 3020 3623; x_wconf 75' lang='lat' dir='ltr'><strong>periclitaretur</strong></span> <span class='ocrx_word' id='word_1_653' title='bbox 3046 3558 3371 3613; x_wconf 85' lang='lat' dir='ltr'><strong>deﬁnirent.</strong></span> 
     </span>
    </p>
   </div>
   <div class='ocr_carea' id='block_1_103' title="bbox 2165 3648 3549 3725">
    <p class='ocr_par' dir='ltr' id='par_1_103' title="bbox 2165 3648 3549 3725">
     <span class='ocr_line' id='line_1_103' title="bbox 2165 3648 3549 3725; baseline 0.007 -26"><span class='ocrx_word' id='word_1_654' title='bbox 2165 3648 2290 3701; x_wconf 79' lang='lat' dir='ltr'><strong>CAP.</strong></span> <span class='ocrx_word' id='word_1_655' title='bbox 2327 3649 2498 3703; x_wconf 91' lang='lat' dir='ltr'><strong>CLVI.</strong></span> <span class='ocrx_word' id='word_1_656' title='bbox 2527 3681 2595 3691; x_wconf 89' lang='lat'><strong>—</strong></span> <span class='ocrx_word' id='word_1_657' title='bbox 2626 3654 2695 3704; x_wconf 89' lang='lat' dir='ltr'><strong>De</strong></span> <span class='ocrx_word' id='word_1_658' title='bbox 2732 3656 2999 3707; x_wconf 80' lang='lat' dir='ltr'><strong>vocatione</strong></span> <span class='ocrx_word' id='word_1_659' title='bbox 3028 3658 3272 3708; x_wconf 86' lang='lat' dir='ltr'><strong>accusati</strong></span> <span class='ocrx_word' id='word_1_660' title='bbox 3295 3659 3549 3725; x_wconf 86' lang='lat' dir='ltr'><strong>episcopi.</strong></span> 
     </span>
    </p>
   </div>
   <div class='ocr_carea' id='block_1_104' title="bbox 2086 3735 3704 3810">
    <p class='ocr_par' dir='ltr' id='par_1_104' title="bbox 2086 3735 3704 3810">
     <span class='ocr_line' id='line_1_104' title="bbox 2086 3735 3704 3810; baseline 0.005 -23"><span class='ocrx_word' id='word_1_661' title='bbox 2086 3735 2193 3802; x_wconf 77' lang='lat' dir='ltr'><strong>(Ea:</strong></span> <span class='ocrx_word' id='word_1_662' title='bbox 2222 3738 2379 3803; x_wconf 84' lang='lat' dir='ltr'><strong>epist.</strong></span> <span class='ocrx_word' id='word_1_663' title='bbox 2412 3738 2640 3792; x_wconf 89' lang='lat' dir='ltr'><strong>Damasi</strong></span> <span class='ocrx_word' id='word_1_664' title='bbox 2676 3756 2854 3807; x_wconf 77' lang='lat' dir='ltr'><strong>papae.</strong></span> <span class='ocrx_word' id='word_1_665' title='bbox 2906 3742 2981 3793; x_wconf 86' lang='lat' dir='ltr'><strong>ad</strong></span> <span class='ocrx_word' id='word_1_666' title='bbox 3022 3743 3281 3810; x_wconf 88' lang='lat' dir='ltr'><strong>Stephan.</strong></span> <span class='ocrx_word' id='word_1_667' title='bbox 3316 3749 3364 3797; x_wconf 89' lang='lat' dir='ltr'><strong>et</strong></span> <span class='ocrx_word' id='word_1_668' title='bbox 3402 3744 3475 3796; x_wconf 79' lang='lat' dir='ltr'><strong>ad</strong></span> <span class='ocrx_word' id='word_1_669' title='bbox 3518 3746 3704 3797; x_wconf 86' lang='lat' dir='ltr'><strong>concil.</strong></span> 
     </span>
    </p>
   </div>
   <div class='ocr_carea' id='block_1_105' title="bbox 2013 3821 3708 3897">
    <p class='ocr_par' dir='ltr' id='par_1_105' title="bbox 2013 3821 3708 3897">
     <span class='ocr_line' id='line_1_105' title="bbox 2013 3821 3708 3897; baseline 0.004 -23"><span class='ocrx_word' id='word_1_670' title='bbox 2013 3821 2259 3890; x_wconf 75' lang='lat' dir='ltr'><strong>Africae)</strong></span> <span class='ocrx_word' id='word_1_671' title='bbox 2318 3824 2543 3877; x_wconf 90' lang='lat' dir='ltr'><strong>Vocatio</strong></span> <span class='ocrx_word' id='word_1_672' title='bbox 2592 3826 2745 3876; x_wconf 91' lang='lat' dir='ltr'><strong>enim</strong></span> <span class='ocrx_word' id='word_1_673' title='bbox 2793 3826 2861 3878; x_wconf 91' lang='lat' dir='ltr'><strong>ad</strong></span> <span class='ocrx_word' id='word_1_674' title='bbox 2913 3828 3215 3895; x_wconf 88' lang='lat' dir='ltr'><strong>synodum,</strong></span> <span class='ocrx_word' id='word_1_675' title='bbox 3269 3829 3434 3897; x_wconf 87' lang='lat' dir='ltr'><strong>juxta</strong></span> <span class='ocrx_word' id='word_1_676' title='bbox 3483 3829 3708 3880; x_wconf 89' lang='lat' dir='ltr'><strong>decreta</strong></span> 
     </span>
    </p>
   </div>
   <div class='ocr_carea' id='block_1_106' title="bbox 2014 3910 3708 3982">
    <p class='ocr_par' dir='ltr' id='par_1_106' title="bbox 2014 3910 3708 3982">
     <span class='ocr_line' id='line_1_106' title="bbox 2014 3910 3708 3982; baseline 0.003 -19"><span class='ocrx_word' id='word_1_677' title='bbox 2014 3910 2245 3963; x_wconf 87' lang='lat' dir='ltr'><strong>Patrum</strong></span> <span class='ocrx_word' id='word_1_678' title='bbox 2295 3914 2585 3975; x_wconf 86' lang='lat' dir='ltr'><strong>canonica,</strong></span> <span class='ocrx_word' id='word_1_679' title='bbox 2630 3913 2753 3982; x_wconf 84' lang='lat' dir='ltr'><strong>ejus</strong></span> <span class='ocrx_word' id='word_1_680' title='bbox 2786 3915 2883 3982; x_wconf 91' lang='lat' dir='ltr'><strong>qui</strong></span> <span class='ocrx_word' id='word_1_681' title='bbox 2924 3914 3240 3982; x_wconf 87' lang='lat' dir='ltr'><strong>impetitur,</strong></span> <span class='ocrx_word' id='word_1_682' title='bbox 3276 3915 3708 3969; x_wconf 81' lang='lat' dir='ltr'><strong>rationabilibus</strong></span> 
     </span>
    </p>
   </div>
   <div class='ocr_carea' id='block_1_107' title="bbox 2013 3998 3706 4072">
    <p class='ocr_par' dir='ltr' id='par_1_107' title="bbox 2013 3998 3706 4072">
     <span class='ocr_line' id='line_1_107' title="bbox 2013 3998 3706 4072; baseline 0.003 -22"><span class='ocrx_word' id='word_1_683' title='bbox 2013 3998 2233 4068; x_wconf 91' lang='lat' dir='ltr'><strong>scriptis</strong></span> <span class='ocrx_word' id='word_1_684' title='bbox 2293 4015 2395 4066; x_wconf 90' lang='lat' dir='ltr'><strong>per</strong></span> <span class='ocrx_word' id='word_1_685' title='bbox 2450 4000 2696 4071; x_wconf 89' lang='lat' dir='ltr'><strong>spatium</strong></span> <span class='ocrx_word' id='word_1_686' title='bbox 2755 4003 2879 4054; x_wconf 87' lang='lat' dir='ltr'><strong>tieri</strong></span> <span class='ocrx_word' id='word_1_687' title='bbox 2938 4002 3106 4055; x_wconf 87' lang='lat' dir='ltr'><strong>debet</strong></span> <span class='ocrx_word' id='word_1_688' title='bbox 3166 4019 3485 4072; x_wconf 90' lang='lat' dir='ltr'><strong>congruum</strong></span> <span class='ocrx_word' id='word_1_689' title='bbox 3535 4009 3706 4072; x_wconf 86' lang='lat' dir='ltr'><strong>atque</strong></span> 
     </span>
    </p>
   </div>
   <div class='ocr_carea' id='block_1_108' title="bbox 2011 4085 3706 4155">
    <p class='ocr_par' dir='ltr' id='par_1_108' title="bbox 2011 4085 3706 4155">
     <span class='ocr_line' id='line_1_108' title="bbox 2011 4085 3706 4155; baseline 0.002 -16"><span class='ocrx_word' id='word_1_690' title='bbox 2011 4085 2366 4141; x_wconf 80' lang='lat' dir='ltr'><strong>canonicum.</strong></span> <span class='ocrx_word' id='word_1_691' title='bbox 2425 4090 2587 4155; x_wconf 85' lang='lat' dir='ltr'><strong>Quia,</strong></span> <span class='ocrx_word' id='word_1_692' title='bbox 2640 4089 2749 4143; x_wconf 91' lang='lat' dir='ltr'><strong>nisi</strong></span> <span class='ocrx_word' id='word_1_693' title='bbox 2783 4092 3053 4144; x_wconf 88' lang='lat' dir='ltr'><strong>canonice</strong></span> <span class='ocrx_word' id='word_1_694' title='bbox 3106 4099 3333 4145; x_wconf 89' lang='lat' dir='ltr'><strong>vocatus</strong></span> <span class='ocrx_word' id='word_1_695' title='bbox 3384 4092 3556 4144; x_wconf 85' lang='lat' dir='ltr'><strong>fuerit</strong></span> <span class='ocrx_word' id='word_1_696' title='bbox 3603 4108 3706 4144; x_wconf 91' lang='lat' dir='ltr'><strong>suo</strong></span> 
     </span>
    </p>
   </div>
   <div class='ocr_carea' id='block_1_109' title="bbox 2015 4179 3705 4245">
    <p class='ocr_par' dir='ltr' id='par_1_109' title="bbox 2015 4179 3705 4245">
     <span class='ocr_line' id='line_1_109' title="bbox 2015 4179 3705 4245; baseline 0.003 -18"><span class='ocrx_word' id='word_1_697' title='bbox 2015 4179 2292 4245; x_wconf 87' lang='lat' dir='ltr'><strong>tempore,</strong></span> <span class='ocrx_word' id='word_1_698' title='bbox 2344 4181 2402 4228; x_wconf 92' lang='lat' dir='ltr'><strong>et</strong></span> <span class='ocrx_word' id='word_1_699' title='bbox 2441 4180 2714 4230; x_wconf 83' lang='lat' dir='ltr'><strong>canonica</strong></span> <span class='ocrx_word' id='word_1_700' title='bbox 2766 4179 3143 4245; x_wconf 85' lang='lat' dir='ltr'><strong>ordinatione,</strong></span> <span class='ocrx_word' id='word_1_701' title='bbox 3195 4181 3325 4232; x_wconf 86' lang='lat' dir='ltr'><strong>licet</strong></span> <span class='ocrx_word' id='word_1_702' title='bbox 3374 4180 3591 4232; x_wconf 89' lang='lat' dir='ltr'><strong>venerit</strong></span> <span class='ocrx_word' id='word_1_703' title='bbox 3635 4180 3705 4232; x_wconf 92' lang='lat' dir='ltr'><strong>ad</strong></span> 
     </span>
    </p>
   </div>
   <div class='ocr_carea' id='block_1_110' title="bbox 2017 4264 3707 4336">
    <p class='ocr_par' dir='ltr' id='par_1_110' title="bbox 2017 4264 3707 4336">
     <span class='ocr_line' id='line_1_110' title="bbox 2017 4264 3707 4336; baseline 0.002 -22"><span class='ocrx_word' id='word_1_704' title='bbox 2017 4268 2380 4328; x_wconf 88' lang='lat' dir='ltr'><strong>conventum,</strong></span> <span class='ocrx_word' id='word_1_705' title='bbox 2443 4264 2501 4316; x_wconf 92' lang='lat' dir='ltr'><strong>in</strong></span> <span class='ocrx_word' id='word_1_706' title='bbox 2552 4281 2892 4336; x_wconf 80' lang='lat' dir='ltr'><strong>quacunque</strong></span> <span class='ocrx_word' id='word_1_707' title='bbox 2944 4268 3297 4333; x_wconf 82' lang='lat' dir='ltr'><strong>necessitate,</strong></span> <span class='ocrx_word' id='word_1_708' title='bbox 3344 4267 3450 4320; x_wconf 86' lang='lat' dir='ltr'><strong>nisi</strong></span> <span class='ocrx_word' id='word_1_709' title='bbox 3508 4272 3707 4336; x_wconf 91' lang='lat' dir='ltr'><strong>sponte</strong></span> 
     </span>
    </p>
   </div>
   <div class='ocr_carea' id='block_1_111' title="bbox 2015 4352 3705 4424">
    <p class='ocr_par' dir='ltr' id='par_1_111' title="bbox 2015 4352 3705 4424">
     <span class='ocr_line' id='line_1_111' title="bbox 2015 4352 3705 4424; baseline 0.004 -22"><span class='ocrx_word' id='word_1_710' title='bbox 2015 4352 2279 4413; x_wconf 89' lang='lat' dir='ltr'><strong>voluerit,</strong></span> <span class='ocrx_word' id='word_1_711' title='bbox 2312 4354 2639 4407; x_wconf 88' lang='lat' dir='ltr'><strong>nullatenus</strong></span> <span class='ocrx_word' id='word_1_712' title='bbox 2669 4356 2785 4407; x_wconf 90' lang='lat' dir='ltr'><strong>suis</strong></span> <span class='ocrx_word' id='word_1_713' title='bbox 2817 4356 3185 4424; x_wconf 85' lang='lat' dir='ltr'><strong>respondebit</strong></span> <span class='ocrx_word' id='word_1_714' title='bbox 3230 4356 3658 4409; x_wconf 87' lang='lat' dir='ltr'><strong>insidiatoribus</strong></span> <span class='ocrx_word' id='word_1_715' title='bbox 3692 4369 3705 4408; x_wconf 92' lang='lat'><strong>:</strong></span> 
     </span>
    </p>
   </div>
   <div class='ocr_carea' id='block_1_112' title="bbox 2017 4439 3708 4514">
    <p class='ocr_par' dir='ltr' id='par_1_112' title="bbox 2017 4439 3708 4514">
     <span class='ocr_line' id='line_1_112' title="bbox 2017 4439 3708 4514; baseline 0.004 -24"><span class='ocrx_word' id='word_1_716' title='bbox 2017 4439 2288 4509; x_wconf 85' lang='lat' dir='ltr'><strong>quoniam</strong></span> <span class='ocrx_word' id='word_1_717' title='bbox 2318 4455 2419 4492; x_wconf 91' lang='lat' dir='ltr'><strong>nec</strong></span> <span class='ocrx_word' id='word_1_718' title='bbox 2441 4444 2630 4494; x_wconf 62' lang='lat' dir='ltr'><strong>saeculi</strong></span> <span class='ocrx_word' id='word_1_719' title='bbox 2657 4444 2810 4512; x_wconf 86' lang='lat' dir='ltr'><strong>leges</strong></span> <span class='ocrx_word' id='word_1_720' title='bbox 2834 4444 2938 4496; x_wconf 91' lang='lat' dir='ltr'><strong>hoc</strong></span> <span class='ocrx_word' id='word_1_721' title='bbox 2960 4444 3301 4511; x_wconf 85' lang='lat' dir='ltr'><strong>permittunt</strong></span> <span class='ocrx_word' id='word_1_722' title='bbox 3323 4443 3467 4508; x_wconf 84' lang='lat' dir='ltr'><strong>tieri,</strong></span> <span class='ocrx_word' id='word_1_723' title='bbox 3491 4450 3708 4514; x_wconf 86' lang='lat' dir='ltr'><strong>quanto</strong></span> 
     </span>
    </p>
   </div>
   <div class='ocr_carea' id='block_1_113' title="bbox 2019 4527 2481 4596">
    <p class='ocr_par' dir='ltr' id='par_1_113' title="bbox 2019 4527 2481 4596">
     <span class='ocr_line' id='line_1_113' title="bbox 2019 4527 2481 4596; baseline 0.004 -17"><span class='ocrx_word' id='word_1_724' title='bbox 2019 4527 2199 4596; x_wconf 85' lang='lat' dir='ltr'><strong>magis</strong></span> <span class='ocrx_word' id='word_1_725' title='bbox 2230 4528 2481 4581; x_wconf 68' lang='lat' dir='ltr'><strong>divinas?</strong></span> 
     </span>
    </p>
   </div>
   <div class='ocr_carea' id='block_1_114' title="bbox 2018 4628 3711 4702">
    <p class='ocr_par' dir='ltr' id='par_1_114' title="bbox 2018 4628 3711 4702">
     <span class='ocr_line' id='line_1_114' title="bbox 2018 4628 3711 4702; baseline 0.001 -18"><span class='ocrx_word' id='word_1_726' title='bbox 2018 4632 2145 4684; x_wconf 66' lang='lat' dir='ltr'><strong>CAP.</strong></span> <span class='ocrx_word' id='word_1_727' title='bbox 2178 4632 2378 4685; x_wconf 88' lang='lat' dir='ltr'><strong>CLVII.</strong></span> <span class='ocrx_word' id='word_1_728' title='bbox 2411 4662 2482 4673; x_wconf 96' lang='lat'><strong><em>—</em></strong></span> <span class='ocrx_word' id='word_1_729' title='bbox 2530 4637 2595 4687; x_wconf 87' lang='lat' dir='ltr'><strong>Ut</strong></span> <span class='ocrx_word' id='word_1_730' title='bbox 2622 4628 2881 4702; x_wconf 81' lang='lat' dir='ltr'><strong>primates</strong></span> <span class='ocrx_word' id='word_1_731' title='bbox 2925 4635 2989 4687; x_wconf 90' lang='lat' dir='ltr'><strong>de</strong></span> <span class='ocrx_word' id='word_1_732' title='bbox 3018 4642 3266 4687; x_wconf 79' lang='lat' dir='ltr'><strong>accusata</strong></span> <span class='ocrx_word' id='word_1_733' title='bbox 3312 4638 3557 4702; x_wconf 84' lang='lat' dir='ltr'><strong>episcopo</strong></span> <span class='ocrx_word' id='word_1_734' title='bbox 3606 4650 3711 4687; x_wconf 85' lang='lat' dir='ltr'><strong>non</strong></span> 
     </span>
    </p>
   </div>
   <div class='ocr_carea' id='block_1_115' title="bbox 2084 4706 3712 4773">
    <p class='ocr_par' dir='ltr' id='par_1_115' title="bbox 2084 4706 3712 4773">
     <span class='ocr_line' id='line_1_115' title="bbox 2084 4706 3712 4773; baseline 0.001 -19"><span class='ocrx_word' id='word_1_735' title='bbox 2084 4707 2213 4755; x_wconf 87' lang='lat' dir='ltr'><strong>ante</strong></span> <span class='ocrx_word' id='word_1_736' title='bbox 2266 4707 2584 4756; x_wconf 83' lang='lat' dir='ltr'><strong>sententiam</strong></span> <span class='ocrx_word' id='word_1_737' title='bbox 2624 4709 2907 4772; x_wconf 80' lang='lat' dir='ltr'><strong>proferant</strong></span> <span class='ocrx_word' id='word_1_738' title='bbox 2954 4706 3343 4766; x_wconf 80' lang='lat' dir='ltr'><strong>damnationis,</strong></span> <span class='ocrx_word' id='word_1_739' title='bbox 3403 4720 3567 4773; x_wconf 87' lang='lat' dir='ltr'><strong>quam</strong></span> <span class='ocrx_word' id='word_1_740' title='bbox 3616 4708 3712 4755; x_wconf 88' lang='lat' dir='ltr'><strong>aut</strong></span> 
     </span>
    </p>
   </div>
   <div class='ocr_carea' id='block_1_116' title="bbox 2087 4777 3711 4841">
    <p class='ocr_par' dir='ltr' id='par_1_116' title="bbox 2087 4777 3711 4841">
     <span class='ocr_line' id='line_1_116' title="bbox 2087 4777 3711 4841; baseline 0.001 -17"><span class='ocrx_word' id='word_1_741' title='bbox 2087 4788 2235 4825; x_wconf 87' lang='lat' dir='ltr'><strong>reum</strong></span> <span class='ocrx_word' id='word_1_742' title='bbox 2291 4779 2525 4841; x_wconf 83' lang='lat' dir='ltr'><strong>seipsum</strong></span> <span class='ocrx_word' id='word_1_743' title='bbox 2555 4780 2891 4841; x_wconf 79' lang='lat' dir='ltr'><strong>confiteatur,</strong></span> <span class='ocrx_word' id='word_1_744' title='bbox 2945 4780 3041 4828; x_wconf 87' lang='lat' dir='ltr'><strong>aut</strong></span> <span class='ocrx_word' id='word_1_745' title='bbox 3101 4780 3349 4829; x_wconf 80' lang='lat' dir='ltr'><strong>canonice</strong></span> <span class='ocrx_word' id='word_1_746' title='bbox 3399 4791 3495 4841; x_wconf 84' lang='lat' dir='ltr'><strong>per</strong></span> <span class='ocrx_word' id='word_1_747' title='bbox 3550 4777 3711 4827; x_wconf 90' lang='lat' dir='ltr'><strong>inno-</strong></span> 
     </span>
    </p>
   </div>
   <div class='ocr_carea' id='block_1_117' title="bbox 2089 4850 2846 4899">
    <p class='ocr_par' dir='ltr' id='par_1_117' title="bbox 2089 4850 2846 4899">
     <span class='ocr_line' id='line_1_117' title="bbox 2089 4850 2846 4899; baseline 0.001 -3"><span class='ocrx_word' id='word_1_748' title='bbox 2089 4850 2260 4896; x_wconf 78' lang='lat' dir='ltr'><strong>centes</strong></span> <span class='ocrx_word' id='word_1_749' title='bbox 2293 4851 2448 4897; x_wconf 82' lang='lat' dir='ltr'><strong>testes</strong></span> <span class='ocrx_word' id='word_1_750' title='bbox 2479 4850 2846 4899; x_wconf 67' lang='lat' dir='ltr'><strong>contineatur.</strong></span> 
     </span>
    </p>
   </div>
   <div class='ocr_carea' id='block_1_118' title="bbox 2091 4948 3712 5018">
    <p class='ocr_par' dir='ltr' id='par_1_118' title="bbox 2091 4948 3712 5018">
     <span class='ocr_line' id='line_1_118' title="bbox 2091 4948 3712 5018; baseline -0.001 -17"><span class='ocrx_word' id='word_1_751' title='bbox 2091 4948 2200 5015; x_wconf 81' lang='lat' dir='ltr'><strong>(Ea:</strong></span> <span class='ocrx_word' id='word_1_752' title='bbox 2238 4950 2395 5016; x_wconf 87' lang='lat' dir='ltr'><strong>epist.</strong></span> <span class='ocrx_word' id='word_1_753' title='bbox 2436 4950 2629 5003; x_wconf 83' lang='lat' dir='ltr'><strong>Felicis</strong></span> <span class='ocrx_word' id='word_1_754' title='bbox 2675 4967 2766 5017; x_wconf 87' lang='lat' dir='ltr'><strong>pa.</strong></span> <span class='ocrx_word' id='word_1_755' title='bbox 2805 4953 3031 5005; x_wconf 81' lang='lat' dir='ltr'><strong>Paterno</strong></span> <span class='ocrx_word' id='word_1_756' title='bbox 3081 4954 3213 5018; x_wconf 84' lang='lat' dir='ltr'><strong>epis.</strong></span> <span class='ocrx_word' id='word_1_757' title='bbox 3256 4952 3430 5013; x_wconf 82' lang='lat' dir='ltr'><strong>miss.,</strong></span> <span class='ocrx_word' id='word_1_758' title='bbox 3479 4966 3597 5016; x_wconf 90' lang='lat' dir='ltr'><strong>cap.</strong></span> <span class='ocrx_word' id='word_1_759' title='bbox 3630 4949 3712 5017; x_wconf 76' lang='grc'><strong>4.)</strong></span> 
     </span>
    </p>
   </div>
   <div class='ocr_carea' id='block_1_119' title="bbox 2020 5036 3708 5107">
    <p class='ocr_par' dir='ltr' id='par_1_119' title="bbox 2020 5036 3708 5107">
     <span class='ocr_line' id='line_1_119' title="bbox 2020 5036 3708 5107; baseline 0.001 -20"><span class='ocrx_word' id='word_1_760' title='bbox 2020 5036 2297 5088; x_wconf 87' lang='lat' dir='ltr'><strong>Primates</strong></span> <span class='ocrx_word' id='word_1_761' title='bbox 2326 5053 2553 5106; x_wconf 85' lang='lat' dir='ltr'><strong>quoque</strong></span> <span class='ocrx_word' id='word_1_762' title='bbox 2593 5044 2921 5091; x_wconf 83' lang='lat' dir='ltr'><strong>accusatum</strong></span> <span class='ocrx_word' id='word_1_763' title='bbox 2954 5041 3324 5092; x_wconf 86' lang='lat' dir='ltr'><strong>discutientes</strong></span> <span class='ocrx_word' id='word_1_764' title='bbox 3356 5040 3708 5107; x_wconf 81' lang='lat' dir='ltr'><strong>episcopum,</strong></span> 
     </span>
    </p>
   </div>
   <div class='ocr_carea' id='block_1_120' title="bbox 2021 5125 3711 5195">
    <p class='ocr_par' dir='ltr' id='par_1_120' title="bbox 2021 5125 3711 5195">
     <span class='ocr_line' id='line_1_120' title="bbox 2021 5125 3711 5195; baseline 0.002 -20"><span class='ocrx_word' id='word_1_765' title='bbox 2021 5141 2132 5176; x_wconf 90' lang='lat' dir='ltr'><strong>non</strong></span> <span class='ocrx_word' id='word_1_766' title='bbox 2162 5129 2293 5177; x_wconf 84' lang='lat' dir='ltr'><strong>ante</strong></span> <span class='ocrx_word' id='word_1_767' title='bbox 2343 5125 2684 5179; x_wconf 86' lang='lat' dir='ltr'><strong>sententiam</strong></span> <span class='ocrx_word' id='word_1_768' title='bbox 2726 5128 3022 5195; x_wconf 75' lang='lat' dir='ltr'><strong>proferant</strong></span> <span class='ocrx_word' id='word_1_769' title='bbox 3069 5126 3479 5190; x_wconf 78' lang='lat' dir='ltr'><strong>damnationis,</strong></span> <span class='ocrx_word' id='word_1_770' title='bbox 3516 5142 3711 5195; x_wconf 82' lang='lat' dir='ltr'><strong>quam,</strong></span> 
     </span>
    </p>
   </div>
   <div class='ocr_carea' id='block_1_121' title="bbox 2019 5212 3712 5282">
    <p class='ocr_par' dir='ltr' id='par_1_121' title="bbox 2019 5212 3712 5282">
     <span class='ocr_line' id='line_1_121' title="bbox 2019 5212 3712 5282; baseline 0.001 -19"><span class='ocrx_word' id='word_1_771' title='bbox 2019 5212 2325 5278; x_wconf 89' lang='lat' dir='ltr'><strong>apostolica</strong></span> <span class='ocrx_word' id='word_1_772' title='bbox 2359 5214 2537 5266; x_wconf 86' lang='lat' dir='ltr'><strong>fretus</strong></span> <span class='ocrx_word' id='word_1_773' title='bbox 2565 5215 2923 5280; x_wconf 87' lang='lat' dir='ltr'><strong>auctoritate,</strong></span> <span class='ocrx_word' id='word_1_774' title='bbox 2958 5221 3055 5267; x_wconf 87' lang='lat' dir='ltr'><strong>aut</strong></span> <span class='ocrx_word' id='word_1_775' title='bbox 3096 5230 3253 5265; x_wconf 81' lang='lat' dir='ltr'><strong>reum</strong></span> <span class='ocrx_word' id='word_1_776' title='bbox 3286 5214 3539 5282; x_wconf 85' lang='lat' dir='ltr'><strong>seipsum</strong></span> <span class='ocrx_word' id='word_1_777' title='bbox 3578 5230 3712 5266; x_wconf 88' lang='lat' dir='ltr'><strong>con-</strong></span> 
     </span>
    </p>
   </div>
   <div class='ocr_carea' id='block_1_122' title="bbox 2020 5299 3716 5370">
    <p class='ocr_par' dir='ltr' id='par_1_122' title="bbox 2020 5299 3716 5370">
     <span class='ocr_line' id='line_1_122' title="bbox 2020 5299 3716 5370; baseline 0.002 -20"><span class='ocrx_word' id='word_1_778' title='bbox 2020 5299 2271 5363; x_wconf 87' lang='lat' dir='ltr'><strong>ﬁteatur,</strong></span> <span class='ocrx_word' id='word_1_779' title='bbox 2321 5307 2421 5354; x_wconf 88' lang='lat' dir='ltr'><strong>aut</strong></span> <span class='ocrx_word' id='word_1_780' title='bbox 2450 5317 2551 5370; x_wconf 88' lang='lat' dir='ltr'><strong>per</strong></span> <span class='ocrx_word' id='word_1_781' title='bbox 2599 5302 2927 5356; x_wconf 81' lang='lat' dir='ltr'><strong>innocentes</strong></span> <span class='ocrx_word' id='word_1_782' title='bbox 2971 5309 3028 5355; x_wconf 90' lang='lat' dir='ltr'><strong>et</strong></span> <span class='ocrx_word' id='word_1_783' title='bbox 3057 5302 3325 5355; x_wconf 81' lang='lat' dir='ltr'><strong>canonice</strong></span> <span class='ocrx_word' id='word_1_784' title='bbox 3367 5303 3716 5356; x_wconf 85' lang='lat' dir='ltr'><strong>examinatos</strong></span> 
     </span>
    </p>
   </div>
   <div class='ocr_carea' id='block_1_123' title="bbox 2022 5387 3713 5454">
    <p class='ocr_par' dir='ltr' id='par_1_123' title="bbox 2022 5387 3713 5454">
     <span class='ocr_line' id='line_1_123' title="bbox 2022 5387 3713 5454; baseline 0.003 -16"><span class='ocrx_word' id='word_1_785' title='bbox 2022 5387 2363 5454; x_wconf 83' lang='lat' dir='ltr'><strong>regulariter</strong></span> <span class='ocrx_word' id='word_1_786' title='bbox 2408 5393 2577 5441; x_wconf 86' lang='lat' dir='ltr'><strong>testes</strong></span> <span class='ocrx_word' id='word_1_787' title='bbox 2622 5392 3007 5443; x_wconf 71' lang='lat' dir='ltr'><strong>convincatur.</strong></span> <span class='ocrx_word' id='word_1_788' title='bbox 3046 5392 3223 5442; x_wconf 83' lang='lat' dir='ltr'><strong>Aliter</strong></span> <span class='ocrx_word' id='word_1_789' title='bbox 3261 5406 3558 5443; x_wconf 74' lang='lat' dir='ltr'><strong>censemus</strong></span> <span class='ocrx_word' id='word_1_790' title='bbox 3587 5391 3713 5443; x_wconf 90' lang='lat' dir='ltr'><strong>irri-</strong></span> 
     </span>
    </p>
   </div>
   <div class='ocr_carea' id='block_1_124' title="bbox 2026 5476 3719 5547">
    <p class='ocr_par' dir='ltr' id='par_1_124' title="bbox 2026 5476 3719 5547">
     <span class='ocr_line' id='line_1_124' title="bbox 2026 5476 3719 5547; baseline 0.001 -19"><span class='ocrx_word' id='word_1_791' title='bbox 2026 5481 2139 5528; x_wconf 87' lang='lat' dir='ltr'><strong>tam</strong></span> <span class='ocrx_word' id='word_1_792' title='bbox 2173 5490 2293 5527; x_wconf 86' lang='lat' dir='ltr'><strong>esse</strong></span> <span class='ocrx_word' id='word_1_793' title='bbox 2324 5483 2374 5527; x_wconf 88' lang='lat' dir='ltr'><strong>et</strong></span> <span class='ocrx_word' id='word_1_794' title='bbox 2421 5476 2695 5545; x_wconf 73' lang='lat' dir='ltr'><strong>injustam</strong></span> <span class='ocrx_word' id='word_1_795' title='bbox 2728 5480 3122 5547; x_wconf 73' lang='lat' dir='ltr'><strong>episcoporum</strong></span> <span class='ocrx_word' id='word_1_796' title='bbox 3175 5482 3623 5543; x_wconf 87' lang='lat' dir='ltr'><strong>damnationem,</strong></span> <span class='ocrx_word' id='word_1_797' title='bbox 3663 5485 3719 5530; x_wconf 92' lang='lat' dir='ltr'><strong>et</strong></span> 
     </span>
    </p>
   </div>
  </div>
