4022 6190
296 166 399 219 595

295 287 507 342 idcirco
555 302 588 340 a
628 284 847 357 synodo
875 283 1294 338 retractandam
1326 299 1338 338 :
1373 283 1450 337 ita
1479 288 1545 338 ut
1586 281 1872 354 oppressis
1921 281 1993 337 ab
2021 281 2070 335 A

297 374 569 429 omnibus
600 373 661 427 in
691 371 912 427 cunctis
945 372 1317 426 subveniatur
1343 371 1544 425 causis.

299 480 428 536 CAP.
480 480 706 536 CLVIII.
757 508 827 518 —
880 479 1080 602 Quali;
1111 480 1322 601 pripzas
1367 491 1478 530 esse
1523 476 1606 528 vel
1660 474 1796 544 quid
1839 489 1997 541 agere

1082 565 1108 600 e
1143 564 1206 602 ea
1234 588 1248 601 .

1082 554 1248 602 ebeat.

373 638 484 709 (Ea:
547 654 624 692 re.
694 637 768 692 ad
819 636 1159 693 Gennadium
1213 637 1512 690 Patricium
1567 638 1618 687 et
1672 634 1999 688 Emarchum

299 724 558 795 Africa.)
591 724 911 780 Concilium
959 739 1094 775 vero
1141 722 1550 775 catholicorum
1593 721 1997 790 episcoporum

300 812 602 868 admoneri
657 811 971 883 praecipite,
1032 815 1096 862 ut
1143 810 1450 879 primatem
1500 824 1616 862 non
1673 825 1738 862 ex
1795 808 1998 862 ordine

300 901 432 966 loci,
484 899 812 971 postpositis
855 898 985 951 vitae
1028 897 1272 962 meritis,
1316 896 1506 965 faciat,
1540 895 1814 966 quoniam
1845 894 1999 964 apud

302 988 609 1042 Dominum
655 1003 768 1040 non
799 986 1010 1054 gradus
1053 983 1394 1053 elegantior,
1426 983 1524 1036 sed
1567 983 1698 1036 vitae
1743 982 2000 1036 melioris

303 1076 449 1129 actio
495 1073 922 1143 comprobatur.
974 1073 1100 1140 Ipse
1147 1087 1279 1124 vero
1332 1071 1550 1140 primas
1596 1086 1713 1123 non
1762 1070 1996 1140 passim,

303 1163 448 1216 sicut
477 1163 656 1215 moris
705 1166 810 1225 est,
837 1177 941 1230 per
981 1161 1163 1228 villas,
1201 1160 1295 1213 sed
1329 1161 1388 1212 in
1421 1175 1554 1226 una,
1596 1159 1757 1229 juxta
1799 1174 1997 1212 eorum

302 1251 663 1313 electionem,
693 1249 916 1302 civitate
947 1249 1213 1302 resideat.

302 1357 432 1410 CAP.
466 1355 652 1410 CLIX.
681 1385 748 1393 —
796 1355 862 1407 Ut
908 1351 1150 1421 episcopi
1174 1351 1517 1419 singularum
1547 1353 1786 1418 gentium
1825 1354 2001 1406 sciant

767 1426 888 1492 quis
919 1427 1062 1476 inter
1089 1437 1173 1477 eos
1203 1425 1276 1476 sit
1306 1425 1535 1490 primus.

375 1524 487 1591 (Ea:
551 1521 762 1590 epistol.
831 1520 1084 1573 Anacleti
1152 1534 1342 1587 papae,
1419 1518 1665 1572 omnibus
1739 1519 2001 1587 episcopis
2033 1559 2073 1612 Β

303 1610 519 1676 missa.)
564 1608 721 1662 Beati
770 1608 943 1660 etiam
993 1606 1238 1676 apostoli
1285 1607 1436 1659 inter
1463 1621 1524 1659 se
1572 1610 1896 1660 statuerunt
1940 1611 2004 1660 ut

306 1696 557 1768 episcopi
605 1696 964 1766 singularum
1007 1695 1217 1748 scirent
1251 1694 1509 1764 gentium
1556 1695 1684 1764 quis
1715 1694 1865 1748 inter
1906 1710 2004 1748 eos

306 1785 530 1855 primus
561 1788 728 1842 esset,
781 1787 1062 1853 quatenus
1089 1782 1160 1836 ad
1209 1798 1340 1836 eum
1388 1782 1574 1852 potior
1602 1797 1802 1835 eorum
1846 1781 2000 1835 solli-

307 1873 501 1928 citudo
562 1872 895 1942 pertineret.
957 1871 1094 1925 Nam
1153 1876 1210 1924 et
1269 1871 1421 1924 inter
1474 1871 1666 1924 beatos
1721 1870 2006 1940 apostolos

309 1961 576 2032 quaedam
598 1960 707 2014 fuit
727 1959 1008 2014 discretio.
1040 1960 1124 2026 Et,
1152 1959 1284 2012 licet
1305 1975 1506 2012 omnes
1532 1962 1720 2012 essent
1741 1959 2003 2028 apostoli,

309 2051 477 2104 Petro
518 2053 712 2101 tamen
741 2064 775 2100 a
807 2046 1049 2100 Domino
1081 2051 1166 2099 est
1210 2062 1564 2112 concessum,
1614 2051 1671 2100 et
1697 2046 1809 2116 ipsi
1855 2047 2009 2100 inter

311 2154 370 2191 se
413 2136 664 2206 idipsum
711 2134 1018 2189 voluerunt
1046 2139 1112 2188 ut
1140 2134 1379 2204 reliquis
1429 2135 1698 2188 omnibus
1740 2139 2011 2204 praeesset

312 2223 587 2294 apostolis
621 2223 858 2294 Cephas,
914 2222 968 2277 id
1000 2227 1103 2287 est,
1139 2226 1201 2274 ut
1249 2223 1448 2275 Petrus
1491 2222 1877 2292 principatum
1923 2227 2010 2276 te-

311 2316 477 2367 neret
506 2312 877 2381 apostolatus.
927 2310 1036 2374 Qui
1067 2314 1120 2363 et
1156 2311 1415 2364 eamdem
1465 2310 1709 2364 formam
1741 2309 1858 2363 suis
1889 2326 2011 2364 suc-

313 2399 629 2454 cessoribus
677 2402 734 2452 et
781 2396 1020 2468 reliquis
1066 2397 1347 2468 episcopis
1395 2397 1704 2451 tenendam
1757 2397 2010 2450 tradide-

314 2493 469 2542 runt.
526 2489 590 2541 Et
647 2501 764 2540 non
803 2487 990 2540 solum
1043 2485 1151 2539 hoc
1207 2485 1266 2538 in
1316 2487 1469 2540 Novo
1519 2487 1884 2540 Testamento
1929 2491 2014 2540 est

316 2575 711 2641 constitutum,
747 2575 845 2628 sed
879 2574 1053 2628 etiam
1084 2573 1143 2627 in
1174 2574 1362 2626 Veteri
1393 2572 1518 2627 fuit.
1557 2573 1714 2627 Unde
1738 2574 2012 2645 scriptum

317 2669 402 2718 est
436 2678 451 2718 :
488 2665 665 2717 Moses
717 2666 774 2716 et
821 2665 1012 2716 Aaron
1061 2661 1119 2714 in
1163 2661 1555 2715 sacerdotibus
1606 2662 1749 2732 ejus,
1800 2662 1859 2716 id
1906 2668 2010 2730 est,

316 2752 492 2823 primi
541 2751 691 2805 inter
723 2767 821 2804 eos
861 2751 1111 2804 fuerunt.
1161 2751 1224 2802 Et
1253 2749 1516 2819 quamvis
1544 2749 1624 2802 ita
1664 2749 1738 2803 sit
1781 2750 2014 2803 ordina-

1371 159 1781 216 BURCHARDI
1817 155 2356 214 WORMACIENSIS
2392 153 2730 210 EPISCOPI.

3712 159 3835 211 596

2108 283 2300 334 matur
2347 278 2584 334 facultas
2626 294 2810 332 causae
2839 278 3204 349 peragendae,
3250 278 3299 332 si
3335 295 3396 332 se
3427 279 3498 333 ad
3529 281 3702 334 diem
3740 297 3846 332 oc-

2107 383 2337 422 currere
2383 383 2501 420 non
2545 366 2813 429 noluisse,
2854 367 2950 420 sed
2989 382 3104 420 non
3152 366 3409 436 potuisse
3458 367 3843 438 probaverit.

2106 455 2252 509 Illud
2283 470 2416 508 vero
2446 454 2680 524 placuit,
2727 458 2812 521 ut,
2855 451 2988 508 cum
3018 469 3187 524 agere
3221 455 3459 525 coeperit
3504 456 3564 508 in
3596 455 3851 525 episco-

2107 559 2318 614 porum
2355 543 2594 613 judicio,
2628 542 2675 596 si
2710 541 2890 596 fuerit
2933 539 3278 596 accusatoris
3325 559 3573 613 persona
3617 543 3850 612 culpa-

2108 632 2260 696 bilis,
2293 633 2364 686 ad
2412 631 2773 700 arguendum
2826 647 2945 684 non
2983 631 3341 699 admittatur,
3387 632 3502 685 nisi
3548 630 3852 702 proprias

2108 735 2326 786 causas,
2355 735 2473 772 non
2504 725 2692 772 tamen
2729 719 3154 780 ecclesiasticas,
3189 735 3445 774 asserere
3475 721 3766 774 voluerit.

2110 825 2238 880 CAP.
2271 825 2444 878 CLXI.
2477 855 2548 865 —
2580 825 2662 878 De
2700 827 2946 880 Maagimo
2973 827 3218 894 episcopo
3265 827 3443 879 variis
3487 824 3850 879 criminibus

2178 897 2474 960 infamato,
2523 901 2572 949 et
2602 895 2676 948 ad
2719 901 2986 962 synodum
3017 900 3212 964 sepius
3257 903 3446 964 vocato
3485 900 3589 965 qui
3638 900 3852 949 venire

2181 971 2231 1019 et
2260 981 2316 1019 se
2343 982 2602 1020 excusare
2628 970 2962 1036 neglexerat.
3893 977 3896 979 λ

2182 1072 2288 1141 (Em
2344 1075 2501 1142 epist.
2555 1073 2842 1140 Boni/acii
2886 1089 3042 1142 papa
3097 1073 3172 1126 ad
3224 1075 3507 1143 episcopos
3569 1073 3848 1141 Galliae.)

2110 1161 2430 1215 Bonifacius
2482 1161 2783 1232 episc0pus
2835 1162 3125 1228 Patroclo,
3184 1162 3482 1232 Remigio,
3548 1162 3846 1225 Maximo,

2111 1249 2349 1315 Hilario,
2415 1249 2642 1314 Severo,
2697 1249 2949 1312 Juliano,
3008 1249 3281 1314 Casto'rio,
3339 1249 3606 1309 Leontio.
3673 1250 3847 1304 Con-

2111 1339 2381 1403 stantino,
2430 1337 2652 1403 Joanni,
2695 1339 2980 1402 Montano,
3035 1338 3274 1403 Marino,
3322 1343 3380 1391 et
3423 1337 3660 1391 caeteris
3715 1337 3844 1407 epi-

2113 1426 2302 1495 scopis
2332 1441 2436 1494 per
2485 1425 2692 1480 Gallias
2741 1429 2796 1478 et
2827 1442 2930 1496 per
2975 1430 3191 1495 septem
3229 1426 3559 1495 provincias
3606 1424 3847 1478 consti-

2112 1514 2270 1566 tutis.
2321 1513 2634 1566 Valentinaa
2682 1528 2788 1566 nos
2833 1512 3023 1566 clerici
3070 1513 3312 1566 civitatis
3344 1514 3646 1580 adierunt,
3700 1530 3847 1583 pro-

2112 1605 2394 1672 ponentes
2451 1601 2713 1655 libellum
2766 1605 2824 1654 et
2867 1601 3110 1654 crimina
3160 1618 3286 1672 quae
3338 1601 3659 1657 Maximum
3719 1606 3847 1654 tota

2110 1690 2406 1760 provincia
2448 1691 2652 1744 asserit
2681 1691 3054 1744 commisisse.
3106 1691 3378 1761 Delegata
3415 1692 3592 1744 toties
3621 1691 3844 1761 cogni-

2113 1778 2290 1844 tione,
2324 1778 2488 1832 illum
2529 1779 2838 1832 constituta
2867 1795 3096 1848 semper
3135 1779 3554 1849 subterfugisse
3579 1779 3843 1848 judicia,

2112 1882 2220 1920 nec
2263 1866 2567 1920 confusum
2610 1867 2952 1920 conscientia
2986 1868 3304 1935 festinasse,
3351 1873 3413 1921 nt
3443 1867 3493 1921 si
3547 1872 3713 1921 esset
3757 1868 3844 1921 in-

2113 1969 2346 2020 nocens,
2373 1954 2763 2008 exterminatis
2781 1955 3073 2020 omnibus,
3097 1961 3446 2026 purgaretur
3469 1973 3483 2010 :
3503 1972 3644 2026 quae
3666 1957 3844 2010 toties

2117 2041 2344 2096 decreta
2373 2059 2440 2096 ex
2472 2048 2796 2097 nostrarum
2841 2060 3069 2114 quoque
3112 2044 3439 2098 chartarum
3486 2044 3842 2098 instructio-

2116 2146 2189 2184 ne
2233 2129 2624 2198 cognovimus.
2674 2131 2782 2194 Qui
2830 2131 3146 2185 econtrario
3189 2131 3454 2202 probavit
3500 2132 3575 2186 de
3616 2148 3690 2186 se
3745 2133 3845 2186 illa

2118 2234 2245 2289 quae
2277 2219 2428 2272 dicta
2469 2223 2624 2284 sunt,
2674 2218 2808 2288 quia
2853 2220 2921 2273 ad
2953 2236 3020 2272 ea
3065 2219 3432 2287 confutanda,
3466 2236 3606 2274 cum
3638 2224 3845 2274 essent

2118 2307 2443 2372 innumera,
2489 2323 2524 2360 a
2554 2307 2946 2361 decessoribus
2991 2309 3137 2362 meis
3188 2308 3560 2378 provincialis
3605 2313 3704 2362 est
3740 2309 3845 2362 de-

2118 2395 2310 2463 legata
2357 2395 2628 2465 cognitio.
2667 2396 2993 2450 Conventus
3042 2397 3215 2451 etiam
3247 2396 3460 2451 dicitur
3489 2397 3738 2464 vitasse,
3788 2402 3846 2451 et

2122 2483 2362 2536 minime
2412 2483 2608 2537 adesse
2640 2485 2885 2538 voluisse
2915 2502 2928 2539 :
2963 2491 3020 2539 et
3058 2487 3249 2539 nullus
3296 2485 3526 2539 dubitat
3564 2487 3736 2556 quod
3769 2487 3853 2540 ita

2115 2571 2404 2640 judicium
2458 2587 2672 2625 nocens
2702 2573 3064 2642 subterfugit,
3099 2575 3595 2644 quemadmodum
3642 2581 3721 2628 ut
3749 2575 3852 2629 ab—

2124 2659 2379 2713 solvatur
2424 2660 2524 2730 qui
2555 2666 2641 2714 est
2684 2661 2961 2714 innocens
2995 2662 3204 2732 quaerit
3233 2678 3245 2715 :
3278 2663 3373 2716 sed
3422 2668 3616 2716 astuta
3671 2665 3853 2718 cavil-

2124 2749 2261 2802 latio
2323 2763 2525 2802 eorum
2592 2749 2692 2819 qui
2750 2750 2992 2803 versutis
3055 2751 3344 2821 agendum
3402 2751 3653 2805 credunt
3723 2768 3852 2805 esse

317 2843 460 2898 tum,
511 2851 682 2888 nemo
713 2840 908 2887 tamen
939 2833 1093 2903 quod
1139 2849 1304 2886 suum
1337 2839 1422 2886 est
1451 2837 1688 2903 quaerat,
1736 2833 1831 2886 sed
1865 2835 2021 2904 quod
2048 2835 2087 2890 C
2125 2837 2402 2903 consiliis,
2437 2853 2734 2908 nunquam
2781 2839 3123 2892 innocentia:
3152 2856 3359 2892 nomen
3391 2841 3658 2910 accipiet.
3695 2842 3851 2896 Con-

321 2924 575 2978 alterius.
633 2922 786 2976 Unde
834 2921 915 2975 ait
958 2923 1157 2974 beatus
1207 2921 1497 2991 apostolus
1542 2922 1752 2975 Paulus
1785 2937 1798 2973 :
1833 2923 2017 2974 Unus-

321 3011 564 3082 quisque
613 3010 837 3080 placeat
878 3008 1140 3077 proximo
1184 3023 1285 3059 suo
1317 3007 1376 3060 in
1410 3007 1624 3061 bonum
1665 3007 1738 3060 ad
1767 3007 2016 3061 aedifica-

320 3098 554 3150 tionem.
609 3098 674 3149 Et
725 3094 870 3148 sicut
927 3095 1047 3164 ipse
1099 3095 1356 3148 Salvator
1403 3094 1520 3147 suis
1552 3095 1633 3148 ait
1677 3095 2014 3164 discipulis:

323 3181 432 3244 Qui
465 3181 652 3249 major
697 3183 782 3231 est
819 3183 1092 3244 vestrum,
1128 3177 1239 3230 erit
1279 3177 1540 3230 minister
1590 3183 1796 3232 vester.
1830 3179 1898 3232 Et
1927 3195 2017 3232 re-

326 3270 499 3338 liqua.

325 3375 456 3430 CAP.
507 3373 654 3428 CLX.
707 3401 778 3413 --
826 3373 893 3426 Ut
953 3373 1231 3439 episcOpus
1287 3377 1570 3424 accusatus
1627 3386 1736 3425 non
1779 3385 2018 3426 commu-

465 3447 624 3498 nione
646 3446 912 3511 privetur,
946 3444 1056 3495 nisi
1076 3443 1163 3495 die
1186 3447 1394 3495 statuta
1419 3444 1598 3496 veni-re
1623 3444 1873 3497 noluerit.

394 3550 516 3618 (Ea:
543 3549 730 3602 concil.
765 3547 1060 3613 Carthag.,
1109 3562 1229 3615 Cap.
1268 3546 1377 3618 19.)
1410 3547 1675 3601 Aurelius
1723 3547 2020 3617 episcopus

321 3637 464 3691 dixit
502 3653 514 3690 :
558 3636 829 3706 Quisquis
871 3636 1270 3705 episcoporum
1318 3641 1635 3701 accusatur,
1686 3637 1754 3688 ad
1800 3635 2018 3706 prima-

318 3728 434 3779 tem
471 3723 776 3794 provinciae
819 3723 1000 3792 ipsius
1034 3738 1262 3775 causam
1306 3722 1524 3776 deferat
1566 3727 1881 3789 accusator,
1917 3738 2021 3776 nec

320 3829 354 3868 a
401 3811 810 3866 communione
856 3811 1235 3880 suspendatur
1281 3810 1373 3864 cui
1419 3811 1637 3864 crimen
1680 3810 2017 3875 intenditur,

320 3901 432 3955 nisi
457 3899 502 3952 si
533 3900 599 3953 ad
621 3915 852 3953 causam
874 3914 1034 3951 suam
1059 3899 1382 3963 dicendam,
1403 3900 1717 3951 electorum
1734 3896 2017 3968 judicium

321 3990 413 4042 die
443 3992 653 4041 statuta
685 3985 891 4040 litteris
939 3992 1225 4050 evocatus,
1260 3985 1498 4038 minime
1547 3985 1875 4048 occurrerit,
1916 3986 2022 4039 hoc

2126 2925 2320 2978 ﬁtetur
2368 2925 2524 2979 enim
2576 2925 2646 2979 de
2696 2928 2966 2981 omnibus
3014 2927 3278 2998 quisquis
3321 2943 3378 2980 se
3429 2928 3851 2998 subterfugere

2118 3013 2401 3082 judicium
2449 3014 2822 3068 dilationibus
2851 3019 3033 3085 putat.
3065 3015 3267 3068 Veniet
3295 3021 3487 3068 tamen
3519 3017 3849 3086 aliquando

2126 3101 2222 3154 ille
2253 3101 2351 3172 qui
2384 3102 2510 3155 talis
2541 3103 2881 3170 perhibetur
2911 3104 2970 3156 in
3006 3103 3282 3157 medium.
3323 3104 3433 3156 Nec
3481 3104 3738 3174 prodest
3765 3105 3850 3156 illi

2123 3191 2296 3242 toties
2337 3190 2590 3254 latuisse,
2636 3191 2806 3244 toties
2845 3191 3276 3262 subterfugisse,
3328 3209 3502 3263 quem
3553 3192 3647 3245 sui
3685 3199 3850 3246 actus

2127 3283 2182 3331 et
2210 3279 2536 3344 commissa,
2568 3295 2916 3350 quocunque
2953 3280 3186 3350 fugerit,
3222 3297 3288 3334 ea
3315 3297 3445 3352 quae
3474 3281 3850 3352 objiciuntur

2126 3366 2231 3432 illi,
2261 3367 2306 3420 si
2346 3383 2479 3420 vera
2517 3372 2670 3433 sunt,
2719 3369 2961 3422 crimina
3008 3376 3456 3439 persequuntur.
3509 3370 3846 3424 Debueram

2127 3455 2360 3524 quidem
2387 3456 2509 3526 jam
2560 3472 2711 3509 nunc
2735 3457 2970 3527 dignam
3004 3474 3108 3528 pro
3143 3459 3267 3527 ejus
3310 3459 3590 3511 accusatis
3637 3459 3701 3512 in
3741 3475 3846 3511 no-

2129 3548 2246 3596 stro
2290 3544 2509 3612 judicio
2558 3541 2798 3611 actibus,
2847 3545 2947 3616 qui
2993 3546 3384 3615 cognitionem
3433 3553 3490 3599 et
3538 3547 3843 3600 decretum

2122 3631 2406 3700 judicium
2441 3649 2591 3702 smpe
2628 3633 2969 3688 declinando
2999 3634 3247 3688 credidit
3275 3635 3669 3694 illudendum.
3708 3637 3846 3689 dare

2130 3719 2492 3773 sententiam.
2548 3723 2616 3774 At
2663 3737 2732 3774 ne
2787 3722 3005 3792 aliquid
3061 3723 3350 3792 praecoqui
3397 3723 3649 3777 forsitan
3699 3724 3849 3792 judio

2129 3813 2304 3872 caret,
2355 3812 2411 3862 et
2457 3809 2565 3862 sibi
2613 3810 2712 3879 qui
2773 3810 2974 3864 absens
3031 3815 3134 3875 est,
3179 3812 3308 3864 licet
3361 3812 3435 3864 sit
3487 3812 3777 3880 quaesitus
3812 3827 3843 3863 a

2131 3896 2320 3960 nobis,
2344 3903 2694 3951 reservatum
2738 3914 2861 3951 esse
2910 3899 3054 3953 nihil
3093 3899 3329 3965 diceret,
3356 3900 3710 3953 -maluimus
3763 3901 3844 3952 in-

2128 3985 2492 4054 tercapedine
2544 3986 2820 4056 temporis
2867 3987 3000 4040 data
3048 3987 3284 4051 differri,
3336 4003 3465 4040 cum
3504 3988 3618 4041 hoc
3667 3989 3842 4042 etiam

322 4082 426 4142 est,
454 4077 604 4130 infra
635 4075 885 4144 spatium
921 4073 1132 4126 mensis
1176 4090 1240 4126 ex
1279 4090 1344 4125 ea
1373 4073 1463 4125 die
1492 4089 1604 4142 qua
1636 4089 1765 4126 eum
1799 4074 2016 4126 litteras
2048 4110 2090 4163 Β
2132 4071 2256 4140 ejus
2303 4079 2657 4127 accusatores
2697 4079 3036 4128 assererent.
3092 4077 3169 4129 De
3205 4076 3364 4145 cujus
3410 4076 3844 4130 intentionibus

321 4164 604 4234 accepisse
653 4161 994 4214 constiterit.
1043 4160 1203 4224 Quod
1239 4161 1285 4213 si
1314 4161 1532 4228 aliquas
1567 4177 1728 4214 veras
1773 4163 2016 4214 necessi-

320 4252 452 4306 tatis
497 4266 696 4303 causas
743 4249 1088 4318 probaverit,
1135 4249 1343 4318 quibus
1377 4265 1509 4302 eum
1557 4265 1854 4303 occurrere
1905 4266 2020 4304 non

320 4338 573 4409 potuisse
624 4337 991 4389 manifestum
1041 4336 1134 4398 sit,
1167 4352 1354 4390 causa;
1404 4353 1521 4390 suae
1565 4339 1820 4391 dicenda:
1870 4338 2020 4392 intra

322 4427 567 4479 alterum
619 4440 878 4477 mensem
928 4423 1210 4494 integram
1266 4426 1475 4478 habeat
1519 4427 1867 4480 facultatem.
1922 4429 2021 4480 Ve-

322 4530 451 4568 rum
491 4517 621 4582 post
671 4528 925 4566 mensem
977 4515 1286 4567 secundum
1335 4530 1450 4567 non
1484 4515 1871 4568 communicet
1918 4516 2022 4569 do-

323 4617 429 4655 nec
471 4601 850 4654 examinetur.
901 4600 960 4655 Si
991 4605 1184 4655 autem
1233 4602 1302 4656 ad
1350 4601 1650 4654 consilium
1701 4603 2019 4656 universale

322 4689 474 4744 infra
523 4690 660 4743 anni
717 4690 966 4761 spatium
1024 4705 1320 4743 occurrere
1376 4690 1646 4752 noluerit,
1697 4695 1762 4743 ut
1809 4691 1895 4742 vel
1941 4691 2020 4743 ibi

322 4795 493 4834 causa
533 4780 657 4848 ejus
704 4779 1066 4840 terminetur,
1115 4778 1236 4848 ipse
1267 4779 1326 4832 in
1374 4794 1432 4830 se
1480 4777 1861 4832 damnationis
1891 4794 2022 4832 sen-

320 4867 560 4922 tentiam
614 4867 821 4921 dixisse
866 4867 1178 4937 judicetur.
1224 4868 1501 4936 Tempore
1551 4883 1684 4919 sane
1737 4883 1851 4937 quo
1909 4883 2020 4920 non

322 4955 729 5020 communicat,
780 4971 853 5008 ne
905 4955 964 5007 in
1009 4971 1110 5006 sua
1143 4955 1387 5008 Ecclesia
1435 4955 1521 5008 vel
1564 4954 1836 5024 parochia
1867 4971 2020 5008 com-

323 5044 595 5097 municet.
633 5046 938 5096 Accusator
985 5046 1178 5095 autem
1215 5042 1356 5111 ejus,
1391 5042 1434 5094 si
1482 5058 1777 5112 nunquam
1820 5043 2020 5095 diebus

321 5147 506 5185 causas
555 5131 804 5185 dicendas
849 5131 1113 5194 defuerit,
1157 5148 1188 5182 a
1218 5130 1625 5184 communione
1674 5147 1792 5183 non
1838 5147 2020 5184 remo-

322 5225 540 5273 veatur.
585 5219 642 5275 Si
688 5235 824 5273 vero
877 5219 1190 5289 aliquando
1234 5218 1501 5285 defuerit,
1550 5217 1886 5272 subtrahens
1936 5235 2016 5284 se,

322 5308 587 5362 restituto
615 5308 673 5360 in
719 5307 1126 5360 communione
1159 5305 1452 5376 episcopo,
1502 5305 1624 5374 ipse
1659 5311 2021 5359 removeatur

324 5414 358 5452 a
381 5395 786 5452 communione
817 5400 1112 5449 accusator
1139 5411 1152 5448 :
1187 5394 1266 5448 ita
1294 5399 1487 5448 tamen
1519 5399 1579 5447 ut
1606 5409 1714 5447 nec
1757 5395 1865 5464 ipsi
1895 5394 2018 5448 adi-

2133 4165 2188 4211 et
2243 4161 2502 4215 moribus
2559 4163 2632 4215 sit
2687 4170 2968 4218 secretum
3010 4165 3344 4227 maximum,
3413 4169 3580 4217 tanto
3655 4166 3842 4234 magis

2130 4247 2458 4302 damnanda
2487 4250 2865 4313 committere,
2916 4253 3146 4320 quando
3179 4253 3397 4305 tardius
3430 4268 3491 4305 se
3523 4254 3840 4307 constituto

2122 4335 2344 4405 judicio
2385 4344 2770 4406 prasentaret.
2824 4339 3004 4403 Quem
3037 4341 3479 4394 Manichaeorum
3511 4341 3838 4394 involutum

2131 4425 2374 4495 caligine
2409 4431 2679 4494 arguunt,
2711 4428 2982 4497 turpique
3033 4432 3182 4481 secta
3226 4428 3386 4480 olim.
3423 4429 3509 4481 Ita
3556 4444 3694 4482 cum
3726 4445 3840 4482 non

2130 4520 2322 4582 posset
2369 4513 2599 4567 abluere
2644 4514 2902 4568 animum
2954 4517 3182 4570 sordida
3231 4516 3693 4585 improbatione,
3741 4518 3838 4571 ob-

2125 4601 2388 4671 jectaque
2429 4601 2480 4654 ei
2512 4607 2670 4671 gesta
2711 4603 3005 4671 synodalia
3043 4603 3420 4673 proferentes,
3471 4608 3528 4656 et
3558 4604 3840 4656 commis-

2130 4687 2206 4739 sis
2239 4689 2561 4742 involutum
2605 4691 2863 4759 undique
2909 4690 3164 4761 flagitiis,
3218 4691 3442 4744 nullum
3487 4691 3542 4744 ei
3573 4691 3840 4745 sanitatis

2131 4776 2394 4830 habuisse
2423 4783 2767 4845 respectum,
2821 4794 2994 4848 quem
3042 4779 3236 4833 furore
3281 4795 3386 4832 suo
3417 4784 3474 4832 et
3521 4779 3731 4833 insana
3765 4787 3841 4831 te-

2130 4865 2393 4918 meritate
2423 4865 2494 4917 ad
2536 4865 2895 4918 saecularium
2943 4883 3176 4937 quoque
3218 4868 3505 4937 judicium
3554 4867 3838 4921 tribunali

2131 4953 2426 5006 subditum
2477 4954 2804 5023 quaestioni,
2849 4957 3001 5025 quod
3054 4955 3112 5008 in
3157 4957 3251 5009 vili
3305 4972 3536 5026 quoque
3583 4972 3838 5024 persona

2131 5041 2531 5110 turpissimum
2563 5048 2668 5106 est,
2702 5043 3038 5113 objicerent.
3088 5045 3415 5098 Pervenisse
3455 5060 3584 5097 eum
3619 5044 3698 5097 ad
3731 5045 3837 5097 ho-

2130 5130 2347 5182 micidii
2375 5129 2585 5182 damna
2615 5137 2895 5194 asserunt,
2952 5133 3128 5202 gestis
3173 5133 3409 5203 prolatis
3441 5133 3498 5186 in
3547 5134 3832 5186 medium.

2131 5217 2198 5269 Et
2226 5218 2377 5271 hunc
2410 5220 2603 5286 talem,
2639 5224 2769 5290 post
2811 5225 2969 5274 tanta
2999 5222 3213 5290 talique
3246 5221 3569 5283 commissa,
3601 5223 3834 5293 episco-

2129 5310 2295 5374 patus
2333 5307 2519 5360 adhuc
2568 5307 2676 5360 sibi
2711 5325 2922 5361 nomen
2967 5309 3029 5362 in
3059 5309 3175 5362 suis
3217 5309 3470 5362 latibulis
3511 5309 3830 5373 vindicare,

2129 5393 2187 5447 in
2220 5395 2469 5466 propriae
2501 5394 2747 5452 civitatis
2785 5397 3104 5463 infamiam,
3138 5397 3330 5452 nimiis
3374 5397 3674 5452 doloribus
3705 5413 3834 5453 con-
