3960 6192
134 180 224 232 597
1108 137 1590 235 DECRETORUM
1630 176 1815 234 LIBRI
1854 177 1959 234 xx.
2004 207 2073 217 -
2114 176 2321 233 LIBER
2361 176 2639 232 PRIMUS.

3520 180 3622 233 598

133 304 464 373 queruntur,
498 304 554 354 et
583 304 840 354 sanctum
881 315 1093 353 nomen
1138 299 1482 354 vindicando
1524 300 1631 354 sibi
1664 301 1808 355 velle
1839 301 1885 354 A
1925 300 2099 355 nandi
2126 300 2463 371 priusquam
2511 315 2569 353 se
2611 299 2850 355 crimine
2894 316 3009 372 quo
3064 305 3404 371 premuntur
3452 320 3623 359 exne-

131 392 401 461 polluere.
436 390 702 460 Ideoque,
738 389 945 442 fratres
975 389 1293 448 clarissimi.
1335 390 1471 460 quia
1498 390 1817 444 audiendus

130 481 209 535 hic
236 484 590 549 praesentare
636 495 694 531 se
727 478 930 541 noluit,
982 494 1089 531 nec
1129 478 1419 531 convictus
1462 477 1701 531 forsitan
1748 476 1816 530 ab
1844 494 1859 504 ο

130 567 517 620 accusantibus
548 583 607 620 se
638 566 945 620 defendere
978 567 1190 636 possit:
1227 568 1404 636 digna
1440 567 1674 621 tandem
1712 567 1816 619 ali-

128 656 348 724 quando
398 661 769 725 praasentatus
799 656 1112 725 episcopali
1138 655 1356 725 judicio
1396 656 1817 725 pronuntiatio-

128 743 204 793 nis
234 759 491 813 congrue
535 744 693 797 t‘eriri
734 744 1023 797 sententia
1060 745 1403 812 judicamus.
1456 745 1815 813 Quamquam

127 830 198 882 illi
238 847 373 884 cum
425 832 627 886 edocta
658 833 889 896 fuerint,
922 833 1164 886 sciamus
1194 833 1365 902 hujus
1410 832 1661 884 nominis
1700 847 1817 885 non

128 934 232 971 esse
258 920 567 985 jacturam,
612 921 712 990 qui
744 921 1025 989 pudorem
1081 936 1381 991 nunquam
1412 919 1681 973 habuisse
1728 936 1814 972 sa-

127 1008 357 1061 cerdotii
388 1009 744 1077 perhibetur,
781 1014 836 1061 et
862 1010 1051 1062 locum
1085 1025 1251 1062 suum
1297 1025 1401 1062 nec
1432 1009 1658 1062 modico
1686 1010 1814 1077 qui-

127 1096 243 1149 dem
275 1101 537 1166 tempore
566 1097 900 1161 custodisse,
935 1096 1271 1151 dilationem
1313 1096 1597 1155 dedimus,
1631 1100 1687 1149 et
1716 1095 1814 1148 de-

126 1185 400 1238 crevimus
454 1190 698 1237 vestram
774 1186 981 1239 debere
1057 1186 1204 1238 intra
1270 1185 1622 1254 provinciam
1695 1200 1816 1237 esse

121 1274 417 1342 judicium,
456 1279 509 1326 et
539 1288 886 1344 congregare
914 1273 1195 1343 synodum
1241 1278 1371 1325 ante
1416 1273 1568 1325 diem
1604 1272 1813 1325 Kalen-

124 1362 319 1414 darum
353 1362 782 1425 Novembrium,
807 1367 892 1427 ut,
946 1362 993 1413 si
1024 1361 1217 1413 adesse
1269 1360 1511 1414 voluerit
1540 1376 1813 1430 praesens,

122 1450 158 1502 si
186 1451 451 1516 conﬁdit,
482 1451 549 1503 ad
582 1451 803 1519 objecta
836 1451 1212 1520 respondeat:
1245 1450 1292 1501 si
1319 1450 1514 1502 adesse
1544 1450 1816 1519 neglexe-

120 1539 201 1600 rit,
236 1538 579 1591 dilationem
609 1538 907 1593 sententiaa
945 1540 1014 1591 de
1060 1539 1324 1591 absentia
1376 1554 1493 1591 non
1542 1538 1811 1591 lucretur.

120 1628 254 1679 Nam
298 1627 665 1680 manifestum
696 1626 955 1680 conﬁteri
1002 1643 1135 1680 eum
1169 1627 1237 1681 de
1278 1627 1537 1692 crimine,
1587 1626 1709 1697 qui,
1752 1628 1811 1680 in

118 1716 270 1768 dulto
298 1721 357 1768 et
404 1716 569 1768 toties
612 1715 872 1785 delegato
913 1716 1153 1785 judicio,
1213 1715 1501 1785 purgandi
1539 1732 1597 1767 se
1649 1731 1813 1768 occa-

120 1803 269 1855 sione
330 1819 446 1856 non
501 1804 708 1858 utitur.
780 1804 930 1857 Nihil
990 1803 1144 1857 enim
1206 1804 1443 1857 interest
1499 1809 1693 1857 utrum
1753 1804 1813 1857 in

118 1892 386 1960 praesenti
434 1892 691 1945 examine
747 1892 940 1945 omnia
986 1908 1115 1962 quae
1169 1892 1316 1945 dicta
1375 1898 1503 1946 sunt
1560 1908 1813 1962 compro-

117 1981 359 2033 bentur:
409 1996 539 2033 cum
581 1981 705 2050 ipsa
755 1997 985 2050 quoque
1046 1996 1150 2049 pro
1202 1980 1556 2033 confessione
1605 1996 1810 2049 procu-

116 2073 232 2121 rata
258 2068 431 2121 toties
473 2073 693 2121 constet
740 2069 1023 2124 absentia.
1080 2070 1190 2122 Nos
1241 2073 1431 2121 autem
1465 2084 1568 2137 per
1610 2084 1811 2121 omnes

116 2157 433 2225 provincias
474 2156 688 2210 litteras
726 2158 1060 2226 dirigemus,
1110 2173 1181 2210 ne
1232 2158 1655 2210 excusationem
1703 2156 1811 2209 sibi

116 2246 492 2313 ignorationis
544 2246 835 2311 obtendat,
871 2251 932 2300 ut
968 2247 1039 2299 ad
1085 2246 1434 2315 provinciam
1468 2247 1661 2298 venire
1714 2261 1810 2298 co-

115 2340 293 2401 gatur,
332 2338 389 2388 et
418 2335 535 2387 illic
563 2351 621 2387 se
661 2336 970 2388 constituto
996 2338 1341 2403 prtesentare
1366 2333 1606 2402 judicio.
1640 2333 1812 2397 Quid-

112 2424 240 2491 quid
295 2428 491 2476 autem
541 2429 727 2477 vestra
782 2423 1028 2477 charitas
1081 2423 1150 2475 de
1208 2423 1313 2475 hac
1371 2438 1538 2474 causa
1588 2422 1810 2475 duxerit

110 2511 553 2575 decernendum,
594 2527 722 2564 cum
757 2512 827 2565 ad
858 2528 959 2563 nos
1000 2511 1243 2563 relatum
1278 2510 1469 2575 fuerit,
1500 2515 1713 2569 nostra,
1749 2515 1811 2562 ut

108 2600 397 2663 condecet,
434 2615 660 2652 necesse
691 2606 775 2653 est
801 2598 1139 2652 auctoritate
1169 2599 1451 2652 ﬁrmetur.

108 2687 228 2740 CAP.
265 2687 467 2741 CLXII.
504 2716 577 2727 —
615 2688 693 2739 De
724 2691 973 2756 episcopo
1003 2688 1279 2755 inculpata
1308 2690 1404 2755 qui
1441 2687 1515 2739 ad
1542 2687 1807 2753 synodum

519 2762 737 2810 vocatus
764 2761 943 2811 venire
982 2763 1390 2824 contempserat.

174 2848 274 2914 (De
317 2846 524 2913 synodo
580 2845 731 2914 apud
778 2847 1017 2899 Altheim
1069 2846 1259 2898 habita
1304 2861 1425 2914 cap.
1478 2846 1582 2915 l0).
1638 2846 1803 2899 Rich-
1839 2866 1878 2919 ί)

105 2935 316 2987 winum
373 2934 706 3003 episcopum
749 2934 847 3003 qui
892 2939 1090 2985 contra
1139 2937 1465 2985 sanctorum
1518 2949 1801 2986 canonum

105 3024 431 3077 sanctiones
462 3022 967 3089 Strazburgensem
1010 3021 1315 3074 Ecclesiam
1361 3021 1584 3085 invasit,
1631 3038 1800 3091 quem

104 3112 170 3164 ad
227 3117 485 3163 sanctam
538 3110 818 3179 synodum
870 3126 973 3178 per
1004 3109 1217 3162 litteras
1259 3114 1482 3162 nostras
1530 3110 1802 3161 invitavi-

102 3217 247 3263 mus,
319 3205 377 3251 et
445 3199 638 3251 venire
677 3203 1073 3261 contemnens,
1128 3214 1232 3250 nec
1289 3198 1562 3250 vicarium
1635 3214 1799 3249 suum

102 3288 273 3347 misit,
308 3286 645 3339 auctoritate
678 3286 874 3338 sancti.
914 3286 1229 3353 Petri,'ego
1261 3287 1511 3338 Joannes
1560 3285 1802 3337 vicarius

99 3375 421 3443 apostolici,
456 3390 519 3426 ex
551 3378 841 3442 prmeepto
879 3378 1087 3425 sanctae,
1141 3373 1436 3442 prtPsentis
1476 3374 1675 3442 synodi
1708 3373 1801 3425 in-

92 3463 392 3533 jungendo
445 3478 714 3515 vocamus
760 3461 989 3524 iterum,
1022 3466 1079 3513 et
1118 3461 1485 3533 praecipimus
1518 3468 1801 3530 quatenus

96 3552 165 3604 ad
225 3550 557 3614 concilium,
617 3550 672 3602 id
729 3553 831 3613 est,
893 3549 1013 3619 May
1070 3549 1377 3618 Moguntina
1436 3549 1711 3601 indictum
1769 3565 1802 3600 a

97 3640 551 3708 metropolitano
601 3638 870 3708 episcopo
904 3654 1025 3701 suo,
1060 3638 1129 3691 ad
1161 3637 1527 3707 prmsentiam
1561 3653 1797 3689 venera-

93 3729 224 3782 bilis
285 3728 546 3797 Herigeri
598 3725 1010 3796 archiepiscopi
1057 3731 1115 3778 et
1164 3726 1515 3778 confratrum
1565 3740 1797 3777 suorum

92 3818 308 3881 veniat,
373 3833 493 3869 suae.
552 3815 960 3868 inohedientiae
1024 3819 1081 3867 et
1134 3813 1522 3882 perversitatis
1584 3812 1796 3865 ibidem

85 3907 305 3974 justam
338 3904 619 3958 rationem
671 3903 1016 3957 redditurus.
1069 3902 1167 3956 Sin
1207 3908 1399 3954 autem
1447 3901 1802 3969 negligenter

91 3999 143 4045 et
169 3996 279 4047 hoc
325 4010 497 4062 agere
546 3992 995 4061 parvipenderit,
1052 3990 1339 4044 abstineat
1384 4006 1441 4041 se
1489 4006 1522 4041 a
1570 3990 1800 4058 proprio

89 4083 297 4151 gradu,
329 4082 534 4145 donec,
567 4081 808 4133 Romam
838 4079 1094 4142 veniens,
1141 4095 1334 4131 coram
1379 4078 1611 4131 domino
1652 4094 1797 4147 papa

89 4173 141 4221 et
172 4172 375 4223 sancta
416 4166 661 4221 Ecclesia
687 4166 882 4219 reddat
906 4165 1208 4219 rationem.

88 4258 215 4311 Car.
277 4257 510 4312 CLXIII.
568 4283 640 4295 —
694 4254 799 4319 Qui
852 4256 1114 4376 ptrt'li'rlrsates
1166 4257 1297 4318 sint,
1355 4255 1451 4323 qui
1488 4253 1795 4321 metropoli-

158 4416 287 4485 (Et,
325 4429 445 4481 cap.
494 4413 680 4467 concil.
723 4414 927 4475 Niceni,
980 4428 1099 4480 quae
1144 4412 1339 4465 addita
1380 4416 1505 4465 sunt
1547 4428 1581 4464 a
1621 4412 1798 4465 Felice

84 4508 283 4571 papa).
324 4502 600 4555 Primates
648 4500 731 4553 illi
780 4505 837 4553 et
880 4516 995 4553 non
1048 4500 1143 4553 alii
1193 4500 1323 4559 sint,
1373 4516 1543 4568 quam
1595 4500 1695 4569 qui
1739 4501 1795 4553 in

89 4593 329 4645 Nicaena
412 4589 633 4659 synodo
716 4592 850 4641 sunt
934 4590 1251 4641 constituti.
1337 4589 1565 4658 Reliqui
1640 4605 1792 4651 vero,

85 4680 183 4749 qui
216 4678 571 4745 metropoles
612 4681 815 4730 tenent
845 4676 1031 4741 sedes,
1065 4676 1479 4745 archiepiscopi
1521 4680 1798 4729 vocantur

84 4772 139 4819 et
170 4782 301 4820 non
343 4766 622 4836 primates
651 4781 663 4819 :
699 4766 855 4817 salva
886 4764 942 4817 in
974 4765 1241 4817 omnibus
1287 4765 1614 4834 apostolica!
1648 4766 1796 4817 sedis

83 4854 403 4921 dignitate,
456 4867 581 4918 quae
630 4850 683 4903 ei
733 4850 804 4903 ab
836 4850 960 4919 ipso
1018 4851 1257 4903 Domino
1305 4856 1387 4903 est
1425 4867 1711 4915 concessa,
1742 4856 1797 4903 et

82 4946 289 5010 postea
316 4957 347 4991 a
376 4938 585 4990 sanctis
614 4939 875 4992 Patribus
902 4939 1190 4991 roborata.

84 5030 215 5083 CAP.
281 5027 505 5080 CLXIV.
546 5026 794 5092 —Quod
835 5028 1088 5093 neganda
1133 5030 1209 5079 sit
1255 5029 1523 5081 accusatis
1578 5028 1797 5079 licentia

153 5098 505 5153 Criminanrli
548 5100 871 5165 priusquam
900 5113 954 5150 se
1001 5101 1224 5150 crimine
1256 5101 1523 5156 cauerint,
1558 5104 1608 5149 et
1635 5100 1792 5163 fami-

153 5170 399 5221 liaribus
448 5173 608 5233 atque
656 5174 843 5235 sponte
873 5170 1150 5230 confessis.
1184 5174 1233 5222 et
1274 5172 1371 5237 qui
1401 5170 1644 5223 hesterno
1686 5169 1793 5230 die,

149 5247 257 5293 aut
289 5239 566 5307 perendie,
591 5244 687 5291 aut
715 5244 839 5291 ante
867 5242 1091 5303 fuerunt
1120 5242 1355 5292 inimici.

152 5330 274 5395 (Ea:
304 5327 455 5380 decr.
498 5328 765 5394 Stephani
802 5343 963 5396 papae
1000 5328 1243 5381 omnibus
1281 5329 1544 5396 episcopis
1590 5329 1792 5390 missis,

80 5434 206 5489 cap.
276 5416 387 5485 tl).
443 5417 507 5469 Et
554 5415 817 5485 neganda
865 5420 950 5469 est
1005 5416 1278 5469 accusatis
1331 5416 1561 5489 licentia
1604 5416 1794 5469 crimi-

1928 390 2079 445 rint:
2130 390 2267 462 quia
2310 406 2422 443 non
2470 395 2557 443 est
2597 390 2946 443 credendum
2997 397 3194 443 contra
3233 392 3375 445 alios
3424 409 3625 448 eorum

1928 478 2274 533 confessioni
2318 478 2419 549 qui
2480 477 2816 531 criminibus
2876 478 3150 549 implicati
3196 485 3349 545 sunt,
3395 481 3506 535 nisi
3560 497 3622 536 se

1927 568 2087 637 prius
2148 566 2522 636 probaverint
2572 567 2907 620 innocentes
2969 568 3244 637 quoniam
3300 568 3624 638 periculosa

1928 661 2013 710 est
2065 660 2123 710 et
2160 656 2380 710 admitti
2428 672 2543 709 non
2591 656 2759 710 debet
2799 657 2880 709 rei
2929 657 3196 709 adversus
3242 672 3623 727 quaecumque

1924 744 2221 815 professio.
2261 745 2584 798 Familiares
2628 760 2763 797 vero
2803 749 2858 798 et
2908 751 3108 815 sponte
3139 746 3401 813 confessi,
3451 750 3622 817 atque

1926 832 2235 886 sceleribus
2308 832 2536 896 irretiti,
2610 848 2727 884 non
2800 832 3009 885 debent
3065 833 3311 897 admitti,
3388 850 3491 887 nec
3563 833 3622 887 hi

1924 922 2023 993 qui
2052 922 2317 976 hesterna
2348 921 2461 987 die,
2491 924 2589 974 aut
2614 921 2909 991 perendie,
2941 925 3041 973 aut
3081 926 3211 974 ante
3240 921 3472 975 fuerunt
3501 922 3621 976 ini-

1927 1011 2080 1065 mici.

1927 1100 2054 1154 CAP.
2107 1100 2296 1154 CLXV.
2329 1128 2398 1138 —
2439 1096 2519 1150 De
2561 1099 3030 1151 criminationibus
3076 1099 3335 1151 adversus
3382 1100 3619 1154 doctores

2119 1186 2227 1224 non
2254 1169 2634 1237 suscipiendis,
2676 1175 2724 1222 et
2753 1170 2817 1221 de
2844 1172 3145 1238 peregrinis
3167 1170 3421 1238 judiciis.

1999 1276 2242 1345 (EuSebii
2284 1290 2417 1343 pap.
2469 1290 2587 1341 cap.
2658 1274 2761 1339 l7.)
2793 1275 2854 1327 Et
2911 1275 3041 1327 licet
3086 1275 3205 1329 haec
3252 1276 3476 1345 possint
3518 1291 3615 1344 ge-

1924 1364 2198 1418 neraliter
2254 1362 2405 1415 dicta
2453 1361 2732 1425 sufﬁcere,
2785 1366 2849 1413 ut
2896 1362 2985 1414 vel
3036 1362 3387 1417 declinemus
3432 1368 3619 1417 errata

1926 1453 2011 1505 vel
2066 1451 2453 1505 custodiamus
2503 1449 2812 1503 catholica:
2854 1449 2924 1501 ab
2959 1450 3229 1518 apostolis
3282 1456 3475 1504 tamen
3519 1467 3616 1503 eo-

1926 1557 2170 1611 rumque
2202 1538 2616 1593 successoribas
2673 1538 2937 1590 novimus
2993 1538 3388 1601 constitutum,
3434 1539 3619 1593 crimi-

1926 1628 2187 1682 nationes
2236 1626 2503 1680 adversus
2533 1627 2792 1680 doctores
2837 1642 2949 1679 non
3001 1626 3209 1679 debere
3249 1626 3463 1696 suscipi
3514 1643 3618 1680 nec

1924 1716 2228 1787 peregrina
2289 1716 2508 1784 judicia
2548 1715 2693 1773 ﬁeri,
2747 1730 2933 1785 neque
2986 1730 3338 1785 quemquam
3388 1716 3619 1769 alterius

1914 1805 2125 1876 judicis
2154 1820 2326 1874 quam
2359 1803 2447 1857 sui
2477 1802 2761 1857 sententia
2789 1803 2996 1856 debere
3023 1803 3357 1872 constringi,

1922 1914 2051 1968 CAP.
2102 1910 2321 1966 CLXVI.
2380 1939 2448 1949 —
2509 1911 2575 1964 Ut
2623 1908 2886 1962 adversus
2935 1910 3199 1962 doctorem
3255 1910 3618 1963 accusationes

2529 1996 2679 2033 nemo
2726 1983 3009 2046 suscipiat.

1991 2073 2099 2141 (Ea:
2128 2071 2317 2125 conci].
2372 2070 2640 2138 Spalensi,
2684 2084 2802 2135 cap.
2848 2071 2923 2131 3.)
2971 2068 3369 2122 Accusationes
3415 2068 3615 2121 adver-

1919 2178 2013 2215 sus
2044 2160 2331 2214 doctorem
2380 2173 2549 2210 nemo
2582 2157 2888 2225 suscipiat:
2934 2157 3068 2225 quia
3117 2173 3233 2209 non
3281 2161 3470 2225 potest
3516 2158 3618 2211 hn-

1918 2266 2091 2304 mano
2121 2247 2489 2302 condemnari
2531 2246 2811 2311 examine,
2855 2262 3025 2316 quem
3065 2247 3210 2298 Deus
3252 2262 3355 2298 suo
3396 2245 3615 2315 judicio

1919 2338 2247 2393 reservavit.

1918 2446 2047 2501 CAP.
2083 2444 2374 2500 CLXXVII.
2416 2472 2484 2481 —
2518 2444 2584 2496 Ut
2612 2457 2761 2494 nemo
2805 2444 3114 2563 episcopum
3156 2440 3307 2509 apud
3334 2441 3615 2495 seculares

2650 2528 2835 2563 (1.001150
2865 2554 2876 2563 .

2650 2528 2876 2565 (ιεριιςρι.

1989 2604 2108 2669 (Em
2137 2604 2293 2671 epist.
2349 2603 2538 2655 Felicis
2569 2616 2726 2670 papa:
2782 2602 3155 2668 Egyptiarum
3187 2601 3450 2668 episcopis
3483 2602 3615 2654 mis-

1944 2707 2025 2755 sa,
2058 2707 2178 2759 cap.
2216 2691 2292 2759 l.)
2328 2691 2397 2744 Ut
2419 2705 2587 2742 nemo
2614 2690 2942 2758 episcopum
2992 2704 3164 2757 penes
3194 2689 3494 2741 smculares
3523 2704 3612 2741 ar-

1918 2780 2094 2833 bitros
2124 2784 2368 2843 accuset,
2399 2778 2494 2830 sed
2529 2778 2676 2846 apud
2710 2792 2961 2829 summos
2989 2776 3280 2845 primates.

1916 2887 2043 2941 CAP.
2088 2886 2355 2941 CLXVIII.
2393 2915 2461 2924 —
2502 2888 2574 2938 De
2614 2886 2878 2951 episcopis
2929 2886 2986 2935 in
3025 2884 3299 2951 judicium
3359 2884 3614 2936 saeculare

2549 2970 2655 3007 non
2684 2955 2958 3006 cocandis.

1984 3046 2091 3113 (Em
2148 3044 2357 3111 epistol.
2414 3045 2689 3108 Bonifacii
2746 3057 2904 3109 papae
2947 3042 3020 3093 ad
3089 3044 3321 3109 episcop.
3370 3040 3607 3109 Galliaz).

1912 3132 2111 3185 Nullus
2163 3130 2481 3198 episcopus,
2532 3144 2720 3197 neque
2768 3144 2868 3194 pro
2909 3129 3082 3186 civili,
3119 3145 3301 3196 neque
3348 3144 3450 3196 pro
3498 3129 3609 3181 cri-

1913 3218 2110 3272 minali
2164 3234 2352 3281 causa,
2410 3218 2563 3286 apud
2620 3216 2880 3283 quamvis
2924 3216 3176 3281 judicem
3226 3217 3340 3267 sive
3385 3216 3609 3269 civilem

1910 3307 2027 3359 sive
2082 3306 2394 3360 militarem
2474 3306 2823 3375 producatur
2876 3307 2959 3356 vel
3015 3305 3367 3357 exhibeatur.
3445 3303 3611 3371 Magi-

1910 3402 2118 3449 stratus
2149 3397 2301 3448 enim
2334 3394 2431 3465 qui
2464 3395 2571 3447 hoc
2611 3393 2817 3461 jubere
2851 3410 3021 3445 ausus
3072 3394 3261 3457 fuerit,
3304 3392 3608 3445 amissione

1909 3484 2120 3553 cingnli
2152 3483 2629 3536 condemnatione
2660 3482 2957 3548 plectetur.

1911 3590 2037 3643 CAP.
2093 3588 2310 3642 CLXIX.
2364 3616 2435 3627 —
2490 3590 2555 3639 Ut
2600 3602 2707 3639 non
2753 3591 3032 3637 accusetur
3079 3588 3358 3653 episcopus
3406 3602 3439 3638 α
3492 3589 3607 3639 cri-

2634 3671 2877 3710 γηιηοςιε.

1981 3748 2091 3813 (Ea:
2120 3746 2332 3813 epistol.
2361 3745 2555 3799 Felicis
2599 3761 2757 3813 papa:
2789 3745 3121 3812 supradictis
3162 3746 3427 3810 episcopis
3473 3747 3605 3797 mis-

1908 3850 1991 3898 sa,
2037 3850 2163 3903 cap.
2214 3833 2321 3900 l8).
2374 3833 2607 3896 Quoties
2651 3832 2949 3900 episcopus
3004 3848 3175 3899 super
3223 3832 3391 3883 certis
3434 3848 3604 3884 accu-

1910 3926 2066 3973 satur
2121 3919 2477 3983 criminibus,
2537 3918 2583 3970 si
2632 3920 2771 3969 tales
2825 3917 3037 3970 fuerint
3094 3924 3448 3969 accusatore~
3504 3918 3605 3987 qui

1904 4010 2055 4078 juste
2106 4012 2163 4060 et
2203 4007 2473 4060 canonice
2525 4006 2703 4074 recipi
2756 4006 3019 4061 debeant.
3083 4006 3296 4072 synodo
3351 4006 3604 4061 legitima

1910 4096 1967 4149 in
2014 4112 2114 4149 suo
2162 4101 2423 4166 tempore
2482 4101 2850 4157 congregata,
2904 4095 2972 4146 ab
3021 4094 3285 4146 omnibus
3334 4094 3603 4147 canonice

1905 4185 2172 4238 audiatur
2219 4185 2319 4254 qui
2367 4188 2497 4237 sunt
2548 4183 2608 4237 in
2658 4182 2949 4253 provincia
3000 4183 3298 4246 episcopis.
3350 4183 3509 4244 Quod
3557 4182 3601 4235 si

1906 4272 2150 4342 legitimi
2181 4288 2297 4325 non
2336 4272 2550 4325 fuerint
2597 4276 2969 4329 accusatores.
3005 4287 3116 4323 non
3166 4271 3433 4333 fatigetur
3476 4271 3601 4340 epi-

1908 4376 2149 4429 scapus:
2212 4360 2348 4430 quia
2402 4360 2722 4413 sacerdotes
2780 4360 2842 4413 ad
2912 4359 3342 4411 sacriﬁcandum
3412 4362 3602 4413 vocari

1907 4448 2138 4514 debent,
2172 4464 2286 4501 non
2334 4448 2404 4501 ad
2450 4448 2823 4517 litigandum:
2864 4465 2965 4499 nec
3003 4449 3080 4499 illi
3117 4448 3211 4516 qui
3264 4448 3455 4500 throni
3505 4449 3602 4501 Dei

1905 4542 2198 4601 vocantur,
2231 4552 2533 4605 pravorum
2555 4537 2853 4588 hominum
2880 4536 3101 4588 insidiis
3128 4537 3338 4589 debent
3361 4537 3595 4600 turbari,

1906 4626 2001 4677 sed
2034 4625 2209 4677 libere
2240 4625 2460 4679 Christo
2495 4624 2756 4677 famulari

1907 4731 2033 4785 CAP.
2093 4731 2279 4785 CLXX.
2326 4761 2395 4769 —
2446 4731 2598 4794 Quod
2645 4732 2827 4781 nullus
2889 4732 3168 4795 episcopus
3224 4734 3383 4782 caetra
3445 4745 3600 4783 suam

2220 4803 2557 4869 provinciam
2594 4801 2668 4851 ad
2699 4800 2968 4864 judicium
3004 4803 3277 4851 imitetur.

1976 4892 2084 4960 (Ea:
2116 4890 2306 4943 decret.
2341 4889 2481 4942 Julii
2506 4904 2684 4956 papae,
2720 4890 3002 4939 Oronti/2‘.
3038 4891 3199 4955 cpisc.
3232 4890 3433 4949 missis,
3474 4901 3595 4955 cap.

1910 4978 2017 5039 18.)
2065 4978 2265 5031 Nullus
2294 4978 2594 5045 episcopus
2630 4979 2782 5029 extra
2826 4994 2984 5029 suam
3018 4976 3365 5037 provinciam
3403 4976 3471 5026 ad
3498 4976 3599 5043 ju—

1905 5067 2118 5119 dicium
2151 5067 2490 5119 devocetur:
2549 5064 2668 5128 sed,
2724 5071 2919 5118 vocato
2959 5082 3025 5113 eo
3076 5064 3347 5116 canonice
3394 5063 3597 5115 inloco

1904 5171 2178 5221 congruo,
2211 5160 2468 5222 tempore
2500 5154 2780 5224 synodali,
2835 5155 2902 5206 ,ὼ
2938 5154 3205 5206 omnibus
3233 5152 3598 5219 comprovin-

1906 5244 2145 5297 cialibus
2195 5243 2475 5313 episcopis
2505 5243 2807 5296 audiatur:
2859 5243 2988 5309 quia
3040 5240 3378 5294 concordem
3429 5256 3601 5310 super

1907 5348 2036 5386 eum
2110 5331 2560 5399 canonicamque
2615 5330 2826 5383 debent,
2881 5327 3138 5396 proferre
3217 5328 3593 5379 sententiam:

1905 5420 2059 5491 quia,
2118 5420 2163 5472 si
2217 5420 2323 5474 hoc
2363 5418 2701 5478 minoribus,
2762 5423 2878 5471 tam
2934 5415 3153 5469 clericis
3210 5431 3385 5487 quam
3443 5414 3600 5470 laicis
