4022 6190
299 271 404 324 599

1377 265 1783 322 BURCHARDI
1820 266 2352 323 WORMACIENSIS
2389 265 2724 322 EPISCOPI.

3728 267 3830 319 600

297 405 632 444 concessum
682 393 787 457 est,
831 393 1048 460 quanto
1103 388 1285 458 magis
1331 388 1399 442 de
1445 388 1728 459 episcopis
1773 405 1997 444 servare
2027 392 2071 444 Α
2112 390 2271 444 omni
2304 389 2521 443 mundo
2550 389 2786 444 infamia
2815 394 3106 444 notantur.
3139 391 3416 446 Similiter
3445 397 3504 445 et
3535 392 3830 445 incestuo-

298 479 609 534 convenit?
648 480 789 533 Nam
816 477 863 530 si
894 478 1014 548 ipse
1079 476 1587 546 metropolitanum
1639 481 1738 531 aut
1777 477 2004 547 judices

302 571 591 635 suspectos
621 564 902 626 habuerit,
955 567 1056 616 aut
1107 563 1337 616 infestos
1385 563 1646 630 senserit,
1687 567 1840 635 apud
1889 564 2005 633 pri-

301 661 523 708 matum
553 655 880 720 dioeceseos,
929 657 1028 706 aut
1063 653 1212 723 apud
1263 653 1538 706 Romanae
1583 651 1733 706 sedis
1774 652 2005 722 pontiﬁ-

302 759 426 797 cem
447 743 756 813 judicetur.

305 847 435 901 CAP.
486 845 702 900 CLXXI.
754 874 821 885 —
866 845 948 898 De
993 842 1398 898 accusatoribus
1441 847 1492 896 et
1537 842 1758 896 testibus
1800 845 2004 912 episco-

1043 929 1257 983 porum.

378 1004 487 1073 (Ea-
515 1003 657 1057 decr.
702 1003 889 1058 Calist.
925 1017 1084 1071 papa:
1131 1003 1395 1070 episcopis
1446 1015 1545 1070 per
1597 1000 1832 1056 Galliam
1881 1015 2005 1057 con-

335 1095 565 1156 stitutis,
595 1107 715 1161 cap.
752 1091 858 1160 l7).
890 1090 1101 1146 Omnes
1130 1105 1267 1159 ergo
1289 1089 1388 1160 qui
1409 1088 1468 1142 in
1498 1094 1656 1142 recta
1684 1087 1796 1141 ﬁde
1816 1104 2008 1158 suspe-

308 1182 382 1235 cti
413 1185 565 1247 sunt,
596 1181 657 1233 in
707 1179 1128 1233 accusationem
1174 1177 1555 1242 sacerdotum,
1597 1180 1652 1229 et
1677 1191 1877 1229 eorum
1907 1192 2006 1229 su-

309 1286 412 1341 per
441 1285 686 1341 quorum
719 1269 831 1322 ﬁde
862 1283 979 1321 non
1009 1267 1327 1333 haesitatur,
1364 1265 1605 1318 minime
1634 1264 2006 1334 recipiantur,

311 1364 367 1412 et
412 1359 472 1412 in
519 1357 851 1412 testimonio
909 1355 1071 1410 dubii
1135 1355 1473 1408 habeantur.
1539 1353 1825 1407 lnﬁrmari
1870 1369 2008 1424 ergo

310 1451 537 1516 oportet
588 1461 787 1499 eorum
847 1460 1042 1498 vocem
1102 1443 1171 1496 de
1228 1458 1473 1512 quorum
1533 1441 1646 1495 ﬁde
1693 1441 2006 1507 dubitatur,

315 1551 418 1589 nec
455 1534 538 1587 eis
575 1533 812 1587 omnino
867 1539 954 1587 est
1011 1531 1357 1585 credendum
1415 1530 1513 1600 qui
1569 1534 1782 1583 rectam
1836 1530 2011 1585 ﬁdem

2115 495 2228 544 sos,
2260 478 2596 543 homicidas,
2629 479 2908 548 perjuros,
2962 485 3235 548 raptores,
3286 480 3605 546 maleﬁcos,
3662 496 3832 533 vene-

2114 567 2280 634 ﬁcos,
2304 567 2614 627 adulteros,
2643 567 2711 620 de
2732 567 2900 621 bellis
2920 567 3222 636 fugientes,
3246 575 3304 622 et
3327 569 3430 639 qui
3449 568 3704 638 indigna
3726 568 3835 622 sibi

2115 660 2323 726 petunt
2356 656 2477 708 loca
2506 660 2718 722 tenere,
2755 661 2853 709 aut
2872 656 3164 710 facultates
3194 658 3456 711 Ecclesiae
3479 658 3837 711 abstrahunt

2115 744 2350 813 injuste,
2407 749 2463 797 et
2516 743 2613 813 qui
2655 744 2857 797 fratres
2903 745 3330 798 calumniantur
3387 751 3489 800 aut
3528 748 3834 808 accusant,

2117 837 2174 886 et
2197 847 2312 885 non
2343 833 2584 903 probant
2613 849 2624 886 :
2658 833 2738 881 vel
2773 833 2872 901 qui
2891 833 3445 888 contrainnocentes
3465 833 3837 904 principium

2117 921 2345 974 animos
2375 921 2445 974 ad
2487 921 2839 976 iracundiam
2876 928 3201 992 provocant,
3235 928 3294 977 et
3333 939 3541 976 omnes
3588 923 3839 976 anathe-

2118 1009 2438 1077 matizatos,
2497 1010 2581 1062 vel
2636 1025 2741 1079 pro
2789 1011 2907 1063 suis
2938 1011 3243 1064 sceleribus
3298 1013 3372 1064 ab
3427 1010 3687 1065 Ecclesia
3747 1025 3842 1063 ex-

2119 1097 2334 1167 pulsos,
2362 1103 2420 1150 et
2444 1113 2642 1150 omnes
2689 1113 2832 1167 quos
2885 1098 3279 1153 ecclesiastica
3309 1100 3399 1153 vel
3440 1097 3646 1153 saeculi
3678 1098 3840 1167 leges

2117 1185 2361 1240 infames
2414 1186 2827 1256 pronuntiant:
2889 1203 2993 1240 nec
3051 1203 3242 1241 servos
3302 1193 3434 1242 ante
3499 1186 3835 1258 legitimam

2117 1274 2464 1338 libertatem,
2525 1290 2630 1328 nec
2665 1275 3029 1346 pmnitentes,
3079 1292 3182 1329 nec
3232 1275 3514 1346 digamos,
3574 1293 3686 1329 nec
3734 1292 3838 1328 eos

2120 1363 2220 1434 qui
2250 1363 2423 1417 curim
2451 1363 2795 1431 deserviunt,
2851 1364 2939 1418 vel
2969 1363 3068 1435 qui
3100 1381 3216 1418 non
3273 1370 3408 1418 sunt
3458 1365 3680 1434 integri
3713 1380 3839 1418 cor-

2119 1468 2278 1522 pore,
2309 1457 2408 1504 aut
2435 1467 2629 1504 sanam
2654 1467 2766 1504 non
2798 1451 3014 1505 habent
3044 1456 3295 1506 mentem
3320 1454 3410 1505 vel
3439 1454 3836 1516 intellectum,

2121 1545 2220 1592 aut
2280 1539 2673 1592 inobedientes
2739 1545 3063 1592 sanctorum
3116 1541 3357 1594 decretis
3416 1541 3699 1594 existunt.
3763 1541 3834 1596 Hi

314 1624 601 1693 ignorant.
635 1621 1022 1686 Quaerendum
1052 1636 1188 1691 ergo
1243 1625 1328 1672 est
1360 1619 1417 1672 in
1461 1618 1680 1688 ἱαάίθίο
1731 1619 1893 1688 cujus
1941 1620 2012 1672 Sit
2044 1666 2084 1719 Β
2124 1644 2324 1682 omnes
2355 1643 2459 1680 nec
2487 1628 2554 1680 ad
2583 1643 2767 1681 sacros
2796 1628 3010 1698 gradus
3040 1628 3245 1682 debent
3277 1629 3542 1700 provehi,
3577 1645 3689 1682 nec
3715 1629 3838 1695 isti,

315 1710 758 1763 conversationis
805 1725 867 1762 ac
894 1707 1030 1762 ﬁdei
1070 1708 1116 1760 is
1155 1706 1254 1777 qui
1301 1713 1546 1774 accusat,
1596 1711 1651 1760 et
1697 1706 1745 1759 is
1775 1706 1874 1776 qui
1914 1722 2012 1760 ac-

316 1801 566 1862 cusatur,
610 1796 883 1866 quoniam
915 1795 974 1849 hi
1026 1795 1126 1866 qui
1170 1810 1288 1847 non
1329 1800 1462 1847 sunt
1511 1799 1678 1846 rectas
1722 1809 2013 1848 conversa-

316 1884 489 1947 tionis
523 1900 587 1938 ac
615 1885 770 1950 ﬁdei,
803 1889 859 1937 et
897 1899 1146 1955 quorum
1195 1882 1310 1935 vita
1349 1888 1434 1936 est
1489 1882 1843 1946 accusabilis,
1896 1899 2014 1936 non

318 1971 686 2043 permittendi
744 1974 877 2025 sunt
926 1986 1021 2024 eos
1061 1985 1363 2023 accusare:
1427 1972 1484 2022 et
1539 1984 1789 2039 quorum
1850 1969 2013 2034 ﬁdes,

318 2060 452 2127 vita,
487 2065 545 2113 et
571 2059 806 2113 libertas
835 2057 1107 2124 nescitur,
1153 2061 1210 2110 et
1250 2056 1389 2110 viles
1415 2071 1680 2124 personas
1726 2057 1785 2110 in
1815 2072 2018 2110 eorum

319 2164 436 2202 non
483 2147 836 2217 recipiantur
882 2145 1318 2200 accusationem.
1357 2144 1654 2199 Rimandaa
1701 2160 1835 2198 vero
1880 2150 2017 2199 sunt

322 2241 716 2291 accusatorum
748 2235 1092 2288 enucleatim
1140 2249 1427 2304 persona,
1462 2249 1591 2304 quae
1641 2233 1764 2287 sine
1808 2234 2019 2305 scripto

319 2325 572 2389 difﬁcile,
603 2340 708 2394 per
738 2323 1018 2392 scriptum
1062 2327 1258 2376 autem
1288 2337 1589 2392 nunquam
1621 2321 2016 2391 recipiantur:

321 2411 460 2483 quia
496 2427 600 2480 per
632 2411 978 2481 scripturam
1010 2410 1202 2464 nullus
1233 2411 1487 2464 accusari
1507 2415 1735 2480 potest:
1763 2410 1861 2462 sed
1893 2425 2021 2478 pro-

322 2499 451 2570 pria
480 2515 633 2564 voce,
671 2503 726 2552 et
772 2504 1056 2571 praesente
1105 2515 1172 2552 eo
1229 2514 1400 2568 quem
1445 2514 1707 2551 accusare
1751 2497 2018 2559 voluerit,

325 2604 488 2642 suam
537 2586 779 2658 quisque
829 2592 962 2657 agat
1020 2587 1458 2653 accusationem,
1504 2602 1628 2650 nec,
1677 2585 1906 2640 absente
1953 2601 2020 2638 eo

325 2692 498 2746 quem
533 2692 795 2730 accusare
836 2676 1096 2743 voluerit,
1144 2675 1448 2746 quisquam
1491 2679 1784 2729 accusator
1825 2673 2021 2727 creda-

325 2771 438 2819 tur.
495 2763 769 2818 Similiter
817 2770 991 2818 testes
1043 2779 1147 2834 per
1199 2779 1624 2834 quamcumque
1677 2761 2021 2832 scripturam

326 2853 722 2908 testimonium
753 2868 870 2906 non
919 2852 1130 2918 dicant,
1162 2867 1266 2905 nec
1314 2851 1384 2905 de
1433 2852 1559 2904 aliis
1597 2851 1781 2903 causis
1810 2850 1897 2902 vel
1929 2866 2025 2903 ne-

2123 1733 2228 1770 nec
2257 1716 2466 1777 liberti,
2514 1731 2702 1786 neque
2747 1716 3015 1786 suspecti,
3048 1733 3238 1787 neque
3276 1722 3488 1771 rectam
3522 1717 3708 1772 ﬁdem
3747 1719 3838 1771 vel

2122 1805 2356 1874 dignam
2388 1804 2880 1859 conversationem
2928 1821 3048 1859 non
3094 1806 3393 1875 habentes,
3439 1822 3713 1860 summos
3744 1823 3838 1860 sa-

2122 1894 2376 1947 cerdotes
2404 1898 2647 1963 possunt
2676 1909 2959 1948 accusare.

2124 1981 2251 2035 CAP.
2321 1981 2586 2037 CLXXIV.
2654 2011 2722 2022 —
2789 1984 2864 2036 De
2928 1985 3174 2052 episcopo
3235 1988 3506 2051 accusata,
3564 1988 3619 2038 et
3676 2001 3838 2040 accu-

2441 2070 2712 2124 satoribus
2742 2071 3089 2139 recipiendis,
3121 2077 3171 2126 et
3208 2076 3504 2127 vocatione.

2197 2159 2302 2227 (Ea:
2344 2159 2488 2212 decr.
2540 2161 2730 2214 Felicis
2766 2175 2926 2228 papae
2975 2163 3238 2231 episcopis
3280 2177 3381 2230 per
3424 2162 3673 2218 Galliam
3720 2177 3840 2215 con-

2124 2249 2332 2301 stitutis
2363 2250 2565 2313 missis,
2589 2263 2708 2317 cap.
2746 2251 2822 2312 9.)
2859 2248 2916 2301 Si
2957 2249 3086 2318 quis
3134 2249 3440 2320 episcopus
3483 2250 3559 2303 ab
3587 2250 3709 2303 illis
3758 2265 3841 2302 ac-

2125 2337 2479 2391 cusatoribus
2539 2338 2640 2408 qui
2696 2337 3013 2408 recipiendi
3085 2345 3218 2392 sunt
3267 2339 3442 2393 fuerit
3512 2345 3837 2404 accusatus,

2128 2429 2433 2495 postquam
2481 2424 2603 2495 ipse
2651 2425 2722 2479 ab
2752 2425 2832 2477 eis
2880 2426 3219 2481 charitative
3266 2432 3586 2481 conventus
3641 2427 3839 2493 fuerit,

2128 2518 2194 2567 ut
2237 2513 2420 2583 ipsam
2461 2529 2688 2567 causam
2721 2514 3008 2581 emendet,
3043 2521 3098 2568 et
3142 2531 3268 2569 eam
3315 2515 3612 2586 corrigere
3645 2517 3845 2570 nolue-

2128 2600 2224 2663 rit,
2256 2617 2374 2654 non
2409 2601 2567 2668 olim,
2614 2603 2709 2655 sed
2749 2607 2884 2656 tunc
2915 2603 2983 2656 ad
3031 2619 3283 2656 summos
3339 2603 3621 2673 primates
3672 2620 3844 2657 causa

2132 2690 2256 2760 ejus
2304 2690 2575 2743 canonice
2630 2690 2936 2744 deferatur.
2987 2692 3096 2755 Qui
3129 2691 3186 2743 in
3219 2707 3474 2763 congruo
3523 2693 3660 2746 loco
3693 2693 3846 2746 intra

2132 2778 2314 2848 ipsam
2365 2777 2716 2848 provinciam
2774 2783 3034 2848 tempore
3094 2795 3368 2849 congruo,
3416 2779 3477 2833 id
3538 2785 3629 2833 est
3673 2784 3848 2833 autu-

2135 2867 2311 2920 mnali
2361 2869 2447 2920 vel
2496 2867 2714 2934 aestivo,
2762 2867 3071 2920 concilium
3127 2869 3466 2938 regulariter
3516 2884 3848 2922 convocare

327 2941 499 3012 ϐοῖίίδ
527 2941 926 2994 ίθδῖίωοηίυω
957 2940 1166 3005 dicant,
1205 2939 1312 2992 nisi
1343 2940 1412 2993 de
1444 2939 1533 2993 his
1563 2955 1693 3009 qua?
1733 2938 1840 3027 sub
1871 2954 2018 3008 PNB'
2053 2948 2094 3003 C
2131 2954 2441 3020 debebunt,
2503 2955 2578 3008 ita
2647 2961 2712 3008 ut
2781 2955 2851 3007 ab
2932 2956 3199 3009 omnibus
3264 2956 3522 3026 ejusdem
3602 2957 3850 3027 provin-

327 3030 506 3083 sentia
551 3044 747 3081 eorum
781 3033 903 3081 acta
935 3044 1056 3081 esse
1106 3032 1442 3083 noscuntur.
1495 3025 1849 3081 Accusatoris
1891 3042 2024 3078 vero

327 3115 739 3185 consanguinei
771 3116 1042 3168 adversus
1085 3130 1182 3167 eos
1226 3115 1624 3168 testimonium
1665 3130 1771 3167 nec
1810 3113 2022 3180 dicant,

329 3221 434 3259 nec
483 3219 681 3256 eorum
713 3202 1047 3260 familiares,
1096 3203 1180 3254 vel
1235 3203 1305 3254 de
1354 3202 1620 3255 domibus
1648 3217 1844 3254 eorum
1886 3217 2025 3272 pro-

330 3293 605 3347 deuntes:
638 3290 760 3357 sed,
801 3290 848 3343 si
888 3288 1174 3342 voluerint
1222 3295 1280 3342 et
1335 3289 1395 3342 iu
1433 3289 1677 3342 invicem
1724 3304 2026 3342 consense-

331 3382 468 3446 rint,
502 3381 652 3433 inter
702 3395 761 3434 se
804 3382 1070 3450 parentes
1103 3377 1496 3444 testiﬁcentur,
1531 3383 1730 3432 etnon
1760 3377 1820 3431 in
1847 3379 2022 3433 alios:

332 3486 438 3524 nec
466 3473 821 3523 accusatores
853 3467 942 3520 vel
971 3471 1146 3520 testes
1179 3467 1430 3536 suspecti
1473 3466 1856 3536 recipiantur:
1892 3466 2029 3537 quia

332 3558 779 3631 propinquitatis
811 3562 867 3610 et
896 3553 1302 3610 familiaritatis
1350 3572 1414 3610 ac
1459 3554 1870 3610 dominationis
1901 3555 2029 3609 aﬁ‘e—

329 3648 441 3702 ctio
473 3647 771 3702 veritatem
803 3645 1081 3716 impedire
1115 3646 1278 3698 solet.

684 3751 814 3807 CAP.
859 3751 1106 3807 CLXXII.
1151 3782 1217 3790 ——
1254 3750 1330 3804 De
1359 3749 1544 3802 eadem
1581 3764 1664 3803 re.

400 3841 507 3912 (Ea:
535 3842 679 3896 decr.
727 3841 948 3895 Damasi
972 3854 1151 3907 papae,
1197 3838 1469 3905 Stephano
1501 3841 1550 3890 et
1591 3837 1859 3890 universis
1905 3837 2026 3904 epi-

327 3933 500 4000 scopis
557 3931 769 3996 Af‘ricze
819 3929 1022 3991 missis,
1081 3942 1201 3995 cap.
1265 3925 1370 3993 lO.)
1428 3928 1795 3978 Accusatores
1833 3930 2028 3978 autem

328 4021 726 4091 episcoporum
758 4022 813 4071 et
842 4021 1032 4077 testes,
1083 4030 1255 4084 super
1299 4013 1508 4083 quibus
1552 4013 1858 4082 rogitastis,
1893 4013 2027 4065 abs-

328 4126 440 4180 que
470 4109 586 4161 ulla
635 4105 873 4160 infamia
911 4108 1010 4156 aut
1054 4101 1373 4172 suspicione
1419 4101 1504 4154 vel
1561 4101 1858 4154 manifesta
1906 4117 2024 4154 ma-

2133 3043 2236 3096 ciaa
2269 3042 2552 3112 episcopis
2582 3042 2724 3096 mihi
2769 3042 3055 3097 audiatur.
3107 3045 3229 3108 Quo
3286 3050 3344 3098 et
3391 3045 3514 3114 ipse
3559 3045 3846 3114 regulari-

2134 3134 2220 3183 ter
2246 3135 2604 3193 convocatus,
2637 3131 2682 3183 si
2730 3145 2863 3186 eum
2894 3137 2991 3184 aut
3022 3131 3328 3186 inﬁrmitas
3366 3138 3465 3185 aut
3494 3133 3615 3185 alia
3657 3133 3852 3203 gravis

2135 3219 2442 3272 necessitas
2528 3234 2644 3272 non
2718 3218 3049 3284 detinuerit,
3135 3221 3330 3274 adesse
3410 3221 3631 3274 debet:
3714 3221 3851 3292 quia

2135 3308 2283 3360 ultra
2347 3307 2658 3376 provincias
2718 3308 2993 3361 terminos
3050 3309 3355 3363 accusandi
3410 3315 3549 3364 ante
3607 3309 3851 3364 licentia

2135 3411 2252 3448 non
2284 3401 2366 3449 est
2395 3411 2568 3466 quam
2625 3396 2918 3450 audientia
2971 3403 3222 3467 rogetur.
3283 3397 3447 3461 Quod
3499 3398 3547 3450 si
3602 3414 3850 3468 quoquo

2135 3485 2303 3538 modo
2335 3490 2748 3555 praesumptum
2797 3485 2993 3553 fuerit,
3027 3491 3350 3540 statuerunt
3391 3491 3474 3550 ut,
3521 3492 3849 3557 antequam

2135 3577 2192 3626 et
2235 3571 2503 3642 proprius
2550 3573 2705 3625 locus
2751 3577 2808 3626 et
2837 3589 2937 3627 sua
2989 3573 3185 3626 omnia
3214 3573 3266 3627 ei
3320 3573 3542 3643 legibus
3590 3575 3850 3629 redinte-

2135 3666 2396 3730 grentur,
2445 3660 2772 3714 nullatenus
2829 3679 2858 3715 a
2904 3677 3194 3732 quoquam
3252 3667 3548 3716 accusetur
3580 3669 3690 3717 aut
3739 3665 3848 3717 cri-

2134 3750 2423 3803 minetur:
2475 3754 2531 3802 et
2564 3749 2670 3802 nisi
2711 3755 2912 3819 sponte
2957 3751 3215 3821 elegerit,
3255 3751 3527 3821 cuiquam
3561 3767 3675 3821 pro
3719 3753 3849 3806 tali-

2133 3836 2242 3890 bus
2268 3837 2625 3908 respondeat.
2675 3837 2781 3892 Sed
2815 3843 3140 3908 postquam,
3185 3843 3249 3892 ut
3277 3839 3578 3909 praeﬁxum
3615 3847 3727 3906 est,
3763 3857 3850 3894 re-

2136 3926 2367 3979 stitutus
2398 3924 2590 3988 fuerit,
2627 3931 2679 3978 et
2731 3942 2831 3978 sua
2863 3926 3058 3980 omnia
3103 3927 3153 3980 ei
3194 3927 3414 3997 legibus
3444 3928 3851 3998 redintegrata

2136 4020 2287 4080 sunt,
2340 4014 2630 4084 dispositis
2655 4015 3050 4086 ordinatisque
3081 4015 3216 4082 suis,
3262 4032 3539 4086 magnum
3588 4020 3850 4087 spatium

2135 4101 2415 4156 tractandi
2446 4117 2672 4155 causam
2705 4103 2756 4155 ei
2785 4103 3147 4157 concedatur.
3191 4105 3254 4158 Et
3283 4111 3500 4174 postea,
3556 4106 3607 4158 si
3655 4122 3852 4160 neces-

326 4197 474 4261 cula,
507 4201 561 4250 et
592 4210 724 4248 vera
765 4192 880 4246 ﬁde
932 4191 1180 4260 pleniter
1227 4189 1489 4242 instructi
1521 4205 1639 4242 esse
1689 4189 1893 4243 debent
1922 4205 1935 4242 :
1969 4194 2025 4244 et
2057 4229 2099 4282 Β
2138 4206 2196 4244 se
2224 4190 2417 4249 fuerit,
2450 4190 2789 4260 regulariter
2816 4197 3048 4245 vocatus
3106 4193 3299 4246 veniat
3343 4193 3410 4246 ad
3471 4209 3738 4260 causam,
3773 4199 3846 4256 et,

321 4285 462 4338 tales
493 4282 690 4354 quales
741 4280 809 4333 ad
841 4279 1222 4333 sacerdotium
1256 4278 1468 4347 eligere
1502 4277 1697 4331 divina
1718 4276 1884 4346 jubet
1920 4293 2020 4331 au-

326 4371 576 4426 ctoritas.
612 4367 895 4432 Quoniam
941 4366 1277 4431 sacerdotes,
1335 4370 1396 4419 ut
1439 4365 1808 4436 antiquorum
1853 4365 2026 4420 tradit

327 4459 652 4524 auctoritas,
688 4455 978 4513 criminari
1010 4472 1123 4510 non
1167 4459 1426 4526 possunt,
1459 4471 1563 4508 nec
1591 4454 1652 4507 in
1699 4471 1793 4508 eos
1822 4454 2022 4508 testiﬁ-

326 4549 440 4604 cari
474 4549 574 4619 qui
604 4548 672 4602 ad
723 4546 990 4602 eumdem
1023 4561 1137 4600 non
1183 4545 1414 4612 debent,
1446 4559 1549 4597 nec
1591 4548 1851 4612 possunt,
1884 4559 2024 4614 pro-

325 4640 456 4694 vehi
487 4639 770 4693 honorem
785 4678 799 4692 .

485 4727 612 4782 CAP.
649 4724 922 4780 CLXXIII.
950 4753 1020 4763 —
1051 4723 1182 4789 Quae
1201 4723 1312 4776 sint
1340 4721 1574 4786 infames
1602 4733 1860 4788 personae.

395 4816 500 4886 (Ea:
537 4816 694 4884 epist.
748 4813 1012 4883 Stephani
1054 4825 1212 4881 papa
1261 4809 1335 4862 ad
1386 4806 1724 4877 Hilarium.)
1777 4806 2021 4862 Infames

324 4909 517 4961 autem
557 4919 680 4957 esse
735 4918 830 4956 eas
888 4915 1163 4972 personas
1195 4897 1437 4951 dicimus
1493 4911 1620 4967 qua:
1669 4911 1773 4966 pro
1830 4895 2025 4966 aliqua

321 4995 491 5064 culpa
519 4995 794 5046 notantur
811 4988 1051 5044 infamia
1075 5003 1088 5054 ;
1120 4987 1178 5041 id
1209 4991 1312 5051 est,
1340 5001 1540 5040 omnes
1558 4983 1655 5055 qui
1686 4983 2021 5040 Christiania

319 5082 462 5153 legis
491 5096 754 5135 normam
800 5077 1095 5147 abjiciunt,
1129 5079 1182 5130 et
1211 5081 1423 5129 statuta
1472 5072 1850 5128 ecclesiastica
1878 5089 2022 5127 con-

318 5175 615 5227 temnunt.
654 5167 930 5224 Similiter
956 5167 1130 5234 fures,
1183 5165 1512 5234 sacrilegos,
1558 5167 1612 5216 et
1642 5177 1841 5216 omnes
1867 5162 2020 5231 capi-

318 5257 529 5314 talibus
557 5255 891 5311 criminibus
921 5254 1190 5319 irretitos,
1223 5253 1614 5323 sepulcrorum
1646 5266 1878 5322 quoque
1902 5249 2022 5303 vio-

317 5349 551 5411 latores,
607 5349 666 5399 et
711 5342 1105 5414 apostolorum
1151 5345 1323 5410 atque
1377 5354 1764 5392 successorum
1822 5353 2020 5392 eorum

319 5435 586 5507 religiosa
615 5437 937 5486 sanctorum
989 5432 1223 5485 Patrum
1274 5430 1484 5481 statuta
1531 5426 1774 5480 libenter
1802 5427 2021 5480 violan-

316 5530 422 5591 tes,
451 5528 506 5578 et
536 5537 737 5576 omnes
767 5519 865 5591 qui
895 5519 1166 5573 adversus
1220 5518 1414 5572 Patres
1450 5520 1771 5584 armantur,
1820 5514 1921 5584 qui
1959 5513 2021 5568 in

2137 4279 2184 4330 si
2216 4278 2429 4347 injuste
2454 4277 2639 4331 visum
2687 4278 2880 4345 fuerit,
2917 4281 3303 4333 accusantium
3339 4281 3848 4350 propositionibus

2135 4370 2551 4422 sustentatione
2608 4367 2849 4420 fratrum
2902 4368 3265 4437 respondeat.
3299 4369 3464 4423 Nulla
3516 4370 3679 4423 enim
3713 4387 3845 4440 per-

2136 4455 2310 4509 mittit
2339 4455 2504 4518 ratio,
2538 4453 2675 4508 dum
2707 4454 2777 4508 ad
2815 4459 3040 4524 tempus
3071 4457 3194 4526 ejus
3220 4456 3388 4522 bona,
3423 4457 3510 4510 vel
3549 4459 3842 4523 Ecclesiae,

2135 4550 2302 4615 atque
2336 4560 2425 4597 res
2455 4543 2526 4596 ab
2557 4543 2782 4597 aemulis
2809 4548 2907 4596 aut
2932 4559 2965 4596 a
2991 4544 3448 4616 quibuscumque
3481 4545 3845 4610 detinentur,

2136 4638 2196 4685 ut
2221 4632 2438 4703 aliquid
2471 4631 2553 4684 illi
2577 4631 2750 4701 objici
2782 4631 3006 4697 debeat,
3061 4648 3166 4686 nec
3197 4632 3510 4702 quidquam
3551 4639 3752 4702 potest
3793 4636 3845 4688 ei

2133 4719 2562 4790 quomodolibet
2613 4713 2896 4789 majOrum
2956 4721 3041 4774 vel
3096 4721 3385 4774 minorum
3433 4722 3629 4789 objici,
3698 4723 3843 4776 dum

2136 4807 2395 4863 Ecclesiis
2424 4808 2508 4861 vel
2537 4807 2706 4861 rebus
2731 4811 2830 4861 aut
2852 4809 3228 4878 potestatibus
3257 4814 3410 4863 caret
3437 4809 3576 4862 suis.

2133 4913 2261 4968 CAP.
2310 4912 2547 4967 CLXXV.
2600 4941 2663 4952 —
2723 4915 2798 4966 De
2849 4913 3194 4968 damnatione
3254 4917 3627 4982 episcoporum
3683 4933 3846 4971 accu-

2203 4987 2443 5108 sagtium
2509 4985 2819 5052 episcopum
2883 4983 3085 5052 absque
3144 4988 3465 5039 auctoritate
3523 4990 3845 5054 apostolicae

2203 5071 2255 5108 se
2299 5069 2372 5108 τε.

2200 5069 2345 5110 seazs
2359 5095 2372 5108 .

2201 5160 2366 5231 (Cap.
2414 5160 2564 5213 Julii
2605 5175 2765 5228 papae
2827 5160 2957 5214 VIII
3005 5161 3369 5216 Orientalibus
3398 5163 3671 5230 episcopis
3703 5167 3839 5218 mis-

2130 5247 2291 5318 sum.)
2323 5247 2378 5301 Si
2409 5248 2538 5318 quis
2568 5249 2639 5300 ab
2673 5247 2949 5300 hodierna
2987 5249 3079 5302 die
3109 5255 3163 5301 et
3197 5249 3464 5317 deinceps
3493 5249 3839 5322 episcopum

2133 5341 2338 5406 praeter
2368 5336 2540 5406 hujus
2584 5343 2792 5390 sanctae
2833 5337 2982 5389 sedis
3015 5337 3353 5390 sententiam
3403 5337 3685 5391 damnare
3720 5347 3780 5394 et
3807 5359 3839 5394 a

2132 5426 2365 5496 propria
2407 5426 2622 5497 pellere
2675 5426 2809 5479 sede
2858 5429 3311 5496 prmsumpserit,
3360 5427 3501 5479 sciat
3529 5442 3589 5479 se
3622 5428 3835 5482 irrecu-

2131 5514 2464 5585 perabiliter
2493 5530 2614 5568 esse
2664 5513 3026 5581 damnatum,
3059 5520 3118 5569 et
3145 5514 3378 5585 proprio
3409 5516 3706 5584 perpetim
3740 5533 3832 5570 ca-
