3960 6192
139 290 233 343 SOI
1108 288 1585 345 DECRETORUM
1627 290 1814 345 LIBRI
1852 290 1959 345 ΧΧ.
1998 321 2066 329 —
2108 292 2314 346 LIBER
2356 290 2637 345 PRIMUS.

3536 292 3641 345 602

141 426 263 464 rere
293 411 517 464 honore
555 428 568 464 :
599 425 808 480 eosque
849 410 949 481 qui
980 410 1194 481 absque
1225 411 1396 480 hujus
1426 412 1573 466 sedis
1604 417 1832 466 senten-
1860 417 1905 468 Α
1946 416 2137 481 fuerit,
2170 422 2225 468 et
2274 416 2398 485 ejus
2436 414 2623 468 fulciri
2658 414 2869 468 auxilio
2917 420 3161 485 oportet.
3218 417 3381 482 Nam,
3431 421 3495 470 ut
3535 433 3639 471 uo-

139 498 217 551 tia
240 505 379 553 sunt
425 500 593 569 ejecti
622 500 710 552 vel
739 500 1015 566 damnati,
1060 500 1231 569 hujus
1276 506 1486 554 sanctas
1534 503 1683 555 sedis
1731 518 1831 554 au-

140 589 400 641 ctoritate
432 589 625 641 scitote
648 588 946 658 pristinam
988 589 1242 658 recipere
1270 590 1755 655 communionem,
1778 596 1835 644 et

142 678 197 728 in
252 678 504 745 propriis
559 677 780 730 restitui
838 676 1086 730 sedibus.
1142 678 1423 741 Quoniam
1483 685 1539 732 et
1586 680 1766 747 prius,
1801 696 1834 732 a

140 769 398 833 tempore
430 764 641 818 scilicet
671 766 1089 834 apostolorum,
1136 766 1256 819 haec
1286 772 1494 819 sancta:
1536 766 1670 820 huic
1712 767 1833 819 sedi

139 868 402 906 concessa
452 858 605 916 sunt,
656 857 711 905 et
759 857 954 921 postea
1004 852 1064 904 in
1114 858 1428 906 memorata
1477 854 1703 907 Nicena
1750 872 1836 925 sy-

140 942 291 993 nodo
343 947 583 1011 propter
610 957 918 1011 pravorum
966 941 1268 994 hominum
1300 942 1714 1007 infestationes,
1744 949 1833 996 at-

140 1044 247 1098 que
281 1029 681 1083 haereticorum
714 1030 1156 1099 persecutiones,
1199 1035 1255 1083 et
1280 1030 1674 1084 insidiantium
1709 1047 1828 1084 mo-

139 1117 339 1170 limina
383 1118 643 1183 fratrum,
677 1132 807 1171 suut
855 1119 1217 1171 concorditer
1265 1119 1335 1173 ab
1367 1120 1634 1173 omnibus
1666 1120 1833 1173 robo-

137 1211 281 1270 rata,
315 1212 375 1259 ut
408 1208 588 1277 magis
641 1207 855 1277 singuli
903 1208 1255 1277 prmvideant
1301 1224 1370 1261 ne
1402 1209 1537 1261 talia
1586 1209 1834 1262 audeant

137 1300 492 1366 perpetrare.

140 1385 267 1437 CAP.
336 1385 598 1439 CLXXVI.
666 1416 733 1424 —
804 1386 878 1438 Ut
938 1390 1219 1439 accusatus
1284 1387 1365 1439 vel
1418 1386 1703 1455 judicatus
1767 1386 1835 1439 ab

207 1458 476 1523 episcopis
540 1457 1086 1524 comprovincialibus
1162 1458 1381 1510 licenter
1444 1459 1718 1526 appellet,
1786 1463 1836 1509 et

208 1526 375 1579 adeat
398 1528 703 1580 Romanum
729 1530 1052 1595 pontiﬁcem.

210 1614 334 1677 (Ea:
364 1615 506 1668 decr.
548 1617 778 1670 Victoris
823 1631 1003 1684 papae,
1036 1618 1241 1669 cunctis
1281 1616 1554 1681 fratribus
1600 1618 1837 1670 Aleman-

138 1702 296 1765 ἀνιᾷ),
356 1719 478 1771 cap.
540 1705 613 1771 1.)
671 1703 892 1756 Placuit
949 1708 1011 1756 ut
1059 1708 1353 1757 accusatus
1408 1704 1495 1757 vel
1541 1705 1831 1774 judicatus
1866 1701 1904 1753 Β

136 1791 441 1859 episcopus
520 1808 551 1844 a
612 1791 1189 1859 comprovincialibus
1266 1791 1327 1845 in
1392 1792 1585 1863 aliqua
1662 1809 1833 1846 causa

136 1880 420 1948 episcopis
449 1880 688 1933 licenter
715 1880 985 1949 appellet,
1031 1884 1088 1933 et
1114 1880 1277 1933 adeat
1325 1882 1653 1949 apostolica:
1686 1882 1833 1935 sedis

132 1968 494 2036 pontiﬁcem,
544 1969 663 2038 qui,
708 1972 806 2020 aut
852 1982 956 2037 per
1003 1983 1061 2020 se
1110 1972 1209 2021 aut
1248 1984 1350 2037 per
1389 1968 1627 2022 vicarios
1677 1986 1829 2037 suos,

136 2057 257 2123 ejus
304 2056 600 2109 retractari
649 2056 943 2125 negotium
989 2061 1272 2125 procuret.
1326 2058 1408 2123 Et,
1452 2058 1591 2110 dum
1629 2058 1831 2111 iterato

132 2143 350 2214 judicio
402 2144 655 2213 pontifex
708 2160 938 2197 causam
983 2160 1145 2197 suam
1176 2144 1315 2213 agit,
1368 2146 1557 2198 nullus
1596 2146 1739 2200 alius
1772 2146 1834 2198 in

136 2234 258 2302 ejus
290 2235 416 2286 loco
447 2239 698 2302 ponatur
728 2238 831 2286 aut
858 2232 1156 2286 ordinetur
1181 2234 1515 2304 episcopus;
1538 2236 1827 2305 quoniam,

134 2337 469 2391 quanquam
504 2321 1081 2391 comprovincialibus
1111 2322 1395 2392 episcopis
1424 2323 1671 2376 accusati
1699 2339 1833 2376 cau-

136 2424 254 2461 sam
308 2408 602 2477 pontificis
650 2410 891 2463 scrutari
944 2410 1126 2477 liceat,
1188 2426 1307 2463 non
1352 2414 1547 2463 tamen
1595 2409 1833 2463 delinire

136 2497 463 2549 inconsulto
515 2497 773 2550 Romano
828 2496 1097 2566 pontiﬁce
1149 2496 1488 2567 permissum
1548 2503 1651 2563 est,
1703 2514 1834 2551 cum

137 2585 301 2637 beato
363 2586 530 2638 Petro
586 2586 843 2655 apostolo
892 2602 1011 2639 non
1068 2585 1139 2638 ab
1194 2585 1306 2638 alio
1362 2601 1536 2655 quam
1579 2586 1650 2638 ab
1708 2587 1833 2656 ipso

139 2673 354 2726 dictum
388 2674 461 2725 sit
494 2673 735 2727 Domino
767 2690 780 2726 :
814 2674 1182 2744 Quaecunque
1233 2674 1499 2743 ligaveris
1528 2690 1699 2745 super
1727 2681 1832 2727 ter-

142 2777 286 2825 ram,
340 2768 513 2815 erunt
560 2762 736 2832 ligata
765 2768 820 2816 et
859 2763 918 2815 in
950 2762 1127 2827 ccelis,
1160 2767 1216 2815 et
1259 2778 1619 2833 quacunque
1647 2763 1829 2816 solve-

137 2850 213 2902 ris
238 2866 419 2920 super
443 2856 677 2916 terram,
710 2856 879 2904 erunt
909 2851 1096 2905 soluta
1120 2856 1176 2904 et
1202 2851 1261 2904 in
1287 2851 1462 2904 cmlis.

138 2939 263 2992 CAP.
330 2939 621 3023 CLXXVII.
655 2968 759 3035 ‘—
813 2942 880 2994 Ut
919 2941 1249 3035 lperscripta
1299 2940 1505 3035 nullius
1559 2942 1831 2994 accusatio
1864 2980 1904 3035 Ο

410 3013 762 3078 suscipiatur,
793 3025 850 3064 eo
877 3010 1093 3064 absente
1121 3012 1217 3079 qui
1252 3016 1555 3063 accusatur.

203 3098 318 3165 (Ea:
365 3100 525 3166 epist.
577 3099 797 3168 Stepha.
846 3114 1007 3168 papa
1053 3101 1259 3153 cunctis
1316 3100 1579 3167 episcopis
1632 3101 1829 3165 missa,

136 3201 254 3255 cap.
316 3186 396 3253 8.)
459 3186 774 3256 Perscripta
829 3187 983 3240 enim
1036 3186 1252 3240 nullius
1310 3188 1609 3253 accusatio,
1669 3204 1831 3241 accu-

135 3280 321 3328 satore
397 3281 456 3327 et
533 3290 601 3327 eo
666 3274 765 3345 qui
833 3280 1132 3328 accusatur
1207 3275 1577 3343 absentibus,
1648 3276 1832 3329 susci-

137 3364 347 3433 piatur,
399 3364 498 3417 sed
555 3363 789 3433 propria
836 3380 996 3428 voce,
1048 3364 1093 3417 si
1144 3364 1398 3432 legitima
1445 3370 1501 3418 et
1552 3366 1837 3435 condigna

137 3451 486 3505 accusatoris
544 3467 792 3521 persona
846 3452 1035 3519 fuerit,
1104 3458 1385 3522 praesente
1438 3453 1704 3507 videlicet
1766 3470 1834 3507 eo

137 3556 315 3611 quem
369 3555 634 3593 accusare
684 3539 1015 3594 desiderat:
1051 3541 1186 3610 quia
1244 3541 1437 3595 nullus
1485 3541 1688 3594 absens
1738 3547 1837 3595 aut

137 3628 396 3682 accusari
445 3632 631 3698 potest
666 3632 765 3681 aut
808 3644 1091 3682 accusare.
1128 3629 1326 3682 Nullus
1374 3633 1568 3682 tamen
1613 3630 1837 3699 praefati

139 3717 361 3771 ordinis
402 3716 490 3769 vir
535 3716 785 3770 accusari
816 3722 1023 3786 potest,
1074 3723 1173 3771 aut
1211 3718 1557 3787 respondere
1590 3717 1708 3770 suis
1740 3733 1837 3770 ac.

136 3803 505 3859 cusatoribus
551 3803 739 3871 debet,
792 3804 1128 3875 priusquam
1158 3805 1497 3875 regulariter
1525 3822 1559 3859 a
1589 3822 1691 3859 suo
1718 3806 1837 3875 pri-

134 3899 289 3947 mate
337 3897 568 3946 vocatus
618 3892 711 3959 sit,
743 3893 1049 3963 locumque
1097 3893 1438 3948 defendendi
1488 3900 1586 3948 aut
1638 3893 1838 3965 inqui-

133 3984 303 4036 rendi
334 3981 596 4052 accipiat,
626 3981 696 4034 ad
728 3981 1013 4036 abluenda
1043 3982 1308 4037 crimina.

137 4090 266 4142 CAP.
323 4088 639 4142 CLXXVIII.
684 4116 758 4129 —
801 4090 867 4143 Ut
904 4089 1246 4157 difﬁciliores
1293 4105 1467 4144 causa:
1514 4090 1589 4143 ad
1635 4093 1841 4157 apicem

210 4161 462 4214 Romana:
508 4159 650 4212 sedis
680 4161 1015 4225 referantur,
1058 4165 1119 4213 ut
1148 4163 1439 4229 apostolico
1488 4163 1843 4213 terminentur

201 4230 414 4309 judicio
440 4268 455 4292 ,
523 4232 677 4297 cujus
740 4230 883 4283 sedis
959 4234 1281 4285 auctoritate
1345 4246 1525 4285 omnes
1590 4232 1836 4285 Ecclesia
1869 4256 1911 4309 ι)

208 4305 495 4366 reguntur.

213 4388 321 4453 (Ea:
364 4388 525 4455 epist.
577 4388 822 4442 Anacleti
861 4403 1022 4458 papae
1059 4388 1307 4443 omnibus
1340 4390 1605 4458 episcopis
1649 4390 1839 4451 missa,

137 4490 260 4543 cap.
302 4476 413 4541 14.)
463 4474 519 4527 Si
553 4490 683 4543 qua:
736 4491 870 4530 vero
912 4492 1097 4530 causa:
1152 4478 1501 4531 difﬁciliores
1548 4477 1699 4529 inter
1743 4492 1842 4529 vos

138 4568 281 4616 orte
312 4561 542 4627 fuerint,
576 4562 646 4615 ad
674 4562 843 4632 hujus
874 4570 1084 4618 sancta:
1115 4564 1263 4617 sedis
1290 4565 1507 4634 apicem
1531 4580 1644 4623 eas,
1680 4562 1842 4633 quasi

140 4650 211 4703 ad
239 4654 433 4719 caput,
470 4650 699 4717 referte,
732 4656 796 4704 ut
820 4653 1136 4722 apostolico
1167 4652 1551 4705 terminentur
1574 4650 1789 4720 judicio
1824 4667 1837 4703 :

140 4740 278 4809 quia
324 4738 403 4792 sic
451 4740 628 4792 Deum
658 4740 803 4793 velle
837 4741 907 4794 ab
937 4756 1123 4811 eoque
1153 4741 1231 4793 ita
1278 4741 1647 4794 constitutum
1695 4755 1839 4805 esse,

140 4827 442 4881 antedictis
488 4828 829 4882 testimoniis
870 4829 1209 4882 declaratur.
1263 4832 1391 4885 Haec
1442 4845 1574 4882 vero
1606 4834 1842 4898 aposto-

136 4915 247 4968 lica
279 4916 442 4969 sedes
495 4917 664 4970 cardo
710 4922 768 4970 et
809 4924 981 4987 caput
1029 4918 1241 4972 factum
1295 4923 1440 4971 esta
1490 4917 1752 4979 Domino,
1787 4920 1844 4970 et

138 5020 259 5057 non
290 5006 364 5057 ab
412 5004 526 5057 alio
557 5010 641 5057 est
691 5006 1017 5060 constituta.
1070 5007 1151 5070 Et,
1202 5007 1347 5060 sicut
1374 5007 1603 5059 cardine
1631 5006 1842 5059 ostium

136 5093 382 5161 regitur,
439 5093 521 5146 sic
576 5093 749 5163 hujus
802 5100 1008 5149 sanctae
1058 5095 1206 5149 sedis
1257 5095 1594 5149 auctoritate
1643 5109 1843 5147 omnes

140 5182 424 5246 Ecclesiae,
456 5181 699 5235 Domino
728 5182 1088 5252 disponente,
1125 5190 1426 5253 reguntur.

134 5288 267 5342 CAP.
303 5288 605 5342 CLXXXIX.
659 5317 725 5330 —
779 5289 931 5354 Quod
982 5305 1159 5343 omnes
1214 5292 1453 5358 episcopi
1498 5289 1708 5356 possint
1737 5303 1837 5355 ap-

241 5361 453 5428 pellare
487 5362 783 5413 Romanam
808 5360 984 5414 sedem
1017 5365 1076 5413 in
1104 5361 1510 5415 necessitatibus
1542 5361 1729 5429 positi.

212 5448 323 5516 (Ea:
351 5448 497 5502 decr.
528 5449 759 5503 Damasi
787 5464 917 5519 pap.
953 5450 1169 5519 Stepha.
1210 5452 1441 5519 episcop.
1478 5451 1690 5515 Africa
1716 5450 1841 5501 mis-

127 5538 237 5600 sis,
300 5552 422 5605 cap.
484 5538 563 5605 9.)
620 5537 805 5601 Quam
877 5554 1081 5592 omnes
1140 5540 1449 5607 appellare,
1509 5538 1553 5589 si
1610 5550 1837 5590 necesse

1945 503 2068 567 stis,
2101 504 2383 573 synodum
2412 504 2534 555 sine
2561 503 2685 572 ejus
2717 503 3055 556 auctoritate
3077 504 3200 557 ﬁeri
3230 520 3345 556 non
3367 508 3451 557 est
3481 521 3642 557 cano-

1944 591 2134 643 nicum
2170 616 2179 644 :
2213 607 2317 645 nec
2350 592 2666 661 episcopus,
2706 591 2813 644 nisi
2842 592 2901 644 in
2935 592 3191 661 legitima
3212 594 3425 662 synodo
3459 598 3515 645 et
3541 609 3643 645 suo

1944 684 2203 749 tempore
2262 680 2574 749 apostolica
2631 681 2929 733 vocatione
2986 688 3349 750 congregata,
3409 681 3643 735 deﬁnite

1942 769 2203 822 damnari
2234 775 2421 838 potest
2452 784 2464 821 :
2498 784 2683 838 neque
2716 770 2829 821 ulla
2862 785 3115 839 unquam
3146 770 3389 823 concilia
3415 776 3538 822 rata
3566 771 3643 823 le-

1942 864 2180 926 guntur,
2214 873 2342 927 quae
2377 873 2491 909 non
2526 864 2660 909 sunt
2691 858 2832 910 fulta
2860 858 3173 926 apostolica
3206 859 3565 911 auctoritate.

1944 982 2069 1035 CAP.
2134 981 2365 1037 CLXXX.
2407 1012 2474 1021 —
2516 985 2587 1036 De
2654 983 2888 1035 induciis
2958 984 3370 1036 criminatorum
3435 983 3636 1050 episco-

2366 1069 2579 1122 porum,
2614 1056 2799 1121 quales
2832 1068 2941 1107 esse
2966 1054 3210 1106 debeant.

2014 1160 2124 1229 (Ea:
2172 1162 2329 1228 epist.
2393 1160 2582 1212 Felicis
2636 1175 2796 1227 papae
2833 1161 2889 1213 Il
2936 1160 3208 1225 fratribus
3261 1160 3640 1226 .igyptiorum

1944 1251 2130 1312 missa,
2164 1264 2283 1315 cap.
2323 1248 2433 1315 l5.)
2469 1248 2543 1300 De
2575 1247 2817 1300 induciis
2848 1264 2981 1300 vero
3013 1248 3431 1317 episcoporum,
3469 1262 3642 1315 super

1946 1336 2153 1406 quibus
2201 1335 2583 1401 consuluistis,
2636 1334 2882 1388 diversas
2911 1351 2942 1386 a
2989 1336 3250 1388 Patribus
3295 1334 3525 1403 regulas
3556 1334 3638 1386 in-

1945 1424 2204 1476 venimus
2236 1423 2541 1476 institutas.
2588 1424 2832 1487 Quidam
2866 1423 3019 1476 enim
3054 1424 3121 1476 ad
3172 1423 3501 1493 repellenda
3529 1422 3637 1475 im-

1946 1513 2261 1581 peritorum
2329 1511 2838 1576 machinamenta,
2916 1517 2970 1563 et
3040 1528 3167 1563 suas
3234 1511 3639 1580 praeparandas

1945 1600 2368 1669 responsiones,
2427 1606 2482 1653 et
2548 1606 2718 1652 testes
2777 1600 3220 1664 confirmandos,
3278 1606 3335 1652 et
3400 1598 3641 1651 concilia

1945 1687 2347 1756 episcoporum
2415 1692 2586 1757 atque
2655 1686 2972 1739 amicorum
3032 1686 3359 1756 quaerenda,
3421 1700 3639 1738 annum

1944 1779 1999 1829 et
2027 1792 2118 1828 sex
2152 1791 2373 1828 menses
2405 1776 2821 1828 mandaverunt
2868 1774 3102 1828 concedi
3134 1792 3145 1828 :
3180 1774 3415 1844 quidam
3446 1777 3638 1826 autem

1942 1880 2178 1928 annum,
2240 1864 2301 1917 in
2367 1880 2481 1932 quo
2536 1863 2775 1932 plurimi
2834 1864 3195 1917 concordant.
3267 1864 3449 1916 Minus
3506 1877 3638 1915 vero

1940 1969 2115 2023 quam
2159 1969 2255 2005 sex
2313 1967 2535 2005 menses
2588 1968 2702 2005 non
2745 1952 2927 2021 reperi
2965 1952 3143 2022 :quia
3201 1957 3255 2005 et
3312 1951 3467 2004 laicis
3515 1949 3639 2003 haec

1943 2040 2165 2094 indulta
2214 2045 2366 2107 sunt,
2423 2046 2638 2109 quanto
2688 2041 2873 2111 magis
2921 2041 3150 2094 Domini
3201 2040 3641 2093 sacerdotibus?

1946 2130 2085 2183 Nam
2118 2135 2175 2182 et
2200 2146 2232 2181 a
2272 2128 2478 2182 nostris
2528 2129 2980 2181 antecessoribus
3026 2134 3198 2199 atque
3232 2127 3469 2198 reliquis
3508 2143 3637 2179 san-

1942 2218 2044 2270 ctis
2080 2217 2338 2271 Patribus
2366 2216 2660 2270 multoties
2691 2217 2998 2269 inhibitum
3031 2222 3114 2270 est
3147 2233 3217 2268 ne
3249 2217 3377 2286 quis
3411 2214 3640 2269 Domini

1944 2307 2266 2360 sacerdotes
2316 2305 2767 2360 detractionibus
2817 2322 2930 2358 non
2990 2322 3056 2358 ex
3108 2305 3299 2357 radice
3347 2303 3639 2358 charitatis

1944 2396 2179 2467 prolatis
2201 2402 2363 2448 vexet
2386 2412 2397 2448 :
2418 2395 2720 2459 Quiescite,
2754 2395 3047 2465 inquiunt,
3073 2398 3129 2446 et
3157 2393 3333 2446 nolite
3367 2392 3634 2462 persequi

1945 2503 2041 2539 eos
2074 2484 2173 2555 qui
2225 2484 2340 2537 Deo
2389 2484 2633 2554 perfecte
2683 2483 3032 2550 ministrant,
3080 2496 3326 2552 quorum
3359 2479 3632 2534 orationi-

1942 2573 2049 2626 bus
2095 2576 2151 2626 et
2181 2577 2409 2627 terrena
2449 2572 2599 2624 bella
2629 2571 2922 2636 sedantur,
2960 2576 3014 2624 et
3043 2569 3432 2623 recedentium
3465 2583 3642 2637 ange-

1943 2662 2130 2715 lorum
2174 2660 2472 2731 pelluntur
2523 2660 2807 2723 incursus,
2845 2659 3060 2730 quique
3104 2674 3303 2711 omnes
3351 2658 3641 2710 daemones

1944 2755 2304 2820 corruptores
2335 2764 2569 2818 precum
2602 2748 2934 2801 assiduitate
2978 2746 3355 2799 confundunt.
3390 2744 3641 2798 Inducias

1944 2854 2194 2908 namque
2250 2853 2364 2890 non
2400 2837 2503 2889 sub
2556 2842 2799 2905 augusto
2844 2840 3128 2905 tempore,
3164 2836 3261 2889 sed
3316 2834 3419 2887 sub
3468 2834 3640 2904 longo

1945 2927 2125 2997 spatio
2165 2924 2544 2978 coucedendee
2592 2929 2743 2985 sunt,
2798 2928 2859 2975 ut
2902 2922 3149 2975 accusati
3180 2938 3238 2973 se
3289 2938 3637 2992 praeparare.

1944 3021 2002 3070 et
2052 3014 2343 3067 universos
2392 3011 2909 3065 communicatores
2963 3011 3019 3063 in
3069 3010 3377 3080 provinciis
3428 3010 3641 3080 positos

1944 3102 2271 3167 convenire,
2319 3105 2376 3154 et
2428 3106 2595 3153 testes
2636 3114 2983 3170 przeparare,
3037 3104 3210 3168 atque
3258 3102 3453 3150 contra
3502 3096 3643 3149 insi-

1944 3192 2194 3245 diatores
2239 3206 2295 3242 se
2322 3188 2570 3258 pleuiter
2599 3203 2822 3241 armare
2862 3187 3107 3240 valeant.
3145 3186 3368 3240 Judices
3400 3184 3554 3238 enim
3587 3190 3644 3238 et

1946 3285 2303 3335 accusatores
2344 3278 2485 3330 tales
2524 3293 2645 3329 esse
2678 3276 2886 3329 debent
2917 3274 3015 3345 qui
3059 3275 3215 3328 omni
3258 3279 3489 3327 careant
3518 3290 3636 3327 sus-

1944 3369 2191 3438 picione,
2224 3371 2280 3420 et
2309 3382 2372 3419 ex
2414 3364 2603 3419 radice
2634 3364 2923 3418 charitatis
2962 3380 3124 3417 suam
3155 3363 3478 3417 desiderent
3507 3378 3639 3431 pro-

1948 3471 2102 3509 mere
2133 3454 2494 3508 sententiam.

1948 3580 2074 3633 Car.
2146 3579 2403 3633 CLXXXI.
2480 3607 2548 3616 —
2629 3579 2709 3631 De
2770 3578 3017 3644 episcopo
3100 3576 3477 3640 Centuriensi,
3547 3548 3644 3643 qui

2185 3664 2406 3703 causam
2436 3663 2592 3703 suam
2618 3650 2676 3700 in
2705 3647 2909 3715 synodo
2946 3662 3104 3712 agere
3130 3651 3401 3699 renuerat.

2022 3755 2141 3821 (Ea:
2170 3754 2359 3807 concil.
2384 3754 2677 3818 Africano,
2695 3767 2815 3818 cap.
2841 3750 2954 3818 54.)
2988 3752 3065 3802 De
3096 3750 3449 3813 Quodvulteo
3472 3749 3644 3802 etiam

1950 3841 2330 3908 Centuriensi,
2361 3840 2633 3910 quoniam
2679 3837 3041 3892 adversarius
3080 3837 3262 3906 ipsius
3293 3852 3423 3890 cum
3455 3853 3513 3889 se
3542 3853 3644 3905 pe-

1949 3931 2106 3985 tisset
2145 3928 2434 3983 introduci
2481 3926 2554 3981 ad
2584 3926 2887 3980 concilium
2933 3930 3213 3986 nostrum.
3264 3924 3647 3993 interrogatus

1950 4024 2145 4074 utrum
2177 4034 2306 4072 cum
2338 4034 2405 4070 eo
2437 4016 2607 4069 vellet
2646 4016 2797 4086 apud
2829 4014 3123 4084 episcopos
3155 4012 3420 4083 experiri,
3455 4013 3644 4082 primo

1951 4090 2306 4179 promiserat,
2356 4111 2414 4159 et.
2442 4105 2553 4158 alia
2598 4105 2691 4158 die
2725 4103 3022 4174 respondit
3066 4102 3175 4156 hoc
3219 4102 3325 4155 sibi
3370 4117 3487 4155 non
3517 4102 3647 4171 pla-

1953 4212 2101 4260 cere,
2132 4200 2303 4265 atque
2350 4194 2605 4247 discessit
2636 4210 2649 4245 :
2686 4192 2900 4263 placuit
2937 4190 3205 4245 omnibus
3251 4190 3552 4260 episcopis,
3584 4194 3648 4242 ut

1954 4286 2145 4337 nullus
2194 4284 2380 4338 eidem
2425 4282 2784 4346 Quodvulteo
2823 4279 3227 4348 communicet,
3268 4279 3449 4333 donec
3477 4295 3646 4332 causa

1951 4374 2076 4442 ejus
2120 4372 2350 4443 qualem
2396 4370 2648 4440 potuerit
2690 4370 3005 4423 terminum
3053 4374 3258 4422 sumat.
3298 4370 3441 4422 Nam
3472 4366 3648 4421 adimi

1951 4460 2004 4513 ei
2034 4460 2429 4530 episcopatum
2477 4464 2786 4528 antequam
2838 4473 3025 4513 causas
3074 4458 3198 4525 ejus
3241 4457 3426 4511 exitus
3472 4472 3645 4526 appa-

1951 4554 2121 4613 reret,
2152 4548 2297 4601 nulli
2327 4548 2646 4602 Christiano
2674 4546 2852 4600 videri
2877 4546 3008 4616 jure
3032 4545 3301 4615 potuerit.

1952 4672 2077 4727 CAP.
2113 4672 2401 4727 CLXXXII.
2454 4700 2520 4710 —
2560 4670 2837 4725 Judicium
2876 4671 3115 4737 episcopi
3144 4671 3260 4739 qui,
3295 4684 3398 4740 pro
3422 4670 3648 4740 crimine

2020 4746 2217 4809 ejectus
2246 4744 2313 4795 ab
2362 4744 2562 4808 officio,
2597 4746 2782 4809 postea
2811 4743 3146 4808 episcOpium
3192 4756 3337 4793 more
3375 4739 3646 4807 pradonis

2020 4816 2241 4868 invasit.

2022 4920 2131 4990 (Ea:
2182 4922 2366 4987 regist.
2418 4917 2493 4970 ad
2536 4917 2807 4969 Joannem
2859 4918 3171 4984 episcopum
3226 4916 3416 4983 prim
3459 4915 3646 4967 Justi-

1950 5012 2149 5073 nianae,
2186 5024 2303 5076 cap.
2340 5006 2451 5073 t7.)
2477 5005 2715 5069 Quando
2764 5004 2912 5057 mala
2944 5020 3071 5073 quae
3117 5002 3470 5073 paenitentia:
3510 5002 3649 5056 ﬂetu

1950 5097 2246 5168 purganda
2291 5100 2422 5148 sunt
2474 5099 2759 5162 augentur
2810 5091 3151 5153 excessibus,
3201 5091 3279 5143 ita
3331 5090 3514 5159 major
3563 5095 3649 5143 est

1950 5184 2417 5256 delinquentibus
2458 5182 2779 5235 adhibenda
2825 5180 3125 5244 correctio,
3177 5184 3324 5232 utet
3371 5178 3479 5249 ipsi
3508 5178 3645 5232 faci-

1950 5291 2057 5328 nus
2104 5289 2270 5327 suum
2325 5287 2495 5340 paena
2546 5272 2744 5338 saltem
2798 5269 3123 5323 vindicante
3173 5274 3539 5339 cognoscant,
3592 5272 3648 5321 et

1951 5363 2089 5416 alios
2121 5362 2192 5415 ab
2224 5361 2436 5415 illicitis
2464 5358 2853 5413 ecclesiasticae
2884 5358 3142 5411 tuitionis
3173 5359 3344 5411 timor
3366 5357 3645 5410 inhibeat.

1951 5451 2361 5505 Dilectissimus
2409 5450 2604 5519 itaque
2638 5449 2786 5501 lator
2818 5447 3186 5516 presentium
3240 5447 3539 5499 Nemesion
3579 5444 3649 5497 ad

1950 5556 2053 5593 nos
2084 5540 2337 5603 veniens,
2387 5536 2677 5600 indicavit,
2710 5535 2858 5588 sicut
2888 5540 2946 5589 et
2974 5539 3267 5604 gestorum
3299 5532 3647 5603 exemplaria
