4022 6190
317 186 420 238 603

1397 183 1800 240 BURCHARDI
1837 182 2373 240 WORMACIENSIS
2410 183 2744 241 EPISCOPI.

3729 188 3834 240 604

320 323 448 379 quae
479 306 591 362 huc
621 305 827 362 detulit
869 305 1259 374 continebant,
1289 305 1534 360 Paulum
1587 307 1914 361 Doclavenm
1945 307 2019 360 ci-
2046 309 2091 362 Α
2129 307 2397 361 homines
2451 307 2844 378 praevidentes,
2905 311 2965 362 et
3021 307 3309 379 simplices
3372 308 3837 375 considerantes,

319 396 509 449 vitatis
555 395 910 466 episcopum,
943 396 1094 449 inter
1131 396 1244 449 alia
1294 397 1445 449 mala
1473 395 1533 448 in
1565 396 1853 465 corporali
1906 396 2018 449 cri-

320 484 477 537 mine
509 485 757 554 lapsum,
788 500 820 536 a
863 485 982 538 suis
1009 483 1185 538 fuisse
1215 483 1436 537 clericis
1464 489 1814 548 accusatum,
1846 492 2018 554 atque

319 571 518 626 habita
561 573 914 641 cognitione,
965 573 1043 626 ita
1077 573 1234 641 quod
1277 572 1399 626 sine
1443 572 1643 626 dolore
1682 573 1870 626 dicere
1900 589 2017 626 non

321 675 648 729 possumus,
698 661 990 727 claruisse,
1021 664 1193 730 atque
1223 660 1480 730 insuper,
1527 665 1829 730 postquam
1875 677 2018 714 con-

317 747 498 801 victus
528 754 632 813 est,
665 747 838 800 etiam
871 747 1129 802 libellum
1161 747 1345 814 illum,
1380 747 1439 800 in
1465 763 1580 818 quo
1609 764 1676 801 ea
1707 748 1776 801 de
1807 748 2017 819 quibus

319 842 612 890 accusatus
658 836 846 890 fuerat
883 852 1017 889 vera
1063 852 1184 888 esse
1225 835 1518 889 confessus
1563 841 1668 900 est,
1717 837 2013 890 obtulisse.

318 919 440 981 Qua
469 919 540 972 de
569 935 629 972 re
672 919 952 972 sententia
999 920 1162 973 illum
1207 919 1519 989 episcopali
1565 920 1910 990 depositum,
1962 925 2019 973 et

319 1023 376 1059 se
407 1007 532 1076 ejus
575 1009 694 1060 loco
727 1023 853 1060 cum
902 1008 1274 1061 fraternitatis
1323 1015 1525 1062 vestrm
1569 1025 1850 1062 consensu
1894 1025 2014 1062 esse

319 1095 649 1166 episcopum
698 1096 1022 1149 ordinatum
1058 1117 1069 1150 :
1105 1097 1202 1150 sed
1251 1113 1405 1150 nunc
1453 1097 1720 1151 eumdem
1770 1097 2012 1151 Paulum

318 1199 445 1236 cum
479 1183 692 1236 auxilio
744 1185 1104 1237 saecularium
1131 1183 1391 1255 judicum
1425 1185 1770 1250 venientem,
1805 1186 2017 1255 episco-

314 1271 476 1341 pium
512 1287 671 1325 more
697 1271 989 1342 praedonis
1011 1272 1358 1342 ingressum,
1392 1272 1707 1342 ablatisque
1739 1273 2014 1327 violenter

318 1358 486 1411 rebus
521 1359 800 1425 Ecclesiae,
831 1359 902 1412 ab
943 1376 1010 1412 eo
1042 1376 1101 1412 se
1149 1360 1489 1430 projectum,
1535 1365 1592 1412 et
1622 1361 1693 1412 ad
1726 1377 2012 1416 summam

316 1443 587 1516 injuriam
637 1463 702 1501 ac
755 1463 954 1501 necem
1011 1464 1158 1516 pene
1213 1449 1576 1518 perductum.
1631 1449 1697 1501 Et
1740 1450 2011 1519 quoniam

315 1535 488 1588 tantae
532 1535 809 1605 nequitias
861 1536 1111 1604 pravitas
1159 1551 1263 1588 nec
1309 1535 1721 1589 dissimulanda
1775 1553 1877 1590 nec
1931 1539 2013 1591 le-

315 1621 460 1674 viter
488 1623 712 1692 agenda
741 1627 846 1688 est,
888 1623 1220 1677 fraternitas
1269 1628 1452 1677 vestra
1493 1625 1618 1678 haec
1648 1625 1844 1679 omnia
1882 1626 2012 1680 dili-

315 1715 518 1779 genter
546 1716 707 1764 curet
734 1711 1022 1765 addiscere
1055 1729 1069 1766 :
1105 1717 1181 1777 et,
1216 1713 1262 1766 si
1291 1714 1368 1766 ita
1391 1729 1471 1779 se,
1506 1719 1570 1767 ut
1590 1714 1770 1768 edocti
1791 1731 2008 1780 sumus,

316 1798 525 1851 veritas
583 1800 775 1866 habet,
832 1802 1175 1870 praedictum
1236 1802 1477 1855 Paulum
1534 1802 1787 1856 districta
1844 1801 2012 1856 faciat

316 1887 682 1941 exsecutione
727 1890 996 1959 compelli
1051 1895 1116 1943 ut
1160 1905 1517 1961 quaecunque
1550 1890 1802 1958 abstulit,
1851 1890 2010 1943 omni

314 1989 476 2028 mora
534 1977 621 2029 vel
676 1978 1041 2031 excusatione
1095 1984 1370 2043 cessante,
1425 1979 1701 2033 restituat.
1765 1979 1822 2033 Si
1876 1995 2008 2033 vero

313 2062 458 2117 nihil
501 2064 761 2118 Ecclesiae
817 2066 915 2120 sed
964 2067 1263 2137 proprium
1318 2083 1377 2121 se
1438 2067 1644 2121 dixerit
1687 2067 2006 2134 abstulisse,

314 2153 577 2221 quamvis
625 2169 795 2223 grave
849 2158 904 2207 et
933 2154 1200 2226 iniquum
1250 2154 1361 2209 fuit
1405 2171 1470 2208 nt
1516 2172 1633 2209 non
1671 2172 1704 2208 a
1734 2156 1891 2209 vobis
1923 2158 2007 2210 vel

310 2243 748 2312 metropolitano
781 2244 906 2314 ejus
951 2244 1061 2297 hoc
1109 2249 1346 2315 peteret,
1398 2244 1497 2297 sed
1529 2261 1667 2298 ausu
1698 2245 2006 2299 temerario

310 2344 488 2383 manu
527 2337 903 2402 prmsumeret
930 2348 1101 2402 agere
1131 2351 1148 2386 :
1185 2338 1578 2386 verumtamen
1611 2333 1657 2386 si
1702 2334 1841 2404 quid
1872 2351 2003 2404 pro-

307 2417 501 2488 prium
533 2419 680 2486 tulit,
728 2419 831 2473 sub
861 2421 1233 2474 fraternitatis
1283 2427 1484 2474 vestra:
1515 2422 1686 2476 debet
1715 2425 2004 2475 examina-

309 2504 468 2558 tione
518 2513 780 2570 constare
810 2507 857 2561 si
888 2524 1086 2561 verum
1138 2513 1239 2563 est.
1273 2507 1381 2562 Sed
1425 2514 1479 2561 et
1525 2508 1668 2562 illud
1699 2508 2006 2577 diligenter

309 2597 684 2663 quaerendum
735 2602 833 2658 est,
881 2597 930 2650 si
957 2598 1098 2667 quid
1144 2598 1294 2650 male
1343 2597 1412 2650 de
1458 2596 1627 2650 rebus
1671 2597 2006 2666 dilapidavit

311 2683 571 2736 Ecclesia).
599 2700 612 2750 ;
647 2684 734 2737 vel
766 2686 919 2755 quod
966 2700 1121 2738 nunc
1151 2685 1402 2752 abstulit,
1439 2686 1549 2739 hoc
1595 2686 1907 2740 reformare
1940 2700 2004 2738 ac

307 2771 631 2825 satisfacere
690 2773 872 2826 modis
921 2774 1192 2827 omnibus
1239 2775 1633 2844 compellatur.
1696 2774 1755 2828 Si
1809 2778 2002 2828 autem

2128 395 2420 450 difﬁcilem
2451 401 2547 450 aut
2590 412 2887 467 nunquam
2919 397 3226 450 voluerunt
3253 413 3377 450 esse
3406 399 3841 452 accusationem

2127 485 2508 549 sacerdotum,
2556 500 2628 538 ne
2671 502 2703 538 a
2751 485 2918 538 malis
2966 485 3283 555 potuissent
3327 487 3508 540 everti
3551 492 3654 539 aut
3705 487 3840 540 sub-

2125 574 2344 627 moveri
2379 590 2392 628 :
2427 574 2564 643 quia
2593 573 2641 626 si
2684 574 2792 629 hoc
2819 573 2988 628 facile
3019 574 3428 628 concederetur
3455 575 3842 628 saecularibus

2127 665 2184 714 et
2212 662 2377 714 malis
2421 661 2769 727 hominibus,
2803 666 2903 714 aut
2930 662 3146 728 nullus,
3178 667 3276 716 aut
3309 663 3400 716 vix
3440 664 3727 733 perpauci
3757 679 3844 715 re-

2127 753 2460 815 manerent;
2494 751 2764 819 quoniam
2789 766 3019 819 semper
3038 750 3147 804 fuit
3173 755 3230 803 et
3245 756 3348 813 est,
3373 756 3449 817 et,
3482 752 3646 821 quod
3671 751 3843 820 pejus

2124 843 2227 899 est,
2263 838 2436 890 nimis
2465 837 2638 906 viget,
2686 843 2752 891 ut
2783 838 2921 891 mali
2951 838 3134 892 bonos
3177 839 3581 910 insequantur,
3624 848 3684 891 et
3713 855 3841 893 car-

2122 925 2286 978 nales
2332 925 2620 995 spiritales
2650 925 2941 979 infestent.
2988 927 3222 992 Idcirco,
3250 934 3316 981 ut
3343 929 3694 996 praedictum
3729 933 3838 990 est,

2122 1017 2446 1066 statuerunt
2488 1030 2557 1067 ne
2606 1023 3024 1075 accusarentur,
3073 1020 3173 1068 aut
3220 1016 3266 1068 si
3316 1016 3486 1070 aliter
3533 1016 3668 1069 ﬁeri
3718 1032 3840 1069 non

2121 1107 2332 1170 posset,
2379 1102 2734 1171 perdifﬁcilis
2777 1103 2943 1156 fieret
2973 1119 3171 1157 eorum
3201 1104 3511 1169 accusatio,
3547 1109 3606 1157 et
3634 1121 3669 1158 a
3702 1105 3839 1175 qui-

2121 1189 2248 1254 bus,
2285 1195 2351 1243 ut
2380 1191 2770 1259 supradictum
2817 1196 2920 1257 est,
2955 1207 3071 1245 non
3115 1199 3587 1262 praesumeretur,
3639 1208 3838 1263 neque

2121 1293 2154 1331 a
2219 1277 2474 1347 propriis
2541 1279 2768 1332 sedibus
2829 1284 2931 1332 aut
3007 1279 3262 1333 Ecclesiis
3327 1280 3588 1351 episcopi
3661 1281 3837 1350 ejice-

2119 1368 2342 1417 rentur.

2120 1470 2248 1524 CAP.
2292 1471 2592 1526 CLXXXIV.
2646 1501 2715 1510 —
2758 1473 2819 1527 Si
2864 1474 3145 1541 episcopus
3181 1474 3440 1541 ert-pulsus
3495 1489 3667 1527 ausus
3717 1477 3838 1541 fue-

2644 1545 2721 1594 rit
2745 1544 2967 1610 ingredi
2998 1546 3290 1597 civitatem.

2193 1628 2298 1696 (Ea:
2353 1631 2510 1698 epist.
2579 1631 2854 1694 Boni/acii
2909 1646 3069 1700 papa
3119 1631 3194 1684 ad
3259 1633 3539 1700 episcopos
3590 1632 3832 1698 Galliae.)

2121 1716 2179 1771 Si
2209 1716 2512 1786 episcopus
2542 1718 2810 1788 expulsus
2856 1734 3031 1772 ausus
3058 1719 3231 1773 fuerit
3271 1719 3504 1788 ingredi
3532 1720 3835 1775 civitatem

2119 1818 2149 1857 e
2183 1820 2294 1874 qua
2326 1807 2589 1874 repulsus
2619 1811 2722 1868 est,
2769 1807 2857 1860 vel
2889 1808 3044 1860 exire
3075 1807 3145 1860 de
3188 1807 3314 1860 loco
3345 1807 3406 1860 in
3451 1823 3571 1877 quo
3617 1808 3834 1877 degere

2111 1891 2307 1962 jussus
2347 1899 2452 1959 est,
2493 1894 2764 1964 jubemus
2809 1910 2944 1948 eum
2973 1895 3030 1948 in
3061 1894 3406 1948 monasterio
3440 1894 3506 1948 in
3539 1895 3656 1948 alia
3688 1912 3830 1966 pro-

2117 1980 2302 2033 vincia
2349 1983 2656 2036 constituto
2689 1983 2858 2043 tradi,
2903 1987 2987 2048 ut,
3025 1983 3122 2053 qui
3169 1983 3490 2037 sacerdotio
3539 1984 3827 2053 peccavit,

2115 2068 2330 2138 degens
2359 2070 2417 2123 in
2449 2071 2799 2125 monasterio
2826 2072 3168 2142 corrigatur.

2115 2158 2243 2212 CAP.
2277 2158 2555 2213 CLXXXV.
2590 2189 2652 2199 —
2687 2161 2767 2212 De
2802 2161 3068 2228 episcopis
3109 2162 3222 2229 qui,
3251 2174 3307 2214 se
3333 2161 3674 2230 viventibus,
3705 2177 3830 2216 suc-

2557 2245 2788 2284 cessores
2811 2233 3006 2298 eligere
3035 2232 3365 2285 desiderant.

2183 2316 2298 2385 (Ea:
2326 2318 2517 2371 concil.
2551 2319 2884 2373 Antiochea.
2918 2335 3040 2388 cap.
3063 2319 3177 2389 23.)
3204 2319 3488 2390 Episcopo
3515 2321 3829 2374 nonlicere

2112 2421 2215 2474 pro
2263 2422 2320 2458 se
2365 2407 2611 2460 alterum
2661 2423 3046 2460 successorem
3097 2407 3203 2462 sibi
3252 2408 3634 2476 constituere,
3695 2411 3833 2463 licet

2111 2493 2181 2546 ad
2234 2494 2444 2548 exitum
2499 2495 2629 2548 vitae
2673 2495 2988 2564 perveniat.
3041 2495 3201 2560 Quod
3230 2495 3277 2548 si
3315 2497 3430 2550 tale
3473 2498 3704 2567 aliquid
3741 2500 3831 2552 fa-

2111 2585 2263 2634 ctum
2322 2582 2514 2648 fuerit,
2569 2583 2797 2636 irritum
2857 2599 2979 2636 esse
3032 2583 3364 2652 hujusmodi
3414 2585 3828 2640 constitutum.

2111 2668 2382 2722 Servetur
2453 2674 2645 2723 autem
2713 2671 2809 2740 jus
2868 2671 3316 2725 ecclesiasticum
3392 2671 3448 2725 id
3513 2675 3832 2728 continens

2111 2763 2374 2826 oportere
2423 2774 2539 2810 non
2573 2758 2738 2811 aliter
2764 2758 2909 2818 fieri,
2945 2759 3054 2811 nisi
3093 2775 3222 2812 cum
3269 2759 3487 2829 synodo
3513 2765 3572 2813 et
3596 2761 3830 2830 judicio

306 2859 536 2913 differre
583 2863 902 2925 tentaverit,
936 2878 1235 2932 quousque
1281 2842 1451 2916 omne
1483 2863 1636 2934 quod
1671 2862 2004 2932 dilapidavit
2034 2873 2074 2928 ς,
2114 2842 2536 2934 ἓβξδεθβοτυων
2571 2844 2830 2934 (iulium
2854 2845 3077 2898 Obltum
3108 2845 3449 2915 quiescentis
3469 2852 3829 2916 Ροίθδῖδῖεω

305 2949 393 3000 vel
425 2950 494 3001 de
530 2949 846 3002 substantia
875 2951 1007 3003 tulit
1036 2950 1292 3004 Ecclesiae
1328 2952 1588 3004 restituat
1618 2951 1677 3004 in
1709 2956 1997 3004 monaste-

305 3036 455 3089 rium
503 3037 812 3090 mittendus
859 3044 1063 3107 est,_ut
1098 3040 1298 3091 saltem
1331 3045 1558 3092 coactus
1603 3038 1806 3092 reddat
1845 3038 2000 3108 quod

303 3123 452 3176 male
471 3124 693 3177 auferre
713 3141 829 3178 non
849 3125 1063 3179 timuit.
1086 3125 1246 3188 Quod
1269 3126 1314 3178 si
1332 3126 1498 3192 forte,
1521 3126 1670 3195 quod
1691 3141 1807 3178 non
1827 3125 2002 3178 credi-

303 3226 459 3278 mus,
488 3219 616 3282 post
636 3213 1048 3282 depositionem
1074 3230 1234 3267 suam
1252 3213 1700 3267 inverecundum
1725 3230 1788 3266 ac
1809 3218 1998 3266 mente

303 3316 566 3371 perversa
597 3302 812 3372 aliquid
847 3303 916 3356 de
949 3300 1278 3371 episcopatu
1316 3302 1475 3372 loqui
1505 3307 1674 3372 atque
1701 3318 1896 3355 rursus
1925 3302 1994 3355 ad

303 3388 412 3442 hoc
443 3389 700 3458 qualibet
748 3390 1002 3459 aspirare
1033 3390 1483 3460 presumptione
1527 3391 1848 3458 tentaverit,
1883 3390 1999 3444 fra-

303 3477 592 3530 ternitatis
643 3482 845 3532 vestrae
885 3494 945 3531 se
976 3483 1172 3531 contra
1215 3479 1641 3548 improbitatem
1676 3479 1853 3549 ipsius
1881 3495 2001 3532 om-

303 3565 442 3618 nino
494 3565 658 3636 vigor
714 3567 1006 3634 accendat,
1069 3571 1240 3638 atque
1307 3567 1589 3621 Dominici
1645 3567 1897 3636 corporis
1941 3574 2000 3622 et

302 3654 600 3723 sanguinis
654 3655 1060 3709 communione
1114 3656 1422 3725 privatum,
1471 3655 1529 3708 in
1586 3656 1994 3710 monasterium

303 3758 437 3796 eum
486 3758 668 3814 usque
713 3745 780 3798 ad
828 3744 980 3798 diem
1033 3744 1224 3798 obitus
1273 3744 1360 3798 sui
1407 3745 1475 3798 ad
1507 3744 1794 3815 agendum
1834 3749 1999 3799 curet

301 3831 699 3902 pcenitentiam
729 3833 1146 3888 retrudendum
1179 3849 1192 3886 :
1225 3842 1509 3903 quatenus
1539 3833 1852 3904 perpetrati
1878 3850 1996 3887 sce-

302 3920 436 3972 leris
469 3921 719 3973 maculas
769 3920 958 3990 dignis
989 3921 1170 3973 discat
1222 3921 1448 3974 tletibus
1481 3920 1812 3988 emendare,
1855 3937 1996 3992 quas

302 4007 485 4077 magis
514 4007 573 4061 in
613 4008 852 4063 interitu
898 4008 1106 4061 anima:
1137 4023 1254 4060 sum
1300 4009 1567 4078 nequiter
1595 4023 1807 4077 augere
1841 4010 1998 4064 desi-

301 4096 480 4150 derat.
527 4096 958 4166 Suprascriptus
1003 4102 1193 4148 autem
1237 4095 1638 4148 dilectissimus
1685 4097 1860 4150 frater
1899 4114 1995 4152 no-

301 4187 418 4237 ster
447 4184 751 4238 Nemesion
792 4185 854 4236 in
880 4199 983 4236 suo
1013 4184 1137 4237 loco
1166 4188 1222 4237 et
1249 4181 1607 4254 episcopatus
1650 4184 1837 4240 ofﬁcio
1861 4203 1992 4256 pro-

300 4272 392 4324 cul
437 4272 614 4326 dubio
650 4273 996 4326 reformatur
1029 4287 1043 4324 :
1075 4277 1132 4325 et
1180 4289 1252 4326 ne
1301 4273 1490 4326 denuo
1537 4274 1642 4327 hac
1690 4276 1760 4328 de
1791 4291 1852 4329 re
1902 4276 1994 4329 in-

301 4359 702 4428 quietudinem
754 4375 818 4413 ac
870 4359 1192 4415 molestiam
1252 4361 1518 4431 patiatur,
1579 4363 1846 4416 sollicitos
1898 4379 1996 4417 vos

302 4462 422 4500 esse
451 4462 681 4501 necesse
722 4453 806 4502 est
838 4465 852 4502 :
883 4448 1017 4519 quia
1046 4449 1154 4503 hoc
1202 4466 1318 4504 non
1353 4451 1537 4504 solum
1567 4453 1636 4504 ad
1669 4451 1840 4522 hujus
1875 4467 1996 4505 mu-

300 4534 601 4602 nitionem,
653 4537 1032 4591 verumetiam
1065 4539 1134 4592 ad
1165 4539 1409 4593 aliorum
1456 4545 1679 4594 constat
1724 4541 1993 4594 emenda-

298 4623 513 4678 tionem
564 4626 860 4696 proﬁcere,
905 4632 968 4679 ut
1016 4642 1324 4696 pravorum
1372 4628 1674 4682 hominum
1721 4644 1998 4698 praesum-

201 4710 206 4716 ’
295 4712 418 4784 ptio
463 4714 609 4767 nihil
640 4716 711 4769 de
757 4723 966 4769 caetero
996 4721 1527 4770 contra-sacrorum
1567 4732 1852 4771 canonum
1883 4723 1998 4771 sta-

296 4807 420 4856 tuta
450 4803 536 4857 vel
577 4803 1018 4858 ecclesiasticam
1046 4803 1411 4874 disciplinam
1441 4806 1559 4860 ullo
1593 4807 1764 4860 modo
1790 4806 1999 4862 habeat

294 4893 596 4946 attentare.

294 4996 422 5051 CAP.
494 4995 802 5050 CLXXXIII.
823 5066 836 5069 _
872 5025 940 5034 —
1007 4995 1122 5069 Cur
1176 4973 1355 5069 sancti
1417 4998 1650 5066 apostoli
1710 5013 1996 5069 eorumque

364 5081 692 5121 successores
749 5066 1020 5120 voluerint
1083 5066 1373 5134 difﬁcilem
1427 5083 1538 5122 esse
1602 5066 1995 5124 accusationem

366 5139 703 5191 sacerdotum
714 5176 726 5189 .

368 5242 480 5310 (Ea:
540 5244 736 5298 decret.
795 5244 1027 5298 Fabiani
1076 5259 1256 5314 papae,
1315 5245 1679 5300 Orientalibus
1734 5249 1995 5316 episcopis

296 5334 499 5395 missis,
559 5348 680 5401 cap.
740 5334 851 5397 19.)
910 5332 1069 5386 Talia
1125 5334 1442 5403 cogitantes
1509 5334 1689 5388 sancti
1751 5333 1996 5405 apostoli

298 5436 619 5492 eorumque
676 5435 1055 5489 successores,
1117 5422 1320 5495 spiritu
1378 5422 1477 5477 Dei
1530 5423 1759 5494 repleti,
1814 5423 1996 5478 malos

2113 2931 2328 2985 habent
2357 2948 2488 2985 eum
2521 2932 2620 3002 qui
2652 2933 2862 3002 dignus
2887 2934 3161 2987 exstiterit
3184 2949 3542 3002 promovere.

2112 3037 2242 3092 CAP.
2276 3038 2580 3092 CLXXXVI.
2621 3067 2691 3077 —
2745 3040 2810 3093 Ut
2865 3040 3110 3108 episcopo
3163 3042 3372 3092 vivente
3417 3042 3606 3095 nullus
3653 3057 3829 3111 super

2805 3111 3107 3162 ordinetur.
3180 3128 3188 3136 ·

2182 3198 2292 3261 (Em
2316 3197 2503 3250 concil.
2559 3197 2830 3250 Avernen.
2883 3213 3028 3266 cap..
3085 3196 3192 3266 I3.)
3244 3197 3313 3250 Ut
3343 3197 3537 3250 nullus
3585 3197 3824 3252 vivente

2111 3283 2382 3352 episcopo
2413 3283 2558 3336 alius
2605 3291 3032 3354 superponatur
3069 3291 3168 3338 aut
3197 3286 3677 3355 superordinetur
3707 3287 3828 3357 epi-

2109 3386 2337 3441 scopus,
2384 3371 2495 3425 nisi
2536 3372 2778 3426 forsitan
2809 3373 2868 3426 in
2913 3375 3037 3443 ejus
3084 3375 3273 3427 locum
3322 3390 3495 3444 quem
3547 3376 3824 3446 capitalis

2109 3460 2276 3530 culpa
2305 3460 2592 3530 dejecerit.

2111 3547 2238 3601 CAP.
2294 3549 2628 3605 CLXXXVII.
2682 3579 2750 3589 —-
2805 3550 2958 3616 Quod
3011 3567 3117 3605 non
3175 3553 3332 3606 liceat
3386 3554 3636 3622 episcopo
3691 3568 3825 3607 suc-

2706 3636 2961 3676 cessorem
2989 3624 3200 3689 eligere.

2180 3708 2286 3777 (Ea:
2349 3709 2536 3763 concil.
2606 3710 2875 3779 Spalensi,
2943 3726 3062 3780 cap.
3137 3712 3210 3779 8.)
3277 3712 3631 3782 Episcopum
3702 3728 3824 3765 non

2107 3794 2278 3850 liceat
2333 3802 2465 3851 ante
2521 3797 2697 3852 tinem
2745 3799 2878 3852 vitae
2931 3798 3109 3852 alium
3170 3801 3228 3854 in
3283 3803 3406 3854 loco
3463 3802 3821 3856 constituere

2108 3899 2514 3939 successorem.
2552 3886 2608 3939 Si
2658 3887 2788 3956 quis
2836 3893 3026 3941 autem
3074 3889 3182 3942 hoc
3227 3904 3508 3958 usurpare
3555 3895 3819 3943 tentave-

2107 3971 2203 4040 rit,
2238 3974 2368 4026 talis
2413 3973 2746 4027 constitutio
2777 3974 2939 4028 irrita
2982 3975 3111 4029 erit.
3147 3977 3266 4030 Non
3299 3993 3438 4048 ergo
3488 3978 3664 4032 aliter
3695 3978 3822 4033 ﬁeri

2107 4066 2357 4131 oportet,
2413 4062 2519 4115 nisi
2547 4079 2678 4116 cum
2723 4063 2964 4118 consilio
3016 4069 3072 4118 et
3114 4065 3328 4135 judicio
3377 4065 3816 4136 episcoporum,

2020 4148 2063 4202 D
2104 4165 2206 4220 qui
2235 4154 2367 4220 post
2417 4151 2633 4204 exitum
2675 4151 3034 4221 prmcessoris
3081 4156 3426 4221 potestatem
3474 4152 3705 4206 habent
3734 4153 3819 4206 di-

2105 4256 2284 4310 gnum
2315 4243 2548 4312 eligere.

2106 4331 2236 4384 CAP.
2287 4330 2649 4386 CLXXXVIII.
2692 4361 2763 4372 —
2810 4332 2964 4398 Quod
3007 4347 3277 4401 nusquam
3324 4347 3556 4387 canones
3615 4335 3814 4402 praeci-

2170 4403 2334 4470 piant
2387 4408 2449 4455 ut
2499 4419 2600 4471 pro
2650 4404 2976 4467 aegritudine
3031 4406 3269 4473 episcopi
3321 4404 3466 4457 alius
3521 4406 3813 4468 succedat,

2176 4477 2228 4525 et
2264 4474 2475 4596 sitipse
2510 4489 2612 4542 pro
2667 4488 2769 4527 sua
2816 4476 3061 4528 molestia
3103 4476 3350 4543 petierit,
3397 4477 3649 4542 qualiter
3687 4475 3818 4542 ﬁeri

2169 4557 2322 4610 posst
2355 4584 2364 4595 .

2178 4631 2282 4698 (Ea:
2333 4632 2552 4697 registr.
2612 4631 2860 4699 Gregorii
2913 4647 3088 4702 papae,
3147 4632 3222 4685 ad
3275 4633 3600 4686 Anatolium
3664 4634 3813 4688 Con-

2103 4719 2540 4787 stantinopolim,
2589 4720 2922 4786 diaconum.)
2970 4721 3206 4791 Scripsit
3236 4721 3378 4774 mihi
3431 4721 3664 4775 dilectio
3713 4727 3814 4774 tua

2104 4818 2198 4858 me
2227 4807 2703 4861 reverendissimo
2752 4808 2915 4861 fratri
2963 4825 3091 4863 meo
3129 4809 3338 4863 Joanni
3383 4809 3590 4878 prima
3636 4810 3817 4864 Justi-

2104 4892 2292 4947 nianm
2323 4895 2613 4965 episcopo,
2662 4911 2767 4965 pro
2807 4896 3149 4966 aegritudine
3195 4896 3399 4966 capitis
3438 4913 3616 4966 quam
3663 4896 3814 4966 pati-

2103 4984 2200 5035 tur
2229 4982 2563 5053 episcopum
2612 4984 2926 5053 prazcipere
2958 4985 3184 5040 succedi
3218 5001 3232 5038 :
3267 5001 3340 5037 ne
3371 4986 3640 5049 fortasse,
3674 4985 3815 5039 dum

2104 5069 2359 5139 episcopi
2383 5071 2514 5140 jura
2561 5072 2761 5125 eadem
2795 5073 2992 5126 civitas
3024 5089 3139 5126 non
3171 5073 3393 5136 habeat,
3429 5073 3583 5143 quod
3624 5073 3805 5127 absit!

2104 5160 2176 5212 ab
2208 5160 2370 5213 hoste
2405 5160 2696 5230 depereat.
2745 5161 3030 5230 Equidem
3063 5177 3350 5232 nusquam
3381 5177 3629 5215 canones
3668 5179 3813 5231 prai-

2103 5247 2326 5316 cipiunt
2357 5253 2420 5300 ut
2448 5265 2552 5318 pro
2591 5249 2935 5318 aegritudine
2974 5250 3225 5319 episcOpi
3275 5249 3579 5320 episcopus
3625 5266 3812 5302 succe-

2102 5335 2200 5388 dat
2227 5351 2240 5388 :
2274 5344 2331 5390 et
2356 5337 2593 5390 omnino
2622 5336 2904 5407 injustum
2936 5344 3023 5391 est
3052 5343 3134 5404 ut,
3167 5338 3212 5391 si
3253 5339 3516 5392 molestia
3545 5339 3808 5409 corporis

2103 5423 2292 5493 irruit,
2342 5425 2561 5480 honore
2609 5441 2714 5481 suo
2745 5429 3002 5497 privetur
3035 5432 3300 5498 egrotus.
3348 5426 3456 5482 Sed
3494 5443 3806 5498 suggeren-
