4022 6190
139 190 238 242 605
862 252 873 263 ο
1137 188 1616 247 DECRETOBUM
1662 192 1858 251 LIBRI
1894 197 2001 252 XX.
2045 225 2111 235 —
2152 197 2357 251 LIBER
2397 195 2673 250 PRIMUS.

3560 200 3664 255 606

137 311 274 365 dum
309 315 398 365 est
429 314 508 376 nt,
536 310 581 363 si
611 310 741 381 quis
769 310 831 364 in
870 311 1157 381 regimine
1187 316 1449 383 aegrotat,
1486 312 1851 384 dispensator
1878 320 1927 375 A
1964 323 2271 390 antequam
2304 334 2500 371 earum
2529 317 2710 388 possit
2756 318 2973 372 utilitas
3021 319 3302 389 deperire,
3363 323 3499 393 quid
3536 324 3661 377 ﬁeri

134 399 220 453 illi
271 399 410 453 talis
462 398 803 469 requiratur,
858 401 960 470 qui
994 401 1172 470 possit
1216 403 1340 471 ejus
1386 416 1584 454 curam
1614 419 1852 460 omnem

134 505 335 557 agere,
368 494 427 542 et
454 489 638 542 locum
660 488 817 542 illius
847 489 908 543 in
938 490 1222 559 regimine
1255 488 1538 555 Ecclesiae,
1578 491 1706 561 ipso
1737 511 1853 548 non

134 578 425 646 deposito,
480 593 835 642 conservare,
891 582 957 631 ut
1033 594 1222 649 neque
1283 580 1430 632 Deus
1481 580 1854 651 omnipotens

137 666 492 734 offendatur,
542 682 726 736 neque
774 666 971 719 civitas
1020 668 1282 735 neglecta
1329 683 1453 720 esse
1501 667 1849 728 inveniatur.

140 771 271 825 CAP.
341 771 640 826 CLXXXIX.
699 801 770 810 —
830 775 903 825 De
955 773 1295 825 Ariminensi
1363 775 1610 842 episcopo
1672 777 1854 831 dolore

211 845 417 910 capitis
463 844 757 905 laborante,
792 848 841 895 et
869 845 929 896 in
975 844 1092 911 eius
1125 845 1235 896 loco
1276 845 1450 896 altero
1464 849 1777 913 subrogato.

212 932 330 994 (Em
362 933 547 997 regist.
581 932 642 985 S.
677 933 842 997 Greg.
870 947 1050 1000 papze,
1085 947 1208 1000 cap.
1240 934 1385 1001 238.)
1417 932 1675 996 Qualiter
1707 937 1854 991 ordi-

144 1018 259 1072 nati
279 1036 315 1071 a
337 1019 502 1072 nobis
518 1019 847 1079 sacerdotis,
867 1019 1147 1089 corporis,
1168 1020 1300 1089 quia
1318 1026 1519 1075 notum
1540 1027 1644 1089 est,
1670 1024 1853 1096 impe-

144 1108 340 1161 diente
372 1107 655 1171 molestia,
686 1107 1065 1161 Ariminensis
1093 1108 1339 1162 Ecclesia
1358 1112 1631 1178 pastorali
1662 1113 1852 1167 hacte—

145 1213 249 1249 nus
308 1212 375 1249 ac
431 1196 757 1249 sacerdotali
818 1197 889 1249 sit
940 1196 1222 1266 regimine
1278 1197 1572 1267 destituta,
1632 1201 1852 1255 dudum

142 1284 474 1337 fraternitas
517 1290 701 1337 vestra
729 1284 1014 1353 cognovit.
1048 1285 1229 1349 Quem
1260 1285 1418 1347 dum.
1460 1287 1851 1344 habitatorum

144 1373 249 1425 loci
298 1372 452 1424 illius
490 1373 747 1441 precibus
781 1372 1051 1441 permoti,
1089 1374 1297 1442 sapius
1345 1375 1717 1430 hortaremur
1766 1384 1850 1445 ut,

141 1460 183 1512 si
216 1460 289 1512 de
340 1460 543 1513 eadem
589 1461 810 1530 capitis,
845 1477 958 1531 qua
1006 1461 1388 1529 detinebatur,
1423 1464 1691 1518 molestia
1730 1482 1849 1520 me-

140 1550 421 1602 lioratum
452 1564 511 1600 se
537 1565 655 1601 esse
702 1550 958 1614 sentiret,
992 1550 1061 1603 ad
1120 1566 1307 1613 suam,
1358 1552 1674 1606 auxiliante
1710 1555 1847 1619 Deo,
1882 1591 1921 1643 Β

140 1641 530 1690 reverteretur
582 1638 911 1703 Ecclesiam;
963 1637 1082 1707 qui,
1125 1639 1274 1691 datis
1314 1639 1581 1705 induciis,
1636 1641 1696 1693 in
1740 1642 1850 1695 hoc

142 1725 531 1794 quadriennio
575 1730 943 1795 exspectatur.
1004 1726 1128 1793 Qui,
1162 1727 1299 1780 dum
1330 1728 1470 1780 cleri
1519 1729 1606 1780 vel
1638 1728 1849 1783 civium

145 1828 366 1881 nosque
397 1812 661 1880 precibus
698 1814 1065 1884 arguentium
1114 1815 1424 1869 instantius
1482 1817 1853 1870 hortaremur

144 1905 225 1965 ut,
260 1901 306 1952 si
339 1901 577 1968 valeret,
612 1917 738 1955 cum
786 1902 866 1955 eis
904 1903 1210 1957 auxiliante
1256 1904 1503 1959 Domino
1546 1910 1847 1971 remearet,

144 1990 290 2043 datis
347 1990 574 2060 scriptis
624 1992 1038 2060 supplicatione
1095 2009 1196 2046 nos
1247 1996 1396 2064 petit
1443 1999 1529 2057 ut,
1586 1993 1723 2064 quia
1781 1996 1851 2047 ad

146 2079 411 2147 ejusdem
496 2080 749 2134 Ecclesiae
810 2081 1068 2151 regimen
1122 2083 1210 2135 vel
1267 2086 1665 2152 susceptorum
1723 2082 1853 2136 ofﬁ-

148 2169 321 2226 cium.
362 2184 469 2236 pro
501 2169 697 2222 eadem
728 2186 841 2239 qua
891 2170 1179 2224 detinetur
1234 2172 1519 2235 molestia,
1553 2187 1852 2239 assurgere

148 2256 480 2309 nullatenus
516 2260 720 2326 posset,
758 2259 1018 2312 Ecclesiae
1042 2259 1152 2329 ipsi
1193 2259 1463 2311 ordinare
1513 2258 1851 2327 episcopum

148 2344 513 2397 deberemus.
569 2345 740 2409 Unde,
792 2346 927 2415 quia
973 2351 1306 2400 cunctarum
1354 2345 1735 2399 Ecclesiarum
1768 2346 1852 2399 in-

141 2430 343 2499 juncte
386 2448 488 2485 nos
514 2432 909 2486 sollicitudinis
949 2450 1084 2486 cura
1118 2433 1465 2501 constringit
1503 2449 1575 2486 ne
1636 2433 1851 2485 diutius

147 2520 308 2587 gregi
382 2520 635 2573 ﬁdelium
711 2522 855 2574 desit
909 2522 1164 2575 custodia
1228 2522 1548 2591 pastoralis,
1616 2522 1849 2575 illorum

146 2607 420 2676 precibus
468 2609 752 2680 hujusque
784 2626 850 2663 ex
899 2611 988 2663 sui
1038 2610 1500 2680 impossibilitate
1552 2610 1846 2664 renuntia-

144 2694 302 2747 tione
340 2697 689 2763 compulsus,
732 2696 911 2750 visum
944 2697 1110 2750 nobis
1154 2704 1240 2750 est
1287 2697 1473 2750 eidem
1503 2697 1851 2751 Ariminensi

146 2782 417 2835 Ecclesiae
475 2784 678 2837 debere
724 2786 1055 2855 episcopum
1106 2786 1405 2839 ordinari:
1460 2791 1537 2850 et,
1586 2786 1731 2839 datis
1784 2802 1852 2839 ex

146 2886 307 2923 more
340 2873 659 2941 prmceptis,
712 2875 929 2927 clerum
974 2875 1317 2944 plebemque
1358 2874 1612 2943 ejusdem
1663 2875 1849 2927 Eccle-
1885 2865 1926 2918 C-

146 2959 243 3011 siae
285 2976 402 3012 non
457 2960 779 3014 destitimus
836 2962 1145 3015 admonere
1189 2967 1474 3032 quatenus
1517 2962 1585 3015 ad
1643 2963 1853 3031 eligen-

147 3046 283 3099 dum
319 3047 430 3100 sibi
478 3049 789 3102 antistitem
820 3052 1089 3103 concordi
1120 3050 1444 3120 provisione
1489 3055 1848 3103 concurrant.

149 3136 463 3189 Hortamur
511 3152 647 3206 ergo
700 3143 764 3191 ut
792 3137 1118 3192 fraternitas
1146 3144 1333 3192 vestra
1365 3154 1497 3192 eum
1533 3154 1705 3208 quem
1737 3154 1853 3192 uno

149 3238 429 3277 consensu
464 3241 659 3278 omnes
690 3226 992 3295 elegerint,
1025 3227 1172 3280 sicut
1204 3235 1260 3279 et
1304 3227 1413 3297 ipsi
1461 3243 1494 3280 a
1540 3227 1703 3279 nobis
1742 3243 1853 3296 po-

154 3312 403 3380 poscisse
432 3318 765 3381 noscuntur,
798 3316 867 3368 ad
903 3331 961 3368 se
1004 3315 1175 3368 faciat
1204 3316 1445 3369 evocari.
1476 3315 1656 3379 Quem
1690 3320 1857 3368 cauta

154 3415 220 3453 ex
271 3400 543 3454 omnidus
572 3403 992 3457 examinatione
1037 3403 1298 3457 discutite
1335 3419 1348 3457 :
1384 3408 1439 3456 et
1469 3405 1515 3456 si
1566 3419 1631 3457 ea
1672 3404 1730 3455 in
1763 3419 1854 3471 eo,

156 3504 284 3558 qua!
317 3489 375 3541 in
431 3496 699 3544 contextu
743 3492 973 3560 eptatici
1012 3497 1200 3546 morte
1250 3493 1492 3545 multata
1548 3496 1701 3555 sunt,
1745 3492 1859 3544 mi-

156 3578 312 3629 nime
350 3578 590 3632 Domino
621 3579 835 3633 fuerint
864 3581 1183 3649 opitulante
1231 3585 1477 3649 reperta,
1507 3584 1678 3648 atque
1709 3578 1856 3631 ﬁde-

156 3666 297 3719 lium
331 3682 706 3734 personarum
756 3669 1031 3722 relatione
1080 3668 1204 3738 ejus
1248 3669 1406 3721 vobis
1453 3682 1685 3738 quoque
1741 3666 1856 3720 vita

156 3754 457 3822 placuerit,
508 3756 580 3808 ad
631 3772 732 3809 nos
770 3772 903 3809 eum
956 3772 1088 3810 cum
1142 3756 1354 3810 decreti
1400 3755 1611 3825 pagina
1660 3753 1852 3821 vestri,

157 3842 352 3896 addita
434 3858 662 3914 quoque
738 3845 1156 3899 testiﬁcationis
1227 3844 1491 3916 epistola,
1550 3841 1854 3908 destinate,

156 3936 444 4000 quatenus
490 3932 674 3985 eidem
709 3950 740 3984 a
786 3933 950 3986 nobis
1002 3932 1289 3997 Ecclesiae,
1349 3932 1688 4002 disponente
1739 3931 1856 3983 Do-

156 4020 339 4082 mino,
379 4025 742 4074 consecretur
784 4022 1037 4076 antistes.

156 4124 288 4177 CAP.
349 4126 487 4179 CXC.
547 4156 612 4166 —
672 4130 747 4180 De
802 4130 1046 4196 episcopo
1096 4129 1194 4195 qui
1220 4142 1317 4195 per
1354 4126 1737 4194 inﬁmitatem
1798 4127 1857 4178 in

568 4197 937 4251 hebetudinem
959 4201 1151 4252 mentis
1174 4198 1445 4253 inciderit.

229 4284 354 4349 (Ea:
373 4286 561 4338 concit.
606 4289 892 4352 Arausic.,
943 4303 1063 4355 cap.
1095 4286 1172 4355 2.)
1213 4288 1283 4340 Ut
1311 4286 1359 4339 si
1397 4287 1525 4357 quis
1555 4284 1857 4355 episcopus

157 4371 218 4423 in
248 4372 643 4427 inﬁrmitatem
694 4379 792 4427 aut
818 4374 876 4427 in
924 4375 1177 4445 aliquam
1222 4374 1627 4430 hebetudinem
1659 4388 1857 4425 sensus

154 4460 442 4525 inciderit,
476 4467 575 4514 aut
604 4462 856 4515 ofﬁcium
890 4463 1004 4517 oris
1036 4463 1314 4528 amiserit,
1343 4478 1411 4515 ea
1454 4478 1583 4532 quae
1638 4460 1856 4529 episco-

80 4596 81 4601 η
156 4550 244 4619 pis
275 4549 504 4619 operari
534 4551 900 4617 conveniunt,
934 4551 1331 4621 presbyterum
1366 4566 1535 4621 agere
1566 4565 1683 4602 non
1721 4565 1856 4619 per-

159 4637 371 4699 mittat,
413 4638 511 4691 sed
571 4638 907 4709 episcopum
965 4639 1067 4709 qui
1126 4638 1342 4692 vicinus
1394 4643 1478 4690 est
1531 4642 1714 4703 vocet,
1768 4635 1859 4689 cui

156 4726 309 4795 quod
340 4726 401 4778 in
443 4727 685 4779 Ecclesia
716 4729 1001 4798 agendum
1034 4727 1208 4781 fuerit
1256 4728 1531 4796 imponet.

156 4832 287 4886 CAP.
329 4832 503 4887 CXCI.
540 4864 608 4872 —
634 4836 709 4887 De
740 4837 986 4903 episcopo
1023 4836 1121 4903 qui
1159 4840 1382 4901 propter
1426 4833 1660 4885 dolorem
1708 4833 1856 4899 capi-

516 4907 584 4956 tis
609 4919 747 4972 saepe
776 4908 830 4958 in
869 4908 1160 4958 amentiam
1195 4904 1500 4957 devenerat.

228 4992 333 5056 (Ea:
396 4992 585 5058 regist.
652 5007 771 5060 cap.
827 4994 953 5059 233,
1018 4992 1092 5045 ad
1150 4992 1440 5045 Etherium
1507 4990 1858 5060 episcopum.)

151 5076 423 5140 Quamvis
454 5079 615 5131 triste
643 5080 811 5133 nobis
841 5081 913 5133 sit
942 5080 1105 5134 valde
1136 5080 1287 5150 quod
1333 5079 1644 5150 loquimur,
1685 5082 1857 5147 atque

150 5165 409 5218 fraterna
446 5182 554 5219 nos
607 5169 999 5239 compassione
1049 5169 1237 5238 potius
1294 5173 1497 5237 urgeat
1552 5182 1725 5237 quam
1755 5166 1856 5220 ali-

151 5253 295 5322 quid
342 5253 411 5307 de
444 5254 653 5309 auditis
705 5256 945 5311 deﬁnire
976 5257 1315 5328 permittat:
1372 5256 1615 5326 suscepti
1666 5259 1858 5307 tamen

152 5342 485 5397 sollicitudo
542 5344 842 5413 regiminis
896 5361 995 5399 cor
1046 5350 1313 5399 nostrum
1374 5343 1612 5396 instanti
1667 5342 1859 5413 pulsat

152 5431 357 5486 aculeo
390 5448 660 5506 magnam
689 5449 794 5488 nos
842 5434 1107 5490 Ecclesiis
1141 5449 1337 5489 curam
1393 5431 1743 5505 prospicere,
1777 5437 1853 5495 et,

1965 407 2170 461 debeat
2202 409 2314 461 Deo
2361 411 2595 460 auctore
2652 406 2975 475 disponere.
3037 410 3300 463 Pervenit
3363 411 3541 479 igitur
3589 412 3657 465 ad

1962 512 2088 563 nos,
2131 495 2473 566 quibusdam
2524 495 2924 557 referentibus,
2977 497 3283 567 quemdam
3334 499 3661 568 episcopum
3706 523 3717 532 ο

1962 582 2041 636 ita
2098 583 2423 652 passionem
2479 583 2679 651 capitis
2736 583 3065 651 incurrisse,
3117 590 3196 651 ut,
3258 587 3411 655 quod
3472 591 3661 641 mente

1964 670 2210 723 alienata
2238 685 2406 738 agere
2470 670 2667 731 soleat,
2703 672 2949 739 gemitus
2992 678 3050 725 et
3100 672 3268 726 ﬂetus
3325 675 3522 728 audire
3568 675 3659 728 sit.

1964 756 2042 809 Ne
2076 772 2234 825 ergo,
2267 756 2575 823 languente
2616 762 2864 825 pastore,
2900 774 3056 825 grex,
3103 761 3256 828 quod
3290 760 3461 814 absit!
3519 761 3663 815 insi-

1962 843 2200 897 diatoris
2228 843 2526 897 laniandus
2558 844 2825 898 dentibus
2876 855 3213 916 exponatur,
3259 848 3342 900 vel
3403 849 3662 903 Ecclesia:

1960 933 2140 1002 ipsius
2199 932 2475 985 utilitates
2527 933 2857 1002 depereant,
2919 940 3083 987 cauta
3140 952 3243 988 nos
3302 952 3527 991 necesse
3576 942 3664 990 est

1962 1020 2281 1091 provisione
2315 1024 2571 1073 tractare.
2624 1023 2689 1075 Et
2727 1022 2877 1088 ideo,
2915 1023 3052 1092 quia
3100 1023 3382 1077 viventem
3444 1025 3660 1094 episco-

1960 1126 2102 1179 pum
2130 1110 2200 1162 ab
2244 1108 2432 1161 ofﬁcio
2466 1125 2566 1161 suo
2613 1110 2915 1162 necessitas
2968 1110 3335 1176 inﬁrmitatis,
3388 1128 3503 1164 nun
3553 1112 3661 1164 cri-

1964 1214 2116 1259 men,
2145 1196 2395 1260 abducit,
2423 1197 2598 1250 alium
2622 1198 2745 1250 loco
2766 1199 2908 1267 ejus,
2933 1199 3042 1251 nisi
3078 1206 3376 1252 recusante
3398 1216 3481 1262 eo,
3504 1201 3665 1253 nulla

1962 1286 2098 1338 sinit
2153 1286 2299 1337 ratio
2346 1284 2615 1337 ordinari.
2675 1286 2781 1339 Sed
2841 1286 2887 1338 si
2944 1286 3240 1339 intervalla
3306 1288 3664 1355 aegritudinis

1962 1374 2173 1429 habere
2204 1377 2289 1425 est
2311 1373 2530 1439 solitus,
2562 1374 2681 1443 ipse
2712 1374 2841 1425 data
2881 1374 3157 1442 petitione
3188 1392 3303 1428 non
3335 1392 3392 1429 se
3424 1375 3665 1428 ulterius

1962 1463 2033 1515 ad
2071 1462 2176 1514 hoc
2225 1460 2626 1525 ministerium,
2675 1462 3037 1514 subvertente
3092 1462 3447 1529 inﬁrmitate,
3497 1478 3664 1531 posse

1963 1550 2208 1603 fateatur
2251 1549 2577 1619 adsurgere,
2630 1554 2687 1603 et
2729 1550 2907 1602 alium
2949 1551 3066 1603 loco
3110 1567 3212 1603 suo
3255 1555 3482 1620 expetat
3510 1549 3664 1603 ordi-

1961 1638 2239 1692 nandum.
2300 1638 2419 1700 Quo
2479 1637 2620 1691 facto
2680 1637 2944 1690 omnium
3011 1637 3341 1691 solemniter
3389 1637 3666 1691 electione

1962 1727 2127 1790 alter,
2184 1724 2283 1793 qui
2339 1724 2546 1794 dignus
2602 1724 2793 1790 fuerit,
2858 1725 3158 1795 episcopus
3215 1725 3529 1793 ordinetur,
3587 1725 3668 1778 sic

1960 1818 2157 1867 tamen
2190 1816 2268 1873 ut,
2298 1828 2599 1883 quousque
2631 1813 2898 1865 eumdem
2930 1815 3263 1883 episcopum
3302 1814 3360 1866 in
3402 1814 3505 1867 hoc
3562 1830 3667 1867 sa!-

1962 1900 2093 1955 culo
2123 1899 2236 1951 vita
2292 1902 2561 1965 tenuerit,
2596 1904 2859 1969 sumptus
2905 1901 2957 1953 ei
2989 1902 3160 1955 debiti
3207 1901 3276 1955 de
3328 1902 3527 1955 eadem
3571 1902 3668 1955 Ec-

1963 1986 2137 2042 clesia
2164 1987 2575 2042 ministrentur.
2614 1989 2913 2041 Enimvero
2966 1991 3013 2043 si
3062 1990 3222 2042 nullo
3271 1994 3532 2059 tempore
3597 1989 3669 2043 ad

1965 2092 2123 2130 sanas
2175 2077 2378 2129 mentis
2430 2078 2576 2131 redit
2614 2076 2885 2138 ofﬁcium.
2920 2094 3163 2147 persona
3195 2077 3378 2131 ﬁdelis
3422 2093 3486 2130 ac
3540 2077 3669 2129 vitae

1965 2170 2055 2219 est
2083 2165 2389 2233 probabilis
2447 2165 2728 2234 eligenda,
2792 2182 2917 2234 quae
2975 2166 3046 2219 ad
3095 2166 3353 2234 regimen
3411 2165 3669 2219 Ecclesiae

1963 2254 2175 2307 idonea
2231 2254 2405 2324 possit
2455 2254 2696 2306 existere
2754 2259 2925 2322 atque
2957 2254 3025 2307 de
3066 2254 3389 2306 animarum
3426 2253 3668 2306 utilitate

1962 2342 2238 2410 cogitare,
2299 2342 2587 2412 inquietos
2620 2341 2723 2394 sub
2780 2342 3093 2412 disciplinae
3141 2342 3367 2395 vincula
3422 2340 3666 2394 restrin-

1964 2447 2122 2501 gere,
2175 2430 2683 2483 ecclesiasticarum
2738 2445 2929 2483 rerum
2979 2446 3173 2483 curam
3206 2445 3425 2499 gerere,
3459 2434 3515 2482 et
3546 2445 3669 2482 ma-

1962 2524 2161 2572 turum
2190 2524 2363 2589 atque
2410 2518 2697 2571 efﬁcacem
2728 2534 2785 2570 se
2824 2518 2884 2571 in
2930 2518 3197 2572 omnibus
3244 2518 3527 2571 exhibere.
3558 2519 3668 2582 Qui

1964 2608 2161 2673 etiam,
2186 2608 2454 2677 episcopo
2485 2606 2583 2677 qui
2606 2622 2757 2659 nunc
2786 2612 3025 2676 aegrotat
3054 2612 3363 2677 superstes,
3385 2608 3505 2661 loco
3544 2608 3668 2677 ejus

1963 2696 2171 2750 debeat
2202 2696 2544 2748 consecrari.

1965 2804 2093 2858 CAP.
2131 2802 2322 2856 CXCII.
2376 2831 2444 2840 —
2499 2805 2572 2855 De
2603 2804 2872 2855 restitutis
2930 2803 3192 2870 episcopis
3231 2817 3329 2870 per
3371 2804 3671 2857 Romanum

2654 2877 2976 2940 pontiﬁcem.

2037 2963 2141 3029 (Ea:
2170 2960 2361 3013 decret.
2417 2960 2567 3013 Simti
2611 2974 2769 3028 papa:
2820 2961 2862 3012 ll
2912 2959 3135 3023 fratrib.
3190 2974 3289 3027 per
3341 2960 3671 3027 Hispaniam

1963 3050 2270 3103 constitutis
2318 3050 2630 3111 commissis,
2673 3063 2791 3116 cap.
2848 3048 2923 3117 7.)
2962 3049 3182 3101 Fratres
3212 3061 3343 3102 vero
3395 3064 3537 3117 quos
3597 3049 3669 3102 ti-

1963 3154 2124 3190 more
2153 3142 2382 3190 terreno
2412 3136 2621 3206 injuste
2661 3137 2973 3190 damnastis
3027 3137 3226 3189 scitote
3258 3153 3289 3189 a
3320 3137 3485 3189 nobis
3511 3138 3666 3205 juste

1964 3242 2086 3279 esse
2144 3228 2455 3278 restitutos.
2516 3226 2734 3289 Quibus
2787 3242 2855 3278 ex
2885 3225 3221 3278 auctoritate
3274 3224 3455 3278 sancti
3498 3227 3670 3293 Petri,

1964 3314 2273 3384 apostolica
2304 3314 2661 3378 auctoritate,
2695 3315 2890 3366 omnia
2926 3329 3055 3383 quae
3090 3314 3173 3366 eis
3210 3314 3397 3367 ablata
3426 3318 3561 3367 sunt
3587 3315 3673 3369 in-

1964 3402 2271 3469 tegerrime
2298 3402 2459 3455 reddi
2507 3397 2891 3471 prascipinius,
2930 3402 2977 3453 si
3010 3419 3127 3456 non
3177 3403 3347 3455 vultis
3387 3407 3441 3454 et
3479 3419 3577 3455 vos
3614 3409 3673 3458 et

1962 3491 2247 3560 principes
2285 3490 2455 3542 vestri
2487 3507 2519 3542 a
2545 3491 2785 3558 collegio
2818 3496 3014 3543 nostro
3058 3495 3114 3543 et
3162 3491 3439 3544 membris
3490 3492 3673 3546 Eccle-

1965 3579 2063 3631 siae
2094 3577 2367 3646 separari.
2395 3579 2553 3631 Justo
2582 3578 2733 3631 enim
2753 3579 2971 3646 judicio
3001 3579 3100 3632 Dei
3129 3579 3298 3631 datur
3328 3580 3671 3651 plerumque

1964 3666 2355 3735 peccatoribus
2385 3672 2656 3735 potestas,
2690 3682 2803 3734 qua
2833 3672 3056 3719 sanctos
3096 3666 3275 3736 ipsius
3326 3682 3673 3737 persequan-

1966 3761 2083 3820 tur,
2115 3757 2177 3805 ut
2231 3752 2329 3822 qui
2384 3754 2584 3821 spiritu
2639 3753 2917 3822 juvantur
2959 3759 3015 3807 et
3068 3760 3319 3825 aguntur
3373 3753 3513 3807 ﬁant
3568 3772 3673 3825 per

1966 3842 2227 3895 laborum
2259 3842 2524 3895 exercitia
2543 3842 2831 3895 clariores.
2865 3842 2952 3895 Illi
2982 3847 3173 3896 tamen
3206 3843 3303 3913 qui
3337 3843 3444 3895 hoc
3465 3851 3665 3913 agunt,

1967 3932 2296 3984 nullatenus
2316 3930 2559 3984 evadent
2578 3946 2825 4000 poenam,
2853 3930 3008 4000 quia,
3033 3936 3097 3985 ut
3120 3932 3198 3984 ait
3226 3930 3500 3985 Dominus
3531 3948 3543 3985 :
3578 3935 3671 3989 Vas

1967 4019 2053 4073 illi
2092 4034 2196 4089 per
2228 4033 2400 4088 quem
2430 4018 2761 4072 scandalum
2793 4018 2965 4072 venit.
3004 4020 3084 4083 Et,
3137 4034 3469 4089 quanquam
3506 4020 3672 4089 juxta

1897 4140 1940 4193 Β
1969 4107 2277 4163 Salvatoris
2326 4107 2669 4160 sententiam
2724 4122 2952 4160 necesse
3010 4108 3085 4161 sit
3130 4107 3323 4160 venire
3382 4107 3668 4175 scandala,

1969 4212 2049 4250 vae
2079 4202 2271 4249 tamen
2292 4211 2396 4265 per
2424 4211 2592 4266 quem
2628 4195 2893 4249 veniunt!
2930 4196 3007 4249 De
3033 4196 3266 4249 occultis
3291 4195 3462 4250 etiam
3484 4198 3669 4251 cordis

1965 4285 2141 4339 alieni
2169 4290 2381 4338 temere
2416 4284 2676 4354 judicare
2718 4289 3017 4353 peccatum
3074 4288 3176 4350 est,
3219 4288 3277 4337 et
3323 4299 3458 4338 eum
3505 4285 3670 4355 cujus

1964 4390 2081 4427 non
2113 4373 2383 4426 videntur
2412 4389 2585 4442 opera
2617 4373 2725 4425 nisi
2753 4373 2905 4426 bona
2934 4373 3201 4443 iniquum
3233 4378 3319 4425 est
3366 4389 3434 4426 ex
3482 4375 3669 4445 suspi-

1965 4461 2130 4515 cione
2180 4460 2595 4530 reprehendere
2630 4477 2641 4513 :
2676 4475 2805 4513 cum
2854 4476 3055 4514 eorum
3105 4477 3235 4531 quas
3281 4461 3502 4515 homini
3538 4468 3671 4516 sunt

1964 4548 2258 4619 incognita
2304 4549 2461 4602 solus
2510 4550 2657 4602 Deus
2708 4548 2883 4617 judex
2930 4549 3005 4602 sit
3041 4550 3232 4618 justus
3280 4550 3571 4620 inspector
3614 4556 3671 4605 et

1965 4655 2150 4692 verus.
2210 4638 2365 4691 Unde
2422 4637 2696 4707 scriptum
2755 4642 2883 4689 est:
2940 4638 3159 4690 Incerta
3191 4654 3306 4691 non
3344 4639 3667 4708 judicemus

1965 4727 2339 4798 quoadusque
2354 4726 2546 4779 veniat
2570 4725 2868 4789 Dominus,
2887 4725 2985 4795 qui
3008 4732 3064 4779 et
3075 4726 3427 4780 illuminabit
3440 4728 3670 4783 abscon-

1965 4818 2084 4870 dita
2133 4816 2526 4875 tenebrarum.
2558 4819 2615 4867 et
2666 4813 3057 4868 manifestabit
3102 4816 3338 4868 consilia
3383 4816 3662 4870 cordium.

1964 4906 2053 4972 Et,
2104 4903 2363 4975 quamvis
2403 4919 2533 4955 vera
2584 4902 2719 4966 sint,
2774 4918 2887 4955 non
2921 4908 3115 4957 tamen
3164 4903 3446 4956 credenda
3508 4910 3663 4965 sunt,

1965 4993 2077 5046 nisi
2107 5008 2236 5061 qua:
2257 4991 2426 5045 certis
2453 4990 2682 5059 judiciis
2728 4991 3194 5060 comprobantur,
3228 4990 3336 5043 nisi
3368 5006 3496 5060 quae
3544 5008 3665 5045 ma-

1964 5082 2171 5135 nifesto
2212 5079 2431 5149 judicio
2462 5079 2901 5145 convincuntur,
2932 5079 3041 5132 nisi
3072 5094 3200 5148 quae
3240 5078 3541 5147 judiciario
3571 5096 3665 5133 or-

1964 5169 2097 5223 dine
2144 5168 2525 5239 publicantur.
2590 5167 2787 5220 Nullus
2826 5182 2964 5234 ergo
3014 5171 3202 5235 potest
3247 5168 3498 5221 humano
3530 5185 3665 5222 con-

1965 5256 2225 5313 demnari
2264 5256 2548 5321 examine,
2588 5270 2759 5326 quem
2794 5256 2943 5307 Deus
2965 5271 3066 5307 suo
3091 5254 3309 5323 judicio
3334 5257 3657 5310 reservavit.

1967 5348 2096 5400 Haec
2132 5345 2325 5398 omnia
2355 5359 2722 5413 summopere
2779 5347 2912 5396 sunt
2961 5343 3351 5419 praecavenda,
3403 5360 3474 5398 ne
3508 5361 3656 5417 prie...

1965 5438 2289 5505 sumptores
2318 5448 2441 5487 esse
2464 5431 2777 5486 videamur.
