4022 6190
354 301 454 354 607
1440 294 1616 351 BURC
1627 293 1840 350 HABDI
1880 293 2415 350 WOBMACIENSIS
2457 290 2789 348 EPISCOPI.

3782 291 3898 344 608

357 421 486 476 CAP.
539 421 764 476 CXCIII.
815 449 887 461 —
935 421 1002 474 Ut
1046 419 1346 473 sacerdotes
1391 421 1624 482 Domini,
1675 421 1816 471 sicut
1861 419 2055 485 vulgus
2085 422 2131 472 A
2168 418 2310 471 credi
2341 417 2652 472 crudeliter
2705 415 2947 470 fustibus
3008 413 3294 485 deputasti
3327 429 3500 485 quam
3558 414 3695 467 licet
3751 419 3899 483 post

388 496 568 560 facere
610 491 768 558 solet,
809 491 1056 545 indicare
1099 495 1460 559 praesumant,
1491 491 1574 542 vel
1602 489 2016 558 compellantur.

429 599 540 667 (Ea:
615 597 756 651 decr.
810 597 1045 652 Cornelii
1107 594 1312 664 papae.)
1375 595 1802 648 Sacramentum
1862 600 2054 646 autem

352 687 624 740 hactenus
653 686 724 739 ab
755 685 1040 754 episcopis
1063 688 1118 736 et
1149 682 1384 752 reliquis
1407 682 1706 736 ordinibus
1736 683 1907 752 exigi,
1941 683 2055 735 nisi

351 791 458 846 pro
490 774 602 828 fide
642 779 814 837 recta,
866 772 1106 825 minime
1137 771 1534 840 cognovimus,
1568 787 1670 823 nec
1713 777 1915 840 sponte
1957 787 2054 823 eos

345 863 568 932 jurasse
624 861 964 931 reperimus.
1030 861 1405 928 Summopere
1453 875 1589 928 ergo
1629 865 1857 912 sanctus
1893 861 2052 913 Jaco-

352 952 456 1004 bus
500 951 794 1020 apostolus
843 948 1156 1018 prohibens
1212 954 1631 1000 sacramentum
1659 948 1932 1018 loquitur,
1965 947 2052 1001 di-

351 1055 483 1092 cens
517 1055 528 1091 :
563 1041 705 1092 Ante
733 1037 949 1100 omnia,
987 1037 1193 1090 fratres
1233 1036 1366 1101 mei,
1397 1037 1572 1089 nolite
1623 1037 1838 1105 jurare,
1868 1052 2052 1106 neque

351 1143 455 1198 per
483 1127 709 1191 ccelum,
742 1139 928 1195 neque
951 1141 1053 1194 per
1085 1131 1322 1191 terram,
1351 1141 1538 1194 neque
1569 1141 1672 1194 per
1703 1124 1854 1178 aliud
1877 1125 2053 1196 quod-

351 1230 577 1284 cunque
605 1215 1019 1284 juramentum.
1074 1213 1157 1266 Sit
1193 1217 1384 1266 autem
1443 1230 1630 1267 sermo
1677 1218 1880 1280 vester,
1936 1215 2050 1280 Est,

348 1308 452 1368 est,
490 1305 616 1356 Non
645 1319 658 1355 :
693 1307 757 1356 ut
785 1303 888 1356 sub
914 1301 1196 1371 judicium
1227 1317 1344 1354 non
1371 1302 1660 1355 decidatis.

354 1409 480 1462 CAP.
532 1408 762 1462 CXCIV.
815 1408 972 1460 —De
1018 1409 1262 1476 episcopo
1308 1410 1532 1461 sinistro
1565 1423 1777 1462 rumore
1813 1423 2052 1476 asperso,

451 1495 550 1547 per
598 1483 996 1531 sacramentum
1035 1484 1215 1532 autem
1258 1483 1308 1531 et
1334 1485 1571 1546 purgato
1600 1484 1651 1532 et
1680 1480 1944 1532 absoluto.

423 1569 529 1630 (Ea:
558 1582 634 1620 re.
687 1567 761 1618 ad
811 1568 1084 1619 Iustinum
1139 1569 1416 1635 imperat,
1468 1583 1588 1635 cap.
1663 1569 1808 1636 t70.)
1874 1567 2055 1621 Habet

352 1655 460 1708 hoc
487 1653 788 1724 proprium
822 1654 1043 1724 antiqui
1073 1653 1255 1706 hostis
1282 1654 1522 1717 invidia,
1561 1660 1623 1706 ut
1659 1671 1802 1724 quos
1833 1655 1890 1707 in
1924 1670 2052 1725 pra-

351 1759 553 1796 vorum
583 1749 814 1795 actuum
845 1742 1354 1812 perpetrationem,
1414 1745 1526 1796 Deo
1578 1742 1686 1796 sibi
1733 1743 2050 1809 resistente,

353 1830 617 1900 decipere
655 1846 775 1884 non
831 1831 999 1896 valet,
1049 1830 1350 1899 opiniones
1379 1846 1578 1884 eorum
1618 1831 1760 1885 falsa
1804 1832 1874 1885 ad
1903 1847 2052 1901 pra:-

351 1935 481 1972 sens
521 1919 847 1972 simulando
895 1918 1186 1972 dilaceret.
1242 1919 1525 1983 Quoniam
1573 1919 1752 1990 igitur
1785 1921 2052 1990 quaedam

352 2012 550 2060 contra
597 2007 942 2060 sacerdotale
1001 2007 1361 2076 propositum
1415 2008 1485 2060 de
1534 2007 1721 2061 Leone
1771 2009 1945 2062 fratre
1997 2013 2054 2060 et

349 2096 687 2166 coepiscopo
713 2100 908 2149 nostro
938 2095 1166 2149 sinister
1217 2111 1416 2149 rumor
1474 2101 1810 2166 asperserat,
1856 2102 2051 2151 utrum

349 2201 483 2238 vera
529 2189 736 2252 essent,
789 2183 1042 2238 districta
1089 2183 1304 2237 diutius
1361 2184 1602 2238 fecimus
1676 2184 2051 2255 inquisitione

350 2272 633 2344 perquiri,
665 2277 716 2326 et
767 2273 985 2325 nullam
1014 2272 1074 2326 in
1101 2288 1167 2325 eo
1197 2273 1265 2326 de
1296 2272 1385 2325 his
1439 2289 1568 2342 quae
1626 2273 1852 2326 fuerant
1903 2273 2053 2327 dicta

351 2362 579 2432 culpam
611 2360 956 2414 invenimus.
991 2360 1100 2414 Sed
1129 2376 1199 2412 ne
1250 2360 1386 2430 quid
1430 2361 1721 2414 videretur
1773 2361 2050 2414 omissum

352 2456 551 2504 nostro
604 2450 860 2520 potuisse
917 2448 1077 2502 cordi
1129 2448 1368 2502 dubium
1423 2465 1743 2517 remanere,
1785 2451 1853 2503 ad
1899 2449 2053 2502 beati

353 2539 505 2592 Petri
565 2537 1007 2592 sacratissimum
1051 2553 1260 2607 corpus
1285 2538 1541 2592 districta
1595 2555 1726 2591 eum
1753 2555 1822 2592 ex
1873 2539 2054 2592 abun-

351 2625 510 2680 danti
541 2625 779 2680 fecimus
810 2630 1164 2679 sacramenta
1195 2625 1472 2694 praebere.
1529 2625 1748 2690 Quibus
1778 2626 2050 2696 praestitis

354 2725 564 2785 magna
593 2730 789 2767 sumus
818 2714 1200 2768 exsultatione
1230 2713 1426 2783 gavisi,
1461 2714 1614 2785 quod
1653 2715 2052 2784 hujuscemodi

353 2801 678 2856 innocentia
711 2803 832 2872 ejus
861 2802 1156 2856 evidenter
1185 2801 1410 2854 enituit.
1465 2803 1570 2856 Pro
1603 2819 1716 2872 qua
1758 2818 1819 2855 re
1866 2802 2053 2872 gloria

351 2898 536 2946 vestra
589 2892 926 2962 prie-dictum
957 2891 1140 2945 virum
1180 2907 1311 2945 cum
1358 2893 1514 2946 omni
1562 2892 1837 2946 charitate
1867 2893 2048 2946 susci-

2167 513 2295 558 octo
2338 522 2584 569 menses,
2627 505 2828 558 exinde
2859 504 3100 558 minime
3148 503 3496 556 arbitremur
3542 503 3723 556 fuisse
3787 502 3892 554 de-

2164 594 2445 657 functam,
2497 599 2688 646 tamen
2763 592 2899 663 quia
2948 591 3169 645 ordinis
3216 591 3300 644 tui
3365 591 3578 643 habere
3639 588 3896 643 noluisti

2163 688 2509 751 respectum,
2541 688 2845 751 propterea
2876 680 3100 733 duobus
3134 685 3189 732 te
3219 679 3516 732 mensibus
3564 677 3638 730 ab
3691 677 3897 729 admi-

2165 772 2504 826 nistratione
2526 773 2824 824 missarum
2849 770 3157 823 statuimus
3185 769 3492 822 abstinere.
3538 769 3612 821 In
3640 767 3896 837 quibus,

2162 861 2234 914 ab
2279 861 2466 914 officio
2523 866 2624 914 tuo
2674 875 3034 930 suspensum,
3087 858 3222 911 ﬂere
3279 863 3334 910 te
3389 857 3666 909 convenit
3726 855 3895 925 quod

2162 948 2364 1002 fecisti.
2414 950 2551 1002 Nam
2593 949 2753 1002 valde
2797 948 3039 1018 dignum
3088 953 3173 998 est
3207 951 3287 1008 ut,
3331 951 3642 1014 postquam
3700 950 3762 996 te
3824 944 3897 996 ad

2162 1037 2293 1091 vitae
2352 1038 2520 1090 istius
2576 1036 2943 1107 tranquillam
3011 1035 3413 1088 rectitudinem
3487 1031 3897 1086 laudabilium

2161 1127 2521 1179 sacerdotum
2553 1126 2815 1195 exempla
2853 1140 2968 1177 non
3025 1128 3358 1194 provocant,
3423 1123 3631 1175 saltem
3684 1137 3894 1175 corre-

2163 1213 2370 1267 ctionis
2399 1212 2681 1266 medicina
2707 1212 3027 1282 compellat.

2164 1319 2273 1374 CAP
2299 1319 2519 1374 CXCVI.
2566 1349 2627 1358 —
2681 1321 2755 1372 De
2812 1319 3059 1385 episcopo
3103 1332 3202 1384 per
3248 1320 3600 1370 sacramenta
3637 1320 3890 1384 purgato

2833 1393 2884 1441 et
2922 1387 3183 1441 absoluto.

2235 1479 2344 1548 (Ea:
2385 1494 2500 1546 reg.
2554 1477 2630 1531 ad
2658 1476 3041 1532 Brunihildam
3068 1479 3314 1541 reginam
3345 1476 3712 1538 Francorum,
3753 1489 3880 1542 cap.

2168 1571 2314 1637 t32.)
2345 1568 2563 1620 Menam
2616 1582 2747 1619 vero
2795 1564 3334 1618 reverendissimum
3388 1564 3630 1616 fratrem
3676 1563 3883 1630 coepi-

2164 1671 2514 1727 scopumque
2553 1660 2834 1719 nostrum,
2878 1659 3205 1723 postquam,
3253 1669 3317 1704 ea
3352 1667 3486 1721 qum
3519 1651 3592 1704 de
3628 1667 3699 1704 eo
3729 1649 3883 1703 dicta

2161 1745 2388 1799 fuerant
2417 1743 2791 1813 requirentes,
2821 1742 2880 1794 in
2928 1741 3086 1794 nullo
3128 1739 3457 1792 invenimus
3511 1755 3640 1791 esse
3690 1738 3882 1808 culpa-

2161 1835 2372 1888 bilem:
2429 1833 2528 1902 qui
2559 1833 2793 1901 insuper
2848 1830 2918 1884 ad
2949 1829 3398 1883 sacratissimum
3445 1844 3666 1897 corpus
3727 1827 3882 1881 beati

2163 1921 2312 1976 Petri
2373 1920 2616 1991 apostoli
2665 1921 2770 1972 sub
2803 1919 3182 1989 jurejurando
3231 1917 3613 1982 satisfaciens,
3658 1916 3731 1968 ab
3794 1915 3882 1968 bis

2163 2026 2292 2080 quae
2334 2010 2554 2078 objecta
2594 2009 2716 2077 ejus
2763 2006 3028 2076 Opinioui
3083 2005 3310 2059 fuerant
3337 2021 3398 2058 se
3445 2003 3878 2058 demonstravit

2163 2099 2460 2152 alienum:
2524 2095 2732 2150 reverti
2790 2095 2953 2149 illum
3031 2100 3340 2164 purgatum
3420 2093 3877 2161 absolutumque

2159 2186 2529 2257 permisimus
2562 2203 2574 2239 :
2605 2184 2759 2255 quia,
2789 2184 2936 2236 sicut
2966 2183 3206 2253 dignum
3239 2187 3360 2236 erat
3392 2187 3472 2249 ut,
3507 2182 3556 2234 si
3592 2182 3657 2234 in
3684 2182 3878 2249 aliquo

2160 2291 2292 2329 reus
2322 2274 2608 2339 existeret,
2669 2273 2896 2342 culpam
2946 2271 3007 2324 in
3063 2287 3130 2324 eo
3181 2270 3452 2324 canonice
3503 2269 3877 2340 puniremus,

2158 2363 2239 2417 ita
2264 2363 2504 2433 dignum
2534 2377 2650 2414 non
2697 2360 2897 2413 fuitut
2944 2375 3098 2422 eum,
3145 2359 3449 2429 adjuvante
3512 2356 3880 2422 innocentia,

2160 2451 2378 2506 diutius
2408 2450 2670 2512 retinere,
2696 2450 2781 2502 vel
2813 2447 3066 2516 affligere
3093 2449 3152 2500 in
3183 2448 3376 2518 aliquo
3427 2447 3807 2500 deberemus.

2160 2558 2288 2612 CAP.
2340 2557 2584 2611 CXCVII.
2633 2585 2706 2596 —
2753 2556 2996 2621 Qualiter
3041 2569 3200 2608 senex
3251 2557 3534 2622 episcOpus
3565 2555 3884 2618 corripiat-

2230 2629 2333 2683 dus
2403 2632 2494 2694 sit,
2577 2627 2838 2697 quomodo
2901 2625 3036 2678 mali
3080 2625 3195 2691 ejus
3264 2627 3573 2679 consiliarii
3659 2639 3884 2677 excom-

2229 2699 2564 2753 municandi.

2231 2804 2336 2871 (Εω
2355 2819 2469 2872 reg.
2500 2818 2615 2872 cap.
2651 2805 2762 2868 37.)
2809 2801 3150 2856 Praedicator
3180 2800 3602 2871 omnipotentis
3638 2799 3883 2852 Domini

2162 2894 2368 2946 Paulus
2413 2891 2702 2962 apostolus
2750 2889 2930 2944 dicit:
2981 2889 3274 2944 Seniorem
3343 2905 3414 2942 ne
3453 2888 3880 2957 increpaveris.

355 2981 492 3051 piat,
523 2980 901 3034 reverentiam
928 2980 981 3032 ei
1007 2981 1234 3048 qualem
1264 2981 1541 3034 sacerdoti
1573 2981 1732 3034 decet
1763 2981 2046 3046 exhibeat,
2085 2970 2125 3024 C
2161 2981 2269 3036 Sed
2292 2982 2413 3034 haec
2439 2982 2561 3050 ejus
2593 2979 2794 3049 regula
2825 2978 2884 3032 in
2922 2994 2989 3032 eo
3024 2977 3368 3032 reservanda
3400 2983 3503 3042 est,
3532 2993 3666 3030 cum
3701 2977 3883 3044 culpa

356 3085 459 3123 nec
504 3069 769 3140 quaedam
823 3068 1092 3122 cordibus
1151 3074 1446 3122 remaneat
1475 3069 1543 3122 de
1597 3069 1686 3122 his
1746 3085 1874 3139 quae
1929 3069 2048 3139 jam

352 3163 483 3210 sunt
514 3162 759 3226 purgata
792 3156 1074 3210 dubietas.
1113 3157 1173 3210 Et
1206 3156 1284 3208 ita
1334 3156 1722 3226 suprascripto
1773 3173 1870 3209 vos
1924 3157 2050 3227 epi-

355 3261 527 3315 scopo
554 3243 921 3298 devotissime
954 3248 1182 3314 oportet
1217 3244 1277 3296 in
1314 3244 1583 3297 omnibus
1631 3244 1944 3309 adhaerere,
1989 3249 2054 3298 ut.

353 3348 606 3404 congrue
626 3333 1009 3403 decenterque
1036 3333 1210 3386 Deum
1233 3331 1292 3384 in
1314 3332 1436 3402 ejus
1456 3347 1700 3401 persona
1719 3331 2050 3398 videamini,

354 3423 516 3494 cujus
541 3422 802 3475 minister
828 3425 933 3486 est,
965 3421 1269 3474 honorare.

355 3529 482 3583 CAP.
568 3527 761 3583 CXCV.
847 3527 1192 3651 —Corre¢;3q
1247 3528 1488 3650 gpiscopi
1550 3528 1650 3596 qui
1703 3527 2054 3580 concubinam

1196 3614 1296 3651 ui.
1859 3623 1886 3630 --

1196 3614 1296 3651 ιιιι.
1859 3623 1886 3630 ’-

423 3689 539 3756 (Ea:
561 3702 674 3754 reg.
721 3688 978 3755 Gregorii
1029 3702 1188 3755 papa:
1234 3685 1310 3740 ad
1339 3686 1618 3740 Andream
1675 3687 1906 3755 episcOp.
1953 3687 2051 3738 Ta-

349 3781 548 3832 rentin.
609 3791 730 3845 cap.
785 3775 925 3846 179.)
955 3774 1227 3829 Tribunal
1292 3774 1503 3844 judicis
1578 3772 1778 3828 asterni
1820 3788 2052 3826 securus

347 3865 582 3935 aspiciet
633 3863 913 3935 quisquis,
993 3867 1184 3916 reatus
1239 3861 1325 3916 sui
1377 3861 1656 3925 conscius,
1715 3860 1891 3930 digna
1917 3875 2050 3914 eum

353 3953 523 4008 modo
574 3951 913 4023 pmnitentia
977 3950 1200 4020 placare
1275 3949 1582 4003 contendit.
1658 3947 1930 4002 Habuisse
1993 3952 2050 4001 te

352 4040 637 4111 siquidem
661 4037 1038 4092 concubinam
1062 4037 1361 4090 manifesta
1385 4037 1619 4088 veritate
1640 4034 2046 4104 comperimus,

353 4129 422 4183 de
451 4145 563 4200 qua
593 4127 765 4180 etiam
795 4125 1078 4180 contraria
1101 4129 1185 4178 est
1211 4123 1556 4194 quibusdam
1591 4127 1730 4177 ‘nata
1777 4123 2046 4194 suspicio.

352 4216 482 4282 Sed,
515 4214 653 4285 quia
692 4213 750 4266 in
805 4213 974 4266 rebus
1020 4212 1306 4280 ambiguis
1347 4212 1674 4265 absolutum
1720 4227 1833 4264 non
1881 4211 2050 4265 debet
2079 4247 2124 4300 Β
2163 4217 2338 4271 sionis
2419 4217 2573 4270 illius
2648 4215 2934 4268 eradicare

353 4319 474 4358 esse
519 4301 824 4372 judicium,
883 4300 990 4353 hoc
1020 4304 1134 4352 tua;
1165 4299 1526 4353 conscientiae
1572 4299 1852 4369 elegimus
1897 4316 2047 4353 com-

355 4389 714 4444 mittendum.
741 4389 864 4452 Qua
896 4388 965 4442 de
997 4402 1060 4441 re
1089 4387 1155 4454 si,
1188 4387 1247 4441 in
1279 4403 1437 4441 sacro
1458 4388 1656 4442 ordine
1686 4390 2046 4451 constitutus,

355 4478 478 4548 ejus
503 4482 558 4530 te
599 4476 980 4545 permixtione
1019 4463 1154 4528 esse
1199 4476 1400 4530 recolis
1448 4478 1816 4539 maculatum,
1865 4493 2050 4530 sacer-

355 4565 492 4618 dotii
523 4565 743 4617 honore
785 4563 1064 4633 deposito,
1098 4563 1167 4617 ad
1210 4563 1654 4632 ministrantium
1693 4566 1850 4618 nullo
1883 4565 2050 4618 modo

354 4668 667 4724 praesumas
697 4652 983 4714 accedere,
1025 4652 1268 4706 sciturus
1297 4652 1356 4706 in
1389 4651 1595 4706 animae
1642 4658 1757 4707 tuae
1798 4653 2052 4721 periculo

356 4741 700 4809 ministrare,
739 4747 796 4794 et
844 4741 953 4795 Deo
995 4746 1191 4794 nostro
1220 4746 1274 4794 te
1305 4741 1427 4794 sine
1461 4740 1634 4796 dubio
1682 4741 1917 4795 reddere
1968 4758 2055 4796 ra-

353 4829 586 4892 tionem,
607 4829 672 4896 si,
709 4828 1038 4899 hujusmodi
1068 4830 1296 4883 sceleris
1322 4829 1602 4896 conscius,
1651 4829 1710 4883 in
1749 4845 1816 4882 eo
1847 4846 1962 4898 quo
1994 4846 2054 4884 es

352 4919 576 4984 ordine,
612 4918 801 4971 celans
846 4917 1165 4977 veritatem.
1197 4934 1536 4987 permanere
1579 4917 1844 4972 volueris.
1898 4919 2054 4972 Unde

352 5009 563 5062 iterum
597 5007 970 5061 adhortamur
1001 5011 1085 5070 ut,
1119 5007 1167 5058 si
1200 5013 1252 5060 te
1285 5007 1587 5077 deceptum
1632 5007 1812 5060 hostis
1833 5004 2054 5074 antiqui

353 5095 662 5150 calliditate
735 5094 1045 5164 cognoscis,
1120 5093 1469 5162 competenti
1533 5110 1664 5147 eum
1723 5094 1859 5146 dum
1927 5093 2057 5146 licet

358 5183 690 5254 paenitentia
731 5197 1002 5252 superare
1029 5181 1300 5235 festines:
1332 5199 1402 5235 ne
1441 5197 1571 5235 cum
1622 5198 1689 5235 eo
1747 5182 2048 5251 particeps,

357 5271 508 5340 quod
535 5287 646 5324 non
678 5275 942 5341 optamus
985 5269 1068 5335 ,in
1110 5267 1202 5323 die
1235 5269 1442 5339 judicii
1491 5270 1801 5340 deputeris.
1832 5269 1888 5324 Si
1919 5285 2052 5322 vero

355 5359 526 5428 hujus
572 5365 758 5412 reatus
804 5360 906 5413 tibi
938 5357 1197 5412 conscius
1236 5374 1349 5412 non
1398 5374 1477 5421 es,
1508 5357 1567 5412 in
1609 5376 1676 5412 eo
1723 5364 1778 5412 te
1827 5374 2053 5411 necesse

358 5451 444 5500 est
493 5461 608 5515 quo
657 5461 718 5498 es
764 5447 965 5499 ordine
1013 5463 1375 5518 permanere.
1421 5447 1725 5512 Praeterea,
1777 5445 2050 5516 quoniam

360 5533 660 5587 mulierem
715 5533 782 5586 de
835 5535 1148 5587 matriculis
1202 5539 1399 5588 contra
1445 5533 1706 5588 ordinem
1755 5531 2055 5587 sacerdotii

2161 3068 2404 3123 senioris
2434 3069 2696 3136 exemplo
2731 3083 2832 3120 suo
2879 3082 2991 3119 non
3043 3065 3220 3119 trahit
3258 3066 3326 3120 ad
3358 3064 3663 3118 interitum
3696 3065 3882 3118 corda

2155 3157 2474 3228 juniorum.
2515 3155 2617 3210 Ubi
2648 3161 2837 3208 autem
2879 3154 3072 3207 senior
3095 3154 3406 3225 juvenibus
3427 3154 3774 3223 exemplum
3807 3153 3878 3206 ad

2162 3245 2460 3300 interitum
2503 3244 2742 3314 praebet,
2803 3243 3061 3296 districta
3121 3243 3514 3312 increpatione
3572 3243 3881 3295 feriendus

2162 3341 2264 3388 est.
2298 3335 2436 3388 Nam
2463 3333 2738 3402 scriptum
2772 3336 2892 3385 est:
2925 3332 3185 3401 Laqueus
3209 3331 3489 3399 juvenum
3513 3347 3724 3384 omnes
3749 3347 3874 3382 vos.

2165 3424 2230 3476 Et
2266 3437 2492 3475 rursum
2522 3421 2804 3490 propheta
2831 3420 2969 3473 dicit
3004 3435 3016 3472 :
3053 3420 3117 3472 Et
3165 3424 3430 3488 peccator
3475 3425 3720 3472 centum
3777 3435 3876 3471 an-

2163 3527 2364 3564 norum
2393 3509 2730 3563 maledictus
2755 3513 2855 3561 est.
2880 3509 3058 3562 Tanta
3080 3513 3274 3561 autem
3306 3507 3565 3577 nequitia
3596 3507 3666 3559 ad
3699 3523 3878 3560 aures

2161 3615 2318 3652 meas
2347 3598 2415 3650 de
2447 3602 2542 3650 tua
2578 3601 2864 3649 senectute
2902 3596 3185 3665 pervenit,
3216 3601 3281 3648 ut
3321 3611 3468 3659 eam,
3522 3594 3638 3646 nisi
3678 3595 3876 3648 adhuc

2161 3687 2493 3742 humanitus
2531 3701 2923 3754 pensaremus,
2958 3684 3070 3737 ﬁxa
3103 3685 3222 3753 jam
3275 3681 3679 3735 maledictione
3736 3683 3871 3735 feri-

2161 3792 2373 3831 remus.
2413 3774 2632 3828 Dictum
2665 3773 2881 3843 quippe
2929 3771 3072 3825 mihi
3111 3778 3194 3824 est
3232 3771 3384 3841 quod
3434 3770 3874 3824 Dominicorum

2161 3864 2274 3926 die,
2317 3864 2650 3934 priusquam
2700 3862 3003 3914 missarum
3053 3858 3329 3913 solemnia
3382 3860 3736 3922 celebrares,
3805 3861 3870 3912 ad

2163 3952 2503 4006 exarandam
2557 3965 2801 4003 messem
2863 3948 3060 4002 latoris
3107 3946 3474 4018 praesentium
3538 3948 3870 4017 perrexisti,

2163 4046 2292 4110 post
2331 4039 2714 4093 exaratiunem
2742 4037 2862 4106 ejus
2905 4037 3205 4090 missarum
3234 4035 3512 4088 solemnia
3540 4035 3869 4089 celebrasti.

2165 4131 2298 4183 Post
2349 4128 2652 4182 missarum
2708 4126 3006 4192 solemnia,
3067 4125 3241 4178 etiam
3303 4124 3584 4177 terminos
3644 4141 3871 4194 posses-

3028 4213 3268 4267 minime
3343 4212 3612 4266 timuisti.
3705 4213 3870 4276 Quod

2158 4307 2368 4360 factum
2402 4321 2531 4375 quae
2580 4319 2748 4374 poma
2797 4303 2995 4357 debuit
3035 4303 3280 4372 insequi,
3342 4317 3546 4354 omnes
3606 4301 3711 4371 qui
3770 4318 3872 4354 au-

2162 4395 2330 4449 diunt
2378 4393 2584 4446 sciunt.
2640 4391 2805 4446 Dubii
2853 4396 3047 4444 autem
3097 4391 3166 4444 de
3239 4395 3399 4442 tanta
3471 4389 3578 4442 hac
3638 4405 3873 4458 perver-

2161 4483 2324 4537 sitate
2378 4482 2690 4545 fueramus,
2750 4480 2847 4533 sed
2905 4479 3057 4532 ﬁlius
3100 4484 3295 4532 noster
3353 4477 3625 4546 Cyriacus
3692 4478 3873 4531 abbas

2161 4589 2196 4625 a
2259 4570 2424 4624 nobis
2492 4568 2822 4639 requisitus,
2886 4567 3024 4620 dum
3099 4573 3248 4620 esset
3315 4565 3585 4631 choralis,
3657 4567 3739 4620 ita
3814 4584 3872 4619 se

2161 4658 2494 4730 cognovisse
2532 4657 2842 4726 perhibuit.
2901 4656 2966 4708 Et
2993 4655 3132 4725 quia
3173 4654 3359 4708 adhuc
3399 4655 3558 4707 canis
3591 4655 3710 4707 tuis
3745 4673 3873 4725 par-

2161 4747 2365 4810 cimus,
2399 4746 2716 4807 hortamur,
2749 4743 3062 4813 aliquando
3093 4742 3377 4812 resipisce,
3409 4757 3607 4804 senex,
3641 4749 3820 4813 atque
3840 4762 3872 4796 a

2161 4841 2322 4891 tanta
2359 4834 2588 4888 levitate
2630 4848 2858 4886 morum
2888 4836 2944 4884 et
2993 4846 3235 4900 Operum
3287 4829 3660 4900 perversitate
3711 4846 3868 4885 com-

2161 4939 2412 4994 pescere.
2450 4921 2674 4986 Quanto
2725 4919 2896 4974 morti
2943 4919 3183 4972 vicinior
3237 4918 3499 4985 efticeris,
3549 4924 3712 4972 tanto
3745 4919 3866 4972 ﬁeri

2163 5005 2456 5058 sollicitior
2506 5008 2676 5072 atque
2725 5003 2986 5056 timidior
3028 5003 3218 5057 debes.
3286 5004 3348 5056 Et
3403 5002 3644 5071 quidem
3704 5019 3868 5072 poma

2162 5093 2459 5145 sententiae
2493 5092 2551 5144 in
2583 5097 2639 5145 te
2667 5091 2854 5145 fuerat
2903 5091 3230 5160 jaculanda.
3268 5091 3385 5156 sed,
3429 5092 3567 5160 quia
3595 5090 3868 5160 simplici-

2161 5185 2338 5234 tatem
2370 5185 2525 5233 tuam
2583 5195 2714 5233 cum
2769 5184 3061 5232 senectute
3103 5179 3386 5243 novimus,
3433 5178 3671 5232 interim
3731 5185 3867 5230 tace-

2163 5285 2310 5322 mus.
2348 5271 2452 5322 Eos
2480 5283 2614 5321 Vero
2645 5285 2893 5338 quorum
2923 5268 3172 5322 consiliis
3195 5269 3314 5321 haec
3344 5267 3529 5336 egisti,
3563 5267 3626 5320 in
3649 5267 3867 5320 duobus

2163 5357 2456 5411 mensibus
2487 5357 3012 5410 excommunicatos
3068 5372 3189 5408 esse
3222 5355 3610 5410 decernimus.
3672 5356 3755 5407 ita
3813 5357 3868 5405 ut

2165 5445 2212 5498 si
2243 5445 2380 5515 quid
2412 5444 2495 5498 eis
2545 5445 2696 5499 intra
2745 5446 2992 5500 duorum
3027 5443 3308 5497 mensium
3357 5442 3606 5514 spatium
3667 5444 3864 5496 huma-

2166 5532 2320 5585 nitus
2349 5532 2622 5598 evenerit,
2677 5533 3076 5587 benedictione
3127 5531 3316 5585 viatici
3371 5546 3489 5584 non
3544 5531 3862 5599 priventur.
