3960 6192
153 280 258 330 609

1152 274 1626 331 DECRETORUM
1670 276 1859 330 LIBRI
1894 276 2002 330 ΧΧ.
2036 305 2105 313 -
2138 275 2350 330 LIBER
2391 275 2668 330 PRIMUS.

3561 285 3664 337 610

151 401 435 471 Deinceps
468 406 660 454 autem
697 399 766 452 ab
800 414 1001 451 eorum
1042 398 1297 451 consiliis
1337 404 1535 451 cautus
1567 398 1766 462 existe,
1794 403 1848 452 te
1881 400 1921 452 Α
1966 398 2200 468 propria
2239 397 2500 467 judicare
2549 404 2919 467 praesumant,
2967 407 3068 453 aut
3108 404 3496 459 truncationes
3539 406 3664 477 qui-

149 506 389 560 quoque
437 490 678 542 sollicite
709 486 969 541 custodi:
1016 502 1088 539 ne
1137 486 1206 549 si,
1253 486 1333 539 eis
1379 487 1438 539 in
1485 488 1635 539 malo
1684 487 1857 541 disci-

150 580 321 649 pulus
353 579 531 631 fueris
582 577 791 647 quibus
824 575 1099 646 magister
1148 576 1207 628 in
1240 576 1390 628 bono
1433 592 1555 629 esse
1588 576 1856 641 debuisti,

148 683 255 720 nec
314 666 670 737 simplicitati
727 669 860 731 tuas,
924 680 1029 718 nec
1099 665 1342 719 ulterius
1398 664 1676 717 senectuti
1726 680 1854 735 par-

150 772 373 809 camus.

294 860 430 929 Cap.
466 858 732 914 CXCVIII.
763 888 830 897 -
860 859 943 911 De
968 861 1297 925 purgatione
1324 858 1513 911 Leonis
1531 872 1709 925 papae.

217 950 633 1011 (Juramentum
660 948 848 1000 Leonis
894 946 1097 1015 papae).
1141 946 1438 1011 Auditum,
1492 947 1692 998 fratres
1720 945 1850 999 cha-

150 1036 391 1103 rissimi,
428 1042 485 1089 et
510 1036 870 1104 divulgatum
900 1041 986 1088 est
1038 1050 1141 1103 per
1190 1037 1371 1087 multa
1418 1036 1560 1100 loca,
1608 1036 1855 1104 qualiter

150 1126 421 1178 homines
470 1124 605 1177 mali
656 1125 957 1177 adversum
1012 1138 1103 1176 me
1143 1122 1595 1190 insurrexerunt,
1622 1128 1677 1176 et
1707 1123 1850 1176 dilao

149 1222 269 1266 tare
297 1215 629 1278 voluerunt,
654 1216 709 1265 et
732 1211 1011 1265 miserunt
1033 1227 1207 1281 super
1237 1227 1328 1264 me
1359 1211 1552 1280 gravia
1589 1210 1848 1266 crimina.

147 1304 391 1372 Propter
422 1317 595 1371 quam
635 1317 863 1354 causam
917 1301 1023 1353 iste
1070 1298 1550 1353 clementissimus
1587 1315 1652 1351 ac
1700 1314 1852 1351 sere-

145 1392 424 1443 nissimus
448 1390 719 1443 dominus
752 1405 849 1442 rex
884 1389 1120 1443 Carolus
1151 1404 1265 1441 una
1293 1404 1423 1441 cum
1466 1387 1853 1441 sacerdotibus

144 1486 199 1531 et
246 1478 624 1547 optimatibus
655 1477 771 1529 suis
820 1478 984 1529 istam
1030 1477 1291 1545 pervenit
1338 1476 1409 1529 ad
1458 1476 1677 1528 urbem.
1704 1477 1851 1539 Qua-

143 1569 409 1620 mobrem
448 1583 554 1635 ego
584 1566 690 1619 Leo
729 1565 981 1635 pontifex
1023 1567 1230 1617 sanctae
1264 1565 1536 1617 Romanae
1566 1564 1850 1629 Ecclesias,

143 1672 176 1707 a
234 1655 471 1706 nemine
528 1653 813 1722 judicatus
863 1668 1047 1721 neque
1090 1659 1336 1715 coactus,
1389 1652 1488 1705 sed
1535 1657 1852 1720 spontanea

144 1759 275 1795 mea
307 1744 617 1803 voluntate,
660 1742 902 1810 puritico
938 1756 1027 1794 me
1076 1742 1136 1794 in
1168 1745 1473 1809 conspectu
1521 1746 1707 1793 vestro
1756 1757 1851 1793 co-

148 1847 272 1883 ram
322 1832 437 1884 Deo
491 1837 549 1883 et
600 1830 820 1897 angelis
859 1830 1003 1898 ejus,
1058 1829 1157 1899 qui
1206 1830 1612 1882 conscientiam
1664 1844 1853 1881 meam

144 1920 331 1984 novit,
366 1925 420 1971 et
447 1919 625 1978 ,beato
657 1919 825 1971 Petro
858 1918 1116 1987 principe
1152 1918 1561 1987 apostolorum,
1594 1917 1654 1970 in
1694 1917 1854 1986 cujus

145 2015 457 2076 conspectu
503 2007 892 2065 consistimus,
935 2007 1069 2076 quia
1097 2006 1233 2058 istas
1274 2005 1612 2058 criminosas
1640 2011 1697 2058 et
1727 2021 1853 2058 sce-

144 2096 359 2148 leratas
408 2111 495 2147 res
545 2110 686 2164 quas
732 2094 816 2147 illi
863 2095 1005 2147 mihi
1056 2094 1338 2163 objiciunt
1385 2111 1489 2146 nec
1529 2093 1852 2163 perpetravi

146 2200 258 2236 nec
287 2183 610 2252 perpetrari
656 2182 821 2251 jussi.
854 2182 1032 2235 Testis
1073 2182 1216 2235 mihi
1251 2188 1337 2234 est
1377 2182 1545 2247 Deus,
1599 2181 1660 2233 in
1690 2182 1853 2251 cujus

140 2272 431 2341 judicium
464 2270 687 2323 venturi
732 2286 950 2335 sumus,
1002 2276 1057 2323 et
1088 2271 1145 2322 in
1173 2270 1333 2338 cujus
1376 2273 1679 2338 conspectu
1715 2286 1853 2322 con-

145 2360 443 2412 sistimus:
480 2366 535 2412 et
582 2361 686 2412 hoc
732 2364 970 2428 propter
1020 2358 1376 2427 suspiciones
1423 2360 1598 2410 malas
1644 2359 1851 2411 tollen-

147 2448 250 2500 das
307 2464 438 2501 mea
499 2452 813 2516 spontanee
864 2447 1151 2499 voluntate
1198 2446 1364 2512 facio,
1421 2462 1536 2499 non
1584 2445 1750 2515 quasi
1792 2446 1854 2497 in

146 2537 474 2589 sationibus
514 2536 810 2588 inventum
843 2536 935 2599 sit,
975 2540 1072 2587 aut
1102 2535 1265 2603 quasi
1302 2550 1408 2603 ego
1440 2535 1585 2587 hanc
1615 2550 1852 2587 consue-

147 2626 413 2678 tudinem
455 2629 555 2677 aut
598 2625 888 2676 decretum
938 2624 998 2675 in
1045 2630 1239 2675 sancta
1278 2623 1523 2675 Ecclesia
1568 2638 1853 2675 successo-

146 2714 309 2766 ribus
342 2714 504 2776 meis,
555 2728 661 2765 nec
700 2728 813 2765 non
846 2716 901 2766 et
946 2711 1237 2780 fratribus,
1279 2716 1334 2764 et
1363 2712 1715 2781 coepiscopis
1746 2727 1852 2764 no-

149 2803 284 2856 stris
324 2802 667 2871 imponam:
716 2801 813 2854 sed
858 2804 922 2854 ut
970 2800 1176 2854 melius
1232 2818 1262 2853 a
1292 2801 1453 2854 vobis
1509 2799 1852 2855 abscindatis

149 2891 396 2943 rebelles
428 2888 822 2958 cogitationes.

153 2997 280 3050 CAP.
334 2996 549 3049 CXCIX.
585 3024 653 3034 —
682 2995 744 3049 Si
775 2996 897 3061 quis
942 3009 1008 3047 ea:
1060 2995 1413 3048 ecctesiastico
1467 2994 1656 3047 ordine
1697 2993 1854 3046 dam-
1887 2973 1927 3026 ί)

224 3073 387 3119 natus
427 3068 595 3130 fuerit
629 3081 663 3117 a
692 3066 917 3132 synodo,
963 3070 1012 3117 et
1056 3080 1220 3119 ausus
1251 3067 1422 3130 fuerit
1463 3066 1529 3117 de
1571 3080 1724 3119 sacro
1752 3066 1855 3117 mi-

218 3139 451 3190 nisterio
471 3136 686 3203 aliquid
715 3139 1035 3202 contingere.

222 3228 332 3295 (Ea:
364 3226 552 3279 concil.
602 3225 952 3287 Antiocheno,
992 3239 1114 3292 cap.
1148 3223 1222 3294 4).
1276 3223 1334 3278 Si
1378 3223 1506 3294 quis
1554 3222 1855 3294 episcopus

149 3315 525 3367 damnatusa
582 3311 821 3381 synodo,
872 3312 955 3364 vel
1009 3312 1308 3381 presbyter
1359 3316 1457 3364 aut
1508 3311 1783 3365 diaconus
1823 3328 1854 3364 a

147 3420 249 3455 suo
280 3403 572 3472 episcopo,
622 3400 745 3453 ausi
775 3400 988 3453 fuerint
1034 3400 1248 3469 aliquid
1292 3400 1361 3453 de
1410 3400 1728 3453 ministerio
1759 3416 1852 3453 sa-

147 3509 241 3545 cro
272 3492 634 3559 contingere,
697 3490 812 3541 sive
864 3488 1163 3558 episcopus
1206 3488 1371 3558 juxta
1430 3488 1851 3557 pra-cedentem

146 3578 651 3643 consuetudinem,
701 3576 816 3629 sive
866 3577 1165 3646 presbyter
1213 3581 1312 3629 aut
1358 3576 1650 3636 diaconus,
1695 3574 1851 3626 nullo

148 3669 323 3721 modo
359 3668 525 3719 liceat
554 3665 602 3718 ei
657 3681 761 3718 nec
792 3664 851 3717 in
880 3664 990 3717 alia
1021 3664 1238 3733 synodo
1289 3663 1661 3716 restitutionis
1692 3678 1852 3732 spem

146 3763 247 3808 ant
294 3757 487 3808 locum
540 3754 747 3806 habere
798 3752 1238 3805 satisfactionis:
1288 3752 1384 3806 sed
1424 3757 1479 3805 ct
1530 3750 1852 3804 communi-

146 3850 344 3897 cantes
376 3844 429 3896 ei
475 3858 673 3895 omnes
716 3841 884 3909 abjici
938 3841 1005 3894 de
1054 3841 1316 3907 Ecclesia,
1371 3845 1427 3894 et
1483 3840 1727 3893 maxime
1781 3838 1849 3903 si,

146 3937 529 4001 posteaquam
597 3930 904 3982 didicerint
956 3927 1257 3980 adversum
1322 3932 1669 3980 memoratos
1718 3942 1851 3996 pro-

146 4022 325 4073 latam
357 4020 529 4072 fuisse
561 4017 926 4082 sententiam,
960 4017 1176 4071 eisdem
1215 4016 1638 4070 communicare
1666 4019 1851 4069 tenta-

146 4109 360 4161 verint.

148 4216 281 4269 CAP.
335 4213 443 4268 CC.
474 4242 547 4254 —
575 4214 636 4267 Si
672 4213 876 4281 aliquis
917 4227 984 4265 ea:
1015 4213 1371 4265 ecclesiastico
1412 4211 1599 4265 ordine
1637 4226 1845 4264 excom-

218 4290 535 4339 municatus
598 4285 790 4348 fuerit,
856 4288 906 4336 et
960 4286 1351 4336 communicare
1419 4284 1844 4352 prwsumpserit,

217 4372 275 4410 se
304 4359 489 4424 ipsum
511 4354 755 4407 damnat.
978 4376 986 4383 ~
1574 4370 1581 4375 ·

220 4464 334 4532 (Ea:
374 4462 562 4515 concit.
587 4463 793 4527 Afric.,
826 4476 945 4529 cap.
978 4462 1093 4527 29.)
1140 4461 1279 4514 Item
1328 4459 1546 4530 placuit
1586 4458 1852 4512 universo

145 4551 395 4605 concilio
444 4556 507 4603 nt
545 4549 645 4619 qui
695 4550 1217 4602 excommunicatus
1264 4549 1439 4602 fuerit
1466 4565 1573 4617 pro
1621 4563 1724 4599 suo
1757 4561 1854 4599 ne-

144 4641 363 4709 glectu,
394 4638 512 4691 sive
551 4638 871 4707 episcopus,
915 4639 1030 4691 sive
1061 4638 1302 4709 quilibet
1331 4637 1589 4704 clericus,
1619 4640 1675 4689 et
1704 4641 1849 4690 tem-

142 4746 285 4798 pore
316 4725 925 4780 excommunicationis
971 4742 1087 4779 suae
1119 4732 1249 4780 ante
1297 4726 1647 4779 audientiam
1693 4740 1847 4777 com-

141 4818 487 4871 munionem
550 4815 1007 4884 praesumpserit,
1061 4814 1182 4883 ipse
1239 4813 1299 4866 in
1357 4830 1415 4867 se
1462 4812 1850 4867 damnationis

134 4907 437 4975 judicetur
470 4904 780 4973 protulisse
812 4903 1174 4956 sententiam.

140 5014 272 5067 CAP.
309 5011 440 5065 CCI.
470 5011 629 5062 -—De
648 5008 946 5074 ordinatis,
978 5010 1027 5061 si
1067 5009 1271 5076 aliquis
1321 5009 1537 5061 illorum
1560 5022 1849 5077 percussor

854 5082 1144 5133 ea‘stiterit.

211 5171 325 5237 (Ex
353 5170 545 5224 concil.
587 5171 855 5236 Mogunt.,
885 5183 1007 5236 cap.
1050 5166 1128 5236 6.)
1170 5166 1289 5231 His,
1318 5183 1350 5219 a
1375 5166 1584 5234 quibus
1617 5166 1845 5220 Domini

137 5265 505 5313 sacramenta
560 5263 896 5323 tractantur,
949 5256 1229 5326 judicium
1281 5254 1574 5323 sanguinis
1626 5256 1844 5323 agitare

138 5365 256 5403 non
290 5350 453 5405 licet.
511 5349 575 5401 Et
602 5347 728 5399 ideo
770 5360 1118 5414 magnopere
1162 5343 1291 5397 talis
1337 5359 1594 5397 excessus
1646 5343 1841 5413 prohi-

137 5439 367 5492 bendus
409 5442 514 5500 est,
546 5452 671 5500 nec,
716 5433 1037 5487 indiscreta;
1080 5430 1549 5501 praesumptionis
1588 5432 1844 5485 motibus

136 5527 363 5597 agitati,
397 5528 497 5578 aut
542 5522 699 5593 quod
744 5527 931 5577 morte
978 5520 1345 5591 plectendum
1401 5524 1506 5587 est,
1557 5519 1843 5575 sententia

1964 485 2214 540 buslibet
2242 485 2503 556 personis
2547 492 2646 539 aut
2675 503 2776 549 per
2806 503 2864 540 se
2896 487 3164 555 inferant,
3195 496 3292 544 aut
3336 491 3664 547 inferendas

1967 574 2323 644 praecipiant.
2348 574 2505 639 Quod
2538 575 2585 627 si
2606 576 2931 645 quisquam,
2957 577 3163 630 horum
3186 579 3495 633 immernor
3519 596 3663 651 pra:-

1966 672 2285 733 ceptorum,
2318 668 2418 716 aut
2464 663 2523 715 in
2558 664 2812 717 Ecclesia
2856 680 2973 717 suae
3006 665 3259 732 familiis,
3298 673 3398 721 aut
3440 668 3501 721 in
3534 670 3663 740 qui-

1966 751 2212 805 buslibet
2256 752 2516 821 personis
2566 752 2675 805 tale
2706 752 2925 823 aliquid
2975 756 3410 823 perpetraverit,
3444 762 3501 811 et
3535 773 3669 811 con-

1965 840 2104 893 cessi
2124 840 2340 893 ordinis
2372 841 2871 910 honore;privetur
2900 850 2956 896 et
2988 843 3129 907 loco,
3153 849 3210 897 et
3240 845 3344 898 sub
3370 850 3665 915 perpetua:

1963 927 2343 981 damnationis
2374 928 2649 997 religetur
2690 931 2998 998 ergastulo.
3029 929 3133 984 Cui
3181 936 3374 986 tamen
3403 949 3664 987 commu-

1963 1017 2059 1069 nio
2114 1016 2344 1070 exeunti
2386 1016 2454 1070 de
2506 1018 2613 1071 hac
2650 1018 2764 1071 vita
2810 1034 2926 1072 non
2959 1020 3227 1086 neganda
3274 1026 3379 1085 est,
3429 1027 3667 1092 propter

1964 1105 2194 1159 Domini
2226 1105 2699 1159 misericordiam.

2060 1196 2187 1249 CAP.
2222 1195 2373 1250 CCII.
2400 1225 2469 1234 —
2502 1195 2584 1248 De
2604 1197 2870 1264 episcopis
2895 1211 2997 1250 sua
3023 1212 3190 1250 manu
3219 1198 3565 1253 caedentibus.

2035 1285 2142 1354 (Ea:
2199 1284 2343 1337 decr.
2404 1285 2680 1349 Boni/acii
2726 1286 2932 1352 papae.)
2988 1287 3113 1338 Non
3170 1287 3339 1340 liceat
3395 1287 3661 1357 episcopo

1961 1372 2229 1425 manibus
2259 1372 2374 1424 suis
2419 1372 2673 1442 aliquem
2719 1373 2956 1427 caedere.
3002 1374 3115 1427 Hoc
3158 1374 3312 1427 enim
3352 1376 3606 1430 alienum
3632 1393 3666 1429 a

1963 1460 2255 1513 sacerdote
2286 1476 2407 1513 esse
2438 1460 2628 1513 debet.

1961 1549 2089 1603 CAP.
2122 1549 2297 1603 CCIII.
2338 1578 2409 1588 —
2454 1550 2531 1601 De
2561 1551 2807 1617 episcopo
2857 1554 2953 1617 qui
3000 1552 3241 1618 seipsum
3285 1555 3336 1604 et
3370 1551 3476 1604 sibi
3523 1568 3663 1607 com-

2376 1622 2567 1673 missos
2614 1622 2881 1686 corrigere
2926 1622 3241 1686 neglexerit.

2036 1705 2225 1777 (Greg.
2261 1707 2396 1776 dic.)
2437 1707 2544 1771 Qui
2575 1701 2679 1760 nec
2729 1708 3025 1777 regiminis
3055 1708 3116 1761 in
3155 1725 3215 1760 se
3249 1707 3529 1762 rationem
3560 1709 3664 1763 ha-

1960 1797 2107 1862 buit,
2144 1813 2247 1849 ni-c
2301 1813 2401 1849 sua
2441 1796 2646 1850 delicta
2700 1796 2959 1864 detersit,
3009 1812 3110 1849 nec
3161 1796 3378 1849 crimen
3410 1796 3664 1850 filiorum

1962 1884 2229 1949 correxit,
2262 1884 2417 1938 canis
2466 1884 2792 1955 impudicus
2837 1885 3019 1954 magis
3061 1884 3334 1938 dicendus
3374 1889 3661 1955 estquam

1965 1974 2287 2043 episcopus.

2372 2061 2502 2116 CAP.
2533 2060 2706 2115 CCIV.
2738 2090 2806 2099 —
2849 2061 2927 2113 De
2964 2061 3147 2114 eadem
3173 2077 3250 2115 re.

2034 2152 2142 2215 (Ea:
2172 2148 2334 2203 dictis
2379 2151 2625 2219 Hieron.)
2671 2150 2738 2203 Ut
2768 2148 2957 2201 lixivia
3010 2165 3115 2217 per
3170 2150 3422 2203 cinerem
3461 2150 3662 2204 humi-

1963 2237 2099 2291 dum
2134 2236 2318 2290 ﬂuens
2360 2237 2504 2290 Iaval
2531 2243 2585 2290 et
2618 2253 2733 2290 non
2776 2238 3030 2290 lavatur:
3087 2238 3164 2290 ita
3214 2237 3360 2291 bona
3406 2239 3663 2292 doctrina

1960 2340 2066 2395 per
2116 2325 2333 2378 malum
2390 2326 2680 2380 doctorem
2740 2325 2962 2378 animas
3014 2326 3371 2380 credentium
3420 2328 3567 2380 lavat
3627 2343 3661 2379 a

1964 2414 2128 2466 sorde
2160 2418 2544 2482 peccatorum.

1964 2502 2095 2555 CAP.
2124 2501 2275 2555 CCV.
2308 2530 2378 2542 —
2410 2504 2479 2555 De
2509 2502 2650 2555 malo
2680 2508 2898 2570 pastore
2929 2518 3084 2569 quem
3128 2518 3237 2556 suae
3270 2517 3389 2557 oves
3415 2504 3659 2569 fugiunt.

2036 2591 2143 2655 (Ea:
2190 2589 2349 2643 dictis
2398 2589 2658 2659 August.)
2690 2590 2844 2643 Sicut
2884 2590 3115 2660 fugiunt
3161 2608 3292 2645 oves
3330 2608 3524 2645 vocem
3555 2608 3663 2661 pa-

1964 2678 2133 2731 storis
2183 2694 2355 2755 quem
2406 2694 2517 2730 non
2566 2685 2939 2748 cognoscunt,
2971 2684 3025 2732 et
3056 2680 3279 2734 deserta
3325 2685 3550 2750 petunt,
3585 2679 3662 2734 ita

1964 2765 2100 2819 mali
2125 2767 2369 2835 pastoris
2397 2766 2582 2820 ovilia.

1963 2855 2091 2909 CAP.
2125 2854 2297 2909 CCVI.
2327 2884 2388 2895 —-
2432 2859 2507 2909 De
2554 2855 2646 2909 illo
2672 2857 2771 2924 qui
2818 2856 3155 2911 nobilitatem
3208 2859 3305 2910 Dei
3343 2874 3377 2910 a
3406 2872 3460 2911 se
3487 2859 3658 2927 ejicit.

2037 2946 2282 3011 (Gregor.
2334 2943 2514 3009 dicit.)
2569 2943 2750 2998 Adam
2794 2944 3014 3014 primus
3060 2945 3233 2998 homo
3275 2962 3381 3015 pro
3432 2952 3661 3015 peccato

1963 3032 2032 3085 de
2066 3031 2329 3101 paradiso
2364 3032 2574 3100 ejectus
2603 3037 2718 3085 est:
2756 3031 2863 3086 hoc
2893 3038 2997 3098 est,
3031 3033 3132 3104 qui
3163 3034 3520 3088 nobilitatem
3562 3035 3661 3089 Dei

1965 3136 1997 3172 a
2029 3136 2087 3173 se
2121 3119 2291 3188 ejicit,
2326 3120 2623 3172 nobilitate
2653 3120 2759 3173 loci
2785 3120 3065 3189 privetur.

1964 3209 2093 3262 CAP.
2130 3208 2330 3263 CCVII.
2378 3238 2446 3246 --
2475 3208 2629 3273 Quod
2672 3224 2779 3261 non
2816 3212 2929 3262 sint
2977 3225 3155 3263 omnes
3201 3209 3311 3278 ﬁlii
3352 3217 3661 3266 sanctorum

2388 3282 2485 3347 qui
2514 3285 2689 3332 tenent
2720 3280 2833 3333 loca
2880 3286 3208 3334 sanctorum.

2034 3366 2289 3435 (Hieron.
2341 3366 2521 3437 dicit.)
2554 3367 2675 3419 Non
2702 3367 2866 3421 facile
2900 3373 2986 3421 est
3014 3374 3163 3422 stare
3185 3369 3245 3422 in
3273 3370 3393 3423 loco
3429 3371 3577 3425 Petri
3606 3376 3664 3426 et

1961 3455 2143 3519 Pauli,
2178 3460 2234 3508 et
2262 3461 2451 3509 tenere
2481 3455 2806 3508 cathedram
2838 3457 3201 3526 regnantium
3242 3474 3372 3512 cum
3401 3459 3657 3526 Christo;

1962 3542 2097 3613 quia
2119 3543 2251 3595 hinc
2282 3544 2492 3597 dicitur
2518 3561 2527 3594 :
2559 3544 2683 3596 Non
2705 3549 3029 3598 sanctorum
3054 3544 3157 3597 lilii
3181 3552 3314 3599 sunt
3335 3547 3435 3616 qui
3467 3553 3663 3603 tenent

1961 3631 2086 3684 loca
2117 3636 2467 3698 sanctorum,
2500 3631 2597 3684 sed
2627 3629 2727 3700 qui
2759 3638 3025 3686 exercent
3055 3648 3229 3702 opera
3260 3648 3479 3688 eorum.

1963 3720 2092 3773 CAP.
2126 3719 2351 3774 CCVIII.
2388 3750 2455 3759 —
2506 3720 2663 3783 Quod
2711 3721 2893 3772 nullus
2949 3736 3016 3772 ea:
3071 3736 3259 3788 genere
3304 3737 3398 3775 nec
3449 3737 3516 3775 ex
3546 3723 3659 3777 loco

2577 3791 2809 3855 gloriari
2838 3790 3044 3843 debeat.

2032 3879 2217 3944 (Greg.
2236 3876 2410 3939 dicit.)
2446 3876 2557 3929 Nos
2579 3877 2677 3946 qui
2708 3893 3027 3947 praesumus
3052 3894 3165 3931 non
3187 3894 3254 3931 ex
3276 3879 3528 3933 locorum
3552 3898 3656 3934 nec

1962 3966 2187 4037 generis
2216 3965 2517 4035 dignitate,
2551 3964 2647 4017 sed
2698 3980 2923 4018 morum
2959 3965 3253 4019 nobilitate
3298 3967 3655 4023 innotescere

1960 4055 2253 4119 debemus,
2304 4068 2409 4106 nec
2456 4054 2685 4107 urbium
2742 4052 3016 4121 claritate,
3075 4056 3171 4109 sed
3205 4054 3339 4109 fidei
3387 4056 3653 4126 puritate.

1961 4142 2089 4196 CAP.
2139 4142 2308 4195 CCIX.
2350 4170 2419 4180 —
2452 4144 2527 4195 De
2555 4140 2924 4195 sacerdotibus
2971 4144 3068 4210 qui
3117 4143 3305 4197 ovibus
3352 4146 3464 4198 suis
3510 4146 3658 4199 mala

2544 4212 2791 4281 ezeempla
2816 4214 3075 4281 praebent.

2034 4301 2155 4369 (Ea:
2184 4300 2346 4354 dictis
2376 4300 2635 4368 August.)
2672 4301 2847 4354 Nemo
2872 4300 3084 4371 quippe
3108 4302 3356 4372 amplius
3378 4302 3438 4356 in
3470 4303 3654 4358 Eccle-

1964 4388 2042 4442 sia
2074 4393 2260 4453 nocet,
2294 4404 2463 4458 quam
2498 4388 2618 4459 qui,
2652 4404 2914 4458 perverse
2963 4404 3159 4458 agens,
3211 4406 3419 4444 nomen
3447 4391 3533 4444 vel
3563 4408 3655 4445 or-

1963 4477 2153 4531 dinem
2189 4476 2505 4530 sanctitatis
2537 4480 2591 4530 et
2622 4477 2927 4531 sacerdotis
2972 4477 3161 4532 habet.
3220 4480 3652 4550 Delinquentem

1963 4582 2210 4635 namque
2266 4566 2417 4619 hunc
2473 4566 2820 4634 redarguere
2874 4567 3067 4619 nullus
3106 4569 3442 4636 prwsumit:
3493 4572 3549 4622 et
3593 4570 3655 4623 in

1961 4656 2290 4723 exemplum
2342 4654 2509 4723 culpa
2541 4653 2912 4706 vehementer
2970 4654 3314 4716 extenditur,
3374 4671 3504 4709 cum
3548 4672 3653 4726 pro

1959 4742 2277 4796 reverentia
2315 4726 2531 4795 ordinis
2562 4745 2825 4809 peccator
2854 4740 3190 4794 honoratur.

1959 4832 2085 4885 CAP.
2139 4830 2286 4885 CCX.
2318 4858 2386 4869 —
2429 4830 2495 4883 Ut
2541 4833 2749 4881 tantum
2803 4844 2988 4881 curam
3035 4845 3218 4883 rerum
3266 4830 3649 4884 ecclesiastica-

2468 4915 2591 4952 rum
2619 4902 2896 4966 episcopus
2930 4899 3141 4953 habeat.

2027 4989 2181 5055 (Cap.
2218 4994 2391 5056 apost.
2425 4988 2539 5054 30.)
2596 4985 2867 5040 Omnium
2904 4988 3262 5057 negotiorum
3313 4988 3650 5042 ecclesiasti-

1956 5093 2151 5131 corom
2183 5092 2378 5130 curam
2409 5075 2707 5145 episcopus
2738 5075 2962 5142 habeat,
3005 5081 3063 5128 et
3091 5091 3157 5129 ea
3187 5077 3341 5129 velut
3371 5077 3484 5129 Deo
3512 5092 3654 5131 con-

1956 5166 2270 5234 templante
2302 5164 2613 5233 dispenset,
2642 5179 2745 5216 nec
2776 5163 2829 5215 ei
2860 5163 3027 5216 liceat
3058 5180 3123 5216 ex
3154 5164 3242 5216 his
3277 5164 3494 5234 aliquid
3524 5182 3653 5219 om—

1954 5255 2092 5307 nino
2144 5253 2496 5323 contingere,
2550 5257 2649 5305 aut
2704 5252 3036 5321 parentibus
3067 5250 3311 5321 propriis
3365 5269 3492 5323 quae
3555 5254 3654 5308 Dei

1953 5348 2087 5395 sunt
2143 5341 2485 5395 condonare.
2540 5340 2702 5404 Quod
2748 5339 2795 5393 si
2840 5355 3121 5410 pauperes
3173 5346 3327 5406 sunt,
3376 5346 3653 5412 tanquam

1953 5431 2297 5501 pauperibus
2350 5428 2778 5483 subministret:
2837 5444 2908 5483 ne
2958 5444 3161 5483 eorum
3214 5429 3507 5485 occasione
3550 5429 3650 5482 Ec-

1952 5518 2139 5571 clesias
2169 5517 2403 5587 negotia
2433 5516 2860 5587 deprmdentur.
