3960 6192
419 376 515 428 sn
1480 374 1892 432 BURCI-IARDI
1930 374 2466 432 WORMACIENSIS
2507 376 2838 434 EPISCOPI.
3751 396 3829 447 θη

413 497 547 552 CAP.
605 498 778 554 CCXI.
840 528 903 538 —
957 499 1040 552 De
1093 513 1197 551 usu
1228 499 1430 588 ‘pallii,
1475 513 1555 588 ‘ne
1605 514 1640 552 a
1688 499 2116 567 metropolitanis

2231 513 2289 568 in
2342 515 2624 584 exsequiis
2675 515 2976 570 morientis
3024 516 3275 588 episcopi
3315 535 3378 573 ex
3421 525 3696 580 canonibus
3735 548 3831 587 con-

942 573 1329 638 pra’sumptive
1371 575 1580 624 utatur.

485 656 593 726 (Ea:
635 656 779 710 decr.
815 659 1014 711 Honor.
1043 674 1226 727 papa,
1278 674 1398 726 cap.
1443 658 1518 726 3.)
1567 657 1928 727 Quicumque
1979 673 2116 712 sane

413 746 984 816 metropolitanorum
1017 763 1120 816 per
1148 748 1366 816 plateas
1399 748 1485 799 vel
1527 747 1585 798 in
1623 746 1837 800 litaniis
1880 746 1962 800 uti
1995 748 2116 816 pal-

411 836 493 891 lio
523 836 975 907 praesumpserit,
1016 845 1070 891 et
1100 853 1215 889 non
1259 841 1483 889 tantum
1517 835 1576 888 in
1625 834 1928 904 praecipuis
1960 835 2116 889 festi-

418 924 707 990 vitatibus,
740 930 795 977 et
841 924 911 978 ab
942 924 1258 994 apostolica
1288 924 1422 977 sede
1463 923 1692 977 indictis
1737 923 2111 994 temporibus,

420 1012 492 1065 ad
544 1011 845 1064 missarum
897 1011 1257 1065 solummodo
1307 1012 1605 1076 solemnia,
1645 1018 1835 1065 careat
1881 1012 1981 1064 illo
2010 1011 2116 1064 ho-

417 1114 596 1165 nore;
631 1106 705 1164 et,
740 1106 912 1168 prout
954 1099 1156 1154 beatus
1206 1116 1355 1169 papa
1385 1099 1693 1168 Gregorius
1742 1100 1812 1153 ad
1839 1100 2116 1152 Joannem

419 1187 896 1241 Panormitanum
929 1187 1285 1258 episcopum,
1311 1193 1366 1240 et
1387 1187 1769 1241 Marinianum
1794 1187 1987 1241 scribit
2017 1188 2120 1241 Ra-

417 1280 730 1329 vennatum
761 1276 1114 1346 episcopum,
1159 1276 1294 1346 quia
1337 1292 1506 1345 grave
1550 1275 1758 1345 jugum
1792 1282 1964 1347 atque
1991 1276 2116 1330 vin-

417 1362 611 1416 culum
637 1363 889 1429 cervicis,
913 1380 1032 1418 non
1054 1379 1161 1433 pro
1185 1364 1580 1428 ecclesiastica,
1611 1365 1708 1418 sed
1734 1381 1837 1435 pro
1867 1366 2116 1434 quadam

418 1451 676 1504 smculari
724 1451 1000 1520 dignitate
1042 1453 1314 1516 defendit,
1352 1453 1646 1522 permissa,
1684 1470 1798 1522 qua
1841 1453 2112 1521 abutitur,

419 1537 699 1606 dignitate
733 1546 962 1592 careat:
997 1540 1271 1608 quoniam
1299 1540 1430 1608 jure
1466 1540 1827 1609 privilegium
1865 1547 2117 1596 meretur

419 1627 678 1678 amittere
710 1627 809 1697 qui
837 1627 1108 1681 audacter
1137 1633 1374 1697 usurpat
1403 1627 1618 1681 illicita.

418 1733 544 1787 CAP.
579 1732 777 1786 CCXII.
823 1763 888 1771 —
918 1733 1071 1801 Quod
1110 1735 1386 1801 episcopus
1431 1749 1514 1786 res
1563 1749 1671 1787 suae
1710 1736 1956 1802 ecclesia,
2005 1739 2118 1790 nisi

487 1819 606 1856 cum
651 1819 746 1857 suo
800 1807 956 1872 prius
1027 1810 1329 1873 commutet,
1397 1809 1710 1859 testamento
1769 1805 1950 1874 legare
2009 1824 2115 1861 non

482 1877 678 1942 possit.

491 1962 598 2032 (Ea:
645 1964 832 2016 concil.
874 1965 1190 2030 Agat/censi,
1231 1980 1350 2031 cap.
1409 1963 1484 2031 6.)
1534 1963 1588 2018 Si
1634 1963 1762 2034 quis
1815 1965 2115 2036 episcopus

419 2050 651 2102 condito
683 2055 1020 2103 testamento
1052 2051 1266 2120 aliquid
1299 2051 1368 2104 de
1398 2051 1762 2104 ecclesiastici
1787 2052 1936 2121 juris
1981 2069 2113 2122 pro-

417 2137 659 2207 prietate
689 2139 983 2207 legaverit,
1025 2139 1192 2192 aliter
1220 2155 1337 2192 non
1372 2139 1602 2204 valebit,
1648 2139 1760 2193 nisi
1790 2145 2014 2194 tantum
2045 2142 2116 2196 de

413 2225 560 2295 juris
589 2227 808 2296 proprii
840 2227 1202 2280 facultatibus
1232 2227 1599 2296 suppleverit.

419 2313 546 2368 CAP.
607 2315 828 2368 CCXIII.
887 2345 954 2354 ——
1005 2317 1084 2368 De
1130 2318 1376 2383 episcoiio
1437 2317 1534 2383 qui
1578 2331 1662 2369 res
1704 2331 1815 2370 suae
1867 2318 2118 2372 Ecclesiae

751 2386 1069 2454 parentibus
1105 2389 1215 2440 suis
1254 2386 1543 2440 indiscrete
1574 2387 1782 2441 tribuit.

487 2476 575 2528 Ea:
605 2475 789 2528 concil.
823 2475 1094 2542 Spalensi,
1127 2490 1247 2543 cap.
1290 2476 1398 2542 10).
1452 2475 1519 2528 Ut
1561 2475 1816 2545 episcopi
1853 2475 1915 2529 in
1947 2475 2118 2530 rebus

420 2561 679 2616 Ecclesia:
732 2563 878 2616 circa
925 2563 1283 2632 propinquos
1345 2579 1478 2616 suos
1527 2564 1880 2633 exponendis
1932 2581 2120 2634 repre-

417 2649 754 2704 hensionem
799 2657 1056 2718 caveant,
1104 2658 1160 2706 et
1209 2657 1272 2705 ut
1326 2650 1688 2706 discretionis
1741 2651 1982 2706 modum
2030 2659 2112 2707 te-

424 2745 613 2794 neant.

810 2827 939 2882 CAP.
978 2826 1194 2882 CCXIV.
1231 2857 1297 2867 -—
1325 2830 1400 2882 De
1432 2827 1613 2882 eadem
1645 2844 1724 2884 re.

493 2915 604 2985 (Em
653 2914 852 2979 eodem,
882 2931 1007 2984 cap.
1054 2916 1130 2987 5.)
1175 2916 1456 2980 Quoniam
1509 2916 1675 2970 multi
1715 2915 2117 2987 episcoporum

2228 607 2503 668 servetur,
2544 603 2858 657 traditione
2899 605 3074 658 moris
3106 606 3324 678 antiqui
3353 609 3454 663 hoc
3492 616 3685 669 tantum
3723 621 3829 689 adji-

2226 690 2407 744 cimus
2455 697 2538 758 ut,
2596 692 2642 744 si
2699 692 2829 762 quis
2885 695 3263 762 sacerdotum,
3336 701 3622 756 secundum
3672 711 3833 764 statuta

2229 779 2510 832 Valentini
2565 780 2817 848 concilii,
2877 781 2949 834 ad
3002 781 3294 837 humanda
3353 785 3585 841 defuncti
3633 793 3832 865 episcopi

2226 867 2484 920 membra
2521 869 2712 922 venire
2760 871 3168 935 commonitus,
3204 871 3365 942 pigra
3409 875 3668 930 voluntate
3693 880 3832 934 distu-

2225 952 2376 1020 lerit,
2425 955 2846 1026 appellantibus
2895 958 3116 1012 clericis
3157 959 3417 1014 obeuntis
3461 962 3684 1034 episcopi
3722 971 3834 1037 apud

2226 1043 2527 1112 synodum,
2596 1045 2714 1098 sive
2778 1045 2928 1115 apud
2998 1047 3495 1116 metropolitanum
3550 1050 3833 1122 episcopum,

2224 1136 2482 1200 tempore
2517 1133 2652 1185 anni
2691 1133 2862 1186 unius
2893 1150 2997 1188 nec
3042 1135 3286 1190 faciendi
3334 1137 3552 1191 missam
3592 1156 3681 1193 nec
3716 1159 3834 1195 com-

2225 1219 2562 1274 municandi
2632 1220 2839 1274 habeat
2901 1221 3141 1276 omnino
3211 1223 3512 1280 licentiam.
3584 1228 3836 1299 Presbyteri

2226 1314 2420 1362 autem
2479 1309 2594 1362 sive
2659 1309 2850 1362 cmteri
2914 1311 3124 1374 clerici,
3184 1312 3392 1382 quibus
3456 1314 3621 1384 major
3663 1316 3836 1370 honoris

2224 1397 2382 1450 locus
2430 1397 2582 1467 apud
2638 1398 2898 1452 eamdem
2951 1400 3254 1454 Ecclesiam
3295 1401 3462 1456 fuerit
3513 1404 3657 1472 cujus
3702 1421 3833 1458 sacer-

2227 1485 2330 1537 dos
2360 1485 2588 1550 obierit,
2619 1486 2668 1538 si
2699 1487 2858 1539 omni
2907 1487 3288 1542 sollicitudine
3346 1506 3447 1559 pro
3495 1491 3734 1560 exsequiis
3751 1492 3834 1558 jam

2227 1575 2459 1639 mortui,
2500 1579 2600 1626 aut
2627 1575 2899 1628 continuo
2929 1576 3203 1630 antistitis
3243 1578 3518 1643 morituri,
3563 1580 3624 1630 ad
3649 1594 3833 1631 commo-

2227 1663 2483 1716 nendum
2531 1663 2782 1716 vicinum
2830 1664 3164 1735 episcopum
3204 1665 3355 1719 tardi
3403 1667 3742 1730 inveniantur,
3771 1674 3835 1719 aut

2227 1767 2330 1820 per
2353 1767 2755 1822 quamcunque
2787 1753 3108 1807 molestiam
3139 1753 3319 1807 animi
3361 1753 3420 1807 id
3448 1755 3704 1824 negligere
3728 1771 3831 1806 com-

2225 1840 2565 1910 probentur,
2614 1839 2788 1894 totius
2840 1841 2975 1895 anni
3033 1842 3218 1912 spatio
3276 1843 3347 1896 ad
3404 1843 3756 1912 paenitentiam
3791 1844 3829 1896 in

2226 1927 2589 1982 monasteriis
2622 1928 2989 1999 deputentur.

2227 2054 2354 2109 CAP.
2398 2052 2647 2108 CCXVII.
2690 2082 2758 2123 έ-
2792 2055 2860 2108 Ut
2903 2054 3176 2121 quidquid
3204 2056 3450 2123 episcopo
3481 2055 3773 2122 relinquitur,
3795 2055 3832 2106 id

2401 2127 2653 2178 emissum
2677 2121 2737 2176 iu
2764 2126 3054 2190 facultates
3096 2121 3359 2179 Ecclesia:
3384 2121 3712 2194 computetur.

2295 2229 2416 2297 (Ea:
2457 2230 2644 2282 concil.
2695 2229 3042 2296 Agathensi.)
3095 2231 3403 2284 Pontifices
3454 2218 3579 2283 vero
3615 2230 3832 2301 quibusin

2225 2333 2450 2370 summo
2482 2317 2797 2371 sacerdotio
2847 2319 3171 2372 constitutis
3217 2318 3288 2372 ab
3322 2319 3596 2372 extraneis
3637 2319 3835 2374 duntaxat

2227 2406 2471 2458 donatur
2499 2405 2739 2476 aliquid,
2775 2406 2862 2459 vel
2910 2423 3039 2459 cum
3085 2407 3333 2460 Ecclesia
3381 2412 3477 2461 aut
3521 2406 3836 2478 sequestratim

2225 2493 2531 2546 dimittitur
2573 2499 2672 2547 aut
2704 2493 2953 2547 donatur
2973 2514 2990 2548 :
3033 2494 3168 2565 quia
3199 2495 3325 2548 haec
3356 2494 3451 2548 ille
3483 2495 3575 2565 qui
3603 2495 3750 2548 donat
3769 2509 3839 2562 pro

2224 2581 2623 2651 redemptione
2655 2583 2861 2635 anima:
2892 2599 3032 2648 suae,
3083 2599 3202 2636 non
3243 2600 3352 2651 pro
3395 2583 3674 2637 commodo
3712 2598 3843 2634 sacer-

2227 2671 2373 2725 dotis
2404 2671 2681 2740 probatur
2711 2671 2940 2740 ofl'erre,
2982 2688 3100 2725 non
3130 2673 3296 2741 quasi
3329 2689 3514 2737 suum,
3547 2672 3632 2725 sed
3659 2669 3785 2740 quasi
3805 2669 3844 2720 id

2227 2758 2500 2812 emissum
2551 2757 2610 2812 in
2663 2759 2960 2813 facultates
3015 2760 3274 2813 Ecclesiae
3337 2764 3708 2831 computetur:
3753 2758 3848 2828 quia

2220 2847 2443 2917 justum
2490 2851 2575 2900 est
2623 2852 2701 2914 ut,
2737 2847 2882 2902 sicut
2938 2850 3200 2902 sacerdos
3243 2848 3422 2903 habet
3468 2849 3612 2919 quod
3652 2846 3848 2901 Ecclesiae

2225 2935 2520 2990 dimissum
2579 2940 2679 3001 est,
2721 2935 2800 2989 ita
2829 2943 2886 2990 et
2915 2937 3161 2991 Ecclesia
3189 2937 3404 2991 habeat
3456 2937 3602 3008 quod
3638 2933 3850 3004 relinqui-

421 3017 614 3058 amore
669 3003 1127 3074 propinquorum
1177 3020 1412 3058 suorum
1458 3005 1526 3058 de
1578 3003 1748 3066 rebus
1800 3005 1908 3058 sibi
1960 3022 2116 3059 com-
2149 3057 2189 3111 Ο
2227 3028 2320 3076 tur
2350 3023 2725 3078 asacerdote.

423 3091 698 3111 μημληιε-
892 3097 982 3111 ___.
1047 3110 1091 3111 η
1142 3092 1272 3111 ιςι-.
1361 3110 1382 3111 η
1422 3093 1458 3111 ογ
1525 3109 1564 3111 Α,
1599 3109 1627 3111 η
1967 3110 1970 3111 ν

421 3091 722 3157 mandatis,
754 3108 857 3145 suo
887 3097 988 3145 aut
1022 3092 1280 3163 quolibet
1322 3093 1637 3147 amicorum
1681 3095 1914 3147 nomine
1962 3110 2117 3164 prae-

421 3179 515 3235 dia
537 3185 594 3234 et
613 3179 901 3251 mancipia
939 3186 1162 3249 emunt,
1194 3186 1252 3234 et
1284 3186 1344 3234 ut
1372 3182 1433 3234 in
1475 3182 1941 3252 propinquorum
1980 3199 2116 3236 suo-

419 3283 550 3322 rum
597 3268 692 3338 jus
730 3269 936 3322 cedant
982 3271 1262 3336 statuunt,
1307 3275 1362 3322 et
1394 3269 1466 3323 ob
1521 3269 1629 3322 hoc
1675 3270 1809 3338 jura
1859 3270 2121 3323 ecclesia-

419 3356 558 3412 stica
585 3359 1004 3417 convelluntur,
1039 3364 1096 3411 et
1126 3357 1506 3410 ministerium
1541 3358 1889 3412 sacerdotale
1933 3359 2117 3412 fusca-

418 3450 531 3512 tur,
611 3445 729 3500 imo
799 3463 830 3500 a
883 3446 1124 3500 subditis
1185 3445 1508 3499 detrahitur
1567 3451 1625 3499 et
1694 3445 2116 3500 contemnitur:

419 3533 634 3603 placuit
689 3533 958 3587 omnibus
1019 3539 1079 3588 ut
1135 3532 1404 3604 deinceps
1467 3532 1720 3588 avaritiae
1774 3534 1883 3588 hoc
1938 3550 2121 3605 genus

420 3626 702 3676 caveatur.
749 3622 1065 3691 Fixumque
1113 3621 1183 3674 ab
1212 3621 1344 3675 hinc
1391 3629 1448 3675 et
1475 3627 1754 3692 perpetuo
1785 3637 2121 3676 mansurum

419 3725 540 3763 esse
569 3709 944 3776 decrevimus,
979 3713 1041 3762 ut
1066 3709 1368 3779 episcopus
1401 3725 1491 3762 res
1519 3709 1610 3762 sui
1643 3709 1812 3780 juris,
1847 3727 1990 3780 quas
2021 3715 2122 3764 aut

417 3803 548 3852 ante
595 3797 1011 3868 episcopatum,
1063 3802 1160 3850 aut
1188 3803 1342 3852 certe
1379 3798 1439 3852 in
1490 3797 1822 3870 episcopatu
1867 3798 2121 3853 haeredi-

415 3885 563 3940 taria
600 3885 955 3940 successione
985 3885 1306 3957 acquisivit,
1357 3887 1675 3941 secundum
1719 3887 2119 3941 auctoritatem

418 3973 773 4038 canonicam,
820 3973 1099 4044 quidquid
1147 3974 1271 4027 vult
1319 3973 1510 4042 faciat,
1565 3979 1624 4028 et
1664 3975 1756 4028 cui
1811 3974 1932 4028 vult
1982 3991 2120 4028 con-

415 4061 582 4116 ferat.
634 4063 944 4132 Postquam
988 4067 1182 4115 autem
1229 4061 1530 4132 episcopus
1569 4062 1749 4116 factus
1795 4066 1899 4129 est,
1951 4078 2118 4133 quas-

417 4165 664 4220 cumque
697 4166 787 4203 res
843 4151 912 4204 de
960 4150 1328 4204 facultatibus
1380 4150 1664 4219 Ecclesiae,
1713 4155 1814 4204 aut
1869 4166 1972 4205 suo
2026 4155 2124 4205 aut

418 4237 655 4290 alterius
705 4237 962 4304 nomine,
1014 4238 1272 4308 qualibet
1311 4237 1639 4293 conditione
1685 4239 2120 4309 comparaverit,

419 4323 774 4378 decrevimus
826 4331 891 4378 ut
937 4341 1054 4379 non
1094 4325 1553 4396 propinquorum
1601 4342 1860 4390 suorum,
1911 4327 2010 4381 sed
2058 4327 2190 4385 inD

419 4412 680 4466 Ecclesia».
709 4410 800 4464 cui
830 4417 1039 4482 praeest
1059 4413 1194 4483 jura
1226 4412 1550 4467 devenient.

419 4499 546 4554 CAP.
582 4499 771 4554 CCXV.
807 4529 874 4538 -—
917 4501 998 4556 Ne
1041 4503 1322 4569 episcopus
1370 4501 1436 4554 de
1467 4502 1624 4556 rebus
1651 4502 1892 4558 viduata
1921 4503 2120 4557 Eccle-

755 4574 848 4625 sia:
877 4570 1180 4640 quidquam
1201 4573 1440 4626 alienare
1468 4579 1782 4642 prasumat.

493 4658 604 4727 (Ex
631 4657 776 4712 decr.
808 4660 1036 4714 Martia.
1092 4675 1271 4729 papa.
1323 4676 1443 4730 cap.
1485 4661 1598 4726 20.)
1629 4660 1688 4716 Si
1737 4661 1867 4732 quis
1895 4660 2118 4731 episco-

417 4761 527 4817 pus
556 4747 716 4801 nulla
765 4747 1163 4802 ecclesiasticae
1205 4747 1446 4803 rationis
1495 4749 1830 4804 necessitate
1864 4750 2116 4822 compul-

2228 3130 2355 3184 CAP.
2384 3129 2655 3184 CCXVIII.
2702 3159 2771 3169 --
2801 3131 2867 3184 Ut
2894 3131 3078 3184 nullus
3123 3132 3428 3200 episcopus,
3456 3132 3563 3185 nisi
3591 3145 3694 3184 cum
3723 3129 3849 3182 conci-

2298 3202 2369 3254 lio
2424 3206 2734 3273 ceterorum
2787 3203 3154 3270 episcoporum
3193 3207 3243 3256 et
3282 3204 3576 3273 principis,
3616 3204 3667 3254 in
3703 3202 3850 3253 hostem
3899 3215 3906 3220 ·

2296 3273 2377 3324 ire
2407 3271 2615 3324 debeat.

2298 3374 2457 3445 (Cap.
2533 3377 2716 3432 Caroli
2768 3378 3113 3446 imperatoris
3169 3377 3234 3432 de
3289 3374 3551 3448 episcopis
3578 3376 3852 3446 Aquisgnmi

2227 3463 2638 3534 collaudatum.)
2725 3464 2956 3518 Carolus
3015 3466 3202 3535 gratia
3271 3467 3377 3520 Dei
3449 3483 3566 3535 rex,
3635 3466 3849 3534 regnique

2231 3552 2574 3606 Francorum
2626 3557 2833 3621 rector,
2890 3559 2946 3607 et
2994 3555 3231 3608 devotus
3284 3560 3496 3609 sancte:
3537 3553 3760 3608 Ecclesia:
3781 3551 3850 3604 de-

2223 3640 2439 3707 fensor,
2484 3646 2655 3711 atque
2703 3641 2934 3711 adjutor
2977 3642 3037 3696 in
3067 3643 3340 3697 omnibus
3384 3643 3691 3714 apostolicae
3715 3639 3848 3694 sedis:

2229 3729 2463 3782 Hortatu
2523 3729 2786 3783 omnium
2841 3729 3102 3785 ﬁdelium
3159 3737 3513 3799 nostrorum,
3565 3737 3616 3786 et
3666 3727 3850 3784 maxime

2228 3817 2647 3888 episcoporum,
2702 3834 2766 3872 ac
2815 3818 3174 3890 reliquorum
3235 3821 3590 3876 sacerdotum
3633 3817 3850 3872 consultu.

2229 3905 2402 3959 servis
2446 3906 2547 3960 Dei
2592 3923 2695 3977 per
2739 3908 2937 3961 omnia
2977 3909 3249 3963 omnibus
3289 3915 3638 3964 armaturam
3683 3911 3851 3978 portare

2227 3994 2316 4048 vel
2345 4009 2625 4064 pugnare,
2657 4001 2758 4049 aut
2790 3995 2850 4049 in
2882 3997 3197 4051 exercitum
3245 4003 3301 4052 et
3329 3999 3390 4052 in
3434 3999 3648 4054 hostem
3678 4005 3851 4066 pergere

2230 4083 2465 4136 omnino
2534 4083 2932 4152 prohibemus,
3011 4085 3124 4138 nisi
3202 4086 3316 4140 illis
3377 4085 3751 4142 tantummodo
3789 4077 3853 4150 qui

2228 4174 2466 4239 propter
2507 4169 2764 4224 divinum
2805 4171 3209 4238 ministerium,
3243 4173 3550 4228 missarum
3591 4171 3852 4225 scilicetsc-

2228 4256 2423 4311 lennia
2447 4256 2818 4328 adimplenda
2847 4263 2903 4312 et
2933 4265 3256 4315 sanctorum
3293 4261 3614 4332 patrocinia
3641 4254 3857 4331 portanda

2229 4343 2301 4397 ad
2330 4344 2436 4398 hoc
2463 4345 2672 4413 electis,
2705 4345 2764 4399 id
2814 4351 2896 4399 est
2925 4363 3108 4401 unum
3152 4349 3242 4402 vel
3270 4349 3416 4403 duos
3460 4349 3732 4419 episc0pos
3766 4354 3857 4394 cum

2228 4431 2538 4503 capellanis
2615 4433 2984 4504 presbyteris.
3057 4435 3121 4489 Et
3191 4436 3586 4508 unusquisque
3655 4433 3860 4505 princeps

2227 4537 2410 4575 unum
2459 4521 2857 4592 presbyterum
2897 4539 3090 4576 secum
3138 4523 3366 4592 habeat,
3401 4525 3504 4596 qui
3538 4527 3741 4596 peccata
3764 4532 3862 4571 con-

2230 4609 2526 4664 ﬁtentibus
2545 4609 2825 4680 judicare,
2858 4615 2916 4665 et
2944 4610 3196 4666 indicare
3223 4613 3622 4683 paenitentiam
3647 4606 3815 4682 possit.

2621 4715 2760 4771 CAP.
2793 4715 3012 4772 CCXIX.
3045 4746 3114 4757 —
3144 4719 3220 4773 De
3247 4718 3435 4773 eadem
3460 4735 3536 4773 re.

2299 4817 2456 4888 (Cap.
2505 4817 2789 4888 ejusdem.)
2837 4818 3101 4874 Secunda
3147 4818 3268 4874 vice
3314 4825 3550 4891 propter
3585 4813 3865 4885 ampliorem

2226 4905 2668 4972 observantiam,
2729 4907 3041 4976 apostolica
3109 4908 3445 4963 auctoritate
3505 4912 3563 4962 et
3612 4903 3865 4959 multorum

2227 4993 2626 5065 episcoporum
2667 4994 3061 5050 admonitione
3099 4995 3384 5063 instructi,
3421 5000 3729 5051 sanctorum
3755 5001 3866 5060 quo-

2226 5098 2338 5153 que
2368 5097 2656 5136 canonum
2697 5083 2913 5153 regulis
2955 5084 3165 5150 edocti,
3209 5085 3473 5139 consultu
3511 5081 3750 5137 videlicet
3773 5089 3864 5129 om-

2225 5169 2390 5225 nium
2436 5169 2721 5225 nobilium
2763 5175 3090 5226 nostrorum
3131 5173 3514 5243 nosmetipsos
3550 5168 3862 5238 corrigentesv

2223 5258 2583 5329 posterisque
2635 5258 2850 5321 nostris
2905 5259 3234 5330 exemplum
3290 5260 3512 5326 dantes,
3545 5259 3779 5312 volumus
3821 5257 3863 5298 ut

2225 5347 2418 5400 nullus
2445 5347 2708 5402 sacerdos
2753 5345 2815 5402 in
2842 5348 3068 5402 hostem
3115 5353 3335 5420 pergat,
3386 5348 3498 5402 nisi
3527 5347 3636 5401 duo
3665 5343 3744 5398 vel
3781 5344 3862 5392 tres

2225 5436 2447 5486 tantum
2487 5432 2762 5505 episcopi,
2802 5434 3083 5489 electione
3120 5442 3460 5492 ceterorum
3490 5438 3710 5505 propter
3732 5429 3863 5482 bene“

2225 5520 2556 5588 dictionem,
2609 5521 3076 5592 praedicationem
3129 5523 3444 5595 populique
3503 5513 3860 5576 reconciliatio-

2229 5624 2379 5676 nem,
2427 5614 2646 5666 etcum
2672 5609 2786 5669 illis
2827 5611 2994 5668 electi
3035 5611 3377 5678 sacerdotes,
3409 5610 3514 5682 qui
3549 5608 3688 5665 bene
3724 5601 3865 5657 sciant

420 4851 534 4902 sus,
565 4835 624 4889 in
655 4851 757 4888 suo
786 4835 936 4890 clero
966 4839 1064 4889 aut
1095 4835 1194 4890 ubi
1225 4835 1373 4890 forte
1411 4852 1531 4890 non
1573 4841 1658 4890 est
1703 4837 2017 4908 presbyter,
2048 4837 2119 4893 de

418 4923 587 4978 rebus
639 4923 1032 4978 ecclesiasticis
1087 4924 1298 4995 aliquid
1356 4926 1785 4996 praesumpserit
1831 4925 2113 4980 vendere:

418 5027 510 5066 res
550 5012 704 5083 ipsas
736 5013 991 5067 Ecclesiae
1021 5019 1341 5067 restaurare
1387 5019 1644 5083 cogatur,
1695 5018 1747 5068 et
1799 5012 1858 5066 in
1900 5013 2116 5085 judicio

418 5100 816 5171 episcoporum
848 5101 1151 5172 dejiciatur
1180 5102 1429 5168 auditus,
1461 5107 1516 5154 et
1537 5105 1814 5172 tauquam
1847 5101 1990 5157 furti
2019 5106 2118 5156 aut

418 5188 704 5242 latrocinii
735 5207 866 5244 reus
895 5207 998 5243 suo
1029 5191 1284 5260 privetur
1306 5191 1545 5243 honore.

423 5276 550 5330 CAP.
600 5277 814 5332 CCXVI.
844 5309 914 5319 —
942 5281 1015 5333 De
1045 5280 1158 5332 illis
1189 5279 1288 5346 qui
1314 5279 1388 5332 ad
1415 5277 1756 5333 sacerdotum
1832 5282 2117 5348 exsequias

978 5352 1160 5403 vaiire
1189 5355 1552 5403 contemnunt.

493 5433 610 5504 (Ea:
639 5435 826 5488 concil.
864 5437 1117 5490 Toletano
1145 5452 1266 5508 vui,
1304 5451 1426 5505 cap.
1468 5435 1582 5505 3t.)
1613 5437 1688 5490 Ea
1731 5453 1861 5508 quae
1891 5453 2118 5508 compe-

420 5527 554 5577 tunt
593 5523 900 5592 honestati,
947 5525 1231 5596 contingit
1267 5541 1419 5595 saepe
1465 5526 1850 5597 quorumdam
1898 5525 2118 5582 desidia

421 5627 541 5667 non
585 5611 835 5684 impleri.
870 5613 1135 5683 Proinde,
1173 5614 1311 5686 quia
1353 5619 1553 5670 notum
1585 5619 1670 5670 est
1697 5630 1827 5688 quae
1864 5615 2117 5685 dignitas
