4022 6190
181 376 279 429 613

180 495 410 569 populis
440 490 835 562 pmnitentiam
884 487 1045 551 dare,
1080 483 1287 537 missas
1319 484 1628 550 celebrare,
1677 483 1746 537 de
1790 480 1890 534 in-
1929 480 1974 531 Α

179 586 358 640 tirmis
415 597 609 636 curam
663 579 902 643 habere,
967 573 1297 642 sarratique
1355 573 1470 626 olei
1530 588 1660 626 cum
1716 569 1893 624 sacris

180 673 443 745 precibus
474 669 799 723 unctionem
834 663 1199 734 impendere,
1229 666 1288 714 et
1333 661 1442 715 hoc
1468 662 1711 714 maxime
1743 673 1891 730 prai-

179 762 369 815 videre
404 776 475 813 ne
504 759 620 811 sine
648 755 854 809 viatico
882 753 1014 823 quis
1046 752 1116 805 de
1149 750 1365 802 smculo
1394 749 1641 803 recedat.

181 868 302 923 Car.
340 866 532 921 CCXX.
584 865 653 917 De
701 875 758 914 eo
805 861 855 913 si
887 859 1011 927 quis
1037 855 1105 908 ab
1148 855 1457 924 apostolico
1484 855 1689 920 falsam
1735 853 1891 906 detu-

794 932 919 984 lerit
957 927 1261 997 epistolam.

245 1044 361 1113 (Ea:
406 1041 589 1097 concil.
623 1037 982 1101 Triburiensi,
1034 1048 1154 1102 cap.
1208 1032 1303 1095 30,
1351 1033 1442 1084 cui
1490 1031 1748 1094 inter/uit
1793 1042 1894 1081 rem

181 1129 546 1200 Arnolphus.)
579 1128 636 1180 In
668 1124 1005 1178 memoriam
1050 1118 1201 1175 beati
1230 1118 1394 1171 Petri
1434 1117 1679 1187 apostoli
1710 1117 1892 1169 hono-

182 1237 383 1275 remus
431 1223 673 1271 sanctam
709 1214 1029 1267 Romanam
1059 1214 1116 1261 et
1156 1205 1536 1277 apostolicam
1582 1204 1798 1267 sedem,
1831 1207 1896 1256 ut

182 1326 309 1380 qua:
373 1307 545 1361 nobis
600 1300 963 1357 sacerdotalis
1021 1302 1201 1351 mater
1258 1298 1345 1347 est
1395 1292 1713 1364 dignitatis,
1772 1307 1893 1344 esse

184 1398 357 1453 debet
422 1394 693 1464 magistra
748 1385 1142 1442 ecclesiasticas
1197 1382 1468 1436 rationis.
1525 1381 1710 1445 Quare
1768 1395 1892 1432 ser-

182 1486 377 1539 vanda
414 1489 498 1536 est
528 1497 652 1534 cum
682 1474 1119 1531 mansuetudine
1158 1471 1483 1538 humilitas,
1528 1473 1613 1530 ut,
1644 1468 1777 1520 licet
1801 1467 1893 1520 vix

182 1571 500 1627 ferendum
525 1568 593 1621 ab
620 1566 715 1619 illa
748 1568 943 1617 sancta
973 1561 1102 1614 sede
1134 1560 1470 1628 imponatur
1490 1556 1724 1625 jugum,
1756 1570 1892 1606 con-

183 1663 468 1723 feramus,
503 1663 557 1709 et
602 1655 692 1726 pia
722 1652 1020 1707 devotione
1069 1650 1405 1702 toleremus.
1438 1645 1495 1699 Si
1540 1660 1692 1709 vero,
1738 1642 1893 1712 quod

185 1767 301 1803 non
337 1749 525 1811 decet,
574 1744 834 1814 quilibet,
868 1741 981 1792 sive
1018 1738 1091 1791 sit
1123 1737 1423 1806 presbyter
1452 1733 1566 1785 sive
1597 1732 1887 1792 diaconus,
1923 1758 1965 1810 Β

186 1838 454 1905 aliquam
503 1830 984 1901 perturbationem
1020 1822 1427 1885 machinando,
1470 1826 1528 1874 et
1557 1826 1752 1872 nostro
1793 1817 1895 1870 mi-

186 1922 439 1977 nisterio
486 1918 811 1973 insidiando
839 1916 1221 1984 redarguatur
1252 1912 1451 1963 falsam
1480 1908 1549 1961 ab
1580 1906 1895 1977 apostolico

190 2012 477 2066 detulisse
528 2007 846 2078 epistolam,
894 2006 978 2055 vel
1032 2000 1190 2054 aliud
1238 1998 1378 2069 quid
1421 1998 1573 2066 quod
1606 1996 1736 2049 inde
1778 2010 1895 2047 non

194 2096 541 2153 convenerit
587 2095 724 2147 falsa
775 2092 906 2155 lide,
939 2096 1139 2142 etnon
1183 2087 1412 2153 integra
1454 2083 1599 2135 circa
1628 2079 1897 2151 apostoli-

192 2203 325 2241 cum
359 2184 723 2246 humilitate;
758 2195 932 2250 penes
962 2176 1298 2247 episcopum
1334 2172 1406 2223 sit
1434 2176 1679 2240 potestas
1705 2176 1900 2222 utrum

195 2292 329 2330 eum
388 2275 448 2327 in
481 2286 761 2325 carcerem
794 2272 891 2321 aut
938 2267 999 2319 in
1033 2264 1209 2318 aliam
1260 2260 1524 2314 detrudat
1560 2258 1901 2323 custodiam,

196 2378 532 2433 usquequo,
566 2374 666 2428 per
695 2356 995 2428 epistolam
1028 2358 1131 2406 aut
1165 2365 1273 2420 per
1303 2348 1540 2402 idoneos
1572 2362 1687 2399 sua:
1727 2345 1905 2415 partis

196 2453 447 2522 legatos,
482 2446 851 2518 apostolicam
883 2442 1217 2512 interpellet
1248 2436 1680 2501 sublimitatem,
1712 2440 1771 2488 ut
1798 2450 1905 2503 po-

194 2541 495 2593 tissimum
551 2552 649 2588 sua
702 2538 895 2586 sancta
949 2530 1239 2600 legatione
1288 2526 1556 2595 dignetur
1602 2524 1907 2577 decernere

197 2628 336 2698 quid
374 2627 443 2680 de
489 2624 696 2677 talibus
722 2623 878 2692 justo
922 2620 1125 2672 ordine
1168 2618 1257 2669 lex
1291 2615 1547 2667 Romana
1578 2616 1784 2664 statuat
1815 2611 1911 2664 de-

196 2716 394 2780 linire,
428 2718 495 2768 ut
523 2717 578 2766 et
608 2712 655 2764 is
686 2710 1027 2779 corrigatur,
1059 2712 1115 2759 et
1145 2702 1368 2758 caeteris
1407 2701 1609 2754 modus
1639 2699 1907 2769 impona-

198 2810 323 2860 tur.

459 2908 586 2961 CAP.
620 2904 837 2960 CCXXI.
870 2931 943 2943 —
966 2904 1044 2956 De
1075 2899 1346 2954 accusatis
1376 2898 1658 2966 episcopis.

274 3016 386 3085 (Em
401 3013 599 3067 decret.
621 3012 813 3066 Felicis
830 3023 1005 3078 papae,
1026 3022 1149 3075 cap.
1167 3004 1247 3071 4.)
1265 3002 1321 3057 Si
1342 3002 1614 3072 primates
1636 3002 1911 3053 accusato-
1942 3033 1984 3090 c

203 3121 295 3158 res
325 3103 731 3172 episcoporum
765 3114 897 3151 cum
927 3096 1005 3150 eis
1037 3094 1340 3166 paciﬁcare
1363 3090 1721 3145 familiariter
1749 3087 1914 3141 mini-

206 3208 301 3245 me
328 3190 649 3260 potuerint,
679 3191 817 3237 tunc
842 3189 1104 3251 tempore
1136 3178 1397 3249 legitimo
1420 3194 1516 3230 eos
1540 3178 1609 3229 ad
1635 3174 1913 3245 synodum

206 3278 482 3333 canonice
535 3277 924 3337 convocatam,
989 3286 1106 3323 non
1158 3267 1309 3321 infra
1360 3270 1598 3335 angusta
1656 3269 1915 3331 tempora

208 3367 484 3421 canonice
514 3367 845 3426 convocent,
873 3365 930 3412 et
956 3357 1111 3428 prius
1134 3355 1215 3409 eis
1236 3370 1337 3425 per
1364 3354 1572 3424 scripta
1594 3352 1917 3421 signiﬁcent

209 3455 368 3525 quod
398 3454 481 3506 eis
530 3450 865 3522 opponitur,
909 3452 973 3499 ut
1017 3445 1090 3499 ad
1138 3442 1566 3513 responsionem
1611 3437 1917 3510 praeparati

210 3542 543 3597 adveniant.
594 3540 738 3592 Nam
771 3536 839 3601 si,
873 3540 971 3587 aut
1003 3533 1055 3586 vi
1086 3537 1186 3585 aut
1213 3532 1440 3597 timore,
1475 3528 1642 3600 ejecti
1674 3532 1772 3579 aut
1801 3525 1916 3578 suis

210 3632 385 3686 rebus
410 3626 711 3699 exspoliati
737 3624 974 3688 fuerint,
1007 3638 1110 3675 nec
1141 3619 1410 3675 canonice
1438 3615 1626 3670 vocari
1658 3613 1725 3667 ad
1758 3628 1920 3681 syno-

213 3718 354 3771 dum
400 3720 665 3786 possunt,
696 3728 802 3767 nec
848 3710 1192 3781 respondere
1242 3706 1466 3759 temulis
1505 3704 1716 3759 debent
1760 3706 1919 3755 ante-

210 3822 389 3876 quam
439 3804 713 3857 canonice
746 3800 1146 3866 restituantur,
1195 3801 1252 3851 et
1280 3811 1383 3849 sua
1413 3793 1607 3848 omnia
1638 3790 1719 3844 eis
1759 3789 1916 3860 lega-

210 3894 346 3947 liter
373 3892 713 3946 reddantur.

211 4016 343 4073 Car.
380 4015 623 4070 CCXXII.
667 4042 737 4052 ——
772 4011 927 4081 Quod
968 4024 1076 4064 non
1121 4010 1205 4061 ita
1249 4008 1308 4059 in
1338 4000 1714 4081 ecclesiasticis
1761 4012 1920 4065 agen-

494 4086 623 4139 dum
653 4087 724 4138 sit
753 4075 983 4150 negotiis
1014 4083 1153 4134 sicut
1185 4081 1241 4130 in
1270 4075 1641 4130 saecularibus.

288 4192 397 4263 (Ex
429 4192 572 4245 decr.
625 4189 888 4260 ejusdem,
937 4202 1057 4256 cap.
1114 4183 1225 4253 16.)
1276 4183 1400 4236 Non
1448 4180 1605 4234 enim
1645 4176 1707 4230 in
1744 4173 1920 4228 eccle-

212 4280 464 4335 siasticis
509 4279 800 4349 agendum
832 4281 914 4330 est
949 4273 1192 4344 negotiis
1242 4270 1387 4324 sicut
1437 4268 1500 4322 in
1528 4263 1913 4321 saecularibus.

212 4371 563 4439 Priusquam
615 4366 838 4437 legibus
867 4369 1103 4417 vocatus
1149 4359 1393 4426 venerit,
1426 4363 1510 4426 ut,
1540 4370 1671 4410 cum
1703 4352 1764 4406 in
1792 4352 1916 4405 foro

214 4459 517 4513 decertare
565 4454 801 4524 coeperit
843 4450 1075 4521 aliquis,
1126 4465 1241 4502 non
1290 4448 1423 4501 licet
1468 4450 1600 4499 ante
1632 4445 1918 4513 peractam

212 4557 454 4597 causam
504 4540 790 4594 recedere.
848 4538 912 4590 1n
942 4532 1332 4589 ecclesiasticis
1378 4546 1511 4584 vero
1557 4543 1727 4583 causa
1772 4524 1922 4578 dicta

212 4630 493 4685 recedere
524 4628 677 4693 licet,
706 4626 750 4680 si
789 4640 1021 4680 necesse
1049 4622 1244 4687 fuerit,
1275 4625 1375 4674 aut
1402 4619 1450 4672 si
1481 4634 1539 4672 se
1570 4611 1920 4688 praegravari
1968 4660 1973 4667 .

216 4718 456 4773 viderit.

216 4825 355 4879 CAP.
387 4820 654 4876 CCXXIII.
686 4848 754 4859 —-
786 4817 940 4885 Quod
966 4817 1126 4879 nulli,
1166 4829 1319 4883 papa
1344 4814 1575 4876 vivente,
1624 4808 1793 4862 alium
1822 4807 1919 4861 eli-

912 4903 1035 4955 gere
1065 4888 1242 4941 liceat.

294 5000 410 5066 (Ea:
439 4998 583 5051 decr.
635 4995 946 5064 Symmachi
990 5007 1170 5062 papa,
1208 5005 1328 5058 cap.
1359 4989 1439 5057 3.)
1487 4987 1545 5041 Si
1590 4984 1719 5057 quis
1761 4999 1921 5053 pres-

216 5089 393 5157 byter
422 5091 523 5140 aut
555 5085 823 5139 diaconus
855 5088 952 5136 aut
981 5080 1239 5143 clericus,
1265 5094 1415 5148 papa
1445 5073 1737 5135 incolumi,
1771 5077 1828 5125 et
1856 5088 1923 5125 eo

217 5175 578 5238 inconsulto,
622 5170 1099 5240 subscriptionem
1131 5183 1236 5238 pro
1285 5166 1541 5219 Romano
1591 5160 1923 5233 pontiﬁcatu

218 5262 654 5324 commendare,
689 5263 787 5312 aut
823 5257 1035 5327 pitacio
1064 5252 1423 5325 promittere,
1472 5254 1569 5303 aut
1601 5262 1922 5301 sacramen-

218 5358 356 5407 tum
420 5349 677 5419 praebere
744 5344 1054 5400 tentaverit
1124 5346 1223 5396 aut
1288 5339 1524 5410 aliquod
1588 5335 1921 5406 suffragium

215 5438 511 5511 polliceri,
573 5437 661 5491 vel
717 5435 786 5490 de
840 5434 946 5488 hac
1002 5447 1171 5487 causa
1223 5428 1460 5500 privatis
1517 5424 1925 5480 conventiculis

218 5526 393 5583 factis
421 5524 739 5578 deliberare
787 5526 951 5591 atque
1000 5520 1328 5584 decernere,
1382 5513 1488 5569 loci
1516 5511 1604 5567 sui
1644 5511 1926 5582 dignitate

217 5622 288 5672 et
318 5612 728 5669 communione
756 5610 1028 5681 privetur.

1184 361 1662 417 DECRETORUM
1703 356 1896 414 LIBRI
1931 354 2039 408 XX.
2070 380 2139 390 —
2180 350 2401 409 LIBER
2444 353 2712 409 PRIMUS.

3599 354 3703 405 614

2294 477 2425 531 CAP.
2455 478 2671 532 CCXIV.
2704 507 2773 517 —
2794 480 2867 531 De
2891 478 3118 531 sessione
3155 477 3411 545 episcopi.

2076 598 2181 667 (E1:
2246 603 2438 678 concil.
2505 601 2795 668 Carthag.)
2862 600 2924 653 In
3001 599 3244 652 Ecclesia
3309 598 3369 651 in
3434 612 3704 650 concessu

2003 687 2499 758 presbyterorum,
2528 688 2831 757 episcopus
2861 687 3162 739 sublimior
3189 686 3399 739 sedeat.

2147 773 2278 828 CAP.
2312 774 2549 830 CCXXV.
2578 804 2645 811 ——
2675 775 2805 827 Item
2836 773 2901 826 de
2932 772 3273 826 ordinatione
3301 772 3556 839 episcopi.

2077 859 2185 931 (Ea:
2223 864 2387 917 dictis
2421 861 2684 915 Theodori
2733 862 3176 929 archiepiscopi.)
3222 860 3284 913 In
3340 857 3701 912 ordinatione

2005 950 2283 1021 episcopi,
2316 952 2439 1019 ipse
2471 950 2571 1020 qui
2617 951 2866 1017 ordinat,
2915 950 3149 1002 missam
3178 947 3464 1001 celebrare
3512 947 3697 1008 debet,

2004 1045 2062 1093 et
2090 1041 2191 1111 qui
2220 1040 2522 1093 ordinatur
2548 1037 2832 1092 similiter.

2004 1164 2133 1218 CAP.
2205 1162 2463 1218 CCXXVI.
2543 1190 2608 1201 —
2677 1163 2828 1285 Qidtzb
2888 1159 3191 1284 satcerdotes
3261 1160 3360 1212 Dei
3431 1157 3705 1212 declinare
3768 1138 3769 1141 η

2768 1248 2794 1285 e
2833 1247 2931 1284 ean
2964 1270 2976 1282 .

2768 1247 2976 1285 εοθαηι.

2078 1360 2192 1429 (Ea:
2249 1354 2435 1411 concil.
2495 1358 2825 1423 Turonensi,
2884 1369 3004 1421 cap.
3068 1352 3151 1422 l.)
3211 1353 3573 1422 Quaecunque
3632 1350 3707 1404 ad

2004 1448 2240 1501 aurium
2285 1450 2342 1497 et
2386 1446 2457 1497 ad
2503 1446 2799 1497 oculorum
2847 1442 3140 1512 pertinent
3184 1442 3495 1505 illecebras,
3553 1438 3707 1492 unde

2005 1537 2175 1604 vigor
2212 1531 2389 1585 animi
2422 1531 2668 1585 emolliri
2697 1548 2862 1601 posse
2911 1530 3196 1594 credatur,
3229 1536 3293 1581 ut
3323 1530 3393 1581 de
3420 1527 3709 1597 aliquibus

2005 1621 2323 1693 generibus
2396 1622 2765 1686 musicorum,
2835 1618 3076 1687 aliisque
3144 1617 3435 1669 nonnullis
3515 1616 3707 1680 rebus,

2004 1725 2218 1763 omnes
2278 1709 2377 1762 Dei
2434 1709 2750 1762 sacerdotes
2808 1722 2866 1759 se
2925 1705 3207 1759 abstinere
3266 1705 3530 1758 debent:
3574 1703 3713 1773 quia

2006 1815 2114 1868 per
2146 1796 2379 1851 aurium
2425 1800 2835 1866 oculorumque
2883 1794 3177 1847 illecebras
3225 1792 3498 1845 vitiorum
3545 1791 3716 1845 turba

2005 1886 2084 1938 ad
2140 1883 2401 1936 animum
2441 1884 2665 1955 ingredi
2710 1885 2874 1949 solet,
2922 1881 3264 1934 histrionum
3312 1894 3544 1949 quoque
3591 1883 3715 1931 tur-

2006 1974 2181 2043 pium
2219 1978 2275 2025 et
2300 1974 2702 2028 obscmnorum
2731 1971 3064 2024 insolentias
3090 1971 3349 2040 jocorum
3382 1968 3490 2038 ipsi
3517 1967 3713 2021 animo

2008 2059 2296 2129 eliugere,
2344 2061 2678 2131 cretei-isque
2708 2057 3091 2113 sacerdotibus
3140 2058 3467 2127 ell'ugienda
3510 2056 3719 2127 praedi-

2011 2164 2145 2201 care
2186 2148 2419 2202 debent.

2012 2272 2144 2327 CAP.
2200 2272 2491 2327 CCXXVII.
2542 2275 2613 2327 De
2642 2270 2962 2325 hwreditate
3008 2271 3268 2338 episCOpi,
3305 2274 3723 2336 ceterorumque

2624 2344 3120 2397 eccleszaslicorum.

2088 2465 2197 2535 (Ea:
2249 2466 2438 2519 concil.
2517 2465 2668 2533 apud
2723 2463 2966 2518 Altheim
3023 2463 3243 2529 habito,
3296 2477 3415 2530 cap.
3473 2464 3572 2527 37,
3636 2466 3727 2516 cui

2016 2557 2273 2620 interfuit
2301 2570 2401 2607 rea:
2446 2553 2781 2619 Conradus.)
2812 2554 2916 2606 Sed
2961 2558 3016 2605 et
3045 2553 3153 2605 hoc
3183 2551 3396 2605 ibidem
3428 2551 3723 2606 inventum

2017 2648 2102 2695 est
2126 2643 2192 2694 de
2241 2642 2544 2710 episcopis,
2593 2640 2944 2710 presbyteris
2989 2645 3045 2693 et
3089 2639 3327 2704 clericis,
3378 2640 3424 2691 si
3474 2639 3728 2693 haeredi-

2017 2735 2191 2783 tatem
2222 2746 2255 2781 a
2284 2730 2527 2782 Domino
2562 2745 2715 2799 rege,
2754 2729 2841 2781 Vel
2873 2728 2943 2781 ab
2974 2728 3084 2780 alio
3114 2728 3391 2797 principe,
3424 2728 3509 2779 vel
3538 2728 3726 2781 amico

2019 2834 2142 2884 suo,
2192 2834 2290 2870 seu
2345 2833 2449 2886 per
2498 2816 2925 2870 haereditariam
2972 2821 3182 2869 sortem
3236 2816 3342 2869 sibi
3399 2816 3724 2885 devenerit,

2018 2907 2107 2960 vel
2138 2905 2547 2976 acquisierunt,
2599 2906 2813 2959 donare
2859 2906 2940 2957 eis
2986 2904 3151 2957 liceat
3193 2906 3340 2958 hanc
3388 2904 3480 2957 cui
3530 2909 3730 2957 volue-

2020 2995 2161 3063 rint,
2192 2994 2327 3047 dum
2368 2994 2587 3059 vivunt,
2622 3010 2727 3063 pro
2758 2992 3013 3046 remedio
3047 2992 3276 3059 animae,
3310 2993 3379 3045 ad
3414 2992 3727 3046 Ecclesiam

2023 3098 2430 3154 quamcunque
2487 3082 2788 3151 elegerint,
2843 3082 2931 3133 vel
2986 3080 3427 3150 consanguineis
3477 3080 3596 3132 suis
3636 3083 3729 3136 vel

2024 3170 2240 3224 amicis.
2305 3170 2401 3222 Sin
2461 3176 2651 3223 autem
2714 3172 2883 3223 antea
2940 3168 3189 3222 obierint
3240 3184 3415 3238 quam
3480 3168 3731 3223 ﬁrmiter

2023 3257 2399 3330 perfecerint,
2466 3258 2633 3310 altari
2699 3257 2790 3310 cui
2857 3257 3113 3310 serviunt
3186 3254 3381 3309 omnia
3443 3261 3728 3326 perpetuo

2025 3346 2474 3412 sanctiﬁcentur,
2518 3351 2573 3398 et
2604 3346 2664 3398 in
2688 3346 2784 3415 jus
2814 3345 3132 3398 tradantur.
3163 3344 3440 3398 Similiter
3471 3344 3540 3397 de
3567 3360 3729 3413 pres-

2023 3434 2237 3506 byteris
2309 3438 2589 3487 statutum
2663 3437 2767 3485 est.
2845 3432 3198 3484 Hildibertus
3274 3431 3730 3499 Moguntinensis

2025 3523 2487 3592 archiepiscopus
2566 3520 2920 3589 subscripsit.
3006 3521 3287 3574 Robertus
3364 3519 3730 3575 Treverensis

2027 3611 2489 3680 archiepiscopus
2572 3606 2927 3677 subscripsit.
3018 3608 3168 3661 Unni
3242 3607 3730 3677 Hameburgensis

2028 3698 2485 3769 archiepiscopus
2526 3696 2881 3766 subscripsit.
2926 3696 3320 3749 Adaluvardus
3366 3696 3730 3751 Fardinensis

2028 3788 2329 3858 episcopus
2418 3785 2775 3855 subscripsit.
2860 3784 3202 3854 Richwynus
3292 3784 3731 3852 Argentinensis

2028 3877 2330 3948 episcopus
2373 3874 2729 3944 subscripsit.
2785 3874 3067 3943 Notingus
3117 3872 3571 3926 Constantiensis
3609 3874 3729 3944 epi-

2028 3979 2231 4035 scopus
2281 3963 2637 4034 subscripsit.
2675 3963 2993 4017 Unewanus
3025 3960 3560 4014 Padarbrunnensis
3601 3963 3731 4031 epi-

2028 4070 2233 4123 scopus
2279 4051 2629 4122 subscripsit.
2672 4049 2969 4105 Udalricus
3012 4048 3389 4119 Augustensis
3428 4049 3732 4121 episc0pus

2030 4141 2381 4211 subscripsit.
2457 4139 2817 4194 Bernhardus
2886 4137 3360 4197 Halwartanensis
3431 4138 3733 4210 episcopus

2030 4229 2380 4299 subscripsit.
2446 4229 2766 4283 Rumaldus
2828 4226 3552 4297 Minugardenowardensis
3609 4228 3732 4298 epi-

1946 4314 1993 4370 D
2033 4336 2236 4391 scopus
2298 4317 2651 4387 subscripsit.
2722 4316 2917 4371 Eberis
2975 4314 3366 4371 Mindunensis
3430 4315 3734 4386 episcopus

2030 4406 2381 4478 subscripsit.
2440 4407 2671 4460 Necnon
2726 4410 2785 4459 et
2837 4404 3071 4461 abbates
3122 4420 3255 4458 cum
3309 4404 3532 4458 caeteris
3588 4407 3734 4460 sacri

2031 4496 2248 4553 ordinis
2274 4494 2381 4548 viri
2413 4494 2896 4565 subscripserunt.

2032 4623 2156 4677 CAP.
2204 4618 2518 4674 CCXXVIII.
2575 4648 2645 4659 —
2690 4619 2767 4673 Ne
2814 4618 3052 4686 episcopi
3101 4620 3328 4685 propter
3381 4631 3536 4670 suam
3580 4618 3734 4683 quie-

2120 4698 2222 4746 tem
2245 4691 2456 4761 plebem
2484 4690 2592 4745 sibi
2620 4690 2960 4744 commissam
2990 4690 3264 4755 negligere
3286 4691 3642 4755 praesumant.

2101 4796 2209 4868 (Ea:
2265 4797 2455 4851 concil.
2525 4794 2681 4863 apud
2738 4794 3000 4847 Sanctum
3052 4792 3406 4857 Medardum,
3463 4794 3728 4859 praesente

2032 4886 2221 4944 Carolo
2267 4900 2411 4952 rege,
2462 4898 2582 4952 cap.
2636 4881 2702 4950 5.)
2752 4880 3175 4935 Providendum
3221 4883 3306 4931 est
3350 4894 3423 4931 ne
3476 4876 3733 4946 episcopi

2030 4978 2266 5047 propter
2293 4988 2455 5025 suam
2497 4969 2750 5041 quietem
2781 4969 2852 5023 ad
2883 4967 3196 5023 remotiora
3221 4967 3345 5019 loca
3377 4966 3727 5031 secedentes,

2034 5069 2090 5119 et
2120 5077 2287 5115 suum
2321 5059 2711 5114 ministerium
2742 5057 3120 5128 negligentes,
3164 5053 3426 5124 proprias
3468 5053 3734 5107 deserant

2033 5151 2285 5207 civitates
2318 5166 2332 5203 :
2362 5148 2457 5203 sed
2504 5152 2603 5202 aut
2635 5147 2933 5218 parochias
2978 5161 3108 5198 suas
3143 5159 3274 5196 cum
3323 5141 3501 5196 ofﬁcii
3539 5142 3728 5195 eftica-

2035 5240 2123 5294 cia
2167 5238 2543 5302 circumeant,
2594 5240 2691 5289 aut
2720 5251 2848 5289 cum
2899 5232 3179 5302 religione
3227 5230 3287 5284 in
3318 5230 3436 5284 suis
3482 5229 3732 5285 civitati-

2032 5327 2141 5382 bus
2198 5326 2471 5380 canonice
2526 5340 2657 5377 cum
2716 5321 2846 5377 ﬁliis
2904 5319 3019 5372 suis
3072 5318 3303 5388 degant.
3365 5317 3733 5388 Presbyteros

2036 5415 2209 5470 etiam
2240 5414 2350 5468 sibi
2394 5411 2747 5478 commissos,
2791 5407 3072 5475 doctrina,
3113 5406 3390 5474 castitate,
3426 5411 3483 5460 et
3511 5405 3734 5460 sobrie-

2034 5509 2172 5567 tate,
2203 5508 2374 5574 atque
2396 5500 2786 5571 hospitalitate
2807 5496 3123 5552 secundum
3145 5512 3314 5552 suum
3342 5494 3734 5550 ministerium

2037 5591 2233 5648 ornari
2256 5590 2621 5662 compellant.
