3960 6192
419 272 521 323 615

1503 269 1909 328 BURCHARDI
1950 273 2478 330 WORMACIENSIS
2519 274 2860 332 EPISCOPI.
3753 295 3836 348 616

420 395 547 449 CAP.
583 392 943 482 CCXXIX.._—
989 395 1360 482 D‘eepi‘scopis
1389 397 1498 482 qui
1544 410 1649 479 non
1678 398 1916 482 uisitatis
1961 412 2123 466 paro-
2158 399 2206 453 A
2236 398 2350 452 lem
2401 399 2562 454 nobis
2627 400 2838 471 absque
2891 405 3120 470 peccato
3162 406 3335 458 :ante
3405 409 3592 462 sacula
3643 414 3838 482 quidem

741 465 878 518 Chiis
905 466 1144 532 pretium
1173 467 1451 519 servitutis
1481 468 1793 534 requirunt.

490 553 602 622 (Ea:
655 553 841 606 conci].
905 553 1172 606 Triburiis
1219 553 1401 607 habito
1450 560 1680 622 tempore
1707 555 1986 624 Arnolphi
2031 571 2116 610 re-

419 643 527 708 gis,
553 655 679 710 cap.
727 643 842 707 26.)
893 641 1092 694 Delata
1138 645 1224 694 est
1271 657 1460 694 coram
1493 647 1687 696 sancta
1728 643 1943 713 synodo
1974 659 2114 713 que-

420 727 670 781 rimonia
700 729 976 798 plebium,
1012 745 1080 781 eo
1111 729 1262 799 quod
1305 729 1422 784 sint
1452 730 1686 800 quidam
1719 731 1972 801 episcopi
2013 748 2114 785 no-

420 815 601 868 lentes
632 815 702 868 ad
746 814 1195 884 pradicandum,
1227 816 1312 868 vel
1357 817 1424 870 ad
1476 818 1954 888 conﬁrmandum,
1987 836 2116 872 suas

421 919 526 974 per
553 919 768 957 annum
812 904 1110 973 parochias
1155 903 1457 958 circumire
1487 921 1499 958 :
1530 905 1630 975 qui
1664 912 1856 960 tamen
1886 907 2118 977 exigant

424 997 486 1046 ut
532 991 856 1045 mansiones
906 993 1116 1061 quibus
1159 991 1217 1045 in
1250 993 1605 1062 profectione
1651 994 1732 1047 uti
1779 995 2111 1064 debuerant,

421 1080 534 1134 alio
566 1080 746 1150 pretio
789 1079 1076 1134 redimant
1106 1080 1206 1151 qui
1235 1097 1438 1151 parare
1470 1082 1699 1137 debent.
1721 1083 1874 1147 ‘Qua
1903 1083 2116 1154 duplex

419 1169 656 1223 infamia
713 1171 770 1222 et
824 1169 1176 1238 negligentia
1230 1174 1285 1222 et
1342 1170 1580 1224 avaritia
1631 1179 1840 1225 sancta
1899 1173 2114 1242 synodo

421 1257 649 1312 horrori
709 1257 820 1310 fuit
875 1273 1106 1327 magno,
1167 1263 1222 1310 et
1274 1263 1598 1312 statuerunt
1651 1276 1720 1313 ne
1776 1260 1906 1330 quis
1963 1261 2116 1315 ultra

420 1350 684 1400 exerceat
708 1345 766 1398 id
813 1345 1140 1414 cupiditatis
1195 1346 1512 1414 ingenium,
1562 1353 1618 1400 et
1649 1354 1714 1402 ut
1751 1348 2113 1404 sollicitiores

420 1435 537 1488 sint
566 1433 819 1503 episcopi
852 1434 922 1486 de
949 1432 1067 1486 suis
1101 1434 1370 1502 gregibus
1395 1435 1706 1489 visitaudis.

589 1537 718 1590 CAP.
747 1536 978 1590 CCXXX.
1006 1565 1079 1577 —
1113 1539 1181 1591 De
1202 1541 1526 1605 purgatione
1555 1540 1942 1608 episcoporum.

493 1640 611 1709 (Em
658 1642 846 1694 concii.
901 1642 1051 1708 apud
1097 1643 1244 1697 Alth.
1299 1642 1486 1696 habito
1541 1651 1802 1712 prasente
1859 1646 2114 1700 Conrado
2146 1679 2186 1732 Β

421 1743 562 1794 rege,
609 1744 730 1797 cap.
789 1729 896 1800 t6.)
939 1729 1252 1784 Statuimus
1299 1737 1535 1801 propter
1581 1734 1680 1786 Dei
1727 1733 2111 1803 dilectionem,

424 1820 479 1869 et
523 1816 789 1885 proximi,
841 1822 896 1870 et
946 1818 1203 1872 fidelium
1251 1818 1529 1873 honorem
1575 1820 2011 1888 catholicorum,
2062 1828 2118 1877 et

422 1904 708 1975 pracipue
769 1905 840 1958 ob
905 1906 1353 1974 multitudinem,
1419 1909 1680 1963 scandala
1749 1911 2001 1964 eruenda
2061 1914 2118 1964 et

420 1992 679 2047 funditus
727 1993 1110 2064 exstirpanda,
1160 2001 1215 2049 et
1244 1997 1702 2066 perturbationes
1732 2015 1862 2069 qua
1893 1999 2116 2052 noviter

420 2086 614 2135 exorta
657 2088 793 2134 sunt
843 2086 898 2134 et
952 2082 1237 2148 oriuntur,
1298 2100 1519 2138 necnon
1567 2090 1632 2140 ut
1679 2102 1878 2140 omnes
1934 2087 2117 2142 sciant

418 2185 521 2222 nos
552 2168 870 2239 episcopos,
895 2171 1035 2223 tales
1061 2172 1156 2224 Dei
1188 2171 1583 2227 misericordia
1604 2190 1969 2246 nequaquam
1993 2191 2114 2230 esse

419 2258 616 2327 quales
647 2257 912 2322 dicimur,
956 2261 1284 2330 exemplum
1315 2262 1494 2315 sancti
1542 2262 1743 2316 Leonis
1775 2280 1958 2335 papa,
1992 2264 2112 2335 qui,

417 2361 591 2416 supra
635 2351 886 2417 quatuor
935 2347 1243 2418 Evangelia
1284 2350 1508 2419 jurans,
1562 2367 1754 2405 coram
1801 2354 2014 2423 popqu
2054 2369 2114 2406 se

418 2435 701 2505 purgavit,
753 2436 916 2506 sequi
960 2440 1016 2490 et
1060 2436 1294 2503 imitari,
1344 2439 1498 2492 salva
1530 2443 1722 2493 tamen
1771 2440 2108 2494 auctoritate

418 2521 711 2574 canonica.

417 2625 544 2681 CAP.
596 2626 850 2680 CCXXXI.
892 2654 962 2668 —
1007 2629 1080 2680 De
1118 2642 1176 2681 eo
1226 2630 1324 2697 qui
1351 2644 1420 2683 ea:
1457 2631 1714 2685 monacho
1757 2631 1940 2698 factus
1986 2634 2110 2699 fue-

1061 2701 1135 2752 rit
1161 2702 1460 2768 episcopus.

485 2783 592 2855 (Ea:
620 2783 798 2839 eodem
836 2786 1023 2840 concil.
1071 2792 1330 2855 prasente
1377 2803 1499 2855 rege
1529 2788 1794 2855 Conrado,
1839 2805 1958 2858 cap.
1995 2789 2110 2860 36.)

411 2872 696 2927 Statutum
741 2877 796 2926 et
839 2873 1254 2928 rationabiliter
1298 2877 1612 2930 secundum
1661 2881 1884 2931 sanctos
1916 2880 2110 2932 Patres

2227 488 2296 542 de
2327 490 2489 542 Patre
2523 492 2782 560 genitum
2816 490 3128 544 secundum
3156 490 3416 547 deitatem
3446 511 3460 548 :
3486 495 3541 550 in
3576 501 3841 558 novissimis

2226 593 2360 631 vero
2393 577 2594 632 diebus
2624 579 2891 632 eumdem
2921 584 3158 650 propter
3189 597 3289 634 nos
3313 587 3367 636 et
3394 591 3605 655 propter
3633 597 3839 647 nostram

2227 665 2466 718 salutem
2500 664 2570 718 de
2602 664 2822 734 virgine
2854 665 3048 734 Maria,
3080 682 3208 736 qua
3237 667 3491 722 eumdem
3517 671 3676 726 Deum
3699 691 3840 746 ροβε.

2225 754 2301 806 rit
2325 753 2638 806 secundum
2671 753 3112 820 humanitatem,
3145 770 3323 808 unum
3348 759 3694 831 eumdemque
3720 765 3842 819 Chri-

2225 840 2348 888 tum
2381 836 2583 890 Filium
2621 838 2718 891 Dei
2747 839 3056 892 Dominum
3087 839 3438 910 unigenitum
3468 844 3523 897 in
3552 846 3742 903 duabus
3764 867 3839 906 na-

2225 925 2390 991 turis,
2433 926 2749 993 inconfuse,
2798 928 3324 997 inconvertibiliter,
3365 931 3654 1003 individua,
3699 944 3744 992 et
3776 940 3844 994 iu-

2225 1013 2622 1082 separabiliter
2667 1015 2980 1086 cognitum,
3029 1034 3395 1089 nequaquam
3440 1027 3678 1078 naturam
3715 1027 3840 1082 ditl‘e-

2224 1103 2409 1155 rentia
2458 1104 2681 1156 sublata
2727 1111 2960 1175 propter
3000 1106 3342 1174 unitionem,
3386 1109 3477 1162 sed
3519 1112 3688 1180 potius
3725 1117 3842 1170 salva

2226 1196 2490 1244 manente
2521 1193 2868 1262 proprietate
2901 1193 3201 1266 utriusque
3236 1201 3468 1263 natura,
3499 1199 3554 1252 in
3581 1217 3729 1255 unam
3754 1220 3840 1258 non

2223 1279 2284 1333 in
2316 1280 2455 1334 duas
2485 1281 2836 1335 concurrisse
2868 1297 3158 1352 personas.
3191 1283 3301 1338 Sed
3327 1301 3496 1339 unum
3527 1289 3840 1362 eamdemque

2227 1368 2432 1422 Filium
2480 1369 2846 1440 unigenitum
2891 1371 3091 1436 Deum,
3143 1388 3336 1426 verum
3379 1375 3661 1430 Dominum
3695 1379 3838 1432 Jesum

2225 1457 2533 1522 Christum,
2593 1458 2736 1512 sicut
2766 1459 2905 1513 olim
2954 1460 3253 1530 propheta
3286 1462 3354 1516 de
3398 1480 3484 1528 eo,
3515 1465 3597 1518 vel
3636 1465 3736 1533 ipse
3767 1484 3840 1520 nos

2225 1545 2476 1600 Christus
2531 1563 2634 1616 per
2690 1547 3064 1618 semetipsum
3132 1550 3408 1604 Dominus
3477 1553 3716 1608 erudivit.
3763 1556 3837 1619 Qui

2225 1639 2416 1688 autem
2451 1636 2529 1688 ita
2582 1652 2699 1689 non
2746 1636 3021 1703 sentiunt,
3077 1653 3206 1691 cum
3252 1639 3505 1693 Nestorio
3535 1647 3587 1694 et
3630 1643 3834 1713 Eutyche.

2224 1722 2313 1776 vel
2359 1739 2558 1776 eorum
2603 1725 2976 1779 sectatoribus
3026 1733 3246 1780 aterno
3295 1728 3640 1784 anathemate
3689 1731 3837 1802 dignos

2223 1827 2344 1865 esse
2374 1813 2708 1881 pronuntio.

2223 1917 2348 1972 CAP.
2407 1918 2714 1973 CCXXXIII.
2761 1946 2834 1960 —
2889 1922 2957 1974 De
3011 1919 3288 1994 damnatis
3345 1925 3623 1994 episcopis,
3672 1929 3714 1978 et
3751 1933 3834 1994 post

2879 1993 3260 2046 reconciliatis.

2289 2077 2536 2131 Joannes
2595 2077 3027 2148 Chrysostomus
3077 2096 3108 2132 ει
3158 2080 3386 2135 duabus
3431 2083 3647 2152 synodis
3696 2085 3832 2138 ortho-

2221 2165 2496 2220 doxorum
2547 2165 2951 2237 episcoporum
2997 2168 3105 2222 fuit
3148 2169 3513 2239 dijudicatus,
3561 2171 3650 2224 sed
3685 2173 3832 2225 iterum

2220 2253 2329 2308 fuit
2367 2255 2679 2308 restitutus.
2721 2255 3015 2309 Marcellus
3061 2257 3363 2329 episcopus
3408 2263 3629 2330 Ancyra
3669 2261 3834 2314 Galatia

2221 2342 2517 2412 depositus
2569 2343 2697 2408 fuit,
2755 2344 2854 2397 sed
2908 2346 3282 2414 postmodum
3343 2349 3628 2418 proprium
3680 2349 3837 2418 recepit

2220 2429 2630 2500 episcopatum.
2678 2432 2973 2502 Asclepios
3021 2433 3372 2502 dijudicatus
3402 2452 3432 2488 a
3460 2435 3676 2506 synodo,
3706 2437 3838 2489 Eccle-

2219 2517 2361 2572 siam
2413 2535 2572 2572 suam
2630 2525 2830 2589 postea
2882 2522 3111 2590 recepit.
3173 2522 3456 2576 anianus
3503 2524 3760 2594 episcopus
3794 2528 3840 2576 A-

2221 2605 2650 2676 drianopolites,
2694 2608 2999 2663 damnatus
3031 2627 3062 2663 a
3089 2625 3240 2679 papa
3285 2611 3455 2677 Julio,
3490 2615 3682 2682 recepit
3704 2612 3839 2666 Eccle-

2219 2694 2363 2747 siam
2396 2694 2486 2748 sui
2517 2695 2896 2766 episcopatus.
2931 2697 3173 2768 Cyrillus
3204 2699 3724 2770 Hierosolymitanus
3753 2700 3839 2769 epi-

2219 2798 2421 2853 scopus
2451 2784 2743 2854 depositus
2781 2784 2907 2852 fuit,
2951 2791 3149 2857 postea
3177 2789 3575 2842 reconciliatus
3613 2793 3685 2842 est
3707 2789 3842 2841 Eccle-

2219 2869 2316 2922 sia
2372 2886 2506 2924 sua.
2569 2870 2754 2925 Simili
2814 2872 2983 2926 modo
3039 2878 3096 2927 et
3149 2875 3590 2946 Polychronium
3642 2875 3838 2945 ejusdem

411 2976 444 3013 a
475 2961 687 3030 synodo
718 2967 804 3014 est
850 2960 1142 3016 ﬁrmatum
1175 2967 1236 3016 ut
1266 2964 1576 3018 monachus
1627 2981 1799 3036 quem
1833 2965 2108 3021 canonica
2145 2962 2184 3016 C
2218 2957 2479 3011 Ecclesia
2535 2959 3060 3030 Hierosolymitana
3122 2963 3463 3032 pontificem
3525 2964 3688 3019 Xistus
3734 2978 3843 3032 papa

412 3048 612 3103 electio
646 3065 678 3102 a
713 3050 855 3120 jugo
885 3051 1101 3120 regula
1147 3052 1472 3108 monasticae
1518 3053 1888 3123 professionis
1920 3054 2105 3109 absol-

409 3137 508 3202 vit,
540 3143 598 3192 et
627 3154 782 3191 sacra
826 3138 1113 3192 ordinatio
1146 3140 1214 3193 de
1247 3143 1527 3196 monacho
1575 3142 1902 3214 episcopum
1946 3143 2102 3211 facit,

409 3225 562 3280 velut
615 3226 904 3296 legitimus
967 3228 1151 3304 hares
1195 3235 1496 3298 paternam
1554 3231 1663 3284 sibi
1711 3231 2102 3285 hareditatem

407 3319 605 3386 postea
629 3315 759 3385 jure
791 3305 1116 3370 vindicandi
1148 3321 1486 3386 potestatem
1537 3318 1762 3372 habeat.
1798 3319 1903 3372 Sed
1935 3319 2102 3390 quid-

408 3403 546 3474 quid
589 3404 953 3474 acquisierat,
1004 3405 1090 3458 vel
1137 3405 1346 3461 habere
1375 3406 1527 3460 visus
1572 3406 1778 3472 fuerat,
1815 3413 2103 3461 monaste-

406 3491 493 3545 rio
543 3493 852 3562 relinquat,
886 3497 941 3546 et
990 3493 1212 3547 abbatis
1249 3493 1356 3561 sui,
1407 3495 1508 3566 qui
1557 3494 1744 3549 fuerat
1787 3496 2100 3550 secundum

402 3580 666 3650 regulam
709 3581 890 3635 sancti
939 3581 1252 3649 Benedicti,
1299 3582 1551 3637 arbitrio.
1599 3584 1909 3653 Postquam
1945 3584 2101 3638 enim

405 3669 704 3740 episcopus
752 3669 1069 3737 ordinatur,
1121 3671 1192 3724 ad
1236 3672 1415 3725 altare
1467 3672 1536 3725 ad
1581 3672 1736 3742 quod
1784 3671 2102 3726 sanctiﬁca-

403 3761 498 3813 tur
547 3763 604 3812 et
654 3758 938 3825 titulatur,
1001 3757 1330 3814 secundum'
1364 3777 1554 3814 sacros
1615 3776 1884 3828 canones,
1944 3760 2100 3832 quod

403 3847 698 3918 acquirere
729 3848 942 3918 poterit
969 3848 1246 3902 restituat.

403 3954 533 4009 CAP.
583 3954 870 4008 CCXXXII.
909 3981 982 3994 —
1016 3958 1086 4008 De
1115 3956 1208 4008 illo
1249 3955 1345 4023 qui
1391 3953 1456 4007 de
1485 3955 1671 4021 aliqua
1716 3955 1908 4008 haresi
1945 3955 2098 4018 infa-

473 4030 675 4085 matur,
709 4024 854 4093 quod
883 4026 942 4077 in
986 4040 1138 4078 sacro
1167 4030 1426 4078 conventu
1467 4025 1761 4090 formulam
1790 4027 1952 4079 istius
1973 4039 2102 4094 pro-

470 4097 722 4161 fessionis
746 4097 974 4148 recitare
1000 4094 1208 4148 debeat.

473 4202 582 4270 (Ea:
611 4203 768 4269 epist.
820 4200 993 4269 Cyril.
1029 4199 1106 4252 ad
1133 4201 1390 4253 Joannem
1419 4199 1695 4290 Antioch.)
1725 4200 1843 4290 Ego
1893 4201 1958 4254 N.
1989 4201 2096 4255 hac
2135 4237 2179 4290 Β

403 4287 686 4357 scriptura
716 4303 890 4357 quam
940 4303 1110 4340 manu
1163 4303 1291 4341 mea
1331 4287 1656 4358 perscripsi,
1703 4287 1980 4356 proﬁteor
2007 4304 2094 4342 se-

399 4391 583 4446 quens
642 4380 902 4429 sanctum
952 4375 1232 4445 judicium
1297 4376 1529 4430 Patrum
1586 4377 1828 4431 Nicana
1891 4376 2094 4448 synodi

399 4469 788 4518 trecentorum
858 4464 1055 4518 decem
1124 4471 1182 4518 et
1237 4469 1402 4532 octo,
1465 4465 1552 4519 vel
1616 4465 2095 4520 Chalcedonensis

401 4553 605 4623 synodi
632 4551 952 4606 universale
978 4551 1303 4619 concilium,
1330 4553 1491 4622 cujus
1521 4553 1914 4608 deﬁnitionem
1935 4553 2096 4608 sedes

401 4642 709 4712 apostolica
739 4640 1099 4694 conﬁrmavit
1131 4657 1144 4696 :
1178 4641 1333 4711 quod
1365 4641 1536 4695 etiam
1568 4641 1883 4696 beatissimi
1929 4658 2094 4712 papa

401 4731 604 4784 Leonis
635 4730 878 4800 epistola
909 4730 976 4784 ad
1009 4733 1218 4784 sancta
1248 4729 1543 4783 memoria
1581 4729 1912 4784 Flavianum
1943 4730 2094 4784 Con-

397 4817 930 4888 stantinopolitana
1000 4817 1162 4871 urbis
1236 4817 1567 4888 episcopum
1639 4823 1900 4871 nostrum
1964 4818 2096 4872 data

396 4907 810 4977 pradicatione
861 4905 1226 4960 lucidissima
1274 4906 1530 4959 veritatis
1579 4906 1858 4976 exposuit.
1906 4906 2092 4960 Conti-

396 5002 522 5049 teor
569 5011 750 5049 unum
798 4994 1182 5064 eumdemque
1231 4994 1540 5048 Dominum
1590 4998 1853 5047 nostrum
1898 4994 2090 5047 Jesum

397 5084 687 5138 Christum
739 5083 1103 5153 unigenitum
1160 5082 1259 5135 Dei
1309 5083 1486 5151 patris
1531 5081 1848 5151 perfectum
1884 5097 1898 5135 :
1931 5097 2091 5136 eum-

395 5173 524 5225 dem
566 5173 624 5226 in
672 5173 882 5225 deitate
929 5170 1264 5241 perfectum,
1318 5171 1582 5224 eumdem
1633 5171 1694 5223 in
1734 5171 2091 5225 humanitate

397 5259 578 5314 Deum
627 5276 777 5324 vere,
827 5265 884 5313 et
923 5260 1218 5313 hominem
1265 5275 1412 5312 vere.
1469 5259 1658 5328 Ipsum
1708 5259 2090 5328 eumdemque

397 5361 461 5400 ex
503 5347 697 5400 anima
741 5346 1005 5400 rationali
1048 5351 1098 5400 et
1141 5361 1309 5400 carne
1349 5346 1892 5400 consubstantialem
1940 5347 2093 5400 Patri

395 5435 709 5488 secundum
759 5434 1051 5502 deitatem,
1103 5434 1648 5489 consubstantialem
1707 5436 1871 5490 nobis
1927 5451 2092 5488 eum-

394 5524 524 5578 dem
592 5521 912 5577 secundum
969 5523 1414 5591 humanitatem,
1470 5522 1530 5577 in
1596 5525 1866 5580 omnibus
1922 5524 2085 5578 simi-

2214 3046 2525 3111 damnavit,
2575 3051 2632 3100 et
2680 3048 2891 3102 iterum
2940 3049 3062 3119 ipse
3110 3067 3244 3104 eum
3293 3052 3674 3106 reconciliavit.
3718 3052 3841 3103 Inno-

2213 3133 2434 3187 centius
2463 3151 2613 3204 papa
2640 3135 2946 3190 Photinum
2977 3138 3275 3193 damnavit
3299 3140 3639 3211 episcopum,
3659 3138 3737 3192 sed
3756 3138 3840 3207 ipse

2211 3227 2412 3291 postea
2457 3239 2589 3277 eum
2643 3223 2705 3277 in
2743 3225 3046 3295 proprium
3099 3227 3358 3282 restituit
3414 3229 3593 3282 locum
3639 3226 3839 3280 Ecclesia

2213 3327 2350 3366 sua.
2385 3312 2662 3366 Misenum
2712 3313 3044 3384 episcopum
3077 3331 3110 3367 a
3142 3316 3327 3370 Felice
3375 3333 3520 3388 papa
3549 3317 3837 3374 damnatum,

2211 3399 2465 3454 Gelasius
2495 3416 2644 3470 papa
2671 3403 3134 3456 successorillius
3155 3409 3216 3458 et
3243 3405 3688 3470 communicavit,
3711 3409 3755 3455 et
3777 3403 3841 3454 Ec-

2211 3487 2394 3542 clesia
2439 3504 2555 3542 sua
2606 3489 2871 3543 restituit.
2926 3491 3194 3545 Leontius
3239 3494 3381 3548 dum
3426 3499 3566 3548 esset
3610 3491 3841 3564 presbyter

2211 3576 2502 3647 depositus
2553 3576 2682 3642 fuit,
2734 3578 2829 3632 sed
2885 3583 3082 3649 postea
3129 3580 3189 3634 in
3231 3582 3532 3637 Antiochia
3584 3578 3840 3651 patriarcha

2209 3665 2440 3719 exstitit.
2495 3665 2802 3736 Gregorius
2849 3683 2981 3721 vero
3027 3674 3268 3739 quartus
3314 3687 3466 3741 papa
3506 3669 3836 3726 Theodosium,

2209 3769 2382 3824 quem
2431 3754 2716 3825 Eugenius
2764 3754 2886 3825 ejus
2930 3761 3259 3811 antecessor
3306 3759 3638 3829 presbyterii
3674 3758 3837 3809 honore

2206 3841 2548 3912 privaverat,
2627 3849 2834 3897 sancta
2903 3845 3161 3898 Ecclesia
3245 3846 3501 3917 Signina
3561 3838 3836 3898 consecravit

2206 3931 2561 4000 episcopum.
2607 3932 2754 3986 Ybas
2783 3948 3033 4004 namque
3065 3933 3378 4006 episcopus
3403 3935 3720 4005 dijudicatus
3745 3928 3832 3988 fuit,

2206 4017 2306 4072 sed
2336 4024 2528 4072 sancta
2573 4019 2824 4088 synodus
2853 4023 3125 4076 canonice
3166 4038 3334 4076 suam
3378 4025 3464 4076 illi
3510 4020 3731 4076 restituit
3765 4016 3831 4069 Ec-

2205 4107 2457 4161 clesiam.
2510 4107 2835 4162 Rothadnm
2887 4125 3022 4163 vero
3054 4111 3390 4181 episcopum
3429 4116 3628 4165 sancta
3661 4108 3833 4162 Suesso-

2205 4195 2422 4250 niensis
2474 4196 2756 4262 Ecclesia,
2789 4213 2821 4251 a
2851 4199 3068 4268 synodo
3115 4200 3207 4254 cui
3253 4201 3492 4256 Carolus
3521 4196 3749 4252 interfuit
3771 4205 3832 4244 rex

2205 4285 2672 4348 condemnatum,
2704 4290 2761 4340 et
2784 4286 3103 4342 Sotfrenum
3139 4289 3536 4344 Placentinum
3563 4287 3834 4358 episcopum

2206 4372 2414 4427 merito
2458 4374 2851 4444 reprobatum,
2899 4375 3164 4430 Nicolaus
3212 4391 3366 4448 papa
3412 4376 3604 4431 ambos
3637 4367 3833 4427 reconci-

2206 4461 2380 4514 liavit.

2573 4553 2648 4605 De
2671 4553 3040 4620 episcome
3062 4557 3534 4608 transmutatione.

2275 4638 2419 4702 Quia
2447 4654 2583 4692 vero
2614 4640 3014 4710 episcoporum
3046 4642 3285 4711 plurimi
3326 4659 3394 4697 ex
3428 4641 3553 4696 aliis
3579 4633 3838 4696 civitatibus

2202 4729 2274 4780 ad
2304 4727 2442 4780 alias
2485 4733 2719 4798 propter
2749 4729 3143 4783 necessitatem
3188 4747 3288 4784 seu
3335 4732 3631 4785 utilitatem
3664 4731 3837 4791 tempo-

2202 4831 2330 4869 rum
2384 4821 2517 4870 sunt
2564 4816 2796 4886 migrati
2835 4823 2893 4871 et
2933 4820 3319 4885 transmutati,
3369 4833 3612 4891 quorum
3653 4811 3838 4869 nomine

2202 4905 2326 4958 hac
2355 4909 2488 4957 sunt
2521 4920 2535 4958 :
2568 4905 2873 4975 Peregines
2921 4907 2980 4960 in
3011 4909 3192 4961 Patris
3224 4913 3305 4962 est
3339 4909 3626 4962 ordinatus
3667 4901 3837 4972 episco-

2202 5008 2332 5061 pus,
2393 4994 2490 5047 sed
2541 4994 2818 5064 quoniam
2866 4995 3015 5048 cives
3072 4996 3197 5066 ejus
3247 4996 3497 5050 civitatis
3542 5008 3662 5049 eum
3709 4984 3841 5042 susci-

2203 5095 2338 5150 pere
2394 5082 2723 5147 noluerunt,
2773 5083 3048 5138 Romana
3099 5084 3346 5138 civitatis
3395 5085 3680 5154 episcopus
3711 5071 3838 5146 jussit

2203 5185 2334 5223 eum
2387 5168 2765 5224 inthronizari
2811 5171 2872 5224 in
2926 5172 3200 5226 Corintho
3251 5173 3577 5243 metropoli,
3624 5165 3833 5223 defuncto

2203 5257 2328 5326 ejus
2376 5257 2646 5328 episcopo
2697 5259 2867 5330 eique
2917 5259 3098 5314 donec
3148 5261 3287 5314 vixit
3341 5261 3594 5316 Ecclesia
3637 5251 3830 5328 praefuit.

2203 5345 2512 5400 Dosideum
2558 5346 2832 5402 Seleucia
2903 5349 3259 5419 episcopum,
3317 5347 3637 5404 Alexander
3685 5340 3832 5397 Antio-

2202 5434 2417 5487 chenus
2465 5434 2768 5506 episcopus
2800 5436 2863 5490 in
2909 5437 3189 5491 Tharsum
3232 5437 3447 5492 Cilicia
3477 5426 3830 5491 transmutavit.

2203 5521 2577 5578 Reverentius
2617 5523 2689 5578 ab
2717 5524 2884 5593 Argis
2935 5524 3243 5582 Phanicia
3288 5525 3352 5580 in
3381 5526 3587 5596 Tyrum
3627 5511 3833 5574 transmi-
