4022 6190
144 288 247 339 6t?
1101 279 1573 337 DECRETOBUM
1622 278 1806 334 LIBRI
1842 277 1945 333 XX.
1988 307 2061 317 η-
2115 278 2339 336 LIBER
2378 283 2759 344 SECUNDUS.
3585 295 3693 347 618

140 413 335 481 gratus
364 413 469 463 est.
504 410 753 463 Joannes
781 406 854 460 de
880 406 1215 461 Gordolinia
1248 409 1501 459 mutatus
1528 406 1611 456 est
1642 402 1697 456 in
1732 405 1859 457 Pro-
1886 408 1930 460 A
1970 403 2235 472 Apamia
2260 405 2403 460 Asia
2452 411 2795 465 transfertur
2822 411 2880 466 in
2910 414 3365 484 Eudoxiopolim,
3408 434 3536 488 qua
3580 419 3695 472 du-

142 499 436 561 conixum,
486 504 543 550 et
573 498 626 550 ei
674 496 955 567 pracedit
1000 494 1276 549 Ecclesia.
1333 492 1619 546 Palladius
1649 492 1717 545 ab
1752 494 1859 547 He-
1969 491 2116 545 dum
2160 492 2476 550 Salambria
2509 500 2835 554 vocabatur.
2880 503 3246 573 Polycarpus,
3280 504 3349 557 de
3378 506 3516 558 urbe
3557 512 3693 560 ante

147 586 381 654 linopoli
415 589 671 637 mutatus
712 590 799 635 est
844 582 907 635 in
937 583 1245 651 Asponam.
1277 579 1622 644 Alexander,
1650 581 1720 634 ab
1755 582 1865 635 alia
1973 578 2243 633 Pristena
2290 581 2499 652 Mysia,
2558 585 2619 639 in
2653 587 2965 656 Nicopolim
3013 589 3221 642 'I‘racia
3272 596 3527 643 mutatus
3580 597 3688 645 est.

149 672 487 742 Ilelinopoli,
535 672 593 724 in
640 670 1092 739 Andrinopolim
1123 673 1373 722 mutatus
1408 673 1512 721 est.
1551 668 1866 740 Gregorius
1976 668 2368 737 Hierophilus,
2403 671 2475 726 de
2502 674 2877 744 Trapezopoli
2908 676 3120 742 Frisia,
3141 678 3579 748 transmigratus
3603 683 3695 731 est

151 761 540 813 Nazianzenus
565 760 725 829 prius
747 758 995 812 civitatis
1018 758 1385 828 Cappadocia
1424 757 1537 811 fuit
1565 758 1868 829 episcopus
1978 757 2037 811 in
2084 757 2499 829 Platinopolim
2545 763 2819 817 Thracia.
2878 764 3163 833 Optimus,
3225 766 3293 819 ab
3344 766 3691 835 Agardamia

150 865 267 919 qua
300 848 528 902 Sasima
555 847 788 916 dicitur,
812 848 1019 901 deinde
1041 864 1071 900 a
1100 847 1264 900 beato
1296 846 1502 900 Basilio
1535 850 1591 899 et
1621 848 1867 902 aliorum
1981 846 2209 916 Frigia,
2275 847 2335 901 in
2387 849 2751 905 Antiochiam
2804 852 3031 906 Pisidia
3086 854 3525 924 transmigratus
3580 861 3687 910 est.

152 938 553 1008 episcoporum
611 953 893 990 consensu
946 936 1006 988 in
1044 935 1324 989 Anzianco
1372 934 1715 989 constitutus
1763 941 1865 990 est.
1979 936 2261 1003 Silvanus,
2322 952 2355 990 a
2414 937 2804 1010 Philippopoli
2861 940 3136 1007 Thracia,
3198 947 3451 996 mutatus
3496 948 3581 997 est
3626 943 3688 997 in

153 1026 404 1078 Ileletius
449 1024 615 1094 prius
659 1024 934 1078 Sebastia
981 1022 1243 1076 Ecclesia
1293 1022 1546 1092 prafuit,
1586 1028 1643 1076 et
1670 1030 1871 1093 postea
1980 1024 2287 1078 Trondam.

155 1115 468 1169 Antiochia
529 1115 743 1183 prasul
801 1118 888 1166 est
944 1111 1304 1166 constitutus.
1374 1111 1729 1165 Theusebius
1800 1112 1868 1167 ab

1580 1233 1755 1273 FINIS
1802 1233 1979 1273 LIBRI
2030 1231 2246 1270 PRIMI.

992 1469 1283 1540 INDEX
1341 1469 2031 1541 CAPITULORUM
2092 1469 2349 1540 LIBRI
2414 1469 2848 1543 SECUNDI.

150 1644 274 1697 Car.
315 1642 353 1695 l.
396 1643 475 1694 De
508 1640 971 1695 ordinationibus
1017 1640 1485 1711 presbyterorum
1528 1645 1583 1695 et
1609 1641 1868 1712 reliquo-
1900 1645 1939 1696 Β
1978 1640 2157 1697 XXVI.
2215 1641 2293 1694 De
2341 1641 2515 1695 servis
2560 1642 2895 1696 ordinandis
2948 1644 3259 1697 secundum
3306 1644 3689 1699 ecclesiastica

218 1747 353 1784 rum
388 1730 683 1783 ordinum.
2050 1730 2345 1795 mandata,
2378 1730 2651 1801 quoniam
2680 1731 2917 1803 ingenui
2946 1732 3069 1787 ﬁeri
3100 1732 3329 1788 debent.

153 1822 215 1874 ll.
286 1819 428 1882 Qua
505 1818 828 1889 presbyteri
904 1818 1224 1872 necessaria
1302 1818 1518 1873 discere
1604 1824 1660 1871 et
1724 1818 1867 1871 scire
1976 1818 2185 1873 XXVII.
2224 1820 2302 1871 De
2335 1819 2535 1873 eadem
2570 1835 2652 1874 re.

220 1908 493 1961 debeant.
1976 1907 2212 1961 XXVIII.
2251 1907 2327 1959 De
2362 1907 2561 1961 eadem
2594 1924 2675 1961 re.

155 1997 239 2049 III.
274 1996 354 2049 De
385 1995 586 2049 eadem
622 2010 700 2048 re.
1974 1992 2150 2045 XXIX.
2184 1992 2264 2045 De
2297 1992 2497 2046 eadem
2528 2009 2610 2045 re.

157 2086 239 2137 IV.
274 2083 443 2147 Quod
476 2082 861 2136 ordinationes
904 2080 1030 2135 ﬁeri
1073 2097 1187 2135 non
1219 2081 1465 2136 debeant
1505 2082 1615 2136 nisi
1645 2082 1705 2135 in
1738 2081 1864 2136 loco
1974 2081 2125 2134 XXX.
2160 2080 2463 2149 Exemplar
2491 2080 2772 2134 libertatis
2804 2080 2873 2135 de
2905 2082 3141 2152 proprio
3174 2099 3358 2137 servo.

228 2177 391 2225 certo
423 2177 482 2225 et
510 2170 802 2241 religioso.
936 2233 951 2253 .
1972 2169 2146 2223 XXXI.
2185 2169 2262 2221 De
2294 2184 2590 2231 servorum
2623 2169 3000 2223 ordinatione.

159 2262 220 2315 V.
257 2260 426 2324 Quod
471 2260 761 2313 Abraham
790 2257 1009 2327 primus
1056 2256 1130 2311 sit
1176 2257 1497 2327 appellatus
1541 2259 1864 2331 presbyter,
1974 2257 2174 2311 XXXII.
2212 2257 2287 2310 De
2318 2258 2683 2311 ecclesiarum
2710 2257 2903 2313 servis.

230 2355 289 2403 et
319 2364 498 2419 quare
523 2346 842 2418 presbyteri
872 2346 1275 2400 nominentur.
1974 2346 2206 2401 XXXIII.
2261 2346 2329 2400 Ut
2367 2347 2714 2416 panitentes
2762 2351 2818 2400 et
2861 2346 3079 2417 digami
3124 2363 3244 2402 non
3300 2364 3684 2419 promovean-

162 2439 249 2491 VI.
313 2436 481 2501 Quod
547 2437 739 2490 nullus
798 2451 861 2489 ex
916 2435 1299 2489 ecclesiastico
1358 2436 1558 2490 ordine
1610 2436 1867 2491 absolute
2047 2440 2164 2489 tur.
3134 2506 3143 2509 _

232 2526 443 2580 debeat
469 2524 741 2578 ordinari.
1975 2524 2201 2579 XXXIV.
2238 2522 2622 2592 Euergumeni
2659 2539 2774 2577 non
2813 2523 3001 2577 solum
3037 2540 3150 2578 non
3182 2525 3512 2580 assumendi
3550 2535 3687 2583 sunt

162 2617 279 2669 VII.
316 2614 473 2678 Quod
520 2614 626 2667 sub
657 2618 889 2683 aspectu
936 2612 1301 2667 audientium
1341 2613 1733 2668 ordinationes
1781 2629 1864 2668 ce-
2049 2612 2117 2666 ad
2152 2613 2388 2679 clerum,
2423 2612 2521 2666 sed
2546 2612 2763 2666 inventi
2792 2612 2862 2666 ab
2896 2613 3083 2667 ofﬁcio
3113 2615 3470 2674 removendi.

231 2692 455 2756 lebrari'
472 2718 588 2755 non
624 2701 887 2755 debeant.
1976 2702 2171 2754 XXXV.
2209 2701 2275 2754 Ut
2304 2701 2497 2753 nullus
2531 2717 2591 2754 ex
2617 2701 3027 2771 paenitentibus
3058 2703 3375 2758 ordinetur.

160 2793 302 2847 VIII.
334 2792 499 2855 Quod
532 2791 717 2846 turbis
746 2791 1087 2845 electionem
1115 2790 1639 2860 promovendorum
1682 2791 1868 2845 facere
1976 2790 2193 2844 XXXVI.
2251 2790 2329 2843 De
2372 2789 2658 2844 actoribus
2689 2794 2745 2843 et
2790 2791 3280 2860 procuratoribus,
3333 2793 3379 2846 si
3423 2792 3681 2847 ordinari

161 2897 280 2934 non
313 2882 497 2934 liceat.
2051 2878 2314 2931 debeant.

164 2970 253 3023 IX.
288 2968 452 3031 Quod
495 2968 829 3038 episcopum
879 2967 970 3021 vel
1021 2965 1420 3037 presbyterum
1472 2970 1603 3021 ante
1632 2965 1871 3037 triginta
1904 2966 1944 3022 C
1984 2965 2229 3019 XXXVII.
2286 2965 2357 3018 Ut
2404 2964 2473 3019 de
2518 2964 2933 3035 paenitentibus
2979 2968 3172 3022 nullus
3229 2968 3563 3023 admittatur
3610 2969 3685 3025 ad

237 3072 421 3109 annos
453 3055 718 3109 ordinare
747 3072 863 3109 non
896 3056 1081 3109 liceat.
2055 3055 2294 3107 clerum.

167 3148 229 3200 X.
266 3146 346 3199 De
375 3145 720 3215 presbyteris
764 3144 865 3217 qui
906 3149 1036 3198 ante
1086 3142 1323 3213 triginta
1372 3158 1555 3197 annos
1603 3143 1874 3198 ordiuan-
1984 3143 2249 3199 XXXVIII.
2284 3140 2501 3209 Laicus,
2535 3143 2581 3197 si
2612 3144 2861 3199 secundo
2890 3160 3127 3199 uxorem
3159 3144 3404 3215 duxerit,
3445 3145 3686 3201 clericus

242 3239 359 3287 tur.
2057 3248 2172 3286 non
2198 3231 2318 3286 ﬁat.

169 3322 267 3377 XI.
329 3321 493 3385 Quod
525 3326 655 3375 ante
710 3321 839 3375 XXV
886 3336 1066 3374 annos
1115 3320 1341 3373 diaconi
1389 3337 1503 3376 non
1551 3321 1663 3375 sint
1721 3319 1877 3375 ordi—
1984 3321 2190 3375 XXXIX.
2253 3320 2322 3374 Ut
2376 3320 2569 3374 nullus
2627 3320 2924 3392 episcopus
2982 3321 3215 3375 alterius
3268 3320 3685 3393 parochianum

244 3412 441 3465 nandi.
2056 3408 2299 3462 retinere
2323 3415 2651 3478 prasumat.

170 3501 287 3554 XII.
341 3499 500 3564 Quod
547 3499 607 3553 in
654 3499 827 3553 veteri
872 3499 997 3569 lege
1045 3496 1415 3568 pracipiatur
1461 3502 1527 3551 ut
1572 3502 1703 3552 ante
1744 3498 1877 3553 XXV
1984 3498 2088 3552 XL.
2116 3497 2189 3552 Ut
2227 3496 2296 3550 ab
2342 3496 2529 3550 alieno
2577 3498 2846 3568 episcopo
2904 3499 3202 3553 ordinatus
3245 3499 3305 3552 in
3362 3499 3516 3552 clero
3566 3515 3681 3555 non

246 3605 428 3642 annos
466 3588 652 3642 levita
684 3587 743 3641 in
773 3587 1142 3641 tabernaculo
1173 3602 1286 3640 non
1316 3586 1611 3641 servirent.
2056 3589 2303 3638 maneat.

170 3679 317 3734 XIII.
379 3678 456 3732 De
514 3677 860 3749 presbyteris
907 3676 1009 3747 qui
1056 3676 1180 3730 sine
1235 3675 1495 3730 examine
1553 3679 1687 3729 sunt
1740 3691 1874 3745 pro-
1986 3671 2115 3725 XLI.
2152 3671 2229 3724 De
2282 3668 2532 3740 quodam
2566 3671 2833 3741 episcopo
2880 3674 2977 3743 qui
3025 3675 3255 3730 alterius
3285 3675 3539 3746 episcopi
3570 3676 3685 3730 cle-

246 3767 414 3821 vecti.
2057 3758 2261 3824 ricum,
2295 3774 2361 3812 eo
2391 3758 2641 3827 nolente,
2674 3760 3057 3815 ordinaverat.

171 3856 309 3909 XIV.
348 3855 426 3907 De
452 3870 520 3908 eo
551 3852 649 3925 qui
681 3852 791 3907 sibi
836 3853 1031 3907 volens
1080 3850 1312 3922 aliquod
1344 3850 1669 3905 membrum
1716 3854 1877 3904 trun-
1988 3848 2142 3902 XLII.
2207 3849 2275 3901 Ut
2330 3862 2501 3900 nemo
2563 3849 2835 3903 clericum
2902 3851 3154 3905 alienum
3210 3852 3502 3922 suscipiat,
3563 3852 3687 3907 sine

247 3943 479 3998 caverit.
2059 3938 2349 3991 voluntate
2377 3936 2633 4008 episcopi
2663 3938 2773 3991 sui.

175 4034 285 4089 XV.
347 4033 427 4086 De
479 4030 699 4086 clericis
742 4030 843 4101 qui
890 4047 924 4084 a
981 4030 1339 4085 medicorum
1377 4028 1653 4083 incisione
1694 4028 1882 4083 claudi
1990 4027 2174 4080 XLIII.
2239 4026 2305 4080 Ut
2350 4025 2543 4079 nullus
2597 4028 2899 4097 episcopus
2949 4028 3201 4083 alienum
3247 4029 3517 4084 clericum
3567 4031 3690 4085 sine

252 4121 601 4175 efﬁciuntur.
2062 4114 2265 4169 litteris
2295 4114 2383 4167 sui
2417 4115 2669 4186 episcopi
2698 4117 2989 4187 suscipiat.

353 4210 429 4308 De
468 4207 712 4308 illisuqui
740 4206 998 4306 invident
1023 4206 1267 4308 fratrum
1290 4204 1769 4277 provectionibus.
1910 4255 1953 4308 D
1992 4204 2166 4304 XLIV:
2202 4205 2278 4258 De
2302 4204 2657 4308 presbyteris
2686 4209 2749 4308 et.
2789 4206 3123 4261 diaconibus
3173 4206 3273 4279 qui
3322 4208 3442 4263 sine
3484 4209 3692 4263 litteris

179 4298 349 4352 XVII.
388 4297 455 4350 Ut
484 4296 841 4350 seditionarii
871 4312 986 4349 non
1016 4296 1382 4349 ordinentur.
1911 4292 1952 4308 "
2065 4294 2316 4364 episcopi
2346 4292 2434 4346 sui
2461 4294 2775 4349 ambulant.

180 4387 368 4441 XVIII.
393 4385 551 4450 Quod
575 4384 925 4451 illitteratus,
950 4389 1007 4439 et
1028 4385 1219 4455 aliquo
1238 4383 1498 4439 membro
1520 4383 1879 4450 imminutus,
1990 4383 2137 4437 XLV.
2171 4384 2249 4436 De
2280 4381 2480 4435 eadem
2514 4399 2592 4437 re.

254 4474 492 4546 provehi
515 4490 633 4528 non
660 4473 881 4527 debeat.
1990 4472 2168 4527 XLVI.
2204 4472 2269 4526 Ut
2293 4472 2537 4542 quisque
2568 4472 2869 4528 ordinatur
2898 4474 3117 4529 litteras
3149 4476 3218 4531 ab
3242 4477 3570 4533 ordinatore
3590 4495 3693 4533 suo

180 4564 310 4619 XIX.
345 4565 424 4617 De
460 4562 593 4616 ﬁliis
618 4562 1087 4617 concubinarum.
2062 4557 2322 4629 accipiat.

180 4654 285 4708 XX.
346 4653 416 4706 Ut
468 4651 830 4705 damonibus
881 4650 1280 4720 similibusque
1335 4649 1697 4720 passionibus
1753 4650 1888 4704 irre-
1992 4648 2191 4702 XLVII.
2228 4648 2296 4702 Ut
2336 4647 2636 4702 ordinatus
2681 4648 2926 4720 quisque
2962 4650 3023 4703 in
3052 4649 3166 4704 illis
3196 4653 3330 4706 locis
3360 4659 3698 4724 permaneat

255 4741 349 4795 titi
381 4756 541 4794 sacra
570 4744 811 4793 tractare
843 4756 960 4794 non
989 4739 1254 4793 debeant.
2064 4736 2134 4790 ad
2163 4752 2292 4807 qua
2327 4736 2628 4790 ordinatus
2661 4742 2766 4791 est.

183 4831 314 4885 XXI.
360 4828 431 4883 Ut
458 4830 529 4883 de
572 4828 760 4881 servili
790 4828 1137 4893 conditione,
1195 4827 1307 4881 nisi
1357 4828 1517 4897 prius
1564 4844 1597 4881 a
1642 4827 1888 4881 dominis
1994 4826 2220 4879 XLVIII.
2285 4825 2362 4877 De
2413 4826 2745 4895 presbytero
2803 4825 2902 4896 qui
2962 4826 3259 4882 confessus
3316 4829 3491 4884 fuerit
3540 4832 3697 4901 quod

248 4917 502 4989 propriis
529 4918 851 4971 libertatem
883 4917 1157 4984 habeant,
1194 4917 1336 4971 nulli
1374 4917 1731 4972 ordinentur.
2066 4920 2199 4968 ante
2240 4912 2665 4967 ordinationem
2697 4915 3035 4984 peccaverit.

186 5008 344 5062 XXII.
381 5009 457 5062 De
489 5007 690 5061 eadem
722 5024 801 5061 re.
1996 5004 2167 5057 XLIX.
2202 5004 2278 5056 De
2312 5003 2510 5056 eadem
2546 5020 2624 5056 re.

185 5094 374 5150 XXIII.
410 5094 487 5147 De
516 5093 678 5147 bonis
706 5094 940 5147 illorum
967 5091 1068 5164 qui
1098 5108 1130 5145 a
1156 5092 1405 5147 dominis
1436 5092 1686 5163 propriis
1715 5091 1889 5146 liber—
2002 5094 2061 5146 L.
2096 5093 2166 5146 Ut
2196 5092 2387 5145 nullus
2430 5092 2727 5161 presbyter
2773 5093 2986 5164 absque
3041 5096 3483 5151 sacerdotalibus
3523 5096 3702 5167 vesti-

261 5186 377 5236 tate
408 5183 727 5238 donantur.
2072 5181 2281 5235 mentis
2310 5181 2542 5233 missam
2574 5181 2838 5235 celebret.

187 5271 365 5326 XXIV.
431 5271 501 5325 Ut
558 5287 772 5337 servus,
839 5270 1129 5325 nesciente
1194 5269 1427 5324 domino
1459 5286 1581 5338 suo,
1640 5268 1893 5324 ordinari
2003 5270 2088 5323 LI.
2124 5269 2191 5323 Ut
2238 5269 2476 5323 clericus
2525 5269 2674 5323 inter
2704 5270 3049 5324 tentationes
3099 5271 3169 5326 ab
3209 5274 3397 5328 ofﬁcio
3442 5290 3561 5329 non
3604 5275 3700 5330 de-

263 5375 381 5413 non
412 5358 634 5414 debeat.
2073 5357 2266 5411 clinet.

187 5447 343 5503 XXV.
383 5448 457 5502 De
493 5448 577 5503 his
623 5448 721 5519 qui
754 5448 1079 5503 libertatem
1121 5464 1154 5501 a
1183 5446 1432 5501 dominis
1479 5448 1597 5501 suis
1643 5448 1724 5502 ita
1761 5462 1896 5517 per-
2006 5448 2117 5501 LII.
2152 5448 2222 5500 Ut
2250 5447 2435 5500 omnis
2485 5447 2781 5518 presbyter
2811 5448 2870 5500 in
2919 5464 3023 5502 sua
3054 5449 3292 5505 ecclesia
3320 5452 3560 5522 singulis
3594 5454 3706 5507 Do-

267 5536 509 5606 cipiunt,
542 5542 603 5591 ut
631 5538 856 5591 nullum
886 5537 995 5591 sibi
1024 5536 1365 5608 obsequium
1394 5538 1699 5591 retentent.
2077 5534 2301 5589 minicis
2331 5535 2532 5590 diebus
2561 5551 2772 5606 aquam
2803 5536 3125 5592 benedicat.

558 5644 835 5709 PATROL.
889 5644 1062 5710 CXL.
3311 5652 3396 5710 20
