4022 6190
419 265 478 317 61
491 266 522 317 9
1481 260 1884 316 BURCHARDI
1923 257 2454 316 WORMACIENSIS
2493 261 2805 317 EPISCOPI
2819 303 2834 316 .
3770 275 3857 326 620

419 385 555 440 LIII.
597 386 737 438 Item
768 384 837 438 de
867 399 1016 454 aqua
1044 380 1454 438 benedicenda.
2140 387 2184 440 A
2222 384 2324 439 XC.
2364 385 2433 439 Ut
2463 384 2780 455 presbyteri
2821 385 3278 440 benedictionem
3320 387 3676 458 episcopalem
3716 408 3862 462 super

416 475 549 528 LIV.
585 475 654 528 Ut
697 474 883 528 missae
931 473 1247 544 peculiares
1278 474 1340 526 in
1384 473 1585 527 diebus
1615 472 1966 528 solemnibus
1995 488 2116 527 non
2292 474 2521 544 plebem
2550 474 2732 528 facere
2764 490 2879 528 non
2911 474 3183 530 debeant.

486 563 646 616 ﬁant.
2221 561 2347 617 XCI.
2395 563 2463 616 Ut
2499 563 2688 616 nullus
2722 562 3017 632 presbyter
3045 563 3279 617 alterius
3309 564 3670 633 plebesanum
3693 584 3752 622 eo
3779 585 3860 622 no-

414 651 520 704 LV.
561 652 642 704 De
673 649 990 704 ministerio
1032 650 1520 720 presbyterorum,
1552 649 1639 703 vel
1671 648 1811 720 quid
1841 649 1922 703 eis
1953 665 2114 703 com-
2294 651 2448 704 lente
2483 650 2742 720 recipiat.

483 734 725 789 missum
755 735 848 788 sit.
2219 740 2382 794 XCII.
2422 741 2498 793 De
2518 739 2756 792 alterius
2781 740 3102 810 presbyteri
3130 727 3461 810 plebesano.

414 824 546 877 LVI.
599 825 669 878 Ut
714 823 926 893 singuli
977 822 1294 893 presbyteri
1350 821 1611 892 singulos
1657 821 1906 876 habeant
1951 821 2089 876 Cleri
2219 827 2402 883 XCIII.
2446 829 2523 882 De
2562 827 2841 881 ordinatis
2879 834 2935 882 et
2972 828 3210 899 reliquis
3259 829 3538 896 ﬁdelibus,
3582 832 3721 902 quod
3764 833 3863 887 sine

481 928 597 966 cos.
2289 915 2520 969 licentia
2558 916 2645 969 sui
2671 916 2924 987 episcopi
2953 917 3038 970 nil
3067 933 3236 988 agere
3265 917 3525 973 debeant.

409 1001 565 1055 LVII.
599 1000 760 1064 Quod
790 999 1255 1070 presbyterorum
1287 998 1430 1052 ﬁdes
1461 999 1714 1069 primum
1754 999 2112 1054 discutienda
2217 1004 2391 1058 XCIV.
2430 1005 2508 1058 De
2538 1005 2740 1058 eadem
2768 1020 2850 1058 re.

487 1089 577 1142 sit.
2217 1091 2365 1145 XCV.
2402 1092 2480 1145 De
2507 1092 2707 1146 eadem
2741 1109 2820 1145 re.

410 1177 593 1230 LVIII.
631 1177 709 1229 De
741 1175 938 1230 eadem
974 1191 1054 1228 re.
1911 1221 1916 1226 .
2217 1180 2389 1234 ZCVI.
2438 1181 2598 1244 Quod
2647 1197 2764 1234 non
2811 1180 2980 1234 liceat
3022 1180 3296 1235 clericum
3339 1182 3401 1234 in
3446 1181 3677 1236 duarum
3704 1183 3858 1238 civita-

407 1265 531 1318 LIX.
567 1265 728 1329 Quod
779 1265 837 1318 in
867 1264 1069 1334 primis
1119 1263 1553 1333 prmdicandum
1599 1263 1670 1317 sit
1713 1262 1961 1334 qualiter
1993 1277 2110 1316 cre-
2289 1272 2412 1321 tum
2447 1268 2618 1321 simul
2648 1268 2930 1322 conscribi
2961 1269 3233 1322 ecclesiis.

476 1353 610 1406 dere
641 1352 905 1406 debeant.
2216 1356 2417 1410 XCVII.
2452 1358 2527 1410 De
2547 1357 2841 1423 ordinatis,
2863 1374 2934 1410 ne
2964 1358 3034 1410 de
3057 1357 3284 1412 civitate
3315 1357 3377 1410 in
3403 1357 3672 1412 civitatem
3703 1365 3859 1413 contra

404 1460 505 1512 LX.
543 1461 620 1512 De
654 1458 855 1512 eadem
885 1473 964 1509 re.
2281 1446 2377 1514 jus
2407 1461 2692 1499 canonum
2720 1447 3154 1502 transferantur.

404 1547 531 1600 LXI.
568 1549 645 1600 De
677 1548 876 1600 eadem
913 1561 992 1598 re.
2215 1533 2438 1587 XCVIII.
2477 1536 2553 1588 De
2584 1535 2784 1588 eadem
2815 1551 2896 1590 re.

401 1635 556 1688 LXII.
610 1637 681 1688 Ut
737 1634 925 1687 omnis
955 1633 1251 1704 presbyter
1296 1632 1662 1702 parochianis
1712 1632 1830 1687 suis
1861 1630 2103 1702 Symbo-
2136 1666 2176 1719 Β
2215 1621 2410 1719 XCIX:-
2447 1624 2524 1719 N9
2571 1623 2888 1719 presbyteri
2946 1639 3116 1719 causa
3170 1623 3476 1719 legationis
3529 1639 3628 1694 per
3679 1623 3854 1678 diversa

476 1723 593 1774 lum
627 1727 684 1775 et
711 1723 1040 1776 Orationem
1076 1721 1430 1775 Dominicam
1460 1722 1730 1776 insinuet.
2136 1710 2174 1719 u
2287 1710 2589 1763 mittantur
2619 1712 2762 1779 1003:
2794 1728 2929 1764 cura
2960 1712 3292 1766 animarum
3321 1713 3536 1766 relicta-

405 1811 580 1865 LXIII.
625 1811 703 1864 De
736 1810 936 1864 eadem
965 1827 1043 1863 re.
2216 1800 2273 1854 C.
2309 1799 2470 1863 Quod
2497 1800 2813 1870 presbyteri
2846 1800 3072 1854 assidue
3100 1802 3290 1871 legere
3325 1801 3587 1853 debeant.

403 1900 580 1954 LXIV,
626 1900 702 1952 De
729 1898 1031 1952 dilectione
1064 1897 1163 1952 Dei
1195 1902 1251 1952 et
1282 1898 1552 1968 proximi,
2214 1887 2299 1940 CI.
2336 1888 2404 1941 Ut
2434 1887 2753 1957 presbyteri
2781 1887 2907 1941 sine
2939 1888 3182 1945 horariis
3212 1906 3334 1943 non
3364 1888 3588 1942 vadant.

401 1988 547 2042 va,
603 1989 682 2041 De
728 1987 1063 2040 criminibus
1112 1987 1321 2057 quibus
1379 1987 1645 2040 homines
1692 2003 1823 2040 cum
1870 1986 2101 2041 diabolo
2214 1975 2330 2029 CII.
2371 1976 2439 2028 Ut
2467 1975 2705 2028 clericus
2734 1976 2977 2030 artiticio
3011 1977 3252 2031 honesto
3284 1977 3494 2030 victum
3525 1981 3743 2048 quaerat.

473 2076 844 2145 deputantur.

2215 2062 2351 2116 CIII.
2386 2064 2463 2117 De
2487 2079 2680 2117 earem
2705 2079 2786 2117 re.

404 2164 573 2218 LXVI.
623 2165 689 2217 Ut
736 2164 805 2217 de
844 2163 1130 2218 auditorio
1190 2163 1383 2219 nullus
1437 2163 1768 2235 egrediatur
1814 2163 2102 2218 sacerdote

2215 2152 2344 2205 CIV.
2394 2152 2472 2205 De
2529 2151 2895 2223 presbyteris,
2949 2152 3498 2210 matutinaliofﬁcio
3528 2153 3846 2223 expletoquid

470 2253 710 2306 verbum
739 2252 1004 2305 faciente.

2288 2255 2457 2310 agere
2479 2240 2743 2296 debeant.

401 2342 597 2396 LXVII.
635 2343 712 2394 De
744 2341 943 2394 eadem
975 2355 1056 2394 re.
2218 2328 2321 2382 CV.
2356 2330 2431 2382 De
2460 2329 2660 2383 eadem
2692 2346 2774 2384 re.

399 2429 620 2482 LXVIII.
658 2429 735 2481 De
767 2428 970 2482 eadem
1001 2443 1080 2481 re.
2213 2417 2346 2470 CVI.
2383 2415 2547 2480 Quod
2579 2433 2857 2488 magnum
2897 2418 3220 2488 periculum
3251 2418 3325 2472 sit
3369 2418 3613 2488 aliquem
3649 2416 3753 2470 ﬁeri
3782 2417 3850 2485 ju-

399 2518 573 2572 LXlX.
601 2499 685 2571 De
710 2516 976 2588 precibus
1003 2520 1138 2586 post
1164 2514 1595 2573 allocutionem.
2285 2505 2469 2559 dicem
2505 2505 2632 2559 vita:
2663 2506 2888 2574 alienas,
2921 2507 3021 2576 qui
3046 2506 3231 2559 nescit
3265 2523 3431 2560 suam
3463 2512 3770 2575 temperare.

404 2625 545 2678 LXX
584 2623 653 2678 ω
710 2623 896 2677 omnis
951 2623 1251 2693 presbyter
1280 2623 1340 2676 in
1389 2623 1588 2677 diebus
1623 2622 1782 2677 festis
1823 2623 2101 2694 populum
2213 2593 2478 2694 CVII.-Ut
2519 2595 2836 2665 presbyteri
2881 2595 3043 2665 juxta
3087 2596 3387 2649 ecclesiam
3435 2595 3653 2648 illorum
3696 2592 3851 2662 hospi-

473 2712 782 2769 admoneat
820 2687 972 2782 quas.
987 2687 1184 2781 preces
1212 2712 1280 2766 ad
1313 2713 1494 2766 Deum
1524 2713 1766 2767 fundere
1793 2687 2017 2766 debeat.
2216 2687 2498 2782 “Effug-
2671 2771 2686 2782 ε
2754 2776 2763 2782 .
2973 2772 2983 2782 .
3558 2771 3567 2781 ι

405 2802 571 2857 LXXI.
624 2802 691 2855 Ut
719 2770 1040 2871 presbyteri
1095 2800 1290 2870 plebes
1342 2801 1691 2855 admoneant
1727 2806 1793 2856 ut
1821 2801 2101 2855 bubulcos
2429 2773 2506 2824 De
2537 2771 2892 2842 preSbytero’
2940 2772 2988 2825 si
3034 2787 3270 2826 "mrem
3318 2771 3612 2842 acceperit’
3645 2770 3850 2840 depona'

472 2895 528 2944 et
556 2889 842 2960 porcarios
879 2889 938 2942 in
968 2888 1383 2960 principalibus
1435 2889 1595 2944 festis
1644 2890 1717 2944 ad
1748 2890 1981 2945 missam
2012 2907 2102 2944 ve-

472 2979 599 3033 nire
629 2977 985 3048 permittant.

401 3068 596 3123 LXXII.
633 3068 708 3120 De
741 3066 1134 3119 admonitione
1163 3066 1652 3138 presbyterorum.

404 3156 620 3210 LXXIII.
652 3155 951 3218 Quomodo
981 3155 1378 3225 unusquisque
1412 3172 1576 3209 orare
1605 3156 1828 3210 debeat.

407 3245 618 3298 LXXIV.
677 3243 755 3296 De
794 3242 944 3308 tiliis,
983 3243 1274 3314 quomodo
1329 3245 1664 3314 parentibus
1721 3244 1951 3298 obedire
2008 3245 2100 3299 de-

473 3332 664 3385 beant.

2132 2949 2172 3003 C
2210 2945 2338 3000 CIX.
2374 2947 2450 3000 De
2482 2945 2684 3000 eadem
2715 2962 2795 3000 re.

2211 3036 2313 3090 CX.
2351 3037 2426 3089 De
2458 3035 2658 3088 eadem
2691 3051 2774 3090 re.

2210 3123 2334 3178 CXI.
2369 3125 2445 3176 De
2475 3123 2677 3177 eadem
2707 3139 2787 3176 re.

2209 3212 2362 3266 CXII.
2407 3213 2485 3265 De
2516 3212 2716 3265 eadem
2749 3228 2828 3265 re.

2209 3300 2389 3354 CXIII.
2451 3301 2521 3354 Ut
2577 3301 2799 3355 ancilla:
2830 3316 2864 3353 a
2917 3301 3149 3354 cellario
3190 3301 3650 3371 presbytororum
3696 3311 3844 3350 remo-

473 3439 574 3452 ηπ,
658 3437 697 3452 η
1009 3436 1018 3448 .
1146 3436 1156 3448 .
1240 3437 1250 3448 .
1335 3437 1346 3452 .
1458 3436 1478 3452 ..
1541 3435 1714 3452 ..
1841 3437 1850 3447 .
2277 3393 2535 3443 veantur.

405 3436 876 3549 LX‘XVA.L‘IA)-etillis
923 3436 1024 3509 qui
1071 3436 1414 3508 principales
1451 3436 1783 3491 festivitates
1835 3437 1897 3491 in
1950 3437 2100 3491 villis
2207 3436 2597 3542 ὰ
2646 3478 2894 3545 diaconi,
2945 3478 3091 3532 sicut
3126 3479 3434 3549 episcopus
3475 3483 3530 3534 et
3574 3475 3840 3549 presbyter,

405 3526 957 3670 ιχοειῖδίξζζεάεω
990 3629 1049 3666 τε
2214 3526 3091 3638 "1;...5."auguratu};
3104 3526 3419 3639 signa}:

489 3655 620 3712 3-1::
647 3655 957 3712 ”Σ’..“““”“ῗ⁴
990 3655 1101 3712 ἶν’.
1187 3703 1199 3712 .
1242 3703 1256 3712 .
1286 3703 1316 3712 ..
1663 3703 1696 3712 -.
1785 3709 1793 3712 .
1914 3705 1924 3712 .
1994 3705 2030 3712 -.
2207 3657 2353 3712 CXV.
2389 3657 2467 3710 De
2497 3656 2696 3711 eadem
2727 3673 2809 3710 re.

403 3703 639 3799 LXXV-II:
690 3703 761 3799 Ut
789 3703 1104 3799 presbyteri
1145 3703 1409 3772 plebibus
1459 3703 1802 3758 annuntient
1831 3705 1928 3775 qui
1977 3705 2098 3759 dies

472 3793 588 3845 sint
614 3790 856 3845 feriendi
882 3805 981 3861 per
1006 3806 1241 3844 annum.

469 3879 645 3904 'V‘TIII
719 3878 782 3904 Ιῒι
825 3876 1136 3904 ,νυ-Λημνιηώ
1171 3892 1295 3904 mn...
1349 3877 1678 3904 ἐκκυςιηιω.
1732 3879 2068 3904 -..κ-...ιεηηι

2209 3835 2406 3889 CXVII.
2443 3835 2519 3887 De
2550 3835 3059 3889 incontinentibus.

823 3877 1681 3993 fesmitates
1730 3879 2092 3946 annuntient’
2201 3877 3134 3993 capti
3163 3923 3379 3978 fuerint
3411 3924 3469 3977 in
3498 3917 3839 3980 fornicatione,

469 3966 795 4036 vigiliarum
823 3982 937 4018 non
959 3965 1384 4018 obliviscantur.
2205 3965 2285 3978 “““
2307 3965 2317 3977 ⁷
2467 3965 2544 4022 ’ἵν
2578 3965 2842 3977 “mum”

469 4057 586 4081 ’νιν
645 4056 710 4081 [Tt
761 4053 825 4081 ..Α
878 4053 1244 4081 ηηιηιηιζιηηηο
1285 4051 1656 4081 οηηη-υἶηθηιιιο
1733 4053 1798 4081 ’.Α
1841 4053 2067 4081 κει-...ΑΜ
2563 4016 2660 4065 aut
2689 4011 2842 4066 furto

401 4056 607 4110 LXXlX.
645 4056 714 4108 Ut
760 4053 827 4106 ad
878 4053 1247 4106 salutationes
1285 4051 1679 4118 sacerdotales,
1732 4053 1803 4106 ad
1841 4053 2093 4119 missam,
2205 4051 2902 4155 Οίίῐνόἑνοξᾶξῃὲὶξξνέί
2930 4116 3130 4154 “sum
3154 4099 3514 4154 exercuerim

469 4159 669 4198 omnes
700 4143 900 4196 devote
923 4140 1334 4209 respondeant.
2207 4140 2373 4155 “‘"m
2413 4140 2489 4154 νν
2522 4140 2822 4169 ν⁸“¹“³“³““”
2856 4140 2902 4154 ’⁷⁵
2932 4140 3130 4154 “““”’““’
3155 4140 3531 4154 ”⁴“””““’“““”

2121 4230 2161 4244 η
2205 4188 2346 4242 CXX.
2385 4189 2460 4242 De
2489 4189 2687 4243 eadem
2719 4205 2801 4244 re.

399 4250 580 4304 LXXX.
639 4249 710 4302 Ut
759 4247 952 4300 nullus
1013 4245 1306 4299 ordinatus
1379 4262 1480 4316 per
1537 4251 1731 4301 sancta
1786 4230 2164 4318 discurrat,D

469 4337 718 4392 ecclesiae
751 4351 867 4388 suae
897 4349 1033 4387 cura
1062 4333 1350 4388 derelicta.
2205 4365 2402 4420 cxx".
2439 4366 2516 4420 De
2549 4367 2749 4420 eadem
2788 4382 2870 4420 re,

396 4427 606 4480 LXXXI.
643 4426 720 4478 De
753 4423 1041 4478 dominica
1071 4421 1161 4476 die
1188 4423 1438 4493 qualiter
1469 4422 1540 4476 sit
1571 4425 1911 4478 veneranda.
2205 4453 2426 4508 CXXI".
2463 4455 2540 4508 De
2570 4455 2772 4508 eadem
2796 4471 2876 4508 re.

401 4514 633 4569 LXXXII.
669 4514 809 4567 Item
840 4513 908 4567 de
932 4512 1023 4566 die
1056 4512 1372 4566 Dominica.
2205 4542 2420 4596 cxxw_
2453 4543 2531 4596 De
2558 4543 2757 4596 eadem
2781 4559 2863 4596 re,

683 4603 768 4708 Re
803 4601 1114 4708 6898:!)
2203 4631 2391 4685 CXXV.
2422 4631 2566 4684 Item
2595 4632 2666 4686 de
2699 4630 2993 4685 usurariis.

399 4693 645 4746 LXXXIV.
682 4692 756 4744 De
787 4690 986 4744 eadem
1020 4705 1101 4743 ΓΘ·
2203 4719 2417 4772 CXXVI.
2453 4718 2601 4782 Quid
2632 4719 2703 4772 sit
2735 4735 2925 4773 usura.

395 4799 624 4854 LXXXV.
660 4799 737 4853 De
770 4796 969 4850 eadem
999 4811 1082 4849 re.
2201 4804 2442 4859 CXXVII.
2481 4807 2557 4859 De
2587 4806 2786 4860 eadem
2819 4823 2899 4862 re.

393 4889 650 4943 LXXXVI.
686 4888 765 4940 De
799 4887 1001 4940 eadem
1035 4900 1114 4938 re.
2200 4892 2470 4948 CXXVIII.
2507 4895 2585 4947 De
2607 4895 2810 4949 eadem
2836 4911 2919 4949 re.

390 4977 672 5030 LXXXVII“
706 4975 783 5028 De
815 4974 1019 5028 eadem
1050 4988 1132 5025 re'
2118 4991 2127 4999 '
2197 4982 2408 5038 CXXIX.
2460 4983 2530 5037 Ut
2559 4983 2752 5036 nullus
2783 4999 2848 5036 ex
2897 4983 3277 5038 ecclesiastico
3319 4984 3516 5039 ordine
3546 4977 3727 5037 edendi
3767 4972 3830 5026 vel

390 5065 700 5119 LXXXVIII.
765 5063 836 5117 Ut
898 5060 1094 5115 nullus
1141 5059 1203 5112 in
1267 5058 1578 5113 Dominicis
1646 5059 1846 5116 diebus
1901 5076 2090 5132 genua
2269 5069 2505 5123 bibendi
2532 5085 2703 5122 causa
2735 5069 2998 5124 tabernas
3031 5070 3406 5142 ingrediatur.

460 5153 668 5205 ﬂectat.
2197 5154 2381 5210 CXXX.
2441 5156 2508 5209 Ut
2566 5156 2759 5209 nullus
2811 5172 2880 5210 ex
2935 5173 3095 5210 sacro
3154 5157 3354 5212 ordine
3414 5157 3522 5212 cibi
3572 5154 3648 5208 vel
3699 5150 3826 5221 potus

388 5241 638 5295 LXXXIX.
701 5240 772 5293 Ut
822 5235 1145 5310 presbyteri
1209 5234 1473 5305 privatim
1540 5236 1807 5291 ﬁdelibus
1871 5237 2088 5292 deside-
2265 5260 2432 5297 causa
2462 5243 2729 5298 tabernas
2760 5244 3137 5314 ingrediatur.

457 5329 716 5382 rantibns
773 5326 1133 5392 benedicant,
1185 5330 1242 5378 et
1292 5329 1355 5377 ut
1405 5325 1594 5378 omnis
1637 5327 1936 5396 presbyter
1983 5343 2088 5397 per
2194 5331 2404 5387 CXXXI.
2444 5335 2520 5386 De
2543 5333 2744 5387 eadem
2781 5350 2864 5391 re.

456 5417 723 5480 familias,
780 5431 884 5486 per
939 5429 1124 5483 agros,
1179 5428 1285 5484 per
1339 5413 1584 5484 privatas
1640 5414 1844 5470 domos
1879 5416 2085 5471 habeat
2194 5421 2429 5477 CXXXII.
2486 5423 2556 5476 Ut
2585 5422 2668 5476 illi
2699 5423 2908 5493 quibus
2949 5440 3158 5479 uxores
3204 5425 3446 5480 ducendi
3493 5421 3690 5478 licitum
3735 5424 3820 5467 non

455 5507 785 5562 facultatem
815 5503 1242 5558 benedictiones
1272 5502 1514 5573 aperire.
2262 5511 2368 5575 est,
2401 5507 2645 5563 aliorum
2675 5508 2906 5580 nuptias
2935 5509 3206 5566 devitent.
