4022 6190
144 288 239 338 6‘21
1087 285 1565 342 DECRETORUM
1606 286 1796 342 LIBRI
1834 286 1947 342 XX.
1995 321 2064 330 —
2109 293 2316 350 LIBER
2356 290 2745 349 SECUNDUS.

3605 318 3708 371 622

140 411 421 466 CXXXIII.
458 410 616 472 Ouod
664 425 781 462 non
813 413 1038 479 oportet
1065 409 1127 464 in
1166 410 1380 481 bigami
1412 409 1628 480 nuptiis
1675 425 1850 482 prau-
1882 413 1932 466 A
1975 404 2204 472 CLXIII.
2235 419 2314 472 De
2345 414 2554 471 eadem
2579 429 2662 468 re.

211 501 355 554 dere
390 499 812 571 presbyterum.

139 589 414 644 CXXXIV.
453 589 531 642 De
559 587 752 641 eadem
780 601 865 640 re.

141 678 384 732 CXXXV.
425 678 506 730 De
535 675 731 729 eadem
766 691 849 728 re.

139 767 413 820 CXXXVI.
469 767 537 819 Ut
595 764 784 817 nullus
840 762 1082 816 clericus
1128 764 1189 816 in
1241 764 1352 818 alia
1399 765 1624 820 civitate
1675 764 1860 820 susci-

207 857 414 926 piatur
440 853 568 907 sine
595 851 1084 906 commendatitiis
1116 853 1394 922 epistolis.

139 944 438 999 CXXXVII.
475 944 555 996 De
587 942 784 995 eadem
818 957 901 993 re.

140 1032 470 1087 CXXXVIII.
520 1032 599 1084 De
628 1030 845 1084 clericis
880 1029 1161 1099 fugitivis,
1215 1047 1284 1084 ne
1312 1030 1382 1085 ab
1415 1030 1543 1085 aliis
1570 1031 1861 1103 recipian—

209 1127 326 1175 tur.

141 1211 411 1264 CXXXIX.
465 1210 534 1263 Ut
589 1206 879 1278 peregrini
923 1207 1123 1261 clerici
1177 1208 1301 1261 sine
1343 1207 1548 1262 litteris
1596 1209 1684 1263 sui
1733 1209 1860 1280 epi-

208 1300 379 1370 scopi
408 1314 527 1352 non
553 1297 922 1366 recipiantur.

140 1389 286 1443 CXL.
325 1389 400 1440 Ut
432 1385 622 1439 clerici
652 1385 709 1438 in
757 1385 940 1436 aliena
975 1383 1209 1438 civitate
1259 1401 1372 1438 non
1423 1392 1715 1454 maneant,
1750 1386 1858 1441 nisi

209 1475 533 1546 episcopus
564 1473 666 1526 loci
697 1489 882 1526 mores
914 1488 1126 1526 eorum
1159 1474 1486 1543 praevideat.

139 1566 317 1620 CXLI.
378 1566 459 1618 De
499 1563 715 1616 clericis
763 1565 818 1614 et
851 1563 1157 1615 monachis
1188 1562 1289 1632 qui
1332 1563 1455 1616 sine
1490 1563 1692 1617 litteris
1738 1564 1860 1634 epi-

209 1655 381 1724 scopi
411 1653 502 1706 sui
535 1655 824 1719 vagantur.

141 1744 353 1798 CXLII.
392 1743 471 1795 De
500 1741 693 1794 eadem
727 1755 807 1792 re.

142 1832 384 1887 CXLIII.
423 1831 494 1885 Ut
545 1827 890 1899 pauperibus
936 1831 994 1880 et
1025 1826 1417 1896 indigentibus
1450 1829 1680 1896 auxilio,
1730 1845 1860 1882 cum

213 1920 687 1991 proficiscuntur,
737 1913 990 1985 paciﬁcis
1021 1915 1228 1968 litteris
1276 1915 1349 1970 sit
1380 1917 1858 1971 subveniendum.

146 2009 376 2064 CXLIV.
430 2009 500 2060 Ct
544 2006 626 2059 illi
682 2003 869 2057 clerici
916 2003 1018 2074 qui
1066 2003 1127 2056 in
1176 2003 1313 2057 alias
1361 2005 1682 2075 provincias
1730 2022 1864 2058 suos

217 2100 555 2167 sequuntur
602 2093 875 2158 seniores,
915 2092 1038 2146 sine
1086 2092 1332 2145 formata
1373 2093 1697 2148 ministrare
1747 2109 1862 2147 non

217 2185 660 2256 permittantur.

149 2275 350 2329 CXLV.
403 2271 570 2336 Quod
623 2269 826 2324 clerico
877 2285 992 2322 non
1051 2269 1221 2322 liceat
1276 2269 1493 2323 alienas
1548 2269 1861 2341 possessio—

222 2379 328 2417 nes
379 2361 700 2415 conducere
739 2364 840 2413 aut
884 2358 1254 2412 saecularibus
1285 2375 1344 2412 se
1376 2359 1619 2430 negotiis
1662 2357 1864 2411 immi-

151 2466 385 2590 alii}:
414 2535 483 2588 Ut
515 2534 706 2587 nullus
752 2532 932 2586 laicus
981 2533 1382 2602 presbyterum
1432 2549 1598 2587 suum
1645 2532 1862 2586 villica—

225 2623 376 2678 tioni
407 2621 703 2692 implicare
734 2627 1067 2693 presumat.

154 2713 408 2768 CXLVII.
446 2713 523 2765 De
570 2711 682 2764 illis
725 2710 1072 2781 presbyteris
1114 2709 1214 2780 qui
1263 2716 1466 2765 contra
1512 2714 1725 2765 statuta
1776 2726 1868 2764 ca-

229 2817 454 2854 nonum
500 2800 671 2853 villici
701 2800 868 2865 fiunt,
904 2805 961 2852 et
989 2798 1119 2851 aliis
1161 2797 1268 2851 sibi
1299 2815 1415 2852 non
1447 2798 1726 2854 concessis
1756 2797 1866 2851 im-

229 2889 523 2960 plicantur
548 2889 812 2960 negotiis,
851 2887 1117 2957 vitiisque
1152 2903 1265 2940 non
1295 2887 1685 2941 admittendis.

1975 502 2197 559 CLXIV.
2235 507 2311 559 De
2343 502 2554 557 eadem
2588 517 2668 556 re.

1974 591 2170 646 CLXV.
2205 595 2285 647 Ne
2311 590 2531 678 clerici,
2578 605 2804 678 necnon
2849 595 2964 652 viri
2994 603 3278 678 religiosi,
3325 615 3458 666 ante
3500 612 3700 670 horam

2047 681 2275 735 tertiam
2301 677 2569 734 convivia
2599 677 2815 733 ineant.

1975 766 2196 823 CLXVI.
2228 771 2306 824 De
2337 765 2710 840 presbyteris,
2742 773 2808 823 ut
2837 771 3161 847 hospitales
3189 785 3322 840 sint.

1973 855 2223 911 CLXVII.
2253 859 2333 911 De
2365 855 2571 909 eadem
2609 870 2689 908 re.

1972 944 2243 999 CLXVIII.
2280 947 2350 999 Ut
2381 943 2706 1014 presbyteri
2740 946 2940 1015 plebes
2973 972 3106 1011 suas
3152 965 3214 1014 ut
3245 961 3554 1032 hospitales
3583 967 3696 1022 sint

2045 1034 2422 1087 admoneant.

1973 1120 2188 1176 CLXIX.
2243 1123 2314 1176 Ut
2362 1119 2507 1174 cibis
2562 1123 2927 1183 sacerdotum
2980 1149 3210 1204 semper
3272 1136 3438 1192 lectio
3498 1141 3690 1197 divina

2044 1210 2368 1262 misceatur.

1969 1296 2160 1351 CLXX.
2196 1296 2274 1349 De
2306 1295 2535 1365 clericis
2565 1295 2950 1370 intemperate
2977 1306 3320 1365 viventibus.

1976 1385 2189 1439 CLXXI.
2228 1387 2306 1438 De
2337 1385 2566 1439 clericis
2596 1390 2956 1447 scurrilibus.

1971 1473 2212 1527 CLXXII.
2251 1474 2328 1525 De
2362 1474 2570 1528 eadem
2598 1491 2676 1530 re.

1969 1562 2238 1617 CLXXIII.
2275 1562 2343 1614 Ut
2373 1564 2616 1618 clericus
2643 1565 2946 1637 tidejussor
2976 1587 3090 1625 non
3123 1574 3213 1627 sit.

1975 1649 2235 1705 CLXXIV.
2267 1649 2334 1702 Ut
2363 1652 2608 1706 clericus
2638 1655 2877 1710 barbam
2911 1675 3027 1712 non
3053 1662 3288 1717 nutriat.

1973 1737 2216 1790 CLXXV.
2261 1737 2338 1790 De
2369 1740 2593 1794 clericis
2622 1758 2726 1812 per
2757 1751 3076 1800 creaturam
3102 1750 3456 1818 jurantibus.

1973 1824 2237 1878 CLXXVI.
2285 1826 2359 1878 De
2411 1828 2636 1883 clericis
2687 1832 2789 1901 qui
2833 1833 3258 1891 adulationibus
3301 1844 3358 1893 et
3403 1841 3679 1910 proditio-

2042 1912 2217 1965 nibus
2246 1929 2446 1968 vacare
2478 1917 3011 1988 deprehenduntur.

1973 2002 2262 2056 CLXXVII.
2321 2003 2397 2056 De
2453 2007 2732 2061 ordinatis
2781 2009 2881 2079 qui
2929 2012 3114 2066 solent
3161 2019 3360 2069 contra
3407 2018 3672 2072 ecclesia-

2045 2089 2188 2142 stica
2244 2091 2515 2146 mandata
2569 2095 2808 2149 auribus
2869 2098 3146 2170 principis
3208 2103 3528 2158 molestiam
3587 2105 3676 2159 in-

2045 2177 2215 2231 ferre.

1972 2267 2291 2321 CLXXVIII.
2329 2269 2407 2321 De
2451 2269 2566 2324 illis
2596 2271 2696 2342 qui
2738 2271 3020 2343 episcopis
3062 2276 3179 2329 suis
3208 2293 3278 2330 ne
3330 2293 3427 2332 eos
3454 2279 3525 2334 ad
3554 2297 3678 2335 am-

2045 2355 2290 2426 pliorem
2317 2357 2595 2412 honorem
2625 2359 2686 2413 in
2716 2360 2960 2416 Ecclesia
2985 2378 3086 2416 sua
3114 2372 3512 2434 promoveant,
3546 2384 3678 2423 con-

2045 2445 2353 2499 tradicunt.

1973 2532 2232 2587 CLXXIX.
2292 2534 2369 2587 De
2422 2535 2756 2605 presbytero
2803 2542 2957 2592 certo
3005 2539 3245 2595 crimine
3299 2541 3584 2612 deposito,
3631 2545 3679 2598 si

2046 2622 2117 2676 de
2158 2621 2479 2676 ministerio
2527 2623 2638 2677 sibi
2681 2624 2984 2680 interdicto
3029 2627 3250 2699 aliquid
3307 2645 3475 2700 agere
3525 2647 3680 2701 prae-

2047 2710 2376 2780 sumpserit.

1975 2799 2204 2853 CLXXX.
2269 2799 2346 2852 De
2409 2799 2740 2870 presbytero
2796 2803 2884 2856 vel
2941 2802 3182 2859 diacono
3229 2806 3521 2874 damnato,
3576 2808 3678 2878 qui

2046 2885 2410 2955 imperatoris
2441 2887 2678 2941 auribus
2705 2889 2980 2944 molestus
3010 2892 3307 2948 exstiterit.

160 2979 438 3034 CXLVIII.
488 2978 641 3032 Nulli
691 2978 1055 3044 clericorum,
1105 2991 1176 3028 ne
1220 2975 1567 3031 subdiacono
1608 2974 1861 3046 quidem,
1898 2970 1939 3026 C
1978 2975 2233 3029 CLXXXI.
2288 2976 2367 3028 De
2423 2974 2756 3046 presbytero
2813 2978 2913 3048 qui
2962 2980 3151 3050 pravis
3200 2981 3477 3052 exemplis
3525 2984 3679 3038 mala

232 3066 588 3121 connubium
617 3067 844 3120 carnale
877 3064 1224 3119 conceditur.

161 3157 380 3211 CXLIX.
435 3157 512 3208 De
562 3154 918 3226 principibus
971 3153 1072 3224 qui
1118 3153 1304 3207 solent
1359 3171 1491 3207 suos
1545 3151 1866 3206 sacerdotes

227 3243 551 3315 judicandis
581 3241 918 3296 ministeriis
949 3242 1246 3312 deputare.

159 3333 264 3388 CL.
299 3335 377 3386 De
422 3331 534 3385 illis
568 3331 665 3402 qui
700 3332 816 3384 Deo
849 3329 1062 3384 servire
1107 3328 1444 3399 disponunt,
1493 3333 1558 3384 ut
1586 3329 1656 3384 ad
1689 3327 1866 3382 mini-

231 3421 572 3474 strationem
601 3420 909 3474 domorum
941 3434 1058 3471 non
1089 3417 1378 3472 accedant.

156 3511 292 3566 CLI.
347 3510 490 3563 Item
539 3509 586 3562 si
627 3509 798 3562 liceat
845 3506 1100 3578 aliquem
1147 3522 1217 3559 ex
1263 3507 1413 3561 clero
1460 3506 1864 3562 conductorem

231 3598 587 3670 privatorum
618 3597 772 3653 fieri.

158 3687 325 3742 CLII.
363 3687 434 3741 Ut
461 3686 507 3740 si
555 3685 800 3756 quilibet
845 3683 1144 3738 ordinatus
1190 3682 1342 3737 infra
1385 3699 1579 3737 muros
1626 3680 1866 3736 civitatis

235 3792 496 3841 manens,
529 3781 586 3828 et
614 3774 686 3828 ad
731 3773 1074 3827 sacrificium
1105 3773 1506 3844 quotidianum
1545 3787 1660 3824 non
1695 3785 1864 3824 vene-

237 3864 338 3929 rit,
368 3864 607 3918 clericus
633 3879 749 3917 non
779 3861 1082 3916 habeatur.

162 3953 357 4008 CLIII.
393 3954 468 4006 De
498 3953 696 4006 eadem
732 3969 812 4005 re.

164 4042 349 4097 CLIV.
397 4041 556 4105 Quod
589 4056 791 4094 omnes
841 4038 1166 4093 sacerdotes
1197 4036 1423 4091 Domini
1471 4039 1734 4107 oporteat
1765 4036 1862 4091 do-

241 4130 381 4195 ceri,
407 4133 469 4182 ut
495 4133 732 4183 casteros
758 4129 1046 4181 instruant
1074 4131 1131 4180 et
1158 4125 1264 4178 sibi
1294 4125 1622 4196 proficiant.

167 4217 321 4272 CLV.
355 4217 425 4270 Ut
462 4216 674 4287 singuli
718 4215 1037 4286 presbyteri
1086 4214 1327 4283 singulis
1375 4213 1540 4267 annis
1586 4229 1689 4266 suo
1738 4211 1864 4283 epi-

239 4321 412 4375 scopo
438 4306 507 4360 de
535 4303 854 4359 ministerio
884 4320 984 4358 suo
1014 4303 1300 4357 rationem
1330 4301 1589 4356 reddant.

167 4393 356 4449 CLVI.
393 4395 462 4448 Ut
490 4393 678 4447 omnis
701 4392 1002 4463 presbyter
1031 4391 1140 4445 sibi
1169 4389 1424 4444 subditos
1449 4389 1622 4444 ﬁdem
1653 4387 1868 4443 discere

240 4482 617 4552 constringat.

169 4571 378 4626 CLVII.
413 4571 648 4634 Qualem
697 4568 1116 4640 professionem
1146 4567 1507 4638 presbyteros
1536 4569 1636 4619 aut
1678 4564 1867 4618 diaco-

241 4674 349 4712 nos
379 4674 481 4712 suo
508 4659 778 4728 episcopo
827 4660 1085 4726 oporteat
1116 4655 1319 4720 facere,
1362 4654 1591 4727 quando
1636 4669 1741 4724 per
1766 4669 1872 4723 pa-

241 4746 467 4800 rochias
493 4746 937 4800 constituantur.

169 4835 405 4891 CLVIII.
439 4834 591 4888 Nulli
622 4833 902 4887 monacho
928 4848 1044 4886 non
1075 4829 1378 4897 sacerdoti,
1403 4831 1491 4884 vel
1517 4829 1662 4884 laico
1695 4845 1872 4901 quau-

245 4922 517 4977 tumlibet
544 4922 764 4976 erudito
795 4921 1110 4992 prirdicare
1139 4919 1516 4991 permittitur.

169 5013 348 5068 CLIX.
383 5013 451 5066 Ut
483 5010 831 5081 parochiarii
875 5009 1065 5065 clerici
1113 5010 1184 5064 ab
1224 5007 1506 5079 episcopis
1554 5006 1670 5061 suis
1701 5022 1874 5061 cano-

250 5117 353 5154 nes
381 5101 620 5154 discant.

175 5188 328 5245 CLX.
379 5188 544 5252 Quod
593 5186 735 5242 nulli
785 5185 1143 5240 sacerdotum
1195 5198 1439 5237 canones
1489 5183 1660 5238 liceat
1705 5181 1876 5251 igno-

253 5293 402 5332 rare.

177 5367 357 5422 CLXI.
409 5367 488 5420 De
538 5363 883 5436 presbyteris
924 5359 1368 5434 parochialibns,
1420 5375 1552 5413 cum
1597 5373 1876 5413 convene-

252 5455 393 5524 rint,
424 5459 486 5508 ut
514 5471 572 5508 se
605 5453 892 5508 inebriare
918 5468 1032 5507 non
1060 5450 1326 5505 audeant.

177 5543 386 5600 CLXII.
421 5544 496 5597 De
527 5542 729 5598 eadem
760 5558 842 5599 re.

2047 3063 2115 3116 de
2148 3079 2207 3116 se
2240 3063 2518 3133 suspicari
2550 3065 2898 3135 permiserit.

1977 3151 2257 3204 CLXXXII.
2294 3153 2371 3204 De
2403 3152 2604 3206 eadem
2635 3170 2716 3208 re.

1975 3240 2284 3295 CLXXXIII.
2338 3240 2395 3294 Si
2449 3241 2688 3296 clericus
2716 3244 2984 3299 adversus
3031 3247 3300 3301 clericum
3349 3247 3524 3303 habet
3570 3265 3676 3304 ne-

2046 3327 2290 3398 gotium,
2325 3332 2388 3382 ut
2417 3329 2488 3383 ad
2520 3332 2815 3385 saecularia
2845 3349 2956 3388 non
2984 3342 3241 3390 recurrat
3259 3335 3494 3405 judicia.

1975 3417 2277 3471 CLXXXIV.
2337 3417 2416 3469 De
2469 3420 2816 3490 presbyteris
2875 3422 2974 3492 qui
3024 3440 3056 3476 a
3107 3424 3372 3493 plebibus
3428 3424 3675 3482 infama-

2041 3504 2280 3570 buutur,
2314 3507 2604 3574 quomodo
2637 3509 2870 3578 purgari
2902 3511 3167 3566 debeant.

1974 3591 2249 3646 CLXXXV.
2307 3591 2364 3646 Si
2418 3594 2623 3665 aliquis
2671 3613 2738 3650 ex
2798 3597 3075 3652 ordinatis
3127 3599 3196 3654 ab
3252 3599 3519 3671 episcopo
3571 3620 3676 3659 suo

2047 3679 2351 3775 damnatus
2383 3679 2577 3750 fuerit,
2613 3688 2674 3736 ut
2722 3699 2838 3737 non
2869 3685 3074 3741 debeat
3116 3688 3186 3742 ab
3230 3688 3424 3759 aliquo
3474 3691 3674 3745 defen-

2047 3783 2180 3820 881⁵1.

1973 3855 2278 3912 CLXXXVI.
2315 3856 2392 3908 De
2417 3857 2754 3927 presbytero
2787 3875 2818 3912 a
2841 3859 3057 3930 populo
3089 3867 3368 3916 accusata.

1977 3943 2314 3999 CLXXXVII.
2371 3944 2449 3997 De
2499 3946 2715 3999 clericis
2763 3949 3035 4002 convictis
3071 3956 3128 4004 et
3157 3951 3447 4019 confessis,
3491 3954 3538 4006 si
3581 3954 3674 4007 in-

2047 4036 2135 4085 tra
2165 4048 2380 4086 annum
2430 4049 2658 4088 causam
2705 4051 2868 4090 suam
2909 4053 3157 4109 purgare
3200 4042 3674 4111 contempserint,

2048 4121 2206 4174 nulla
2236 4137 2343 4174 vox
2376 4137 2579 4176 eorum
2613 4129 2742 4194 post
2776 4125 3057 4181 audiatur.

1982 4208 2335 4263 CLXXXVIII.
2391 4210 2458 4264 Ut
2488 4211 2680 4266 nullus
2710 4228 2776 4266 ex
2807 4213 3082 4268 ordinatis
3129 4215 3274 4270 laico
3302 4216 3497 4286 jurare
3527 4234 3674 4288 pras-

2053 4302 2258 4350 sumat.

1979 4385 2276 4440 CLXXXIX.
2347 4385 2405 4439 Si
2460 4389 2764 4459 presbyter
2811 4395 2910 4444 aut
2964 4392 3242 4448 diaconus
3306 4395 3366 4449 in
3428 4395 3674 4451 fornica-

2049 4474 2229 4541 tione,
2259 4479 2356 4527 aut
2388 4477 2664 4546 perjurio,
2709 4485 2808 4534 aut
2846 4479 2998 4534 furto
3025 4487 3224 4552 captus
3254 4483 3446 4550 fuerit,
3478 4485 3547 4538 ab
3592 4485 3676 4539 of-

2050 4562 2181 4616 ﬁcio
2210 4564 2608 4632 suspendatur.

1982 4652 2124 4706 CXC.
2182 4652 2259 4705 De
2305 4652 2604 4721 ordinatis,
2638 4655 2686 4708 si
2713 4655 2920 4726 aliquis
2968 4657 3200 4712 illorum
3248 4676 3552 4730 percussor
3580 4677 3674 4715 ex-

2051 4739 2276 4794 stiterit.

1981 4828 2152 4884 CXCI.
2206 4829 2284 4883 De
2342 4829 2692 4900 presbyteris
2739 4833 2839 4904 qui
2883 4838 3118 4904 propter
3167 4850 3329 4890 suam
3376 4837 3676 4907 negligen-

2052 4919 2193 4972 tiam
2225 4918 2632 4988 degradantur.

1983 5006 2183 5062 CXCII.
2217 5006 2293 5058 De
2323 5006 2621 5074 ordinatis,
2649 5009 2697 5063 si
2727 5009 2937 5079 injuste
2968 5011 3265 5081 degradati
3293 5011 3529 5068 fuerint.

1985 5094 2208 5150 CXCIII.
2264 5095 2342 5149 De
2375 5095 2652 5150 ordinatis
2699 5099 2800 5169 qui
2829 5099 3161 5170 episcopum
3206 5100 3507 5172 proprium
3550 5118 3681 5157 con-

2055 5187 2345 5238 temnunt.

1987 5270 2204 5326 CXCIV.
2256 5271 2313 5325 Si
2360 5272 2662 5343 presbyter
2703 5279 2899 5328 contra
2931 5291 3097 5328 suum
3136 5276 3466 5348 episcopum
3515 5279 3680 5334 inﬂa-

2063 5363 2148 5412 tus
2180 5358 2428 5412 schisma
2457 5360 2672 5427 fecerit,
2704 5366 2764 5415 ut
2791 5362 3322 5418 anathematizetur.

1988 5447 2180 5504 CXCV.
2214 5448 2292 5501 De
2322 5447 2437 5502 illis
2463 5449 2564 5520 qui
2590 5449 2840 5520 aliquem
2872 5466 2944 5504 ex
2973 5450 3248 5506 ordinatis
3275 5452 3417 5507 falso
3443 5456 3682 5511 crimine

2059 5535 2428 5607 appetierint.
