4022 6190
380 254 488 307 623

1457 247 1865 304 BURCHARDI
1907 243 2443 302 WORMACIENSIS
2483 243 2797 300 EPISCOPI
2806 285 2819 297 .
3724 257 3806 310 624

384 374 600 430 CXCVI.
636 374 707 427 Ut
734 370 1067 426 criminator
1102 369 1319 423 crimen
1352 368 1640 424 criminati
1689 365 1895 421 litteris
1923 381 2087 420 com-
2115 367 2162 420 Α
2201 363 2450 418 CCXVII.
2479 363 2555 416 De
2589 361 2788 416 eadem
2822 376 2901 416 re.

455 464 826 534 prehensum,
871 465 1002 514 ante
1051 459 1473 513 accusationem
1526 458 1795 528 episcopo
1845 471 1948 510 suo
1996 471 2086 508 re-

458 555 790 622 praesentet.

389 641 632 696 CXCVII.
673 640 738 693 Ut
769 639 960 692 nullus
1002 653 1067 690 ex
1099 635 1382 692 ordinatis
1430 651 1488 689 se
1518 634 1838 706 proclamet
1885 632 1946 687 in
1992 648 2090 701 sy-

460 729 608 783 nodo
638 727 750 782 nisi
781 725 1024 796 scriptis.

388 817 660 873 CXCVIII.
704 817 781 869 De
828 814 1167 868 clericorum
1214 811 1664 879 accusatoribus,
1705 809 1752 864 si
1799 826 1981 864 unum
2025 824 2091 862 ex

461 904 693 975 objectis
745 902 989 973 probare
1041 917 1161 956 non
1220 901 1536 972 potuerint,
1593 901 1662 954 ad
1714 903 1920 954 caetera
1974 913 2093 952 non

461 993 859 1047 admittantur.

390 1082 602 1136 CXCIX.
639 1082 715 1134 De
748 1079 1014 1149 episcopo
1066 1081 1164 1132 aut
1214 1078 1567 1149 presbytero,
1619 1077 1666 1130 si
1696 1092 1865 1131 causa
1907 1075 2095 1129 crimi-

464 1169 608 1222 nalis
656 1168 736 1222 eis
787 1173 1051 1237 reputata
1097 1167 1290 1232 fuerit,
1327 1166 1620 1237 quomodo
1673 1181 1730 1219 se
1775 1178 2093 1236 expurgare

464 1257 733 1310 debeant.

393 1344 494 1399 CC.
557 1345 622 1398 Ut
672 1343 864 1397 clerici
917 1343 986 1396 ab
1044 1342 1246 1397 alienis
1299 1342 1591 1412 judicibus
1641 1358 1758 1396 non
1816 1340 2095 1395 constrin-

465 1436 693 1502 gantur.

393 1521 525 1575 CCI.
567 1521 981 1576 Criminantem
1017 1520 1228 1590 injuste
1279 1525 1335 1572 et
1361 1535 1479 1572 non
1527 1519 1863 1590 probantem
1895 1517 2093 1571 verbe-

466 1609 623 1662 ribus
653 1609 883 1678 publice
932 1608 1350 1678 castigandum,
1398 1614 1454 1661 et
1494 1608 1554 1661 in
1586 1607 1850 1661 exsilium
1893 1606 2095 1676 depor-

465 1697 725 1752 tandum.

396 1785 548 1840 CCII.
603 1785 674 1838 Ut
717 1785 762 1838 si
811 1786 940 1855 quis
989 1784 1258 1838 clericum
1311 1785 1681 1852 accusaverit,
1737 1788 1792 1838 et
1838 1782 2094 1837 testimo-

465 1873 626 1926 niare
685 1889 806 1927 non
863 1874 1136 1942 potuerit,
1197 1880 1488 1928 accusator
1558 1889 1788 1944 pmuam
1848 1871 2094 1926 accusati

465 1961 725 2032 accipiat.

395 2050 576 2104 CCIII.
614 2050 683 2103 Ut
714 2049 860 2102 sicut
906 2049 1036 2102 laici
1087 2049 1319 2102 clericos
1379 2049 1434 2102 in
1485 2048 1851 2104 saecularibus
1897 2048 1956 2101 in
1991 2063 2093 2100 sua

466 2137 822 2191 accusatione
870 2153 984 2191 non
1018 2137 1324 2208 recipiunt,
1360 2138 1438 2191 ita
1468 2153 1571 2192 nec
1598 2138 1708 2208 ipsi
1750 2138 1809 2191 in
1840 2137 2092 2191 sacerdo-

463 2231 583 2278 tum
620 2224 994 2294 recipiantur.

391 2314 568 2368 CCIV.
615 2313 686 2366 Ut
732 2313 1129 2367 testimonium
1170 2313 1298 2368 laici
1347 2317 1548 2368 contra
1600 2312 1870 2368 clericum
1921 2327 2091 2365 nemo

462 2401 756 2470 suscipiat.

392 2490 542 2546 CCV.
577 2491 656 2544 De
707 2489 984 2543 ordinatis
1017 2489 1065 2543 si
1113 2489 1358 2544 accusati
1386 2489 1622 2556 fuerint,
1667 2487 1822 2560 quod
1851 2487 2091 2542 testibus

466 2595 524 2632 se
555 2594 821 2632 excusare
849 2578 1173 2632 debuerint.

394 2667 570 2722 CCVI.
606 2668 684 2721 De
731 2667 1049 2721 substantia
1081 2667 1334 2722 defuncti
1383 2665 1726 2737 presbyteri,
1779 2665 1941 2736 cujus
1970 2681 2090 2720 esse

463 2755 688 2810 debeat.

389 2843 594 2900 CCVII.
647 2845 723 2897 De
778 2844 1120 2916 presbyteris
1165 2844 1265 2914 qui
1315 2843 1435 2898 sine
1489 2848 1832 2898 testamento
1881 2843 2088 2898 disces-

461 2932 658 2986 serint.

391 3019 623 3074 CCVIII.
711 3021 789 3074 De
872 3020 1089 3075 clericis
1173 3021 1272 3092 qui
1360 3020 1655 3075 laicalibus
1737 3018 2095 3074 vestimentis

460 3113 724 3162 utuntur.

390 3194 568 3250 CCIX.
603 3196 682 3249 De
715 3195 915 3250 eadem
941 3212 1026 3250 re.

391 3281 534 3337 CCX.
594 3285 670 3337 De
717 3283 937 3338 clericis
987 3284 1087 3355 qui
1146 3284 1332 3339 otiose
1374 3285 1436 3339 in
1483 3284 1760 3340 nundinis
1811 3283 2089 3340 deambu-

461 3372 603 3427 lant.

389 3459 562 3515 CCXI.
596 3461 664 3516 Ut
694 3460 887 3517 nullus
917 3478 985 3517 ex
1011 3464 1160 3517 clero
1193 3478 1353 3517 arma
1374 3463 1648 3518 militaria
1675 3467 1886 3534 portet.

389 3549 590 3604 CCXII.
625 3549 695 3603 Ut
743 3566 941 3604 omnes
989 3551 1183 3605 clerici
1213 3552 1395 3622 magis
1441 3552 1736 3607 conﬁdant
1785 3551 1847 3605 in
1893 3550 2116 3633 defen-_

458 3637 619 3691 sione
650 3638 751 3692 Dei
783 3655 956 3709 quam
990 3639 1049 3693 in
1081 3640 1282 3694 armis.

386 3724 609 3779 CCXIII.
650 3727 725 3779 De
755 3726 869 3780 illis
918 3727 1018 3797 qui
1065 3744 1128 3781 ex
1161 3729 1543 3783 ecclesiastico
1596 3728 1820 3794 ordine,
1873 3732 1970 3782 aut
2000 3742 2090 3780 ve-

454 3819 686 3880 nantur,
718 3821 818 3869 aut
846 3832 977 3869 cum
1012 3816 1375 3887 accipitribus
1404 3818 1693 3887 jocantur.

385 3901 600 3957 CCXIV.
664 3904 738 3956 De
802 3904 978 3957 servis
1041 3905 1164 3972 Dei,
1221 3911 1285 3958 ut
1344 3921 1544 3958 omnes
1603 3903 1872 3958 silvatica:
1925 3918 2090 3973 vaga-

456 3989 643 4044 tiones
693 4008 823 4044 cum
870 3992 1111 4046 canibus
1161 3998 1217 4046 et
1265 3993 1632 4063 accipitribus
1687 3991 1801 4046 illis
1852 3990 2090 4045 interdi-

454 4083 676 4132 cantur.

2200 451 2474 507 CCXVIII.
2519 451 2596 504 De
2637 449 2839 504 ofﬁciis
2886 455 2943 504 et
2987 449 3322 504 ministeriis
3362 456 3557 522 septem
3597 456 3811 514 diacono-
3920 473 3921 490 ῖ

2272 557 2401 596 rum
2430 555 2561 594 cum
2609 539 3071 604 subdiaconibus,
3113 545 3171 593 et
3217 541 3557 610 sequentium
3591 547 3811 602 ordinum

2271 628 2550 684 ministris
2581 627 2968 682 observandis.

2201 719 2414 774 CCXIX.
2446 719 2522 772 De
2553 733 2794 771 numero
2823 721 2976 771 certo
2999 717 3392 772 diaconorum.

2203 808 2391 862 CCXX.
2429 806 2504 859 Ue
2537 807 2733 860 eadem
2764 822 2848 860 re.

2203 892 2419 949 CCXXI.
2492 895 2561 948 Ut
2633 893 2859 948 diaconi
2933 909 3124 948 coram
3190 894 3520 965 presbyteris
3587 912 3689 950 non
3751 915 3818 952 se-

2280 983 2472 1037 deanL

2280 1009 2472 1037 ueau.

2203 1009 2452 1126 CCXXII.t
2498 1072 2576 1126 De
2619 1070 2953 1126 diaconibus
3000 1071 3099 1141 qui
3151 1086 3210 1124 se
3259 1071 3586 1142 presbyteris
3626 1077 3819 1144 antepo-

2277 1165 2443 1215 nunL

2205 1249 2471 1306 CCXXIII.
2535 1249 2602 1303 Ut
2651 1247 2949 1304 exorcistaa
2990 1247 3395 1318 energumenis
3447 1264 3632 1302 manus
3679 1249 3817 1319 impo-

2276 1343 2417 1380 nant

2275 1343 2433 1393 nant

2204 1429 2465 1483 CCXXIV.
2536 1428 2613 1481 De
2679 1426 2899 1480 honore
2959 1425 3235 1480 universis
3302 1424 3588 1479 ordinibus
3645 1441 3818 1494 compe-

2276 1521 2450 1571 tente.

2207 1607 2436 1662 CCXXV.
2492 1607 2568 1659 De
2619 1603 3013 1658 sacerdotibus
3061 1603 3162 1674 qui
3209 1602 3520 1673 adimplere
3567 1618 3711 1655 suum
3752 1603 3821 1655 mi-

2278 1695 2558 1749 nisterum
2618 1693 2902 1756 nesciunt,
2949 1708 3051 1746 nec
3102 1692 3320 1745 discere
3365 1691 3574 1759 volunt,
3615 1691 3741 1761 quod
3775 1691 3821 1744 ab

2273 1783 2462 1838 officio
2491 1782 2606 1836 sint
2635 1781 2984 1837 removendi.

2205 1871 2469 1927 CCXXVI.
2539 1871 2608 1925 Ut
2667 1870 2816 1922 inter
2873 1869 3108 1922 clericos
3162 1883 3278 1922 non
3343 1872 3716 1937 computentur
3756 1868 3822 1938 qui

2273 1960 2377 2014 sub
2409 1959 2622 2013 nullius
2654 1957 2905 2028 episcopi
2936 1957 3233 2028 disciplina
3267 1956 3642 2010 inveniuntur.

2203 2049 2486 2104 CCXXVII.
2544 2048 2846 2117 Exemplar
2895 2047 3155 2100 formatae
3204 2045 3464 2115 epistolas
3522 2060 3638 2116 qua:
3680 2045 3727 2098 in
3761 2045 3822 2098 Χί-

2273 2152 2430 2190 cmna
2459 2136 2676 2206 synodo
2709 2152 2740 2188 a
2770 2135 2980 2190 sanctis
3011 2134 3270 2188 Patribus
3299 2138 3386 2186 est
3421 2133 3650 2187 formata
3673 2140 3718 2186 et
3746 2134 3820 2184 col-

2273 2225 2523 2279 laudata.

2201 2313 2516 2368 CCXXVIII.
2549 2314 2625 2367 De
2654 2313 2753 2366 illo
2787 2312 2886 2383 qui
2917 2311 3110 2381 fugam
3143 2310 3335 2364 fratris
3367 2310 3647 2364 celaverit.

2201 2403 2459 2458 CCXXIX.
2494 2403 2572 2456 De
2621 2401 2733 2455 illis
2765 2401 2863 2472 qui
2917 2400 3280 2472 presbyteros
3332 2416 3466 2453 suos
3499 2400 3635 2453 male
3677 2401 3824 2451 tracta-

2272 2491 2475 2545 verint.

2201 2580 2431 2634 CCXXX.
2469 2580 2540 2633 Ut
2580 2593 2792 2631 nomen
2851 2593 3014 2648 papae
3071 2576 3130 2630 in
3182 2576 3444 2630 Ecclesiis
3498 2576 3688 2629 sanctis
3726 2573 3828 2626 reci-

2270 2671 2440 2723 tetur.

2201 2757 2455 2813 CCXXXI.
2503 2757 2572 2811 Ut
2621 2755 2916 2826 presbyter
2967 2759 3067 2808 aut
3113 2755 3392 2808 diaconus
3445 2755 3541 2825 qui
3587 2751 3832 2807 canonicus

2271 2861 2392 2900 non
2434 2849 2534 2908 est,
2573 2843 2670 2897 sed
2715 2843 2776 2896 in
2821 2843 2968 2896 villis
3019 2842 3256 2909 habitat,
3307 2858 3594 2913 nusquam
3633 2854 3832 2894 summas
3920 2831 3921 2906 ἶ

2125 2923 2166 2978 C
2271 2933 2605 2988 festivitates
2635 2930 2902 2998 celebret,
2932 2930 3040 2983 nisi
3072 2931 3131 2983 in
3162 2931 3508 2985 civitatibus.

2204 3022 2482 3078 CCXXX“
2563 3022 2631 3075 Ut
2695 3019 3042 3090 Ρτεεδῖῐθτὶε
3108 3024 3360 3090 potestas
3434 3016 3748 3090 praedicandi
3790 3015 3830 3069 in
3920 3005 3921 3030 ξ

2273 3111 2392 3164 suis
2425 3108 2684 3180 plebibus
2713 3106 3078 3161 concedatur.

2203 3197 2508 3253 CCXXXIII.
2546 3197 2622 3250 De
2654 3195 2871 3250 clericis
2903 3194 3004 3266 qui
3032 3195 3091 3248 in
3122 3195 3245 3249 rixa
3276 3195 3699 3250 interﬁciuntur.

2203 3287 2502 3342 CCXXXIV.
2562 3285 2642 3339 De
2709 3283 2926 3339 clericis
2992 3284 3092 3354 qui
3142 3301 3173 3338 ει
3230 3284 3487 3338 dominis
3550 3284 3658 3336 suis
3713 3279 3833 3335 liberi

2272 3375 2407 3429 facti
2438 3379 2589 3428 sunt.

2201 3463 2476 3518 CCXXXV.
2545 3463 2623 3516 De
2687 3461 3033 3533 presbyteris
3099 3461 3198 3532 qui
3266 3462 3567 3532 parochias
3618 3457 3830 3528 fugerint

2271 3552 2333 3606 in
2363 3551 2570 3621 quibus
2596 3551 2764 3604 locati
2797 3555 2950 3605 sunt.

2199 3641 2499 3696 CCXXXVI.
2555 3641 2633 3693 De
2690 3639 3035 3709 presbyteris
3091 3639 3192 3710 qui
3239 3638 3484 3693 crimine
3526 3636 3732 3709 capitali
3773 3649 3833 3686 ac-

2271 3732 2564 3795 cusantur,
2615 3732 2670 3782 et
2699 3728 2964 3798 collegas,
3019 3727 3232 3798 quibus
3263 3744 3322 3782 sc
3355 3743 3614 3783 excusare
3650 3722 3832 3797 possint,

2269 3834 2386 3870 non
2421 3816 2649 3870 habent.

2198 3907 2525 3961 CCXXXVII.
2554 3906 2632 3959 De
2661 3904 3068 3975 praedicatione
3104 3905 3598 3974 presbyterorum.

2195 3994 2550 4050 CCXXXVIII.
2586 3995 2664 4047 De
2713 3993 3123 4061 ecclesiasticis,
3159 3994 3207 4047 si
3257 3996 3556 4048 saeculares
3588 3993 3832 4064 potestates

2266 4082 2477 4136 habere
2507 4081 2854 4136 desiderant.

382 4163 570 4220 CCXV.
630 4167 700 4221 Ut
751 4167 984 4256 clericos
1033 4168 1420 4224 discordantes
1477 4169 1777 4240 episcopus
1826 4183 1929 4222 sua
1980 4183 2084 4238 po-
2115 4202 2158 4256 Β
2199 4172 2491 4226 CCXXXIX.
2553 4171 2623 4224 Ut
2678 4170 2784 4224 viri
2838 4184 3067 4224 veraces
3139 4175 3197 4224 et
3255 4172 3437 4225 Deum
3501 4171 3744 4226 timentes
3791 4164 3832 4256 in

454 4258 655 4307 testate
687 4255 1033 4308 reconciliet.

381 4340 596 4395 CCXVI.
634 4342 711 4395 De
745 4342 965 4396 clericis
1012 4344 1114 4413 qui
1161 4346 1536 4416 proruperint
1565 4347 1625 4401 in
1670 4348 1930 4400 mutuam
1975 4360 2084 4421 caa-

453 4429 604 4482 dem.

2266 4259 2584 4313 civitatibus
2640 4263 2696 4312 et
2762 4258 2823 4311 in
2882 4257 3128 4328 publicis
3198 4258 3338 4313 vicis
3411 4259 3605 4315 decani
3669 4252 3829 4311 consti-

2266 4350 2521 4401 tuantur.

2670 4431 2845 4484 naict's
2869 4430 3232 4500 capitulorum
3259 4433 3408 4498 ﬁnis.
