3960 6192
156 329 262 379 625

1103 324 1579 381 DECRETORUM
1626 324 1806 379 LIBRI
1848 324 1956 378 XX.
1993 352 2060 362 —
2105 322 2309 377 LIBER
2343 322 2717 380 SECUNDUS.

3565 330 3669 381 626

1492 612 2333 718 BURCHABDI

1269 830 1615 886 ECCLESIAS
1655 829 2190 885 WORMACIENSIS
2232 830 2543 885 EPISCOPI

315 1028 1667 1176 DECRETORUM
1769 1030 2359 1176 LIBER
2467 1033 3479 1180 SECUNDUS

1435 1306 1530 1369 DE
1580 1305 1861 1372 SACBIS
1911 1308 2364 1374 ORDINIBUS.

626 1644 1105 1699 ARGUMENTUM
1156 1645 1361 1699 LIBRI.

215 1734 385 1789 Liber
414 1733 507 1787 hic
539 1732 986 1797 ordinationem,
1020 1739 1435 1804 congruentem
1474 1734 1835 1805 dignitatem.

134 1821 274 1875 vitae
337 1820 690 1891 qualitatem,
740 1820 949 1887 ofﬁcia,
996 1821 1429 1893 ministeriaque
1475 1826 1838 1895 presbytero-

134 1926 294 1975 rum,
339 1909 728 1970 diaconorum,
769 1909 1239 1981 reliquorumque
1277 1911 1543 1966 ordinum
1580 1914 1838 1968 ecclesia-

135 1998 418 2051 sticorum
452 1997 870 2068 complectitur.

135 2088 272 2143 CAP.
333 2089 372 2141 l.
437 2118 500 2127 —
563 2090 636 2141 De
663 2086 1099 2141 ordinationibus
1129 2088 1577 2156 presbyterorum,
1631 2097 1680 2145 et
1719 2093 1843 2145 reli-

726 2174 952 2226 quorum
993 2159 1264 2212 ordinum.

215 2248 327 2316 (Ea:
373 2248 559 2301 concil.
610 2248 957 2314 Nannetensi,
1009 2263 1125 2316 cap.
1171 2250 1246 2311 3.)
1297 2248 1609 2320 Episcopus
1653 2267 1839 2321 quau-

134 2335 213 2389 do
262 2335 657 2389 ordinationes
712 2335 895 2388 facere
947 2335 1216 2405 disponit,
1261 2353 1460 2391 omnes
1504 2338 1604 2409 qui
1648 2340 1717 2392 ad
1750 2355 1840 2392 sa-

135 2440 305 2477 crum
357 2423 735 2477 ministerium
760 2424 1024 2477 accedere
1056 2425 1259 2478 volunt
1288 2425 1429 2478 feria
1464 2432 1669 2497 quarta
1711 2432 1841 2482 ante

134 2512 327 2583 ipsam
398 2512 818 2566 ordinationem
885 2512 1152 2566 evocandi
1222 2519 1356 2566 sunt
1411 2514 1480 2567 ad
1536 2515 1842 2584 civitatem,

138 2618 253 2653 una
288 2616 422 2653 cum
471 2600 974 2670 archipresbyteris
1018 2600 1116 2670 qui
1158 2616 1255 2653 eos
1305 2606 1714 2671 representare
1744 2603 1842 2656 de-

135 2690 299 2743 bent.
336 2690 401 2743 Et
431 2695 565 2742 tunc
621 2688 919 2759 episcopus
967 2704 997 2741 e
1028 2690 1203 2743 latere
1246 2705 1347 2743 suo
1397 2690 1645 2760 dirigere
1679 2692 1844 2745 debet

133 2778 483 2844 sacerdotes,
544 2782 600 2830 et
656 2777 797 2830 alios
856 2777 1167 2846 prudentes
1224 2777 1391 2842 viros,
1445 2794 1655 2848 gnaros
1704 2780 1843 2849 legis

136 2867 372 2930 divinae,
422 2872 478 2919 et
517 2866 848 2919 exercitatos
898 2865 958 2918 in
992 2866 1384 2920 ecclesiasticis
1431 2868 1837 2933 sanctionibus,

135 2956 238 3026 qui
296 2954 754 3008 ordinaudorum
788 2954 982 3020 vitam,
1034 2970 1234 3024 genus,
1287 2955 1555 3025 patriam,
1591 2962 1837 3019 aetatem,

134 3044 585 3109 institutionem,
636 3043 823 3096 locum
868 3041 965 3096 ubi
1012 3043 1235 3096 educati
1285 3044 1416 3108 sint,
1467 3045 1512 3098 si
1544 3045 1657 3099 sint
1699 3046 1841 3099 bene

135 3133 399 3193 litterati,
432 3132 479 3185 si
511 3132 571 3185 in
608 3132 733 3201 lege
769 3131 997 3185 Domini
1027 3131 1313 3198 instructi,
1348 3132 1656 3202 diligenter
1684 3133 1840 3186 inve-

136 3222 395 3292 stigent:
451 3226 583 3274 ante
637 3220 835 3274 omnia
890 3220 936 3273 si
985 3220 1157 3273 ﬁdem
1208 3220 1543 3275 catholicam
1600 3222 1843 3275 ﬁrmiter

134 3315 397 3375 teneant,
431 3315 485 3363 et
532 3309 717 3363 verbis
770 3308 1127 3378 simplicibus
1157 3324 1409 3361 asserere
1441 3315 1673 3380 queant.
1728 3309 1842 3379 Ipsi

133 3404 331 3452 autem
391 3398 600 3469 quibus
660 3398 767 3451 hoc
825 3396 1204 3450 committitur
1258 3412 1453 3449 cavere
1510 3397 1719 3450 debent
1769 3414 1841 3451 ne

134 3495 237 3543 aut
264 3488 481 3541 favoris
512 3485 713 3556 gratia,
755 3492 854 3539 aut
886 3484 1277 3554 cujuscunque
1320 3484 1573 3538 muneris
1612 3485 1842 3555 cupidi-

131 3582 252 3631 tate
284 3576 484 3641 illecti,
526 3592 558 3628 a
610 3591 741 3628 vero
769 3575 1015 3639 devient,
1076 3580 1136 3628 ut
1183 3574 1507 3644 indignum,
1541 3580 1599 3627 et
1651 3574 1842 3627 minus

129 3667 416 3721 idoneum
483 3664 550 3717 ad
608 3679 795 3717 sacros
869 3662 1077 3733 gradus
1138 3662 1526 3732 suscipiendos
1593 3662 1844 3733 episcopi

130 3755 410 3809 manibus
456 3752 761 3821 applicent.
818 3752 978 3815 Quod
1007 3751 1055 3804 si
1096 3752 1354 3817 fecerint,
1386 3756 1440 3804 et
1470 3750 1566 3804 ille
1614 3750 1713 3820 qui
1745 3751 1835 3804 in-

129 3844 310 3913 digne
360 3841 661 3895 accesserit
711 3842 779 3894 ad
828 3841 1006 3893 altare
1037 3839 1443 3904 removebitur,
1494 3845 1549 3892 et
1603 3839 1685 3892 illi
1741 3838 1841 3908 qui

128 3932 357 3985 donum
391 3932 570 3983 sancti
616 3929 862 3998 Spiritus
905 3928 1154 3982 vendere
1202 3928 1387 3980 conati
1439 3932 1593 3991 sunt,
1645 3942 1841 3979 coram

130 4021 251 4073 Deo
299 4020 425 4087 jam
482 4017 866 4083 condemnati,
919 4016 1302 4070 ecclesiastica
1353 4015 1630 4086 dignitate
1683 4030 1839 4067 care-

124 4108 303 4161 bunt.
340 4107 521 4176 Igitur
550 4122 653 4175 per
679 4109 792 4158 tres
826 4104 1129 4158 continuos
1186 4104 1306 4157 dies
1355 4103 1662 4173 diligenter
1709 4118 1841 4156 exa-

125 4195 460 4261 minentur,
511 4198 566 4247 et
612 4193 691 4247 sic
737 4192 981 4247 Sabbato
1022 4194 1122 4263 qui
1173 4192 1399 4262 probati
1445 4191 1662 4245 inventi
1704 4194 1837 4244 sunt
1868 4191 1910 4244 Ι)

124 4285 407 4353 episcopo
437 4286 938 4351 repraesententur.

126 4373 266 4426 CAP.
308 4372 374 4424 ll.
411 4400 476 4409 ——
508 4371 631 4436 Qua
680 4370 986 4494 presbyéezi
1026 4371 1322 4494 nicessario
1368 4369 1573 4423 discere
1608 4373 1659 4421 et
1704 4370 1842 4421 scire

907 4457 933 4494 e
970 4457 1071 4494 ean
1101 4480 1114 4494 .

907 4457 1114 4495 eaeam.

199 4534 317 4600 (Ea:
354 4529 519 4583 dictis
549 4530 807 4597 August.)
840 4529 977 4593 Quae
1016 4528 1155 4599 ipsis
1204 4528 1596 4582 sacerdotibus
1638 4543 1839 4582 neces—

120 4620 286 4673 saria
322 4619 441 4672 sint
484 4619 554 4673 ad
604 4618 962 4684 discendum,
1010 4618 1067 4672 id
1099 4622 1221 4671 est:
1257 4617 1402 4670 liber
1449 4620 1840 4669 sacramento-

119 4725 289 4772 rum,
383 4706 771 4773 lectionarius,
867 4706 1328 4775 antiphouarius,
1421 4704 1837 4775 baptisterium,

120 4801 469 4866 computus,
522 4795 715 4849 Canon
762 4795 1192 4865 paenitentialis,
1237 4794 1592 4859 Psalterium,
1638 4795 1841 4848 lIome-

116 4887 219 4939 liae
256 4900 366 4955 per
396 4883 673 4937 circulum
724 4884 860 4937 anni
900 4883 1217 4937 Dominicis
1246 4883 1466 4947 diebus,
1509 4888 1566 4935 et
1600 4880 1840 4951 singulis

117 4972 540 5027 festivitatibus
601 4977 770 5041 aptae.
834 4974 911 5027 Ex
975 4972 1185 5042 quibus
1248 4971 1515 5025 omnibus
1565 4970 1612 5024 si
1660 4986 1837 5024 unum

117 5061 410 5125 defuerit,
452 5060 757 5114 sacerdotis
800 5077 1012 5114 nomen
1041 5060 1133 5112 vix
1160 5059 1219 5112 in
1265 5076 1332 5113 eo
1364 5059 1663 5126 constabit,
1706 5058 1842 5129 quia

114 5151 296 5204 valde
330 5148 668 5219 periculosae
701 5155 833 5203 sunt
873 5149 1219 5218 evangelicae
1250 5149 1424 5201 mina:
1456 5148 1664 5219 quibus
1698 5147 1838 5201 dici-

115 5246 254 5294 tur:
319 5237 379 5292 Si
435 5253 617 5291 czecus
651 5237 924 5291 ducatum
965 5241 1218 5307 praestet,
1279 5236 1447 5290 ambo
1504 5237 1565 5289 in
1620 5236 1841 5289 foveam

119 5329 374 5381 cadunt.

596 5397 723 5451 CAP.
758 5397 855 5450 IlI.
888 5426 956 5435 -—
989 5399 1058 5450 De
1095 5395 1281 5449 eadem
1309 5410 1386 5447 re.

192 5486 329 5553 (Ex
361 5487 521 5552 epist.
573 5484 868 5553 Zephyrini
914 5500 1092 5554 papae,
1125 5484 1397 5551 fratribus
1426 5498 1522 5552 per
1550 5484 1842 5551 Egyptum

115 5578 331 5639 missa,
364 5589 485 5643 cap.
526 5576 634 5643 lO.)
661 5572 1061 5629 Ordinationes
1104 5590 1236 5628 vero
1280 5572 1739 5645 presbyterorum
1787 5576 1842 5625 et

1875 1652 1921 1704 A
1958 1648 2265 1703 levitarum
2296 1650 2553 1716 tempore
2580 1660 2855 1713 congruo,
2892 1648 2947 1698 et
2975 1644 3173 1697 multis
3206 1660 3399 1698 coram
3430 1648 3658 1700 astanti-

1948 1738 2056 1791 bus
2098 1733 2432 1789 solemniter
2464 1733 2635 1803 agite,
2678 1738 2733 1785 et
2780 1732 3105 1802 probabiles
3145 1749 3208 1785 ac
3258 1732 3449 1785 doctos
3498 1732 3652 1785 viros

1948 1827 2021 1880 ad
2085 1824 2194 1878 hoc
2259 1840 2401 1893 opus
2466 1821 2817 1888 constituite,
2888 1826 2950 1875 ut
2988 1821 3221 1874 illorum
3279 1820 3548 1875 societate
3594 1825 3651 1874 et

1954 1915 2290 1984 adjumeuto
2321 1911 2637 1981 plurimum
2669 1910 2980 1979 gaudeatis.

1951 2004 2078 2058 CAP.
2131 2002 2219 2055 IV.
2253 2030 2321 2039 η-
2352 1999 2503 2065 Quod
2548 1999 2916 2052 ordinationes
2963 2002 3081 2066 ﬁeri
3107 2013 3215 2051 non
3255 1998 3500 2063 debeant,
3548 2001 3660 2053 nisi

2444 2072 2503 2123 in
2532 2072 2640 2124 loco
2670 2075 2810 2123 certo
2833 2074 2882 2123 et
2909 2071 3175 2134 religioso.

2023 2163 2131 2232 (Em
2161 2161 2348 2214 concil.
2395 2159 2675 2223 Meldensi,
2713 2174 2833 2226 cup.
2888 2160 2963 2220 6.)
3000 2157 3088 2210 Illi
3116 2156 3216 2225 qui
3254 2156 3508 2209 ordinari
3554 2173 3655 2226 pe-

1950 2256 2099 2317 tunt,
2134 2249 2478 2303 mullatenus
2506 2246 2869 2314 ordinentur,
2902 2244 3013 2298 nisi
3040 2245 3097 2297 in
3140 2245 3262 2297 loco
3292 2250 3447 2298 certo
3480 2250 3535 2297 ct
3564 2260 3652 2298 re-

1952 2339 2177 2409 ligioso,
2212 2337 2298 2390 vel
2326 2336 2495 2389 etiam
2529 2334 2588 2387 in
2618 2333 2843 2387 civitate
2876 2333 3077 2385 saltem
3108 2348 3224 2385 uno
3266 2348 3418 2385 anno
3449 2332 3655 2385 immo-

1955 2432 2175 2491 rentur,
2208 2430 2271 2479 ut
2294 2425 2363 2479 de
2400 2424 2514 2477 vita
2543 2428 2600 2476 et
2646 2423 3078 2476 conversatione
3130 2426 3303 2491 atque
3350 2422 3420 2475 de
3452 2421 3655 2474 doctri-

1951 2533 2027 2571 na
2055 2516 2285 2569 illorum
2317 2512 2598 2565 certitudo
2632 2510 2813 2582 possit
2843 2509 3093 2579 agnosci.

1954 2606 2079 2659 CAP.
2118 2603 2177 2655 V.
2204 2632 2271 2642 -
2303 2601 2459 2667 Quod
2503 2600 2788 2655 Abraham
2816 2601 3027 2667 primus
3061 2600 3136 2651 sit
3167 2596 3479 2666 appellatas
3511 2612 3656 2665 pres-

2219 2673 2389 2739 byter,
2422 2678 2472 2725 et
2502 2687 2671 2740 quare
2699 2670 2999 2739 presbyteri
3026 2670 3385 2722 nominentur.

2024 2764 2131 2832 (Ea:
2171 2764 2329 2831 epist.
2361 2762 2617 2814 Anacteti
2661 2774 2819 2828 papae
2848 2759 3093 2811 omnibus
3124 2759 3390 2825 episcopis
3418 2771 3517 2824 per
3544 2758 3656 2811 ua-

1954 2854 2084 2906 liam
2107 2852 2415 2905 constitutis
2448 2851 2634 2915 missa,
2678 2863 2799 2916 cap.
2850 2848 2959 2913 22.)
3012 2846 3187 2899 Porro
3239 2850 3296 2898 et
3345 2844 3479 2899 Mosi
3518 2859 3657 2913 pra:-

1953 2940 2163 3010 cipitur
2191 2944 2257 2992 ut
2308 2938 2481 3008 eligat
2514 2936 2898 3007 presbyteros,
2946 2934 3003 2987 id
3047 2940 3132 2987 est
3174 2933 3447 2987 seniores.
3498 2932 3654 2986 Unde

1954 3034 2011 3083 et
2062 3028 2122 3081 in
2176 3026 2497 3081 Proverbiis
2564 3024 2818 3078 dicitur:
2883 3023 3073 3078 Gloria
3141 3038 3343 3075 senum
3395 3020 3651 3074 canities.

1955 3120 2085 3174 Haec
2113 3133 2246 3170 vero
2279 3115 2513 3169 canities
2543 3112 2887 3184 sapientiam
2933 3111 3214 3181 designat,
3259 3111 3328 3165 de
3359 3126 3472 3180 qua
3516 3109 3651 3163 scri-

1950 3210 2114 3276 ptum
2148 3208 2269 3258 est:
2324 3203 2569 3257 Canities
2623 3201 2922 3254 hominum
2970 3199 3278 3270 prudentia
3328 3203 3431 3251 est.
3484 3198 3654 3252 Cum-

1950 3310 2062 3365 que
2092 3296 2413 3363 nongentos
2443 3297 2500 3345 et
2538 3290 2785 3360 amplius
2835 3305 3015 3342 annos
3049 3288 3116 3341 ab
3149 3288 3327 3342 Adam
3372 3302 3553 3357 usque
3583 3286 3653 3340 ad

1949 3383 2238 3436 Abraham
2281 3380 2483 3433 vixisse
2516 3379 2779 3433 homines
2806 3378 3072 3446 legimus,
3122 3377 3315 3429 nullus
3357 3377 3502 3429 alius
3536 3375 3653 3444 pri-

1950 3487 2077 3524 mus
2137 3469 2457 3539 appellatus
2511 3472 2594 3520 est
2659 3466 2978 3536 presbyter,
3033 3466 3089 3518 id
3144 3468 3228 3517 est
3275 3464 3487 3529 senior,
3541 3462 3654 3516 nisi

1950 3558 2260 3621 Abraham,
2297 3558 2396 3625 qui
2440 3555 2622 3607 multo
2655 3552 3018 3622 paucioribus
3065 3552 3269 3603 vixisse
3310 3551 3476 3604 annis
3517 3567 3651 3603 con-

1948 3645 2215 3698 vincitur.
2268 3644 2390 3696 Non
2423 3657 2559 3711 ergo
2609 3645 2841 3709 propter
2887 3639 3237 3708 decrepitam
3277 3642 3651 3703 senectutem,

1950 3733 2043 3786 sed
2079 3736 2313 3802 propter
2344 3726 2709 3797 sapientiam,
2742 3727 3061 3796 presbyteri
3099 3725 3493 3778 nominantur.
3539 3725 3651 3778 Ini-

1948 3822 2093 3876 tium
2140 3820 2293 3873 enim
2328 3815 2630 3871 sacerdotii
2678 3819 2869 3868 Aaron
2908 3814 3048 3867 fuit:
3084 3814 3216 3866 licet
3244 3812 3653 3867 Melchisedech

1950 3910 2111 3979 prior
2141 3906 2413 3961 obtulerit
2459 3903 2799 3957 sacriﬁcium
2852 3904 2987 3968 Deo,
3024 3907 3079 3955 et
3125 3906 3251 3970 post
3298 3902 3450 3954 hunc
3481 3901 3651 3954 Abra-

1950 4000 2105 4064 ham,
2142 3998 2295 4050 lsaac
2353 4000 2409 4048 et
2438 3992 2628 4048 Jacob.
2686 3991 2793 4047 Sed
2850 3991 2909 4044 hi
2968 3994 3280 4060 spontanee
3336 3990 3649 4054 voluntate,

1952 4103 2066 4141 non
2093 4082 2432 4140 sacerdotali
2458 4080 2820 4147 auctoritate,
2855 4080 2964 4132 ista
2986 4079 3258 4132 fecerunt.

1953 4175 2081 4230 CAP.
2130 4174 2219 4226 VI.
2252 4202 2318 4210 —
2350 4170 2501 4236 Quod
2533 4170 2713 4223 nullus
2760 4183 2827 4222 ea:
2867 4169 3217 4221 ecclesiastico
3266 4165 3455 4219 ordine
3502 4165 3654 4220 abso-

2470 4242 2577 4295 lute
2607 4240 2834 4294 debeant
2862 4239 3126 4292 ordinari.

2024 4336 2131 4403 (Ea:
2161 4331 2345 4385 concil.
2384 4329 2713 4383 Chalcedon.
2750 4344 2869 4397 cap.
2896 4329 2967 4394 6.)
3005 4327 3237 4381 Nullum
3268 4324 3523 4379 absolute
3569 4340 3654 4378 or-

1951 4420 2139 4476 dinari
2168 4419 2372 4473 debere
2411 4416 2811 4487 presbyterum
2836 4419 2933 4468 aut
2960 4415 3281 4481 diaconum,
3319 4430 3421 4467 nec
3451 4428 3651 4483 quem-

1950 4509 2091 4563 libet
2146 4508 2207 4561 iu
2250 4504 2626 4559 ecclesiastico
2671 4504 2873 4574 gradu,
2926 4502 3036 4555 nisi
3093 4502 3411 4573 specialiter
3468 4501 3651 4555 Eccle-

1951 4598 2047 4651 siae
2075 4594 2335 4661 civitatis,
2370 4599 2468 4648 aut
2496 4592 2865 4663 possessionis
2882 4595 2982 4644 aut
3002 4591 3290 4661 martyris,
3328 4595 3426 4643 aut
3456 4606 3656 4643 mona-

1950 4686 2107 4741 sterii
2142 4700 2373 4749 nomen,
2410 4683 2499 4735 cui
2535 4682 2889 4735 ordinandus
2936 4684 3037 4743 est,
3075 4680 3503 4749 pronuntietur,
3546 4676 3654 4740 Qui

1947 4792 2084 4829 vero
2118 4773 2373 4827 absolute
2404 4770 2765 4833 ordinantur,
2806 4768 3053 4821 decrevit
3084 4772 3275 4820 sancta
3306 4765 3551 4836 synodus
3586 4766 3656 4818 ir-

1950 4865 2120 4919 ritam
2166 4860 2366 4916 haberi
2414 4857 2813 4927 hujuscemodi
2861 4872 3065 4909 manus
3116 4854 3565 4925 impositionem,
3599 4859 3655 4908 et

1952 4966 2234 5022 nusquam
2268 4965 2428 5020 posse
2461 4946 2810 5012 ministrare,
2839 4945 2909 4998 ad
2941 4944 3260 4998 ordinantis
3290 4942 3578 5012 injuriam.

1951 5061 2079 5116 Car.
2132 5057 2247 5111 VII.
2299 5085 2359 5095 —
2396 5055 2549 5119 Quod
2577 5053 2675 5107 sub
2707 5056 2927 5120 aspectu
2980 5050 3318 5103 audientium
3347 5047 3653 5101 ordinatio-

2415 5140 2507 5179 nes
2529 5124 2793 5179 celebrari
2814 5138 2917 5175 non
2947 5122 3195 5174 debeant.

2026 5219 2133 5285 (Ea:
2158 5216 2346 5269 concil.
2378 5212 2719 5278 Laodicensi,
2756 5226 2875 5279 cap.
2934 5211 3014 5277 4.)
3062 5207 3223 5270 Quod
3253 5221 3369 5258 non
3397 5207 3655 5275 oporteat

1951 5303 2341 5360 ordinationes
2373 5302 2477 5354 sub
2513 5303 2743 5370 aspectu
2768 5296 3129 5350 audientium
3158 5293 3450 5347 celebrari.

1951 5393 2081 5447 CAP.
2136 5391 2277 5444 VIII.
2320 5421 2387 5429 —
2420 5389 2576 5454 Quod
2622 5387 2794 5441 turbis
2837 5387 3139 5438 electionem
3173 5380 3655 5452 promovendorum

2548 5478 2729 5541 facere
2752 5490 2857 5527 non
2892 5471 3067 5527 liceat.

2024 5570 2139 5636 (Ea:
2165 5568 2363 5631 eodem,
2397 5582 2516 5634 cap.
2559 5565 2673 5633 13.)
2708 5562 2873 5627 Quod
2920 5577 3036 5615 non
3086 5560 3158 5614 sit
3206 5556 3653 5630 permittendum
