3960 6192
390 305 491 357 627
1455 299 1870 358 BURCHARDI
1915 298 2445 356 WORMACIENSlS
2484 299 2820 356 EPISCOPI.
3711 315 3792 367 523

388 426 572 482 turbis
613 426 922 481 electiones
966 438 1168 479 eorum
1215 424 1401 478 facere
1451 421 1553 493 qui
1605 426 1738 475 sunt
1789 421 1859 476 ad
1904 437 2080 475 sacer-
2113 422 2158 475 A
2198 438 2325 492 CAP,
2365 439 2496 493 xv[_
2540 466 2608 475 ._
2635 437 2719 491 De
2746 437 2858 491 aus
2907 435 3292 510 qui__inuident
3315 438 3531 502 fratrum
3553 449 3796 510 ρνουεοείο-

392 516 612 572 dotium
644 514 1014 586 provehendi.
2957 507 3136 560 nibus.

389 623 516 676 CAP.
579 621 662 673 IX.
716 649 783 660 —-
844 618 998 688 Quod
1045 619 1352 686 episcopum
1406 617 1487 669 vel
1529 617 1909 686 presbyterum
1966 620 2090 669 ante
2206 685 2219 688 _
2270 596 2373 666 (Είιῗ
2423 597 2610 650 007w”-
2659 595 2947 688 Αῖνίίξίξηον
2992 609 3116 688 ο-αρο
3173 595 3285 688 εἶξε)
3334 595 3560 688 Clericus
3599 599 3804 656 invidens

711 682 939 758 triginta
966 682 1134 742 ann—os
1165 682 1419 742 ordinare
1458 682 1564 739 non
1590 682 1764 740 liceat.
2197 685 2438 739 fratrum
2476 683 2958 754 provectionibus,
2993 684 3174 736 donec
3218 682 3274 735 in
3303 683 3432 737 vitio
3464 691 3559 751 est,
3588 703 3684 741 non
3712 706 3807 759 pro-

461 783 570 847 (Εω
624 779 812 833 concil.
872 778 1196 844 Agathens.,
1246 792 1365 844 cap.
1415 777 1495 842 ‘7.)
1555 775 1899 845 Episcopum
1955 790 2088 828 vero
2198 778 2511 827 moveatur.
2618 847 2627 855 .

387 870 474 923 νθῙ
516 867 912 938 Ρΐθδδῖιθτυῐη
967 869 1097 918 ante
1156 864 1393 933 triginta
1443 879 1646 929 annos:
1695 863 1751 917 id
1801 869 1888 917 est
1937 869 2092 916 θυῖε·
2349 880 2476 935 CAP.
2513 878 2675 934 XVII.
2711 910 2772 916 -—
2808 880 2871 931 Π
2901 877 3248 931 seditionarii
3274 893 3374 931 non
3393 879 3692 935 ordinentur.

391 974 562 1029 quam
597 957 669 1010 ad
714 955 820 1008 viri
858 953 1091 1024 perfecti
1133 958 1359 1006 atatem
1403 952 1713 1022 perveniat,
1749 953 1939 1006 nullus
1971 969 2090 1006 me-

2273 969 2388 1034 (Ea:
2418 967 2616 1034 eodem,
2665 982 2786 1035 cap.
2844 965 2956 1036 67.)
2999 965 3406 1020 Seditionarios
3449 983 3706 1038 nunquam
3741 987 3809 1023 or-

385 1041 864 1111 tropolitanorum
898 1040 1163 1094 ordinare
1211 1045 1558 1110 prasumat:
1610 1057 1680 1093 ne
1711 1056 1815 1111 per
1860 1044 2091 1094 atatem

2211 1055 2478 1110 iinandos
2529 1054 2781 1116 clericos,
2833 1055 2980 1108 sicut
3030 1069 3132 1107 nec
3181 1056 3459 1108 usurarios
3513 1057 3591 1109 vel
3631 1055 3811 1126 injuria-
3898 1041 3899 1046 γ

389 1130 542 1200 quod
572 1129 875 1200 aliquoties
907 1129 1116 1195 evenit,
1151 1129 1346 1198 aliquo
1383 1145 1576 1182 errore
1608 1128 1994 1183 detineantur.
2196 1161 2328 1199 mm
2351 1159 2587 1197 suarum
2621 1145 2846 1196 υιιοιιθε,

389 1234 514 1288 CAP.
543 1236 603 1288 X.
637 1263 706 1274 —-
740 1235 822 1288 De
865 1233 1202 1316 presbyteris
1252 1235 1349 1316 qui
1391 1239 1515 1286 ante
1570 1234 1720 1287 XXX.
1778 1249 1947 1287 annos
2004 1250 2090 1287 or-

2211 1252 2326 1305 CAP.
2362 1251 2546 1305 XVIII.
2582 1279 2646 1291 —
2676 1249 2832 1314 Quod
2877 1249 3171 1302 illiteratus
3210 1253 3259 1302 et
3298 1249 3472 1316 aliquo
3506 1250 3706 1304 membro
3734 1255 3811 1306 im-

1099 1304 1380 1357 ἀιήαηείιν-
2247 1304 2268 1305 Π
2317 1304 2582 1376 ίηὶίηιιιυε
2607 1304 2836 1389 provehi
2864 1319 2938 1372 ad
2966 1333 3146 1373 sacros
3194 1304 3406 1373 ordines
3435 1335 3535 1373 non
3563 1321 3733 1374 debeat.

459 1393 567 1462 (Er
597 1392 743 1446 decr.
790 1393 1021 1456 Fabian,
1065 1407 1228 1460 papae
1259 1391 1577 1446 Orientalib.
1609 1391 1828 1458 missis.)
1857 1391 1914 1446 Si
1964 1391 2091 1461 quis

389 1481 630 1550 triginta
705 1480 887 1533 atatis
943 1496 1061 1533 sua
1125 1495 1242 1532 non
1297 1479 1623 1548 impleverit
1673 1495 1873 1542 annos,
1934 1481 2091 1532 nullo

389 1570 558 1622 modo
597 1568 898 1638 presbyter
931 1569 1252 1634 ordinetur,
1283 1567 1453 1620 etiam
1483 1566 1527 1619 si
1552 1567 1713 1620 valde
1743 1567 1815 1620 sit
1841 1567 2047 1637 dignus
2074 1584 2087 1622 :

389 1657 527 1728 quia
561 1661 617 1710 et
646 1656 766 1726 ipse
799 1657 1074 1709 Dominus
1103 1655 1393 1708 tricesimo
1432 1671 1582 1708 anno
1627 1655 1948 1723 baptizatus
1980 1662 2061 1709 est

2273 1432 2376 1493 (Ea:
2407 1430 2566 1496 epist.
2601 1428 2810 1481 Gelasii
2851 1441 3032 1496 papae,
3071 1441 3190 1495 cap.
3232 1425 3334 1491 16.)
3380 1425 3674 1479 Illitteratos
3711 1443 3812 1497 quo-

2200 1533 2333 1588 que,
2383 1521 2482 1570 aut
2538 1516 2730 1586 aliqua
2761 1521 2921 1584 parte
2977 1514 3231 1584 corporis
3285 1514 3618 1580 imminutos,
3671 1517 3811 1568 nullus

2196 1609 2508 1676 prasumat
2564 1605 2636 1659 ad
2692 1605 2906 1658 clerum
2949 1604 3286 1674 provehere.
3340 1603 3479 1666 Quia
3528 1618 3620 1656 nec
3660 1603 3812 1657 litteris

506 1691 617 1762 1°,"
645 1691 766 1762 Ὓῗῗ
796 1691 2084 1762 :‘f‘f‘if'uif‘fri‘f:f'"jf'_‘”‘?f_':”f'fjff?"
2120 1699 2159 1751 Β
2196 1710 2412 1762 carens,
2449 1693 2623 1746 sacris
2676 1708 2797 1746 esse
2834 1696 3020 1762 potest
3048 1696 3213 1762 aptus
3266 1691 3482 1753 ofﬁciis,
3531 1696 3581 1744 et
3610 1691 3811 1745 vitiosum

391 1745 1013 1853 E§_?‘°“ffnpf_t_‘jf‘fe'f’;
1043 1744 2086 1853 OLp_°_r.tet_?f§o_eu,rfl_,ETfidi???
2205 1783 2347 1837 nihil
2381 1784 2495 1836 Deo
2524 1798 2758 1853 prorsus
2787 1780 2977 1834 offerri
3009 1781 3213 1850 legalia
3244 1785 3526 1850 pracepta
3551 1787 3810 1833 sanxerunt.

389 1833 496 1888 dus
551 1837 654 1930 est,
711 1848 892 1902 usque
947 1832 1019 1886 ad
1069 1831 1216 1886 hanc
1272 1836 1499 1887 atatem
1564 1831 1888 1901 legitimam
1959 1847 2091 1885 con-
2201 1831 3230 1940 ἑίῶἷιὶῐθῖᾳᾘί’έέὶἷεὲξὲὺῆοίῃίᾶἶωὶ.

396 1937 602 1974 SCCPaI‘l
618 1961 628 1973 .

2485 1937 2614 2012 CAP.
2646 1937 2775 2011 XIX.
2809 1987 2880 1996 —
2912 1957 2993 2027 D_e
3019 1956 3155 2027 ﬁliis
3185 1955 3603 2010 concubinarum.

391 2027 520 2082 C‘P'
571 2028 655 2080 X1“
704 2053 773 2064 “
813 2024 970 2091 ρυθά
1015 2025 1503 2132 αηξίλξῇἶξῇηποδ
1555 2025 1774 2080 dim”
1821 2039 1927 2079 ⁷²⁰η
1971 2027 2082 2079 ⁸ί⁷²ί
2271 2065 2382 2132 (Em
2437 2065 2626 2119 concil.
2671 2016 2982 2128 Aurelian:
3019 2016 3161 2130 'cap.
3230 2061 3342 2130 ιο.)
3404 2062 3477 2115 De
3532 2060 3613 2114 his
3655 2061 3736 2130 qui
3775 2077 3814 2113 ex

1081 2096 1398 2151 ordinandi.
2271 2096 2380 2132 ιω
2437 2096 2626 2119 wuw-
2671 2096 2982 2128 ιιιιισιιυιηο,
3041 2096 3161 2130 υυψ-
3234 2096 3342 2130 ιν.)
3404 2096 3476 2115 uo
3533 2096 3613 2114 μω
3655 2096 3736 2130 ιιι..
3775 2096 3814 2113 υ.

1155 2199 1257 2219 Νη,
1326 2181 1431 2219 ,ιη
1467 2181 1682 2219 mam,“
1716 2186 1776 2219 η,
1831 2187 1961 2219 ,ΜΩ
2015 2181 2092 2219 νς,
2201 2151 2537 2205 concubinis
2585 2150 2733 2204 ﬁlios
2777 2150 3008 2216 habent,
3057 2155 3113 2203 et
3161 2165 3372 2203 uxores
3416 2149 3674 2219 legitimas
3713 2154 3818 2217 post-

2201 2241 2550 2306 babuerunt,
2597 2244 2672 2305 et,
2733 2239 3015 2292 defunctis
3053 2237 3352 2303 uxoribus,
3411 2237 3514 2290 sibi
3549 2236 3820 2290 concubinas

2203 2328 2428 2400 publice
2463 2327 2703 2392 sociant,
2735 2327 2791 2381 id
2827 2326 3246 2380 observandum
3277 2325 3612 2390 censuimus,
3641 2330 3696 2378 ut
3721 2324 3822 2376 sicut

2203 2434 2300 2471 eos
2339 2417 2439 2488 qui
2480 2417 2604 2487 jam
2651 2415 2841 2470 clerici
2889 2431 2993 2485 per
3039 2415 3427 2486 ignorantiam
3472 2413 3694 2468 ordinati
3729 2419 3823 2466 sunt

2205 2522 2322 2560 non
2380 2520 2765 2568 removemus,
2824 2504 2904 2557 ita
2959 2504 3280 2570 statuimus,
3345 2520 3418 2557 ne
3467 2503 3683 2556 ulterius
3722 2501 3826 2554 ordi-

464 2185 568 2255 (Ea:
589 2185 777 2240 concil.
813 2183 1108 2249 Carthag.,
1155 2199 1276 2252 cap.
1326 2181 1431 2253 16.)
1467 2181 1688 2235 Placuit
1716 2186 1780 2235 ut
1830 2187 1961 2236 ante
2015 2181 2092 2234 vi-

389 2275 536 2346 ginti
587 2273 844 2345 quinque
889 2287 1071 2325 annos
1124 2272 1326 2336 atatis,
1389 2287 1496 2324 nec
1546 2270 1771 2324 diaconi
1825 2271 2094 2324 ordinen-

389 2367 503 2430 tur,
535 2379 642 2416 nec
688 2360 941 2431 virgines
998 2365 1426 2424 consecrentur,
1487 2363 1544 2413 et
1583 2363 1644 2412 ut
1692 2359 1870 2413 lector
1915 2375 2094 2430 popu-

389 2453 513 2506 lum
544 2467 660 2504 non
685 2451 910 2504 salutet.

391 2559 520 2613 CAP.
554 2558 666 2610 XII.
693 2585 765 2597 —
795 2556 946 2626 Quod
974 2557 1032 2609 in
1078 2557 1246 2608 veteri
1297 2556 1417 2621 lege
1465 2556 1825 2626 praecipiatur
1878 2558 1940 2608 ut
1969 2558 2095 2608 ante

460 2599 1091 2696 vigesimuquuintum
1146 2599 1380 2679 annuma
1398 2599 1598 2679 Leluita
1633 2607 1707 2679 ‘in
1749 2625 2095 2679 tabernaculo
2204 2599 2436 2647 neum“

468 2694 574 2753 non
603 2694 885 2753 servirent.
2206 2696 2334 2750 CAP.
2383 2697 2486 2750 XX.
2538 2725 2605 2735 —-
2649 2698 2716 2750 Ut
2762 2695 3090 2750 damonibus
3136 2697 3512 2765 similibusque
3553 2694 3830 2764 passionibus

465 2789 569 2856 (Ea:
600 2787 784 2841 concil.
842 2786 1111 2849 Toletano,
1175 2799 1295 2852 cap.
1357 2783 1471 2854 20.)
1527 2783 1591 2836 In
1620 2782 1798 2836 veteri
1855 2783 1978 2853 lege
2025 2782 2096 2836 ab
2515 2769 2721 2822 έννϐίίίὶ
2746 2782 2906 2822 sacra
2936 2773 3172 2822 tractare
3201 2783 3311 2822 non
3342 2768 3584 2821 debeant.

391 2891 544 2930 anno
574 2875 852 2944 vigesimo
883 2877 940 2926 et
964 2872 1166 2943 quinto
1202 2871 1406 2926 Levita
1456 2871 1516 2924 in
1567 2871 1936 2926 tabernaculo
1984 2887 2098 2924 ser-
2282 2873 2386 2942 (Ea:
2415 2876 2574 2942 epist.
2620 2874 2824 2930 Gelasii
2846 2889 3027 2942 papa,
3060 2889 3180 2943 cap.
3220 2875 3334 2942 t9.)
3379 2875 3558 2943 Usque
3585 2872 3706 2925 adeo
3735 2884 3834 2921 sane

391 2964 512 3018 vire
558 2963 993 3034 pracipiuntur,
1025 2961 1187 3032 cujus
1228 2961 1621 3014 auctoritatem
1669 2961 1727 3014 in
1776 2961 2093 3014 canonibus
2127 2979 2167 3032 ρ
2209 2961 2594 3031 comperimus
2641 2961 2836 3015 illicita
2874 2977 3117 3032 quaque
3157 2977 3554 3032 prorumpere,
3599 2964 3655 3012 ut
3679 2958 3838 3012 damo-

396 3051 577 3105 sancti
629 3053 821 3104 Patres
877 3049 1054 3103 secuti
1107 3052 1259 3102 sunt.
1320 3049 1430 3103 Nos
1463 3059 1518 3102 et
1554 3049 1759 3102 divina
1817 3049 1978 3120 legis,
2040 3054 2100 3104 et
2207 3048 2378 3102 nibus
2407 3047 2804 3119 similibusque
2841 3048 3202 3118 passionibus
3241 3049 3479 3102 irretitis
3516 3045 3748 3118 mysteria
3779 3059 3836 3096 sa-

397 3139 769 3193 conciliorum
820 3137 1093 3208 pracepti
1123 3137 1515 3204 immemores,
1561 3136 1810 3190 infantes
1857 3141 1914 3190 et
1959 3153 2098 3206 pue-
2206 3141 2497 3192 crosancta
2560 3141 2801 3190 tractare
2861 3135 3164 3191 tribuatur.
3237 3138 3305 3191 Et
3367 3141 3498 3207 post
3556 3150 3752 3206 pauca:
3797 3132 3837 3185 Si

396 3242 490 3279 ros
549 3226 764 3280 Levites
803 3225 1043 3278 facimus
1099 3231 1230 3278 ante
1285 3225 1601 3296 legitimam
1655 3230 1904 3290 atatem,
1966 3230 2098 3279 ante
2205 3241 2442 3294 corpore
2486 3225 2804 3278 sauciatum
2848 3230 2950 3278 aut
2997 3224 3246 3278 debilem
3298 3239 3648 3296 nequaquam
3693 3225 3837 3274 sancta

396 3314 808 3384 experientiam
837 3313 986 3366 vita.
1029 3313 1276 3382 Ideoque
1317 3329 1388 3366 ne
1431 3312 1670 3366 ulterius
1703 3313 1804 3366 tiat
1849 3331 1882 3366 a
1913 3313 2098 3381 nobis,
2207 3313 2538 3383 contingere
2582 3314 2672 3367 lex
2701 3313 2896 3367 divina
2930 3313 3213 3382 permisit,
3273 3319 3491 3384 quanto
3537 3310 3701 3381 magis
3741 3306 3840 3363 doni

399 3407 456 3456 et
487 3401 696 3456 divina
746 3401 889 3470 legis
920 3405 977 3453 et
1023 3415 1307 3454 canonum
1350 3400 1731 3454 admonemur
1759 3401 2094 3454 sententiis:
2207 3402 2448 3456 calestis
2495 3401 2917 3471 dispensatores
2959 3417 3081 3455 esse
3125 3417 3242 3455 non
3287 3402 3569 3468 convenit,
3617 3398 3747 3471 quod
3782 3399 3841 3448 est

397 3491 496 3545 sed
539 3489 1032 3560 vigintiquinque
1073 3505 1357 3542 annorum
1416 3490 1597 3542 atatis
1643 3489 1852 3543 Levita
1901 3505 2098 3543 conse-
2205 3491 2480 3560 deterius,
2511 3495 2704 3543 mente
2740 3491 3050 3559 perculsos.

397 3582 648 3645 crentur,
692 3581 748 3630 et
777 3576 1013 3646 triginta
1053 3593 1336 3630 annorum
1367 3577 1684 3648 presbyteri
1719 3577 2091 3632 ordinentur:

2211 3597 2335 3652 CAP.
2385 3598 2516 3650 XXI.
2553 3627 2622 3635 —
2664 3598 2731 3651 Ut
2776 3596 2841 3650 de
2887 3598 3078 3650 servili
3123 3596 3448 3661 conditione,
3500 3596 3606 3649 nisi
3650 3594 3841 3662 prius}:

397 3665 479 3720 ita
522 3669 589 3719 ut
635 3665 950 3719 secundum
982 3665 1360 3735 apostolicum
1392 3671 1744 3735 praeceptum
1781 3666 2099 3736 probentur
2277 3669 2510 3722 dominis
2577 3669 2820 3737 propriis
2879 3668 3180 3722 libertatem
3237 3659 3495 3733 habeant,
3559 3659 3686 3720 nulli
3736 3659 3843 3715 ordi-

395 3753 669 3825 primum,
701 3758 756 3808 et
785 3753 863 3806 sic
895 3754 1240 3820 ministrent,
1288 3755 1514 3808 nullum
1553 3754 1770 3807 crimen
1800 3754 2093 3808 habentes.
2201 3772 2210 3780 ·
2278 3745 2492 3792 nentur-

397 3859 526 3914 CAP.
576 3859 714 3913 XIII.
749 3889 817 3898 -—
864 3863 934 3913 De
978 3860 1309 3928 presbyteris
1361 3863 1459 3927 qui
1506 3863 1620 3913 sine
1671 3862 1918 3914 examine
1971 3865 2091 3915 sunt

2277 3843 2386 3913 (Ea:
2434 3844 2622 3898 concil.
2661 3842 2991 3908 ﬁiburien.,
3043 3858 3165 3913 cap.
3199 3843 3313 3913 25.)
3373 3843 3444 3897 Ut
3474 3841 3614 3896 nulli
3666 3839 3726 3893 de
3764 3850 3843 3931 ser:

1117 3933 1378 3998 provecti.
2208 3930 2306 3983 vili
2347 3929 2678 3984 conditione
2709 3931 2781 3984 ad
2814 3945 3002 3983 sacros
3034 3930 3264 3984 ordines
3295 3933 3738 4000 promoveantur,
3767 3929 3841 3976 nisx

470 4019 582 4088 (Ea:
613 4019 798 4072 concil.
849 4021 1079 4084 Nican.,
1125 4035 1244 4087 cap.
1280 4020 1355 4087 9.)
1385 4018 1441 4072 Si
1481 4018 1580 4088 qui
1611 4017 1931 4088 presbyteri
1975 4018 2097 4071 sine
2207 4017 2367 4088 prius
2409 4034 2439 4070 a
2468 4016 2715 4071 dominis
2767 4016 3016 4087 propriis
3069 4017 3390 4087 legitimam
3425 4018 3726 4070 libertatem
3752 4024 3842 4064 con-

398 4107 662 4160 examine
707 4111 841 4160 sunt
891 4105 1166 4175 provecti,
1210 4106 1297 4159 vel
1352 4121 1481 4158 cum
1515 4105 1933 4160 discuterentur
1971 4122 2100 4177 pec-
2205 4109 2539 4175 sequantur.
2575 4104 2747 4175 Cujus
2775 4105 3052 4160 libertatis
3092 4105 3287 4159 charta
3317 4111 3450 4159 ante
3487 4102 3843 4160 ordinationem

397 4197 523 4248 cata
561 4209 663 4247 sua
708 4193 950 4246 confessi
996 4197 1146 4256 sunt,
1196 4198 1251 4245 et
1299 4191 1560 4246 homines
1603 4197 1800 4245 contra
1850 4209 2097 4247 canones
2128 4252 2165 4264 ἢ
2206 4194 2267 4248 in
2315 4195 2556 4248 amboue
2587 4193 2813 4263 publice
2866 4195 3108 4264 legatur,
3141 4200 3197 4247 et
3230 4193 3278 4247 si
3309 4195 3503 4248 nullus
3547 4189 3842 4246 contradixe-

395 4281 689 4347 commoti,
761 4296 964 4335 manus
1022 4280 1294 4334 confessis
1359 4281 1656 4349 imponere
1711 4287 2094 4347 tentaverunt,
2126 4252 2169 4304 Β
2209 4283 2302 4346 rit,
2336 4283 2440 4335 rite
2479 4282 2982 4336 consecrabantur.
3029 4284 3204 4336 Porro
3244 4299 3443 4336 servus
3474 4298 3589 4336 non
3631 4276 3846 4333 canonice

391 4369 534 4422 tales
576 4369 774 4436 regula
803 4385 916 4422 non
950 4368 1245 4422 admittit:
1304 4369 1442 4438 quia
1486 4369 1638 4439 quod
1686 4369 2094 4440 irreprehensi-
2205 4375 2586 4433 consecratus,
2636 4375 2942 4440 postquam
2989 4371 3058 4423 de
3105 4372 3282 4441 gradu
3343 4369 3628 4434 deciderit,
3658 4367 3760 4437 ejus
3797 4361 3847 4414 sit

392 4456 506 4510 bile
537 4461 622 4511 est
650 4456 927 4511 catholica
956 4456 1214 4511 defendit
1245 4457 1508 4510 Ecclesia.
2206 4459 2570 4524 conditionis,
2607 4461 2770 4528 cujus
2799 4459 2988 4513 fuerat
3017 4465 3150 4513 ante
3173 4461 3446 4530 gradum.

396 4562 532 4618 CAP.
591 4562 722 4618 XIV.
779 4591 850 4604 —
900 4565 973 4616 De
1020 4577 1076 4616 eo
1129 4564 1227 4632 qui
1263 4563 1372 4616 sibi
1418 4563 1596 4616 volens
1654 4563 1879 4632 aliquod
1925 4579 2095 4618 mem-
2625 4566 2752 4620 CAP.
2785 4566 2942 4620 XXII.
2974 4595 3047 4606 —
3077 4567 3159 4619 De
3185 4566 3372 4620 eadem
3411 4581 3488 4620 re.

980 4634 1137 4687 brum
1169 4637 1515 4688 truncaverit.

2277 4654 2386 4719 (Ea:
2414 4653 2608 4706 decret.
2643 4654 2834 4707 Leonis
2859 4668 3038 4722 papae,
3072 4669 3192 4722 cap.
3241 4658 3312 4720 ί.)
3342 4654 3725 4708 Admittuntur
3752 4659 3848 4716 pas-

469 4721 578 4791 (ΕΩ)
632 4721 775 4776 decr.
840 4723 1138 4776 Innocentii
1185 4737 1365 4790 papae,
1429 4735 1548 4792 cap.
1581 4721 1694 4792 28.)
1752 4721 1859 4785 Qui
1913 4721 2091 4790 igitur

2211 4740 2312 4794 sim
2347 4741 2416 4794 ad
2442 4741 2702 4795 ordinem
2733 4757 2953 4794 sacrum
2989 4741 3196 4810 quibus
3230 4743 3388 4795 nulla
3416 4740 3701 4799 natalium,
3730 4731 3852 4787 nulla

391 4815 617 4881 Partem
651 4808 818 4880 digiti
874 4808 1267 4900 δξδί-δδδθίάίξ
1294 4811 1510 4900 Υοιεηδν
1548 4810 1818 4900 Ῑιυηεᾲδά
1867 4810 2082 4900 demi“
2206 4844 2434 4882 morum
2482 4829 2732 4898 dignitas
2777 4808 3159 4898 suffragatur:
3212 4833 3268 4883 et
3299 4829 3400 4900 qui
3435 4845 3469 4882 a
3501 4826 3729 4884 dominis
3764 4817 3852 4873 suis

394 4915 640 4954 canones
690 4914 814 4987 non,
849 4897 1178 4951 admittunt.
1233 4897 1335 4951 Cui
1375 4914 1507 4987 vero
1541 4914 1687 4987 casu
1719 4898 1825 4951 hoc
1869 4897 2094 4965 accidit,
2204 4916 2524 4971 libertatem
2555 4897 2829 4987 ’cousequi
2870 4897 3110 4970 mihime
3142 4897 3484 4986 potue'mm’
3516 4915 3582 4969 ad
3614 4910 3851 4980 τδδιίείυω

392 4988 497 5042 etsi
526 4988 586 5041 in
617 4987 768 5041 clero
793 4986 963 5039 fuerit
997 4990 1277 5054 repertus,
1311 5002 1429 5039 non
1461 4985 1649 5056 abjici.

2211 5006 2522 5070 sacerdotii,
2578 5010 2850 5075 tanquam
2904 5004 3124 5059 servilis
3180 5004 3364 5059 vilitas
3423 5005 3576 5059 hunc
3628 5002 3851 5055 honorem

395 5093 522 5148 Car.
583 5094 690 5149 XV.
732 5122 802 5132 —
833 5095 907 5146 De
964 5093 1172 5164 clericis
1229 5091 1326 5164 qui
1376 5108 1410 5144 a
1458 5091 1784 5146 medicorum
1833 5093 2096 5146 incisione
2198 5093 2328 5163 jure
2389 5094 2595 5164 capiat,
2660 5093 3094 5164 provohuntur:
3156 5099 3212 5148 et
3271 5093 3505 5163 probari
3563 5093 3668 5145 Deo
3722 5095 3848 5155 posse

969 5162 1154 5217 Claudi
1191 5163 1524 5229 efﬁCiumur-
2203 5162 2476 5246 creditur,
2520 5181 2620 5252 qui
2661 5162 2897 5235 domino
2947 5197 3048 5234 suo
3095 5162 3336 5234 necdum
3395 5181 3636 5251 probare
3686 5191 3736 5230 se
3783 5184 3851 5240 p0-

466 5267 574 5337 (Ea:
620 5270 805 5324 concil.
869 5268 1200 5334 Hiierdensi,
1258 5285 1378 5338 cap.
1427 5271 1542 5334 20.)
1596 5268 1654 5323 Si
1709 5268 1836 5339 quis
1893 5269 1953 5322 in
2011 5269 2095 5322 in-
2203 5271 2331 5325 tuit.
2394 5272 2458 5324 Et
2486 5276 2612 5340 post
2649 5287 2866 5340 pauca:
2929 5269 3104 5323 Debet
3151 5270 3307 5323 enim
3363 5285 3489 5323 esse
3530 5256 3848 5321 immunisab

393 5355 663 5410 ﬁrmitate
710 5357 930 5427 positus
983 5356 1242 5422 clericus,
1293 5360 1349 5410 et
1404 5356 1756 5410 medicorum
1811 5357 2092 5413 incisione
2204 5359 2351 5427 aliis,
2410 5359 2510 5429 qui
2555 5358 2765 5412 divina
2807 5357 3028 5411 militia
3077 5357 3250 5410 fuerit
3306 5354 3708 5427 aggregandus,
3741 5352 3793 5401 ut
3828 5359 3850 5393 ἃ

392 5444 629 5499 claudus
658 5445 921 5511 efﬁcitur,
973 5445 1298 5515 promoveri
1345 5445 1416 5499 ad
1460 5460 1649 5499 sacros
1679 5447 1906 5500 ordines
1940 5462 2094 5500 eum-
2202 5447 2398 5502 castris
2449 5447 2781 5512 Dominicis,
2853 5447 3062 5517 quibus
3131 5462 3344 5521 nomen
3397 5445 3520 5515 ejus
3574 5436 3847 5496 ascribitur.

392 5550 512 5589 non
543 5533 916 5605 denegamus.
2204 5535 2375 5589 nullis
2403 5535 2807 5588 necessitatum
2839 5533 3080 5588 vinculis
3109 5533 3493 5588 abstrahatur.
