4022 6190
175 262 281 314 629

1115 246 1634 309 DECRETORUM
1678 245 1875 302 LIBRI
1912 250 2024 306 ΧΧ.
2066 282 2140 291 —
2179 252 2391 307 LIBER
2430 253 2811 311 SECUNDUS.

3644 269 3749 322 630

178 384 308 437 CAP.
358 383 534 438 XXIII.
579 411 644 423 --
674 384 754 436 De
799 382 948 436 bonis
993 379 1232 452 illorum
1269 376 1371 452 ‘I‘ui
1416 389 1451 426 α
1484 369 1739 424 ἀοπιὶηίε
1788 385 1924 438 Ρνο-
1951 374 2002 427 Α
2042 374 2299 429 obtineat
2356 374 2711 443 ﬁrmitatem,
2770 394 2940 433 manu
2999 381 3238 452 propria
3288 383 3446 440 illam
3503 387 3747 442 robora-

641 456 773 522 priis
801 453 1050 527 libertate
1081 448 1406 503 donantur.

252 542 378 609 (Ea:
407 542 585 594 concil.
635 542 888 602 Toletano,
937 555 1061 608 cap.
1096 536 1173 604 2.)
1229 531 1324 622 De
1375 531 1563 622 rebus
1594 541 1738 622 vero
1792 527 1926 622 illo-

181 645 338 695 rum,
384 628 475 682 vel
519 627 795 698 peculiari,
835 628 966 697 quia
1004 620 1275 684 dominis
1322 616 1600 691 propriis
1652 613 1924 693 libertate

184 717 502 783 donantur,
559 719 619 767 ut
682 715 748 768 ad
801 718 1001 785 gradus
1054 707 1507 770 ecclesiasticos
1579 705 1924 772 promoveri

184 806 457 869 debeant,
504 807 766 856 statutum
814 807 913 868 est,
958 810 1020 859 ut
1061 805 1116 858 in
1142 798 1470 872 potestate
1530 789 1927 846 dominorum

185 892 469 946 consistat
498 890 764 960 quidquid
792 896 917 942 ante
944 892 1277 946 libertatem
1309 883 1688 943 habuerunt,
1719 885 1927 934 utrum

186 980 305 1033 illis
335 978 643 1033 concedere
672 977 970 1042 voluerint,
999 995 1073 1032 an
1099 977 1203 1032 sibi
1233 974 1542 1026 retinere.

188 1088 321 1141 CAP.
357 1086 529 1141 XXIV.
568 1113 633 1123 —
677 1086 739 1137 Ut
791 1098 1002 1145 servus,
1052 1083 1323 1139 nesciente
1374 1078 1606 1132 domino
1658 1088 1783 1140 suo,
1836 1090 1925 1128 or-

751 1154 942 1206 dinari
967 1169 1077 1207 non
1110 1155 1319 1207 debeat.

260 1248 375 1315 (Ex
423 1245 604 1299 concil.
656 1243 970 1302 Aureliam,
1022 1257 1146 1310 cap.
1190 1239 1268 1309 ‘5.)
1317 1239 1533 1293 Servus
1588 1233 1636 1287 si
1682 1233 1919 1290 absente

186 1340 289 1389 aut
322 1334 605 1389 nesciente
636 1331 886 1393 domino,
941 1330 1217 1400 episcOpo
1262 1327 1482 1381 sciente
1518 1324 1675 1396 quod
1719 1342 1916 1380 servus

185 1426 280 1491 sit,
316 1424 593 1478 diaconus
624 1428 721 1475 aut
765 1419 1079 1490 presbyter
1122 1417 1293 1472 fuerit
1336 1416 1662 1481 ordinatus,
1696 1414 1823 1485 ipso
1853 1415 1914 1470 in

183 1512 493 1567 clericatus
546 1509 727 1563 ofﬁcio
782 1511 1198 1578 permanente,
1256 1505 1563 1575 episcopus
1621 1520 1751 1557 cum
1809 1521 1911 1558 suo

184 1601 431 1655 domino
460 1596 669 1667 duplici
702 1594 1101 1649 satisfactione
1140 1598 1493 1661 compenset.
1532 1592 1594 1646 Si
1621 1609 1755 1646 vero
1788 1593 1909 1663 epi-

183 1704 399 1759 scopus
447 1703 576 1741 eum
605 1701 827 1739 servum
876 1683 1176 1749 nescierit,
1211 1681 1309 1752 qui
1347 1680 1743 1735 testimonium
1775 1698 1908 1753 per-

181 1777 415 1838 hibent,
449 1779 545 1829 aut
592 1789 718 1827 eum
753 1770 1215 1842 supplicaverint
1263 1768 1534 1832 ordinari,
1581 1767 1757 1823 simili
1786 1769 1909 1823 red-

182 1865 469 1919 hibitione
493 1866 793 1917 teneantur
824 1859 1090 1913 obnoxii.

184 1974 323 2028 Car.
361 1970 506 2024 XXV.
558 1997 626 2007 —
682 1968 757 2020 De
805 1968 894 2019 his
950 1966 1055 2032 qui
1104 1922 1409 2016 libertatem
1446 1978 1481 2014 α
1514 1963 1748 2016 dominis
1791 1966 1904 2017 suis

259 2049 345 2096 ita
374 2041 693 2109 percipiunt,
726 2042 785 2091 ut
815 2037 1039 2089 nullum
1069 2035 1179 2088 sibi
1208 2034 1520 2101 obsequium
1550 2038 1829 2087 retentent.

260 2130 387 2200 (Em
440 2128 623 2182 concil.
678 2126 870 2190 Tolet.,
921 2139 1046 2191 cap.
1100 2121 1219 2189 ‘73.)
1274 2121 1612 2191 Quicunque
1668 2121 1903 2175 liberta-

186 2228 311 2273 tem
348 2235 380 2271 a
411 2215 654 2271 dominis
682 2214 796 2267 suis
831 2214 912 2266 ita
940 2209 1293 2283 percipiunt,
1328 2215 1391 2262 ut
1419 2210 1644 2262 nullum
1673 2210 1906 2266 sibimet

185 2308 249 2361 in
287 2306 372 2360 eis
404 2304 734 2374 obsequium
786 2308 1076 2371 patronus
1109 2303 1374 2365 retentet,
1411 2297 1523 2365 isti,
1560 2300 1608 2351 si
1639 2300 1761 2352 sine
1794 2300 1905 2352 cri-

187 2394 353 2448 mine
406 2391 628 2462 capitali
685 2396 854 2453 sunt,
914 2390 988 2443 ad
1046 2386 1345 2441 clericatus
1411 2386 1673 2439 ordinem
1736 2386 1903 2439 liberi

188 2481 634 2551 suscipiantur:
679 2480 812 2550 quia
867 2477 1093 2531 directa
1147 2473 1602 2528 manumissione
1654 2474 1901 2528 absoluti

187 2587 322 2625 esse
370 2574 696 2623 noscuntur.
746 2567 856 2632 Qui
904 2582 1043 2620 vero
1093 2570 1319 2618 retento
1370 2563 1643 2633 obsequio
1692 2580 1896 2616 manu-

186 2659 359 2714 missi
391 2664 540 2721 sunt,
589 2674 690 2727 pro
720 2673 786 2710 eo
834 2655 993 2725 quod
1030 2654 1216 2708 adhuc
1248 2652 1477 2721 patroni
1522 2653 1781 2705 servituti
1812 2658 1897 2705 te-

190 2753 412 2801 nentur
459 2745 702 2809 obnoxii,
749 2744 1087 2797 nullatenus
1144 2746 1277 2793 sunt
1332 2739 1403 2793 ad
1454 2740 1897 2797 ecclesiasticum

186 2835 455 2890 ordinem
506 2831 898 2902 promovendi,
947 2846 1042 2897 ne,
1087 2828 1320 2898 quando
1364 2827 1654 2881 voluerint
1698 2844 1897 2882 eorum

188 2922 437 2985 domini,
471 2920 608 2973 fiant
637 2936 701 2974 ex
733 2919 958 2973 clericis
988 2917 1155 2971 servi.

189 3032 321 3085 CAP.
372 3027 541 3081 XXVI.
582 3056 648 3065 —-
688 3029 759 3080 De
803 3026 977 3078 servis
1026 3022 1352 3076 ordinandis
1399 3021 1689 3075 secundum
1735 3023 1895 3076 eccle-

291 3100 522 3153 siastica
546 3097 826 3163 mandata,
861 3094 1127 3164 quomodo
1158 3094 1381 3161 ingenui
1411 3095 1530 3160 ﬁeri
1556 3093 1799 3146 debeant.

188 3208 313 3277 (Eae
363 3205 552 3258 concit.
616 3203 879 3267 Remensi,
930 3216 1052 3269 cap.
1117 3199 1190 3268 l.)
1248 3197 1569 3253 Auctoritas
1626 3197 1896 3251 ecclesia-

187 3294 338 3348 stica
386 3297 650 3363 patenter
702 3292 992 3356 admonet,
1044 3289 1281 3357 insuper
1323 3292 1378 3340 et
1422 3288 1687 3356 maiestas
1738 3289 1897 3358 regia

187 3382 489 3438 canonica:
537 3381 796 3450 religioni
845 3393 1141 3432 assensum
1191 3376 1432 3446 praebet,
1468 3380 1531 3429 ut
1573 3392 1888 3446 quemcun-

188 3489 305 3543 que
338 3470 409 3524 ad
442 3486 629 3523 sacros
667 3469 900 3522 ordines
931 3483 997 3520 ex
1032 3465 1250 3519 familia
1281 3463 1516 3535 propria
1555 3480 1896 3533 promovere

188 3558 444 3613 Ecclesia
490 3572 732 3627 quaeque
763 3554 1058 3624 delegerit,
1091 3553 1153 3606 in
1184 3551 1491 3622 praesentia
1539 3552 1895 3605 sacerdotum

186 3646 606 3701 canonicorum
656 3644 826 3697 simul
874 3648 933 3696 et
971 3641 1253 3695 nobilium
1301 3640 1599 3705 laicorum,
1652 3640 1775 3709 ejus
1805 3640 1896 3694 cui

187 3735 490 3805 subjectus
547 3738 630 3786 est
680 3732 1101 3801 subscriptione
1161 3734 1218 3783 et
1274 3729 1725 3783 manumissione
1789 3730 1895 3783 sub

184 3821 476 3879 libertatis
519 3824 859 3874 testamento
908 3818 1243 3872 solemniter
1299 3817 1621 3873 roboratur.
1680 3817 1894 3872 Idcirco

188 3928 297 3983 ego
355 3910 736 3973 Burchardus,
795 3910 906 3961 Deo
954 3912 1245 3961 annuente
1290 3906 1734 3961 Wormaciensis
1788 3909 1893 3961 Ec-

186 4000 381 4055 clesize
430 3998 755 4069 episcopus,
802 3996 1112 4066 quemdam
1159 3996 1419 4050 Ecclesiae
1468 3999 1678 4049 nostra:
1707 3997 1892 4050 famu-

186 4092 334 4155 lum,
368 4087 601 4141 nomine
633 4085 1046 4151 Eberhardum,
1077 4084 1250 4138 sacris
1281 4084 1579 4137 ordinibus
1614 4084 1891 4151 oblatum,

185 4176 259 4230 ad
315 4172 517 4227 altaris
566 4188 763 4235 cornu,
820 4171 1097 4224 nobilium
1150 4172 1404 4223 virorum
1453 4170 1511 4223 in
1564 4172 1890 4240 praesentia,

185 4281 292 4335 per
341 4262 453 4315 hoc
493 4259 850 4313 auctoritatis
898 4263 1307 4312 testamentum
1356 4262 1563 4324 statuo,
1613 4258 1694 4313 ita
1727 4262 1788 4311 ut
1821 4258 1890 4311 ab

186 4352 480 4406 hodierno
524 4348 615 4402 die
666 4352 720 4401 et
749 4352 1009 4416 tempore
1056 4347 1202 4400 bene
1256 4346 1560 4415 ingenuus,
1621 4352 1793 4416 atque
1823 4344 1893 4397 ab

188 4440 353 4495 omni
382 4437 673 4492 servitutis
700 4436 925 4489 vinculo
968 4451 1200 4489 securus
1228 4439 1583 4505 permaneat,
1614 4438 1892 4505 tanquam

186 4530 235 4583 si
267 4529 339 4582 ab
386 4524 658 4597 ingenuis
686 4523 883 4578 fuisset
912 4524 1246 4593 parentibus
1285 4527 1613 4593 procreatus
1655 4523 1742 4576 vel
1792 4538 1889 4574 na-

186 4624 329 4671 tus:
365 4615 747 4683 eamdemque
802 4618 1004 4683 pergat
1054 4619 1273 4684 partem
1332 4628 1733 4684 quamcunque
1786 4627 1893 4663 vo-

186 4708 313 4761 lens
365 4702 641 4758 canonice
699 4702 956 4771 elegerit,
1007 4702 1086 4755 ita
1135 4707 1197 4755 ut
1245 4702 1512 4771 deinceps
1570 4717 1674 4755 nec
1726 4698 1893 4754 nobis

189 4809 382 4864 neque
444 4790 868 4845 successoribus
937 4790 1148 4844 nostris
1202 4791 1387 4844 ullum
1443 4790 1648 4844 debeat
1707 4789 1891 4842 noxia:

187 4879 541 4938 conditionis
581 4878 899 4944 servitium,
934 4879 1031 4931 sed
1074 4878 1342 4933 omnibus
1369 4877 1567 4933 diebus
1612 4877 1742 4931 vitae
1775 4893 1892 4930 suae

188 4972 296 5025 sub
336 4972 494 5023 certa
542 4966 988 5037 plenissimaque
1037 4966 1416 5035 ingenuitate,
1470 4966 1614 5019 sicut
1651 4965 1748 5018 alii
1792 4966 1892 5035 qui

190 5058 455 5130 ejusdem
488 5060 623 5109 sunt
668 5053 1062 5125 ingenuitatis,
1096 5071 1197 5124 per
1227 5055 1378 5108 hunc
1426 5052 1891 5107 manumissionis

191 5155 367 5217 atque
403 5143 779 5214 ingenuitatis
826 5141 1077 5209 titulum,
1130 5142 1273 5196 bene
1324 5159 1551 5213 semper
1607 5143 1891 5212 ingenuus

192 5240 364 5305 atque
412 5248 647 5286 securus
706 5229 927 5282 existat.
990 5229 1171 5283 Suum
1220 5248 1351 5285 vero
1405 5229 1690 5301 peculiare
1739 5230 1891 5301 quod

194 5325 385 5387 habet,
441 5326 540 5376 aut
570 5319 720 5390 quod
777 5316 984 5371 abhinc
1030 5319 1256 5389 assequi
1285 5320 1515 5390 poterit,
1549 5319 1713 5372 faciat
1758 5318 1892 5372 inde

193 5409 511 5465 secundum
559 5405 893 5460 canonicam
942 5407 1335 5461 auctoritatem
1384 5409 1562 5463 libere
1611 5407 1891 5479 quidquid

192 5497 465 5552 voluerit.
505 5497 569 5550 Et
597 5500 663 5550 ut
691 5495 815 5549 haec
864 5494 1233 5565 ingenuitatis
1261 5498 1473 5568 pagina
1503 5496 1890 5551 inviolabilem

2040 462 2249 517 vimus.
2268 528 2274 533 λ

2411 560 2418 569 ‘
2499 552 2625 607 CAP.
2667 555 2869 610 XXVII.
2900 585 2967 595 —
2997 560 3069 611 De
3093 559 3290 614 eodem.

2041 637 2165 705 (Ea:
2214 642 2404 693 concil.
2472 642 2765 713 Toletano.)
2821 644 3040 699 Debent
3086 651 3278 700 autem
3340 651 3742 722 suprascriptae

2038 725 2412 797 ingenuitatis
2457 728 2669 784 chartae
2699 747 2816 784 non
2864 734 3049 787 solum
3086 750 3295 789 nomen
3324 738 3477 791 illius
3508 739 3607 810 qui
3638 740 3743 794 has

2038 814 2165 869 ﬁeri
2212 821 2393 885 rogat,
2428 817 2524 870 sed
2568 818 2739 872 etiam
2786 822 3018 874 nomina
3067 825 3428 879 sacerdotum
3477 833 3533 881 et
3566 829 3738 882 nobi—

2038 902 2180 956 lium
2233 904 2508 958 laicorum
2558 907 2660 976 qui
2714 908 2791 962 ibi
2842 908 3081 974 fuerint,
3132 911 3189 964 in
3239 914 3438 968 ordine
3490 916 3735 985 digesta,

2037 1007 2167 1045 cum
2197 992 2374 1062 signis
2413 995 2647 1063 propria
2689 1013 2862 1050 manu
2912 998 3205 1067 impressis
3243 1002 3551 1057 continere.
3590 1005 3733 1057 Nam

2033 1080 2155 1133 sine
2182 1080 2391 1135 horum
2426 1082 2852 1151 astipulatione,
2887 1086 3097 1155 pagina
3126 1090 3465 1143 auctoritate
3498 1092 3730 1145 testium

2033 1168 2249 1221 nudata
2280 1185 2385 1238 pro
2434 1169 2614 1223 nihilo
2664 1172 2993 1240 deputatur.
3047 1175 3280 1243 Oportet
3326 1178 3500 1230 etiam
3550 1184 3610 1231 ut
3639 1180 3729 1231 lo-

2029 1272 2179 1318 cum,
2227 1256 2401 1321 diem,
2434 1274 2670 1323 annum,
2720 1265 2776 1313 et
2806 1260 3146 1331 principem,
3196 1268 3251 1316 et
3278 1264 3618 1319 iudictiones
3670 1268 3728 1319 in

2026 1342 2142 1396 ﬁne
2174 1345 2262 1398 vel
2292 1345 2353 1398 in
2384 1346 2645 1415 margine
2686 1347 2985 1401 adnotatas
3034 1350 3279 1403 habeant
3308 1352 3368 1404 in
3416 1354 3569 1406 hunc
3598 1370 3725 1407 mo-

2025 1432 2163 1488 dum
2197 1448 2211 1485 :
2242 1435 2447 1487 Actum
2499 1434 2558 1487 in
2590 1435 2687 1487 illa
2731 1436 2959 1489 civitate
3008 1437 3065 1489 in
3100 1438 3267 1492 domo
3315 1441 3496 1493 sancti
3546 1441 3722 1505 Petri,

2027 1520 2293 1573 Kalendis
2358 1522 2473 1574 illis
2535 1538 2686 1575 anno
2754 1524 3067 1577 Dominicae
3123 1526 3552 1593 incarnationis,
3619 1530 3721 1583 illo

2026 1614 2322 1678 regnante,
2370 1610 2467 1663 illo
2517 1626 2671 1679 rege,
2722 1616 2777 1664 et
2825 1613 3167 1682 praesidente
3216 1614 3272 1665 in
3313 1616 3581 1668 cathedra
3623 1632 3721 1670 su-

2022 1696 2296 1766 pradictae
2349 1697 2593 1751 civitatis
2642 1699 2907 1771 episcopo
2958 1701 3079 1765 illo,
3130 1703 3216 1753 vel
3266 1702 3327 1754 in
3372 1704 3720 1758 monasterio

2016 1786 2137 1851 illo,
2191 1784 2503 1839 indictione
2533 1786 2651 1852 illa,
2683 1788 2743 1840 in
2780 1788 2877 1841 Dei
2926 1788 3161 1842 nomine
3210 1789 3469 1858 feliciter,
3513 1794 3719 1847 Amen.

2015 1873 2107 1925 Ait
2142 1873 2295 1926 enim
2331 1875 2585 1927 Romana
2615 1876 2927 1928 auctoritas
2963 1893 2975 1929 :
3010 1877 3378 1947 Quaecunque
3409 1881 3562 1949 leges
3593 1880 3719 1935 sine

2014 1961 2105 2015 die
2135 1965 2192 2014 et
2222 1961 2454 2014 consule
2485 1962 2700 2015 fuerint
2727 1963 2988 2031 prolatae,
3024 1980 3141 2016 non
3172 1966 3414 2019 valeant.

2443 2049 2569 2103 CAP.
2599 2051 2831 2104 XXVIII.
2870 2080 2937 2091 —-
2971 2052 3053 2104 De
3082 2053 3281 2106 eodem.

2085 2137 2193 2205 (Ezc
2253 2137 2433 2190 eodem
2498 2138 2757 2206 concilio.)
2828 2140 3153 2193 Instruendi
3230 2146 3366 2195 sunt
3432 2148 3716 2213 prteterea

2012 2224 2161 2290 laici,
2196 2230 2259 2278 ut
2305 2225 2487 2277 sciant
2534 2226 2691 2295 quod
2722 2227 3050 2281 nullatenus
3092 2227 3203 2281 alio
3235 2230 3355 2282 loco
3396 2233 3713 2285 manumit-

2011 2318 2133 2367 tere
2175 2312 2441 2383 proprios
2470 2320 2714 2383 possunt
2757 2331 2965 2381 servos,
2999 2332 3140 2385 quos
3170 2317 3482 2371 Dominicis
3513 2320 3713 2373 castris

2012 2400 2315 2471 aggregari
2364 2400 2761 2468 decreverunt,
2813 2403 2923 2456 nisi
2956 2404 3013 2456 in
3061 2408 3417 2459 sacrosancta
3462 2407 3714 2462 Ecclesia

2012 2488 2211 2542 ordine
2259 2504 2430 2557 supra
2490 2494 2708 2544 notato.
2765 2491 3061 2554 Quomodo
3109 2493 3260 2545 enim
3314 2495 3501 2547 clerici
3553 2501 3713 2550 extra

2014 2576 2311 2629 Ecclesiam
2364 2577 2682 2630 libertatem
2718 2579 2989 2648 consequi
3036 2586 3292 2649 possunt,
3347 2584 3448 2652 qui
3498 2601 3531 2636 a
3578 2585 3710 2655 lege

2012 2665 2302 2718 mundana
2346 2665 2600 2717 extranei
2648 2667 2820 2720 sunt?
2873 2669 2935 2720 Et
2982 2667 3191 2736 quibus
3231 2669 3592 2723 interdicitur
3636 2688 3709 2726 ne

2009 2752 2081 2806 ad
2112 2753 2383 2805 saeculare
2414 2752 2690 2822 judicium
2728 2756 3056 2824 procedant,
3110 2758 3397 2826 quomodo
3447 2759 3708 2812 saeculari

2003 2840 2220 2909 judicio
2257 2857 2285 2892 a
2324 2841 2465 2911 jugo
2511 2841 2799 2894 servitutis
2846 2842 3270 2897 absolvuntur?
3307 2844 3415 2898 Sed
3467 2846 3707 2900 fortasse

1936 2941 1975 2995 ρ
2009 2929 2146 2981 dicit
2175 2927 2382 2999 aliquis
2417 2945 2429 2981 :
2461 2929 2710 2983 Clericus
2740 2930 2863 2983 fieri
2886 2947 3002 2984 non
3036 2932 3402 3000 permittitur,
3434 2933 3543 2986 nisi
3572 2938 3705 2989 ante

2008 3022 2337 3087 susceptum
2378 3017 2678 3071 clericatus
2709 3018 2981 3084 ofﬁcium,
3018 3020 3393 3090 ingenuitatis
3422 3022 3703 3092 dignitate

2005 3104 2279 3175 potiatur.
2326 3107 2407 3159 Re
2453 3122 2583 3159 vera
2612 3122 2813 3161 verum
2861 3107 3017 3162 dicit.
3069 3111 3131 3162 Et
3159 3109 3289 3163 ideo
3338 3111 3491 3180 quod
3534 3110 3702 3165 inﬁr-

2006 3194 2151 3247 mari
2182 3195 2263 3247 vel
2300 3194 2609 3264 vituperari
2642 3201 2848 3263 potest,
2881 3199 3191 3266 praecaveri
3225 3200 3413 3253 debet.

2469 3283 2595 3337 CAP.
2629 3285 2800 3338 XXIX.
2837 3316 2904 3323 —
2934 3288 3008 3339 De
3036 3287 3236 3341 eodem.

2080 3372 2201 3440 (Ea:
2248 3370 2427 3424 eodem
2483 3372 2753 3443 concilio.)
2819 3376 2943 3427 Non
3004 3376 3191 3429 solum
3242 3382 3433 3430 autem
3484 3379 3582 3448 qui
3631 3381 3699 3433 ad

2006 3458 2300 3512 clericatus
2352 3459 2614 3512 ordinem
2686 3462 3057 3529 promovendi
3124 3469 3273 3529 sunt,
3337 3464 3395 3517 in
3456 3467 3701 3522 Ecclesia

2006 3545 2452 3600 manumittendi
2504 3552 2656 3615 sunt,
2718 3550 3090 3602 verumetiam
3149 3551 3207 3604 hi
3266 3568 3410 3621 quos
3455 3554 3698 3624 quisque

2005 3650 2109 3704 pro
2157 3633 2411 3687 remedio
2461 3634 2668 3689 animae
2702 3653 2818 3690 sum
2864 3638 3213 3709 emancipari
3258 3640 3420 3693 vult:
3457 3641 3591 3710 quia
3622 3643 3699 3695 sic

2005 3724 2279 3793 scriptum
2308 3723 2523 3793 quippe
2554 3730 2636 3778 est
2667 3726 2723 3778 in
2756 3733 2921 3795 pacto
2959 3729 3318 3782 Francorum.

2006 3814 2132 3869 CAP.
2166 3813 2306 3867 XXX.
2348 3842 2416 3851 —
2465 3816 2762 3883 Exemplar
2819 3816 3087 3869 libertatis
3137 3818 3202 3870 de
3246 3820 3469 3887 proprio
3523 3834 3693 3874 servo.

2076 3904 2187 3971 (Εω.
2244 3899 2423 3954 eodem
2488 3902 2756 3970 concilio.)
2825 3902 2930 3966 Qui
2984 3904 3239 3958 debitum
3297 3904 3403 3959 sibi
3460 3924 3694 3975 nexum,

2003 3995 2174 4060 atque
2204 3995 2533 4059 competens
2580 3993 2796 4045 relaxat
2826 3993 3140 4059 servitium,
3172 3996 3473 4063 praemium
3524 3997 3581 4049 in
3613 3998 3697 4051 fu-

2002 4086 2132 4133 turo
2187 4079 2336 4148 apud
2397 4079 2707 4134 Dominum
2768 4080 2875 4135 sibi
2930 4083 3231 4151 provenire
3293 4101 3409 4137 non
3458 4085 3696 4140 dubitet.

2005 4167 2366 4237 Quapropter
2418 4184 2522 4238 ego
2580 4168 2640 4222 in
2692 4169 2789 4223 Dei
2847 4170 3079 4225 nomine
3132 4173 3237 4239 ill.,
3288 4189 3393 4243 pro
3445 4175 3695 4229 remedio

2003 4257 2211 4309 animae
2260 4271 2418 4320 meae,
2482 4259 2569 4312 vel
2626 4264 2840 4313 aeterna
2887 4261 3279 4327 retributione,
3334 4263 3393 4316 in
3441 4264 3691 4335 ecclesia,

2003 4344 2178 4397 sancti
2211 4344 2382 4411 Petri,
2414 4346 2500 4399 vel
2531 4346 2686 4401 illius
2715 4349 2912 4415 sancti,
2947 4350 3051 4402 sub
3082 4352 3388 4419 praesentia
3420 4352 3693 4422 episcopi,

2000 4434 2086 4486 vel
2131 4432 2488 4487 sacerdotum
2536 4434 2614 4489 ibi
2650 4435 3105 4502 consistentium,
3157 4454 3221 4491 ac
3260 4439 3544 4493 nobilium
3584 4440 3696 4493 lai—

2001 4538 2219 4587 corum,
2270 4527 2400 4575 ante
2459 4540 2641 4578 cornu
2700 4524 2895 4577 altaris
2946 4525 3109 4579 istius
3153 4527 3403 4581 ecclesiae
3463 4528 3695 4582 absolvo

2000 4627 2227 4664 servum
2282 4628 2475 4665 meum
2532 4613 2616 4665 ill.
2666 4628 2768 4682 per
2809 4613 2955 4666 hanc
3011 4614 3267 4669 chartam
3320 4616 3697 4670 absolutionis

2001 4704 2057 4754 et
2091 4699 2467 4769 ingenuitatis
2514 4701 2582 4753 ab
2614 4702 2773 4753 omni
2804 4702 3029 4755 vinculo
3080 4705 3393 4772 servitutis,
3426 4706 3502 4757 ita
3533 4711 3595 4758 ut
3624 4707 3695 4760 ab

2000 4789 2104 4843 hac
2136 4789 2225 4842 die
2276 4793 2332 4841 et
2363 4788 2629 4857 deinceps
2661 4790 2948 4858 ingenuus
2995 4790 3085 4857 sit,
3132 4796 3187 4845 et
3230 4792 3516 4861 ingenuus
3567 4809 3693 4862 per-

2000 4882 2251 4942 maneat,
2303 4882 2579 4945 tanquam
2612 4876 2657 4929 si
2700 4877 2772 4930 ab
2806 4878 3073 4948 ingenuis
3124 4880 3458 4949 parentibus
3496 4880 3696 4934 fuisset

2002 4970 2166 5018 natus
2213 4965 2300 5016 vel
2368 4969 2715 5033 procreatus.
2788 4967 2921 5020 Eam
2987 4973 3191 5037 pergat
3248 4973 3469 5038 partem
3519 4984 3693 5037 quam

1999 5052 2285 5115 maluerit,
2322 5052 2407 5104 vel
2441 5068 2612 5122 quam
2656 5054 2708 5107 ei
2738 5056 3045 5109 auctoritas
3092 5057 3359 5109 canonica
3392 5057 3691 5123 permittit,

2001 5148 2058 5195 et
2110 5140 2255 5193 sicut
2302 5140 2399 5193 alii
2431 5140 2667 5211 ingenui
2720 5142 2895 5197 vitam
2942 5144 3112 5197 ducat
3155 5144 3486 5213 ingenuam.
3542 5146 3696 5200 Nulli

2000 5234 2193 5284 autem
2224 5229 2518 5283 haeredum
2570 5247 2829 5285 meorum
2872 5247 2935 5284 ac
2965 5232 3386 5300 prolizeredum,
3426 5249 3528 5287 nec
3574 5235 3692 5287 cui-

2001 5335 2227 5390 cunque
2256 5335 2519 5388 personae
2551 5319 2648 5373 alii
2676 5319 2991 5389 quidquam
3023 5318 3227 5373 debeat
3264 5321 3575 5387 servitutis,
3606 5325 3695 5377 vel

2001 5407 2281 5463 libertatis
2306 5407 2668 5478 obsequium,
2691 5407 2799 5461 nisi
2829 5408 2931 5461 soli
2958 5408 3093 5472 Deo,
3116 5408 3209 5462 cui
3228 5409 3423 5464 omnia
3444 5412 3695 5481 subjecta

2001 5501 2154 5561 sunt,
2203 5495 2289 5549 vel
2344 5512 2447 5564 pro
2495 5495 2657 5563 cujus
2692 5511 2885 5550 amore
2935 5496 3124 5567 ipsum
3177 5498 3414 5552 devotus
3451 5500 3524 5553 ad
3571 5501 3693 5570 ejus
