4022 6190
363 296 463 347 631

1437 284 1845 344 BURCHARDI
1889 282 2419 340 WORMACIENSIS
2460 282 2787 340 EPISCOPI.

3727 297 3811 349 632

367 415 660 470 servitium
711 412 913 469 obtuli.
965 411 1262 467 Peculiare
1309 425 1440 465 vero
1470 425 1637 464 suum
1687 409 1839 480 quod
1885 407 1938 462 ei
1967 407 2065 462 do-
2094 408 2141 460 Α
2180 407 2305 463 CAP.
2365 407 2582 480 XXXIV.
2635 435 2721 480 -λ
2752 407 3137 480 Energumeni
3174 420 3283 480 non
3327 409 3490 480 solum
3548 425 3644 464 non
3686 427 3811 468 assu-

371 506 568 560 minus
597 502 841 570 dederit,
887 501 976 556 vel
1006 500 1276 570 deinceps
1320 501 1433 554 Deo
1470 498 1779 552 auxiliante
1810 497 2070 552 laborare

375 592 650 664 potuerit,
695 606 1024 645 concessum
1068 588 1126 642 in
1165 593 1507 658 perpetuum
1554 585 1779 651 habeat,
1828 591 1892 639 ut
1940 585 2071 638 inde

376 681 546 736 faciat
591 679 874 752 quidquid
905 678 990 731 illi
1033 677 1333 747 placuerit,
1381 675 1696 729 secundum
1735 673 2072 728 ecclesiasti-

379 787 475 824 cas
504 769 844 823 sanctiones.
881 766 938 820 Si
985 766 1120 836 quis
1145 781 1300 831 vero,
1335 763 1484 834 quod
1515 763 1772 816 futurum
1803 777 1926 816 esse
1955 777 2075 815 non

379 859 573 924 credo,
627 857 673 910 si
702 871 810 926 ego
850 855 994 926 ipse,
1048 858 1146 906 aut
1174 852 1386 923 aliquis
1433 851 1502 906 de
1536 851 1859 905 heredibus
1909 849 2073 917 meis,

379 950 468 1002 vel
500 946 773 1018 quaelibet
822 942 1089 1015 opposita
1117 958 1366 1012 persona
1405 947 1600 995 contra
1633 942 1780 994 hanc
1807 940 2078 1011 ingenui-

380 1036 514 1091 tatis
561 1035 814 1088 chartam
872 1032 1065 1085 venire
1120 1031 1444 1096 tentaverit,
1495 1034 1593 1084 aut
1648 1045 1776 1084 eam
1825 1029 2083 1100 quolibet

380 1123 555 1178 modo
586 1122 901 1191 infringere
933 1119 1202 1181 voluerit,
1234 1119 1295 1172 in
1335 1117 1537 1188 primis
1562 1118 1704 1172 iram
1739 1117 1839 1172 Dei
1884 1117 2082 1171 incur-

384 1217 493 1277 rat,
546 1216 602 1264 et
638 1227 671 1263 a
712 1208 1014 1262 liminibus
1069 1213 1278 1261 sancta:
1327 1207 1426 1260 Dei
1478 1207 1737 1262 Ecclesia:
1783 1211 2084 1261 extraneus

385 1299 681 1366 efﬁciatur,
751 1303 808 1353 et
872 1297 1113 1367 insuper
1150 1298 1241 1350 cui
1307 1296 1465 1349 litem
1526 1295 1724 1350 intulit
1790 1295 2084 1366 sexaginta

388 1387 583 1441 solitos
638 1387 943 1457 persolvat,
999 1389 1055 1438 et
1111 1385 1264 1455 quod
1318 1384 1523 1454 repetit
1589 1383 1908 1437 evindicare
1965 1399 2085 1436 non

388 1477 593 1541 valeat,
645 1476 738 1529 sed
789 1490 1044 1544 praesens
1095 1473 1441 1544 ingenuitas,
1503 1489 1629 1526 mea
1679 1472 1767 1526 vel
1816 1472 2084 1537 aliorum,

390 1565 674 1619 bonorum
724 1562 1026 1616 hominum
1095 1561 1362 1616 manibus
1420 1561 1706 1626 roborata,
1768 1576 1900 1614 cum
1952 1559 2087 1614 asti-

392 1651 686 1723 pulatione
749 1650 1011 1717 subnixa,
1071 1650 1232 1704 omni
1292 1653 1550 1720 tempore
1604 1653 1833 1703 maneat
1896 1649 2091 1704 incon—
2121 1690 2162 1744 Β

393 1741 571 1794 vulsa.

634 1843 762 1901 CAP.
792 1845 961 1899 XXXI.
993 1873 1064 1886 —
1091 1848 1166 1899 De
1195 1859 1468 1898 servorum
1495 1843 1850 1898 ordinatione.

469 1971 575 2038 (Ea:
604 1969 782 2024 eodem
817 1985 936 2038 cap.
976 1969 1056 2039 2.)
1087 1967 1166 2022 De
1218 1984 1514 2022 servorum
1559 1967 1941 2035 ordinatione,
1993 1968 2096 2039 qui

400 2057 614 2129 passim
667 2057 737 2111 ad
792 2057 1002 2126 gradus
1049 2056 1461 2110 ecclesiasticos
1509 2055 1815 2109 indiscrete
1862 2071 2096 2124 promo-

401 2151 622 2212 ventur,
657 2145 872 2216 placuit
913 2145 1183 2198 omnibus
1227 2161 1357 2198 cum
1391 2143 1566 2198 sacris
1615 2142 1928 2197 canonibus
1957 2159 2100 2197 con-

400 2235 634 2289 cordare
663 2233 890 2299 debere,
929 2238 986 2287 et
1015 2237 1290 2287 statutum
1321 2237 1444 2286 erat
1483 2237 1548 2286 ut
1578 2233 1771 2286 nullus
1799 2232 2102 2302 episcopo-

403 2338 534 2376 rum
577 2321 849 2390 deinceps
880 2336 974 2374 eos
1007 2320 1076 2374 ad
1105 2336 1292 2373 sacros
1325 2319 1554 2373 ordines
1592 2335 1922 2390 promovere
1949 2335 2103 2390 prae-

406 2415 616 2473 sumat,
651 2409 764 2462 nisi
790 2408 950 2479 prius
979 2425 1012 2462 a
1041 2407 1290 2462 dominis
1317 2407 1567 2478 propriis
1609 2408 1930 2462 libertatem
1962 2423 2103 2461 con-

407 2498 589 2553 secuti
653 2498 869 2552 fuerint
924 2514 938 2550 :
994 2503 1050 2551 et
1115 2497 1163 2550 si
1231 2496 1475 2566 quilibet
1537 2512 1732 2550 servus
1807 2497 2104 2550 dominum

407 2603 578 2642 suum
637 2587 888 2658 fugiens,
941 2591 1040 2641 aut
1104 2586 1354 2649 latitans,
1402 2589 1502 2639 aut
1549 2585 1822 2640 adhibitis
1868 2586 2108 2640 testibus

408 2690 648 2730 munere
692 2675 1005 2740 conductis,
1039 2675 1124 2729 vel
1169 2673 1475 2743 corruptis,
1523 2679 1623 2727 aut
1662 2673 1922 2744 qualibet
1949 2674 2107 2728 calli-

409 2763 586 2818 ditate
617 2763 702 2815 vel
750 2762 951 2817 fraude
1001 2763 1073 2816 ad
1121 2761 1332 2833 gradus
1381 2761 1788 2816 ecclesiasticos
1830 2777 2105 2832 pervene-

409 2851 506 2918 rit,
563 2851 854 2905 decretum
904 2857 988 2904 est
1045 2857 1110 2905 ut
1165 2851 1510 2921 deponatur,
1563 2856 1622 2905 et
1663 2851 1931 2905 dominus
1987 2853 2112 2921 ejus

411 2956 546 2995 eum
591 2939 849 3008 recipiat.
902 2940 959 2993 Si
989 2956 1122 2993 vero
1178 2955 1336 3006 avus,
1382 2943 1483 2991 aut
1529 2928 1712 3009 pater,
1760 2939 1830 2992 ab
1861 2937 1972 2993 alia
2018 2955 2112 3008 pa-
2145 2969 2185 3024 ρ

411 3028 523 3082 tria
561 3028 620 3080 in
671 3028 838 3081 aliam
889 3027 1166 3098 migrans,
1222 3027 1282 3080 in
1328 3026 1530 3079 eadem
1579 3027 1876 3096 provincia
1921 3026 2106 3081 ﬁlium

413 3117 699 3187 genuerit,
732 3122 789 3170 et
818 3115 939 3185 ipse
967 3116 1120 3169 ﬁlius
1152 3115 1366 3168 ibidem
1399 3115 1689 3182 educatus,
1725 3119 1779 3169 et
1807 3116 1875 3170 ad
1901 3117 2110 3186 gradus

414 3203 824 3256 ecclesiasticos
875 3209 1170 3273 promotus
1220 3201 1414 3266 fuerit,
1458 3206 1514 3254 et
1563 3208 1759 3255 utrum
1807 3217 2000 3254 servus
2041 3201 2113 3254 sit

415 3292 681 3362 ignotum
713 3291 803 3356 sit,
841 3297 898 3345 et
927 3297 1123 3361 postea
1154 3290 1390 3343 veniens
1420 3290 1683 3343 dominus
1714 3288 1867 3343 illius
1893 3289 2113 3359 legibus

418 3395 551 3435 eum
601 3379 954 3450 acquisierit,
1005 3379 1285 3433 sancitum
1339 3383 1427 3432 est
1474 3385 1537 3432 ut
1580 3378 1627 3432 si
1668 3377 1935 3432 dominus
1993 3379 2115 3449 ejus

420 3468 506 3523 illi
534 3467 859 3522 libertatem
881 3469 1018 3524 dare
1039 3467 1301 3534 voluerit,
1330 3467 1388 3522 in
1419 3468 1601 3537 gradu
1632 3483 1734 3520 suo
1757 3473 2112 3537 permaneat.

421 3556 478 3611 Si
524 3571 656 3610 vero
713 3573 844 3610 eum
914 3561 1113 3611 catena
1161 3557 1448 3610 servitutis
1490 3572 1520 3608 a
1557 3555 1754 3609 castris
1810 3555 2119 3610 Dominicis

421 3645 750 3700 abstrahere
805 3645 1069 3710 voluerit,
1127 3647 1369 3715 gradum
1429 3645 1653 3698 amittat
1709 3661 1721 3698 :
1775 3644 1912 3716 quia
1959 3645 2122 3715 juxta

424 3751 614 3788 sacros
671 3750 920 3790 canones
962 3735 1090 3788 vilis
1136 3749 1384 3804 persona
1415 3749 1654 3788 manens
1689 3733 1989 3788 sacerdotii
2027 3734 2120 3789 die-

423 3823 640 3894 gnitate
670 3824 832 3894 fungi
863 3839 980 3877 non
1011 3827 1214 3893 potest.

693 3949 821 4002 CAP.
874 3948 1072 4002 XXXII.
1101 3976 1173 3986 ——
1200 3949 1272 4000 De
1296 3947 1640 4000 ecclesiarum
1667 3947 1858 4000 servis.

499 4071 618 4140 (Ea:
683 4071 863 4125 eodem
925 4071 1175 4134 concilio,
1245 4085 1365 4138 cap.
1439 4070 1550 4134 33.)
1622 4069 1700 4122 De
1757 4067 2123 4124 ecclesiarum

425 4175 560 4214 vero
592 4158 769 4212 servis
818 4158 1112 4212 communi
1162 4156 1448 4212 sententia
1478 4161 1562 4210 est
1594 4157 1909 4223 decretum,
1943 4163 2007 4212 ut
2035 4175 2124 4212 ar-

428 4247 780 4316 chiepiscopi
838 4261 943 4316 per
1000 4246 1250 4316 singulas
1301 4245 1623 4316 provincias
1678 4246 1972 4300 constituti
2019 4263 2123 4300 no-
2154 4249 2197 4302 D

432 4341 609 4389 stram
664 4335 1061 4389 auctoritatem
1120 4340 1434 4406 sequantur
1477 4352 1489 4389 :
1536 4335 1884 4406 suffraganei
1935 4341 2126 4390 autem

431 4423 668 4477 illorum
700 4424 994 4494 exemplar
1021 4423 1174 4478 illius
1204 4440 1382 4495 penes
1407 4439 1466 4478 se
1491 4423 1760 4491 habeant,
1792 4428 1849 4476 et
1878 4422 2128 4494 quando-

432 4526 681 4582 cunque,
713 4511 782 4565 de
823 4511 1044 4565 familia
1074 4513 1356 4578 Ecclesiae,
1407 4512 1563 4566 utilis
1609 4512 1875 4565 iuventus
1921 4510 2129 4581 aliquis

433 4599 786 4655 ordinandus
845 4605 951 4667 est,
1002 4600 1062 4654 in
1109 4601 1357 4655 amboue
1407 4600 1530 4670 ipsa
1587 4598 1893 4653 auctoritas
1935 4615 2125 4653 coram

432 4689 650 4760 populo
683 4689 926 4760 legatur,
968 4692 1023 4742 et
1052 4706 1239 4744 coram
1271 4687 1660 4748 sacerdotibus
1703 4692 1759 4740 et
1788 4687 1948 4740 omni
1978 4687 2128 4741 clero

434 4783 566 4833 ante
593 4795 768 4832 cornu
792 4778 1007 4842 altaris,
1042 4777 1185 4832 sicut
1207 4779 1263 4831 in
1291 4781 1486 4830 nostra
1509 4775 1848 4830 auctoritate
1870 4776 2125 4828 contine-

431 4873 546 4935 tur,
579 4873 804 4922 remota
834 4867 1093 4938 qualibet
1119 4867 1445 4932 calliditate,
1472 4867 1792 4919 libertatem
1820 4880 2130 4934 consequa-

433 4963 529 5010 tur
564 4974 576 5011 :
611 4962 669 5010 et
714 4961 850 5009 tunc
898 4955 1131 5008 demum
1179 4954 1248 5006 ad
1283 4953 1496 5024 gradus
1546 4951 1954 5006 ecclesiasticos
2003 4968 2130 5022 pro-

433 5049 748 5100 moveatur.

434 5169 561 5224 CAP.
611 5169 836 5225 XXXIII.
871 5199 940 5210 —
990 5169 1058 5222 Ut
1102 5168 1418 5236 panitentes
1445 5165 1531 5220 vel
1579 5165 1790 5232 digami
1836 5179 1944 5220 non
1994 5179 2126 5232 pro-

1117 5241 1450 5292 moveantur.

504 5367 615 5434 (Ea:
671 5367 857 5420 concil.
914 5364 1254 5431 Aurelaten.,
1317 5377 1435 5431 cap.
1499 5361 1574 5430 3.)
1643 5361 1715 5415 Ut
1763 5358 1982 5432 digami
2040 5358 2128 5412 vel

428 5453 794 5524 pmnitentes,
827 5454 913 5507 vel
943 5453 1376 5523 repudiatarum
1403 5449 1616 5514 mariti,
1645 5449 1714 5503 ad
1747 5447 2128 5503 sacerdotium

430 5558 549 5598 non
578 5547 1040 5614 promoveantur.

2251 478 2603 602 mendidsunt
2649 477 2722 531 ad
2771 478 2989 542 clerum,
3041 477 3138 531 sed
3189 479 3389 533 inventi
3431 479 3495 532 ab
3544 483 3702 550 ofﬁcio
3743 502 3814 537 re-

2253 565 2436 602 mouen
2478 566 2517 602 ι.

2253 565 2517 602 movendi.

2255 637 2363 706 (Ea:
2391 638 2578 691 concil.
2628 636 2862 703 Araus,
2911 651 3030 706 cap.
3082 639 3164 704 6.)
3218 638 3587 707 Energumeni
3621 655 3722 693 non
3751 658 3818 695 so-

2185 725 2305 778 lum
2336 741 2454 778 non
2481 723 2809 778 assumendi
2849 721 2982 778 sunt
3012 724 3086 778 ad
3119 725 3300 779 ullum
3343 726 3595 780 ordinem
3622 727 3819 782 clerica-

2185 818 2298 879 tus,
2345 813 2446 868 sed
2491 813 2662 867 etiam
2723 813 2801 864 illi
2859 813 2955 881 qui
3007 813 3259 867 ordinati
3312 819 3443 868 sunt
3484 814 3552 869 ab
3600 814 3820 886 imposito

2188 902 2378 957 officio
2412 901 2724 972 repellendi
2752 918 2856 955 sun
2869 908 2901 954 t.

2190 1009 2319 1064 CAP.
2352 1009 2544 1063 XXXV.
2593 1038 2660 1047 —
2717 1010 2783 1062 Ut
2813 1007 2993 1062 nullus
3040 1023 3110 1061 ea:
3154 1009 3531 1076 penitentibus
3573 1009 3824 1064 ordinetur.

2264 1115 2375 1183 (Ea:
2431 1115 2618 1168 concil.
2671 1115 2964 1182 Carthag.,
3015 1129 3140 1182 cap.
3191 1114 3302 1180 68.)
3361 1115 3439 1168 Ex
3477 1115 3830 1186 paenitentibus

2193 1203 2456 1274 quamvis
2481 1203 2686 1268 bonus,
2719 1203 2956 1256 clericus
2999 1217 3115 1254 non
3148 1202 3462 1256 ordinetur.
3505 1203 3559 1256 Si
3587 1219 3680 1273 per
3704 1203 3832 1272 igno-

2194 1291 2440 1345 rantiam
2489 1291 2742 1361 episcopi
2790 1291 3002 1346 factum
3049 1290 3247 1358 fuerit,
3277 1291 3828 1361 deponaturaclero:

2196 1379 2333 1451 quia
2389 1395 2448 1433 se
2500 1379 2879 1434 ordinationis
2924 1384 3184 1450 tempore
3242 1395 3360 1432 non
3419 1379 3659 1450 prodidit
3702 1381 3832 1434 fuisse

2197 1468 2590 1539 pmnitentem.

2199 1576 2328 1630 CAP.
2368 1573 2584 1628 XXXVI.
2617 1603 2685 1614 -
2716 1574 2800 1628 De
2848 1573 3118 1628 actoribus
3161 1579 3212 1626 et
3237 1572 3693 1642 procuratoribus,
3719 1576 3758 1627 si
3779 1590 3836 1627 or-

2818 1645 3006 1698 dinari
3033 1645 3278 1698 debeant.

2272 1733 2380 1804 (Ea:
2422 1731 2618 1798 eodem,
2653 1747 2775 1802 cap.
2811 1735 2890 1802 9.)
2933 1733 3167 1802 Magnus
3198 1732 3506 1803 episcopus
3535 1733 3836 1802 Astuagensis
3935 1703 3939 1790 Ι.

2200 1822 2386 1877 dixit:
2428 1822 2571 1886 Quid
2612 1821 2908 1876 dilectioni
2954 1823 3178 1876 videtur
3223 1827 3451 1887 vestrae,
3507 1827 3842 1891 procuratores
3940 1876 3941 1880 η

2204 1915 2262 1964 et
2291 1916 2508 1964 actores
2537 1910 2707 1965 etiam
2743 1927 2842 1965 seu
2871 1915 3164 1964 curatores
3199 1910 3559 1980 pupillorum
3587 1909 3630 1962 si
3657 1910 3844 1963 debeant

2206 1999 2510 2054 ordinari?
2539 2001 2743 2054 Gratus
2790 1999 3090 2070 episcopus
3135 1998 3278 2052 dixit
3310 2014 3324 2051 :
3358 1998 3437 2061 Si,
3473 2003 3604 2068 post
3647 1997 3846 2067 deposita

2207 2088 2477 2143 universa
2530 2094 2588 2142 et
2617 2087 2837 2142 reddita
2890 2086 3207 2153 ratiocinia,
3259 2091 3424 2140 actus
3471 2086 3599 2139 vita:
3645 2085 3845 2155 ipsorum

2206 2176 2424 2230 fuerint
2461 2176 2816 2248 comprobati
2844 2176 2905 2230 in
2935 2175 3222 2241 omnibus,
3255 2175 3472 2228 debent
3499 2179 3556 2227 et
3585 2190 3702 2227 cum
3727 2173 3850 2226 laude

2213 2263 2372 2331 cleri,
2406 2265 2451 2318 si
2499 2267 2813 2336 postulatus
2841 2265 3033 2326 fuerit,
3066 2263 3287 2317 honore
3320 2263 3634 2317 numerari.
3667 2262 3714 2316 Si
3743 2263 3854 2314 enim

2211 2359 2343 2408 ante
2376 2355 2698 2408 libertatem
2729 2355 3097 2424 negotiorum
3127 2353 3214 2407 vel
3246 2352 3595 2417 ofﬁciorum,
3621 2351 3685 2404 ab
3711 2351 3858 2420 aliquo

2216 2440 2338 2494 sine
2394 2441 2845 2494 consideratione
2891 2439 3106 2494 fuerint
3154 2439 3430 2505 ordinati,
3490 2438 3720 2492 Ecclesia
3755 2436 3865 2489 infa-

2218 2535 2428 2583 matur.
2477 2529 2734 2583 Universi
2765 2530 3032 2583 dixerunt
3065 2545 3076 2581 :
3113 2529 3284 2583 Recte
3323 2527 3527 2582 omnia
3556 2525 3737 2580 statuit
3764 2540 3866 2577 san-

2218 2618 2382 2672 ctitas
2413 2622 2529 2683 tua,
2579 2618 2823 2688 ideoque
2866 2617 2944 2672 ita
2993 2622 3180 2670 nostra
3215 2621 3300 2670 est
3331 2632 3567 2687 quoque
3615 2612 3868 2669 sententia.

2218 2723 2347 2779 CAP.
2395 2723 2642 2780 XXXVII.
2698 2753 2766 2762 —
2829 2725 2895 2777 Ut
2942 2723 3007 2777 de
3045 2723 3434 2792 pamitentibus
3488 2721 3668 2776 nullus
3709 2718 3872 2772 admit-

2826 2799 2976 2848 tatur
2997 2795 3072 2848 ad
3091 2795 3309 2848 clerum.

2293 2884 2411 2953 (Ex
2459 2883 2645 2937 concil.
2707 2883 2942 2937 Toletan.
3004 2885 3051 2944 l,
3096 2897 3216 2950 cap.
3271 2883 3345 2950 l.)
3401 2883 3546 2935 Item
3599 2877 3793 2951 placuit
3831 2882 3877 2929 ut

2221 2971 2563 3041 pcenitentes
2591 2986 2705 3024 non
2736 2971 3115 3024 admittantur
3139 2970 3207 3023 ad
3240 2970 3486 3036 clerum,
3529 2968 3636 3022 nisi
3672 2971 3875 3029 tantum,

2217 3061 2264 3114 si
2313 3059 2618 3114 necessitas
2665 3065 2765 3113 aut
2809 3075 2946 3113 usus
2994 3057 3265 3128 exegerit,
3312 3058 3472 3112 inter
3521 3057 3770 3111 ostiarios
3795 3055 3872 3107 de-

2216 3151 2514 3218 putentur,
2571 3149 2657 3202 vel
2717 3147 2868 3201 inter
2925 3147 3183 3212 lectores,
3245 3145 3326 3200 ita
3384 3152 3450 3200 ut
3505 3144 3793 3215 Evangelia
3832 3146 3875 3194 et

2219 3237 2554 3307 Apostolum
2612 3251 2724 3290 non
2775 3236 2989 3305 legant.
3019 3235 3077 3289 Si
3109 3235 3208 3306 qui
3256 3240 3455 3288 autem
3507 3238 3638 3288 ante
3668 3230 3878 3286 ordinati

2222 3330 2357 3379 sunt
2400 3325 2796 3390 subdiacones,
2847 3324 2997 3378 inter
3041 3323 3419 3378 subdiacones
3473 3324 3796 3387 habeantur,
3823 3319 3882 3372 ita

2221 3418 2287 3469 ut
2318 3430 2550 3468 manum
2583 3429 2696 3467 non
2748 3413 3068 3483 imponant,
3115 3417 3214 3466 aut
3252 3428 3410 3466 sacra
3459 3412 3800 3482 contingant.
3826 3407 3883 3460 Ex

2225 3519 2293 3556 eo
2324 3519 2459 3556 vero
2485 3501 2798 3572 pmnitente
2828 3501 3094 3566 dicimus,
3125 3502 3226 3572 qui
3255 3506 3388 3570 post
3416 3501 3784 3571 baptismum,
3812 3499 3884 3548 aut

2225 3607 2331 3662 pro
2359 3589 2684 3653 homicidio,
2735 3595 2833 3644 aut
2868 3605 2973 3659 pro
3015 3589 3251 3644 diversis
3283 3589 3631 3643 criminibus
3663 3585 3889 3658 gravissi-

2228 3677 2457 3748 misque
2503 3677 2748 3746 peccatis
2786 3675 3079 3746 publicam
3125 3675 3532 3747 pcenitentiam
3573 3689 3768 3746 gerens
3807 3669 3885 3724 sub

2227 3765 2432 3831 cilicio,
2466 3765 2659 3820 divino
2680 3763 2855 3818 fuerit
2886 3763 3283 3819 reconciliatus
3316 3763 3548 3817 altario.

2231 3871 2358 3926 CAP.
2388 3870 2675 3926 XXXVIII.
2708 3900 2776 3908 —
2813 3871 3031 3933 Laicus,
3066 3871 3116 3923 si
3159 3869 3387 3924 secundo
3429 3884 3660 3923 uxorem
3690 3866 3886 3926 duxerit,

2823 3942 3046 3994 clericus
3077 3956 3182 3994 non
3209 3943 3326 4008 ﬁat.

2305 4031 2412 4101 (Ea:
2450 4031 2635 4085 concil.
2693 4028 3002 4094 Aureliam,
3061 4043 3180 4098 cap.
3233 4031 3310 4094 8.)
3342 4027 3399 4082 Si
3451 4027 3587 4098 quis
3635 4027 3704 4082 de
3749 4023 3889 4082 laicis,

2233 4124 2363 4190 post
2429 4134 2689 4186 uxorem,
2746 4117 2917 4171 aliam
2974 4117 3366 4187 cujuscunque
3430 4115 3771 4170 conditionis
3826 4127 3892 4166 eo-

2237 4207 2500 4279 gnoverit
2561 4207 2884 4271 mulierem,
2948 4205 3006 4258 in
3070 4206 3286 4259 clerum
3329 4205 3665 4260 nullatenus
3726 4200 3897 4257 admit-

2237 4301 2408 4351 tatur.

2239 4403 2375 4457 CAP.
2423 4403 2640 4456 XXXIX.
2701 4432 2774 4440 —
2825 4403 2890 4456 Ut
2935 4402 3117 4455 nullus
3161 4403 3440 4469 episcopus
3494 4402 3723 4455 alterius
3767 4410 3902 4466 paro-

2655 4472 2909 4526 chianum
2933 4474 3166 4526 retinere
3191 4477 3513 4541 praesumat.

2310 4561 2427 4631 (Ea:
2453 4560 2596 4614 decr.
2627 4560 2861 4615 Adrian.
2889 4576 3046 4630 pap.,
3076 4576 3196 4628 cap.
3243 4559 3351 4628 l5.)
3385 4560 3592 4613 Nullus
3637 4556 3908 4628 episcOpus

2239 4649 2470 4702 alterius
2513 4648 2925 4719 parochianum
2976 4652 3289 4718 praesumat
3337 4648 3590 4701 retinere
3638 4650 3736 4699 aut
3776 4641 3906 4696 ordi-

2238 4753 2376 4791 nare
2406 4737 2620 4807 absque
2665 4737 2788 4808 ejus
2816 4738 3133 4801 voluntate,
3176 4736 3262 4790 vel
3292 4736 3553 4806 judicare
3585 4752 3600 4789 :
3635 4733 3764 4805 quia
3787 4731 3909 4784 sicut

2237 4826 2398 4880 irrita
2427 4826 2536 4880 erit
2566 4827 2690 4896 ejus
2731 4825 3039 4893 ordinatio,
3071 4825 3152 4878 ita
3181 4829 3238 4878 et
3266 4824 3634 4895 dijudicatio;
3663 4820 3906 4892 quoniam

2238 4930 2537 4969 censemus
2565 4915 2787 4968 nullum
2837 4913 3073 4967 alterius
3113 4913 3342 4983 judicis,
3372 4913 3483 4966 nisi
3533 4912 3627 4966 sui
3657 4906 3910 4964 sententia

2237 5004 2442 5058 teneri.
2478 5003 2617 5057 Nam
2645 5002 2744 5074 qui
2787 5019 2920 5056 eum
2951 5001 3220 5056 ordinare
3269 5017 3386 5056 non
3416 5001 3609 5072 potuit
3654 5015 3756 5054 nec
3783 4993 3906 5050 indi-

2237 5107 2366 5146 care
2393 5092 2680 5146 ullatenus
2711 5095 2916 5162 potest.

2239 5198 2366 5253 Car.
2408 5198 2511 5253 XL.
2547 5228 2616 5237 —
2651 5200 2718 5252 Ut
2745 5197 2813 5251 ab
2859 5198 3034 5250 alieno
3073 5199 3319 5266 episcopo
3363 5195 3654 5250 ordinatus
3699 5195 3753 5246 in
3797 5190 3908 5243 clero

2900 5283 3005 5322 non
3033 5273 3275 5322 maneat.

2310 5358 2427 5426 (Em
2476 5359 2663 5412 concil.
2723 5359 2990 5422 Mogunt,
3040 5371 3165 5425 cap.
3217 5357 3291 5422 4.)
3338 5354 3648 5410 Ordinatus
3699 5349 3910 5410 clericus

2239 5445 2309 5499 ab
2352 5446 2464 5500 alio
2521 5445 2784 5516 episcopo
2840 5460 2958 5498 non
3010 5445 3351 5515 deprecante
3407 5443 3496 5497 vel
3542 5438 3908 5495 consentiente

2240 5551 2364 5602 suo,
2397 5535 2459 5589 in
2487 5535 2639 5590 clero
2667 5549 2785 5588 non
2812 5538 3061 5588 maneat.
