3960 6192
143 304 246 358 633

143 429 274 483 Car.
310 428 442 484 XLI.
475 456 544 467 —
576 427 659 480 De
702 426 936 494 quodam
979 427 1223 495 episcopo
1265 428 1360 494 qui
1390 426 1613 479 alterius
1638 426 1845 493 episco-
1874 424 1921 475 Α

443 500 505 568 pi
526 499 797 563 clericum,
828 512 885 550 eo
910 498 1138 562 nolente,
1169 498 1537 551 ordinaverat.

216 606 338 671 (Ea:
384 607 571 659 concil.
625 606 832 671 Arria,
868 620 987 673 cap.
1038 607 1151 668 42.)
1186 604 1495 673 Epigonius
1543 602 1841 671 episcopus

144 693 289 748 dixit
324 710 336 748 :
372 696 436 748 In
489 694 683 747 multis
731 692 984 745 conciliis
1032 693 1141 746 hoc
1190 698 1464 746 statutum
1518 696 1620 758 est,
1668 691 1840 744 etiam

145 798 301 836 nunc
332 782 441 836 hoc
478 782 933 836 conﬁrmandum
968 786 1053 835 est
1083 799 1116 835 a
1156 787 1345 835 vestra
1372 781 1702 851 prudentia,
1730 780 1843 833 fra-

144 877 261 924 tres
293 871 630 937 beatissimi,
663 876 725 924 ut
753 870 1020 924 clericum
1056 871 1306 925 alienum
1338 871 1529 924 nullus
1564 869 1671 923 sibi
1704 886 1843 941 pra:-

144 962 323 1032 ripiat
353 962 670 1032 episcopus,
717 965 930 1030 praeter
959 961 1082 1029 ejus
1130 961 1432 1014 arbitrium
1465 962 1628 1029 cujus
1674 960 1849 1014 fuerit

146 1052 407 1105 clericus.
461 1050 595 1105 Dico
627 1056 817 1103 autem
847 1050 1161 1115 lulianum,
1194 1050 1294 1120 qui
1338 1050 1599 1120 ingratus
1630 1055 1715 1104 est
1751 1049 1849 1103 Dei

144 1139 446 1193 beneﬁciis
493 1155 596 1209 per
642 1154 828 1191 meam
882 1138 1223 1207 parvitatem
1277 1139 1336 1191 in
1368 1155 1425 1192 se
1474 1140 1713 1201 collatis,
1771 1139 1851 1191 ita

146 1229 526 1282 temerarium
559 1232 614 1281 et
647 1228 921 1281 audacem
952 1228 1257 1295 exstitisse,
1295 1233 1357 1281 ut
1387 1244 1518 1281 eum
1563 1228 1663 1298 qui
1703 1244 1733 1281 a
1758 1244 1849 1281 me

144 1316 475 1387 baptizatus
525 1322 627 1381 est,
683 1332 812 1370 cum
862 1321 1011 1371 esset
1040 1332 1185 1386 puer
1232 1316 1657 1386 egentissimus,
1707 1316 1851 1371 mihi

144 1405 221 1459 ab
279 1406 486 1459 eodem
533 1405 993 1467 commendatus,
1052 1420 1298 1475 cumque
1348 1405 1542 1459 multis
1591 1404 1756 1457 annis
1819 1419 1851 1455 a

145 1510 242 1547 me
272 1496 549 1562 aleretur,
595 1499 766 1564 atque
798 1493 1160 1560 incresceret,
1194 1495 1367 1560 hunc,
1402 1498 1466 1548 ut
1494 1493 1631 1552 dixi,
1663 1492 1850 1563 bapti-

146 1586 346 1635 zatum
397 1598 517 1636 esse
561 1582 620 1636 in
668 1582 905 1636 ecclesia
952 1598 1082 1636 mea
1128 1600 1231 1653 per
1274 1600 1507 1637 manum
1555 1581 1853 1653 parvitatis

145 1687 298 1725 mete
331 1675 552 1725 constat
584 1688 597 1725 :
631 1670 782 1725 idem
813 1671 872 1724 in
900 1670 1131 1725 dioecesi
1164 1672 1489 1741 Mepaliensi
1525 1673 1699 1726 lector
1728 1687 1850 1726 esse
1884 1707 1922 1760 Β

147 1765 427 1829 coeperat,
477 1759 591 1813 imo
621 1759 787 1813 annis
816 1760 995 1813 ferme
1040 1760 1262 1814 duobus
1310 1761 1545 1831 legerat,
1580 1777 1713 1815 nam
1746 1778 1845 1815 ne-

147 1848 268 1901 s'cio
303 1864 419 1917 quo
445 1854 771 1918 contemptu
800 1849 1217 1903 immanissimo
1249 1848 1401 1903 idem
1426 1850 1686 1903 Julianus
1717 1866 1850 1904 eum

146 1936 419 2006 arripuit,
472 1953 642 2006 quem
689 1936 898 1992 dicitur
955 1938 1119 2007 quasi
1166 1938 1467 2007 proprium
1525 1938 1705 1991 civem
1764 1940 1851 1991 sui

146 2025 264 2079 loci
324 2025 645 2078 Vazaritani
702 2041 792 2079 me
851 2026 1177 2079 inconsulto
1238 2042 1536 2097 usurpare.
1596 2028 1737 2080 Nam
1796 2031 1852 2080 et

149 2114 453 2168 diaconem
486 2114 650 2168 illum
700 2115 1006 2169 ordinavit.
1044 2118 1157 2169 Hoc
1184 2115 1231 2168 si
1275 2115 1462 2181 liceat,
1496 2120 1687 2185 pateat
1732 2116 1853 2169 hanc

147 2202 386 2256 licentia
431 2220 462 2255 a
489 2203 669 2269 vobis,
722 2203 1039 2257 beatissimi
1083 2204 1301 2257 fratres.
1337 2204 1434 2259 Sin
1485 2204 1693 2271 minus,
1734 2209 1851 2258 tam

148 2292 463 2362 impudens
514 2292 871 2357 cohibeatur,
931 2309 1001 2346 ne
1060 2309 1118 2346 se
1176 2292 1412 2345 misceat
1457 2291 1854 2345 communioni

150 2381 519 2450 cujusquam.
551 2380 850 2434 Numidius
882 2380 1187 2450 episcopus
1212 2380 1351 2434 dixit
1377 2396 1388 2433 :
1416 2379 1493 2447 Si,
1524 2396 1639 2432 non
1666 2384 1854 2449 postu-

150 2470 271 2522 lata
302 2484 492 2538 neque
525 2470 783 2521 consulta
813 2474 908 2522 tua
934 2469 1291 2539 dignatione,
1322 2468 1379 2522 id
1413 2468 1637 2522 videtur
1659 2466 1855 2521 fecisse

150 2555 438 2621 Julianus,
492 2555 823 2624 judicamus
879 2572 1078 2609 omnes
1135 2556 1332 2627 inique
1388 2557 1625 2623 factum,
1687 2562 1856 2627 atque

154 2644 422 2714 indigne.
474 2644 834 2714 Quapropter
880 2645 989 2697 nisi
1045 2644 1197 2698 idem
1246 2646 1506 2699 Julianus
1550 2646 1858 2700 correxerit

152 2748 413 2786 errorem
466 2748 655 2796 suum,
690 2736 746 2786 et
788 2748 917 2786 cum
948 2732 1335 2786 satisfactione
1367 2734 1636 2787 eumdem
1684 2733 1857 2787 cleri-

155 2837 312 2885 cum,
344 2837 520 2891 quem
569 2820 757 2874 fuerat
804 2837 976 2875 ausus
1029 2821 1317 2883 ordinare,
1368 2823 1715 2875 revocaverit
1744 2827 1857 2875 tua:

154 2909 335 2980 plebi,
396 2914 595 2962 contra
654 2913 865 2962 statuta
923 2908 1145 2962 concilii
1204 2909 1439 2974 faciens,
1487 2910 1858 2963 contumaciae

159 3014 280 3051 suae
328 3002 625 3066 separatus
656 3014 688 3050 a
716 2996 879 3051 nobis
918 2997 1160 3067 excipiet
1200 2998 1506 3068 judicium.
1545 2998 1858 3068 Epigonius
1889 2984 1929 3039 (ἶ

164 3087 473 3157 episcopus
521 3086 661 3140 dixit
704 3102 716 3139 :
756 3088 937 3139 Aitate
987 3092 1170 3155 pater,
1222 3092 1278 3141 et
1324 3088 1448 3157 ipsa
1493 3087 1862 3157 promotione

164 3175 635 3245 antiquissimus,
668 3175 755 3229 vir
808 3175 1131 3241 laudabilis,
1181 3176 1356 3230 frater
1407 3181 1462 3229 et
1494 3177 1711 3246 collega
1758 3192 1862 3229 no-

162 3270 281 3318 ster
323 3264 534 3331 Victor,
581 3264 703 3319 vult
731 3264 877 3318 hanc
924 3265 1257 3335 petitionem
1303 3266 1629 3335 generalem
1676 3264 1859 3320 omni-

157 3354 268 3407 bus
302 3353 473 3407 efﬁci.

159 3458 293 3512 CAP.
324 3458 484 3512 XLII.
522 3488 589 3497 —-
624 3460 689 3513 Ut
730 3474 884 3513 nemo
915 3460 1166 3513 clericum
1219 3461 1457 3513 alienum
1496 3461 1764 3527 suscipiat
1792 3461 1865 3513 si-

641 3546 707 3584 ne
728 3532 1003 3584 voluntate
1027 3532 1116 3584 sui
1134 3534 1388 3601 episcopi.

232 3618 348 3681 (Ea:
376 3632 521 3671 conc.
557 3618 839 3687 Carthag.,
875 3634 995 3687 cap.
1031 3620 1144 3684 20.)
1178 3620 1247 3673 Ut
1276 3617 1546 3671 clericum
1586 3617 1861 3682 alienum,

158 3705 273 3759 nisi
320 3706 669 3761 concedente
703 3708 935 3777 proprio
980 3707 1270 3778 episcopo,
1323 3723 1493 3760 nemo
1542 3706 1746 3759 audeat
1778 3706 1862 3760 vel

157 3794 453 3860 retinere,
515 3796 600 3848 vel
658 3810 997 3864 promovere
1056 3794 1115 3847 in
1176 3793 1410 3847 ecclesia
1463 3793 1568 3846 sibi
1626 3794 1860 3861 credita,

158 3883 504 3936 clericorum
548 3888 738 3937 autem
767 3899 979 3937 nomen
1030 3882 1203 3937 etiam
1234 3882 1493 3949 lectores,
1543 3886 1600 3935 et
1628 3882 1862 3951 psalmi-

160 3974 290 4038 βίω,
326 3975 383 4024 et
413 3971 628 4025 ostiarii
653 3972 921 4025 retinent.

161 4077 299 4131 (lar.
332 4077 521 4131 XLIII.
556 4107 625 4118 -—
677 4081 742 4132 Ut
783 4079 964 4131 nullus
1011 4080 1289 4145 episcopus
1333 4078 1567 4131 alienum
1616 4078 1865 4132 clericum

500 4151 614 4202 sine
641 4149 838 4202 litteris
870 4151 1108 4218 episcopi
1136 4150 1223 4202 sui
1249 4150 1532 4217 suscipiat.

1072 300 1551 357 DECRETORUM
1595 301 1779 355 LIBRI
1819 299 1927 354 XX.
1971 329 2038 336 —
2080 299 2290 354 LIBER
2331 298 2713 355 SECUNDUS.

3546 300 3649 355 634

2380 423 2509 476 CAP.
2544 422 2695 476 XLV.
2732 449 2795 461 —
2831 423 2906 475 De
2935 420 3119 475 eadem
3154 436 3230 474 rc.

2021 515 2128 580 (Ea:
2157 529 2304 567 conc.
2338 512 2583 576 Laodic.,
2613 528 2731 581 cap.
2773 513 2889 581 41.)
2918 510 3078 574 Quod
3110 526 3226 563 non
3257 514 3517 579 oporteat
3549 526 3641 563 sa-

1949 602 2261 669 cerdotem,
2292 602 2379 655 vel
2410 601 2701 666 clericum,
2735 601 2857 655 sine
2906 600 3111 654 litteris
3148 598 3431 670 proﬁcisci
3476 614 3655 652 cano-

1950 707 2113 745 Πιοιε.

1954 781 2087 836 CAP.
2128 781 2304 834 XLVI.
2338 808 2407 819 —
2442 781 2508 834 Ut
2538 780 2773 848 quisque
2821 778 3106 831 ordinatus
3151 779 3361 831 litteras
3394 777 3463 833 ab
3506 777 3656 831 ordi-

2468 892 2469 895 η
2504 857 2693 903 notore
2717 864 2813 902 suo
2846 852 3100 916 accipiat.

2028 942 2132 1003 (Eat
2171 954 2314 993 conc.
2360 940 2686 1003 Milivitano,
2722 954 2843 1006 cap.
2896 937 3004 1006 14.)
3055 936 3271 991 Deinde
3321 936 3555 1006 placuit,
3594 941 3659 990 ut

1956 1029 2287 1100 quicunque
2334 1028 2603 1097 deinceps
2630 1027 2700 1080 ab
2734 1026 3015 1096 episcopis
3046 1026 3406 1092 ordinantur,
3438 1026 3657 1079 litteras

1956 1118 2239 1188 accipiant
2288 1117 2358 1171 ab
2408 1116 2834 1170 ordinatoribus
2882 1115 3013 1175 suis,
3056 1130 3231 1167 manu
3275 1130 3476 1167 eorum
3523 1114 3658 1167 sub-

1959 1206 2212 1276 scriptas,
2272 1206 2635 1258 continentes
2688 1219 2907 1256 annum
2968 1201 3195 1255 Domini
3251 1207 3306 1255 et
3361 1202 3537 1269 diem,
3597 1206 3657 1255 ut

1962 1296 2128 1349 nulla
2184 1294 2478 1347 altercatio
2534 1293 2603 1346 de
2659 1291 3075 1362 posterioribus
3128 1291 3214 1344 vel
3274 1290 3658 1343 anterioribus

1959 1384 2195 1437 oriatur.

1961 1473 2089 1526 CAP.
2141 1471 2345 1525 XLVII.
2403 1500 2466 1508 —
2519 1472 2586 1523 Ut
2642 1468 2929 1523 ordinatus
2987 1470 3215 1534 quisque
3263 1469 3322 1519 in
3368 1467 3480 1520 illis
3530 1467 3657 1520 locis

2303 1545 2621 1610 permaneat
2645 1541 2718 1593 ad
2748 1555 2868 1607 quae
2897 1540 3185 1592 ordinatus
3211 1543 3307 1591 est.

2035 1634 2143 1695 (Ea:
2168 1645 2311 1683 conc.
2347 1630 2559 1693 Auret.,
2593 1644 2713 1698 cap.
2746 1628 2825 1694 ‘2.)
2860 1628 2935 1680 De
2971 1626 3058 1679 his
3086 1626 3184 1695 qui
3218 1626 3279 1678 in
3302 1624 3657 1693 quibuscun—

1962 1735 2073 1790 que
2102 1718 2242 1771 locis
2267 1716 2519 1772 ordinati
2550 1716 2768 1770 fuerint
2800 1713 3070 1777 ministri,
3106 1713 3165 1765 in
3193 1712 3331 1782 ipsis
3358 1710 3497 1765 locis
3526 1726 3657 1780 per-

1960 1816 2237 1862 severam.

1961 1897 2087 1952 CAP.
2140 1894 2369 1950 XLVIII.
2419 1923 2490 1934 —
2533 1898 2606 1948 De
2653 1893 2968 1963 presbytero
3015 1893 3113 1960 qui
3160 1890 3435 1954 confessus
3488 1890 3659 1954 fuerit

2269 1965 2413 2034 quod
2438 1970 2561 2017 ante
2600 1966 2998 2019 ordinationem
3028 1963 3349 2032 peccaverit.

2034 2056 2145 2122 (Em
2194 2055 2380 2107 concil.
2441 2053 2730 2120 Cabillon.,
2778 2067 2896 2119 cap.
2954 2050 3030 2118 5.)
3082 2049 3140 2103 Si
3189 2048 3315 2119 quis
3362 2047 3661 2118 presbyter

1961 2148 2093 2197 ante
2138 2136 2558 2196 ordinationem
2596 2140 2934 2211 peccaverit,
2975 2143 3029 2191 et
3060 2142 3186 2208 post
3232 2135 3656 2190 ordinationem

1961 2237 2261 2303 peccatum
2308 2230 2602 2284 confessus
2632 2229 2823 2294 fuerit,
2856 2228 3010 2298 quod
3054 2232 3185 2279 ante
3216 2224 3510 2288 erraverit,
3541 2239 3657 2276 non

1963 2320 2185 2385 offerat,
2228 2318 2325 2373 sed
2372 2324 2596 2372 tantum
2624 2334 2725 2387 pro
2758 2316 3033 2387 religione
3080 2330 3291 2368 nomen
3342 2311 3661 2383 presbyteri

1963 2414 2173 2481 portet.
2234 2409 2289 2462 Si
2340 2412 2530 2462 autem
2581 2424 2698 2461 non
2753 2406 2874 2475 ipse
2919 2405 3231 2471 confessus,
3290 2402 3387 2455 sed
3434 2400 3502 2454 ab
3547 2400 3658 2454 alio

1963 2496 2190 2569 publica
2239 2496 2413 2550 fuerit
2460 2494 2773 2559 convictus,
2825 2510 2929 2546 nec
2971 2494 3079 2547 hoc
3108 2492 3298 2561 ipsum
3344 2489 3551 2543 haheat
3598 2492 3659 2540 ut

1965 2601 2176 2640 nomen
2223 2583 2541 2655 presbyteri
2580 2588 2790 2653 portet.
2826 2581 3100 2636 Similiter
3129 2585 3185 2634 et
3214 2579 3283 2633 de
3328 2575 3661 2631 diaconibns

1967 2672 2386 2727 observandum
2437 2676 2539 2738 est,
2569 2676 2633 2724 ut
2660 2670 2707 2723 si
2754 2670 2874 2740 ipse
2921 2669 3210 2724 confessus
3260 2667 3454 2732 fuerit,
3505 2664 3659 2719 ordi-

1967 2777 2103 2815 nem
2134 2759 2465 2814 subdiaconi
2496 2759 2760 2812 retineat.

2438 2848 2564 2901 CAP.
2594 2848 2767 2901 XLIX.
2804 2877 2859 2885 —-
2897 2848 2970 2899 De
2991 2845 3188 2899 eodem.

2042 2936 2153 3003 (Eae
2196 2936 2381 2989 concil.
2438 2935 2874 2997 Neocaesariensi,
2925 2948 3053 3000 cap.
3114 2934 3206 3000 8.)
3264 2928 3562 2997 Presbyter
3615 2926 3661 2980 si

1972 3029 2404 3096 praeoccupatus
2464 3022 2752 3093 corporali
2818 3026 3051 3093 peccato
3114 3021 3540 3090 promoveatur,
3608 3019 3663 3068 et

1973 3114 2261 3168 confessus
2310 3112 2484 3166 fuerit
2516 3112 2585 3165 de
2634 3127 2692 3165 se
2727 3110 2882 3181 quod
2931 3112 3062 3163 ante
3093 3107 3535 3172 ordinationem,
3571 3104 3664 3157 de-

1972 3203 2225 3273 liquerit,
2281 3201 2471 3254 oblata
2510 3217 2623 3253 non
2674 3204 2983 3262 consecret,
3036 3213 3273 3251 manens
3318 3195 3379 3248 in
3428 3191 3665 3263 reliquis

1972 3291 2173 3345 ofﬁciis
2220 3294 2455 3361 propter
2486 3288 2742 3343 studium
2786 3288 3021 3341 bonum.
3056 3284 3219 3350 Quod
3248 3284 3295 3337 si
3344 3284 3413 3337 de
3457 3298 3514 3335 se
3547 3281 3667 3351 ipse

1972 3397 2088 3435 non
2138 3380 2310 3433 fuerit
2363 3378 2673 3443 confessus,
2722 3382 2778 3431 et
2830 3375 2996 3445 argui
3045 3374 3345 3429 manifeste
3392 3371 3665 3442 nequive-

1972 3468 2065 3534 rit,
2108 3466 2402 3538 potestatis
2436 3482 2552 3519 suae
2578 3464 2794 3535 judicio
2820 3465 3202 3533 relinquatur.

1973 3558 2102 3611 CAP.
2137 3556 2194 3609 L.
2237 3585 2305 3594 —
2349 3558 2414 3609 Ut
2442 3556 2624 3607 nullus
2665 3552 2948 3622 presbyter
2995 3552 3196 3619 absque
3241 3547 3667 3602 sacerdotalibus

2390 3626 2721 3678 vestimentis
2752 3626 2974 3676 missam
3013 3622 3253 3674 celebret.

2048 3718 2151 3782 (Ea:
2183 3714 2371 3768 concil.
2423 3715 2686 3777 Remensi,
2734 3728 2854 3779 cap.
2890 3710 2970 3775 4.)
3008 3711 3080 3763 Ut
3136 3709 3326 3761 nullus
3370 3706 3669 3776 presbyter

1974 3803 2187 3873 absque
2236 3802 2470 3865 amictu,
2526 3800 2672 3864 alba,
2705 3805 2762 3852 et
2805 3799 2969 3862 stola,
3020 3802 3077 3850 et
3106 3796 3333 3859 fanone,
3384 3800 3440 3847 et
3476 3794 3669 3846 casula

1973 3892 2262 3947 ullatenus
2292 3895 2603 3960 praesumat
2630 3888 2861 3941 missam
2908 3886 3196 3939 celebrare
3231 3900 3243 3938 :
3278 3888 3335 3937 et
3363 3883 3481 3935 haec
3511 3897 3668 3934 sacra

1973 3980 2311 4033 vestimenta
2343 3977 2721 4031 mundissima
2760 3976 2893 4040 sint,
2954 3979 3009 4028 et
3053 3974 3111 4027 in
3141 3972 3323 4026 nitido
3368 3972 3491 4024 loco
3524 3969 3671 4023 infra

1975 4068 2271 4123 ecclesiam
2317 4068 2673 4121 collocentur
2723 4081 2735 4117 :
2781 4081 2885 4119 nec
2927 4079 3184 4134 unquam
3235 4061 3532 4132 presbyter
3579 4058 3667 4111 his

1974 4158 2213 4212 indutus
2243 4162 2398 4210 extra
2448 4154 2744 4210 ecclesiam
2791 4159 2957 4209 exeat
2992 4170 3004 4207 :
3039 4153 3175 4224 quia
3207 4152 3313 4205 hoc
3362 4148 3550 4204 divina
3581 4149 3669 4202 lex

234 4237 362 4301 (Ea:
392 4237 568 4291 eodem
613 4252 779 4303 conc.,
829 4254 948 4306 cap.
996 4238 1067 4305 6.)
1111 4237 1365 4290 Privatus
1415 4236 1716 4306 episcopus
1764 4237 1865 4290 Be-
1894 4260 1937 4314 υ
1975 4246 2258 4316 prohibet.

158 4323 511 4393 gesilitanus
557 4324 698 4378 dixit
730 4341 742 4378 :
778 4326 1038 4396 Suggero
1093 4324 1378 4378 sanctitati
1410 4329 1607 4377 vestrae
1655 4330 1719 4377 ut
1750 4329 1863 4377 sta-

158 4411 345 4463 tuatis
379 4428 492 4465 non
523 4411 691 4465 licere
722 4412 991 4465 clericum
1032 4412 1283 4466 alienum
1315 4412 1384 4465 ab
1417 4412 1607 4481 aliquo
1656 4410 1865 4481 suscipi

159 4499 295 4552 sine
331 4498 533 4553 litteris
559 4501 815 4571 episcopi
850 4501 960 4567 sui,
993 4517 1181 4571 neque
1214 4501 1367 4571 apud
1396 4517 1453 4554 se
1485 4500 1732 4553 retinere
1765 4515 1867 4553 nec

154 4587 383 4641 laicum
418 4604 695 4657 usurpare
726 4588 832 4642 sibi
859 4589 927 4642 de
956 4589 1124 4658 plebe
1148 4590 1355 4655 aliena,
1382 4594 1447 4643 ut
1476 4605 1609 4643 eum
1643 4588 1870 4642 ordinet

158 4677 292 4730 sine
323 4676 672 4730 conscientia
703 4678 825 4746 ejus
872 4678 942 4730 de
974 4679 1135 4748 cujus
1163 4678 1328 4749 plebe
1378 4683 1478 4732 est.
1514 4678 1715 4732 Gratus
1746 4677 1867 4747 epi-

156 4780 380 4833 scopus
437 4764 620 4818 dixit:
654 4767 765 4819 Hoc
815 4766 1115 4819 observare
1164 4782 1361 4836 pacem
1410 4767 1671 4821 custodit.
1728 4767 1867 4819 Nam

156 4853 223 4906 in
278 4869 483 4905 mensa
531 4853 759 4907 concilii
803 4854 1148 4907 sanctissimi
1200 4854 1558 4909 Sardinensis
1604 4854 1871 4908 similiter

156 4946 451 4994 statutum
483 4946 586 5003 est,
616 4947 680 4995 ut
710 4958 879 4997 nemo
908 4943 1142 4997 alterius
1171 4943 1353 5012 plebis
1383 4943 1678 4996 hominem
1711 4959 1872 4995 usur-

154 5035 284 5099 pet.
343 5029 454 5083 Sed
486 5030 533 5083 si
579 5030 724 5085 forte
782 5032 891 5084 erit
922 5032 1329 5097 necessarium,
1390 5036 1547 5101 petat
1576 5048 1609 5085 a
1652 5032 1870 5101 collega

156 5135 294 5184 suo,
328 5123 388 5171 et
418 5134 755 5173 consensum
787 5120 1014 5175 habeat.

157 5224 303 5279 Car.
340 5224 515 5278 XLIV.
550 5256 617 5263 —
668 5228 743 5279 De
784 5227 1115 5295 presbyteris
1162 5231 1212 5279 et
1257 5226 1573 5281 diaconibus
1612 5228 1709 5294 qui
1755 5228 1870 5280 sine

567 5298 764 5351 litteris
794 5300 1032 5367 episcopi
1060 5300 1148 5351 sui
1174 5297 1477 5363 ambulant.

236 5386 359 5449 (Ex
388 5398 531 5438 conc.
565 5387 889 5452 Agathensi,
923 5401 1043 5454 cap.
1073 5389 1143 5452 5.)
1170 5385 1469 5454 Presbyter
1495 5388 1547 5437 et
1568 5384 1867 5451 diaconus,

151 5479 269 5528 aut
319 5473 580 5539 clericus,
615 5474 662 5526 si
697 5473 818 5527 sine
868 5473 1137 5527 antistitis
1187 5472 1276 5526 sui
1306 5472 1560 5543 epistolis
1594 5474 1867 5540 ambulat,

152 5561 647 5619 communionem
680 5561 733 5616 ei
761 5562 953 5617 nullus
983 5561 1299 5632 impendat.

1976 4334 2105 4389 CAP.
2140 4334 2221 4387 LI.
2260 4362 2322 4373 —
2378 4334 2443 4387 Ut
2472 4333 2883 4457 clericusdinlter
2906 4331 3231 4455 ttentationes
3262 4328 3329 4381 ab
3357 4328 3539 4395 ofﬁcio
3566 4340 3671 4378 non

2737 4419 2790 4457 ec
2818 4418 2901 4455 me
2932 4443 2945 4455 .

2737 4418 2945 4457 ecunet.

2050 4496 2153 4557 (Ea:
2182 4492 2373 4548 concil.
2416 4492 2718 4559 Carthag.,
2760 4507 2879 4559 cap.
2916 4492 3026 4555 50.)
3059 4487 3338 4544 Clericum
3370 4485 3519 4540 inter
3544 4488 3671 4538 ten-

1977 4582 2221 4636 tationes
2249 4581 2319 4635 ab
2342 4581 2529 4634 ofﬁcio
2561 4581 2963 4644 declinantem,
2987 4577 3073 4631 vel
3096 4575 3480 4647 negligentius
3504 4589 3673 4643 agen-

1975 4676 2115 4739 tem,
2147 4671 2217 4725 ab
2245 4669 2368 4739 ipso
2402 4668 2591 4723 ofﬁcio
2622 4668 2820 4721 dicunt
2848 4666 3282 4719 removendum.

1980 4780 2104 4833 CAP.
2142 4779 2249 4831 LII.
2300 4805 2367 4815 —
2421 4777 2484 4827 Ut
2527 4776 2699 4827 omnis
2740 4772 3019 4840 presbyter
3064 4774 3123 4824 in
3165 4786 3266 4824 sua
3308 4770 3527 4823 ecclesia
3554 4769 3669 4821 sin-

2199 4849 2342 4916 gulis
2375 4847 2671 4900 Dominicis
2700 4843 2887 4896 diebus
2914 4858 3115 4911 aquam
3148 4840 3441 4894 benedicat.

2050 4938 2157 5008 (Eas
2205 4937 2391 4990 concil.
2444 4935 2789 4993 Nannetensi,
2845 4947 2961 4999 cap.
3012 4929 3089 4999 5.)
3148 4928 3425 4983 Omnibus
3471 4924 3673 4979 diebus

1979 5026 2293 5081 Dominicis
2346 5025 2587 5095 quisque
2637 5021 2933 5091 presbyter
2986 5019 3045 5072 in
3096 5034 3197 5071 sua
3254 5014 3489 5070 ecclesia
3540 5016 3671 5067 ante

1979 5116 2281 5169 missarum
2314 5112 2596 5166 solemnia
2627 5126 2832 5180 aquam
2865 5108 3223 5162 benedictam
3254 5104 3421 5158 faciat
3454 5102 3511 5156 in
3543 5117 3673 5155 vase

1977 5203 2182 5264 nitido.
2238 5208 2293 5255 et
2334 5208 2493 5255 tanto
2524 5200 2791 5269 mysterio
2822 5196 3202 5261 convenienti,
3239 5194 3308 5248 de
3342 5208 3455 5263 qua
3484 5206 3668 5262 popu-

1978 5293 2065 5347 lus
2097 5292 2317 5345 intrans
2346 5288 2643 5343 ecclesiam
2695 5291 3051 5356 aspergatur,
3089 5289 3145 5337 et
3174 5282 3383 5337 atrium
3416 5281 3672 5351 ejusdem

1980 5380 2227 5436 ecclesiae
2275 5395 2404 5433 cum
2437 5377 2699 5431 crucibus
2735 5372 3139 5428 circumeundo
3184 5370 3447 5425 similiter
3477 5384 3670 5439 asper-

1980 5474 2094 5541 gat,
2138 5474 2194 5523 et
2233 5484 2337 5538 pro
2382 5466 2681 5520 animabus
2708 5463 2918 5517 ibidem
2964 5460 3389 5532 quiescentibus
3421 5463 3566 5513 oret.
3609 5458 3675 5509 Et

1981 5560 2081 5631 qui
2112 5558 2353 5613 voluerit
2399 5556 2457 5611 in
2490 5554 2727 5609 vasculis
2771 5553 2885 5607 suis
2935 5552 3177 5624 accipiat
3214 5568 3281 5605 ex
3329 5551 3453 5621 ipsa
3498 5564 3665 5619 aqua,
