3960 6192
369 291 472 342 635

1443 289 1851 346 BURCHARDI
1887 287 2417 345 WORMACIENSIS
2454 288 2795 345 EPISCOPI.

3693 303 3770 356 636

373 419 431 468 et
459 429 564 485 Per
607 415 950 480 ωεηείοηεδο
985 419 1041 470 et
1091 431 1274 486 88’05,
1315 420 1373 470 θῑ
1399 415 1612 481 Vincas:
1645 430 1818 483 super
1862 429 2070 484 Pecora
2098 419 2144 471 Α
2181 431 2531 502 suscepistis,
2580 430 2868 484 unctionis
2907 447 2920 484 :
2968 434 3036 485 ut
3080 445 3184 484 nec
3229 431 3296 485 ab
3341 435 3517 488 eadem
3557 437 3774 504 dignitate

376 520 608 574 quoque
656 520 778 571 sua,
826 510 997 574 atque
1059 520 1230 575 super
1281 504 1492 573 pabula
1540 519 1764 568 eorum,
1815 519 1919 556 nec
1951 518 2068 556 non

376 604 553 658 super
577 587 735 642 cibos
766 594 822 642 et
851 593 1052 657 potum
1084 604 1252 641 suum
1283 592 1640 657 conspergat.

601 677 726 731 CAP.
766 678 905 730 LIII.
933 708 1000 714 —
1031 679 1163 731 Item
1195 677 1260 729 de
1289 692 1433 744 aqua
1467 675 1843 729 benedicenda.

445 765 557 832 (Ea:
611 767 771 834 epist.
831 765 1107 818 Alemand.
1171 780 1350 834 papa,
1405 766 1632 830 fratrib.
1691 780 1792 833 per
1846 767 2065 833 igypt.

377 852 594 922 missa.)
625 855 849 922 Aquam
898 853 1053 907 enim
1104 854 1219 906 sale
1250 869 1611 924 conspersam
1661 852 1859 923 populi
1890 851 2071 905 bene-

375 941 637 1008 dicimus,
691 949 752 994 ut
800 957 867 995 ea
911 941 1099 995 cuncti
1148 943 1363 1012 aspersi
1419 942 1858 995 sanctiﬁcentur.
1907 941 2071 1005 Quod

377 1034 433 1083 et
465 1030 731 1084 omnibus
775 1031 1162 1084 sacerdotibus
1190 1029 1514 1084 faciendum
1546 1046 1666 1084 esse
1709 1029 2067 1083 mandamus.

379 1119 519 1172 Nam
548 1118 594 1170 si
625 1118 764 1170 cinis
802 1118 997 1171 vitulae
1041 1134 1301 1187 aspersus
1342 1121 1622 1188 populum
1659 1117 2068 1183 sanctiﬁcabat,

377 1211 548 1276 atque
609 1207 940 1274 mundabat,
1013 1213 1229 1278 quanto
1307 1208 1490 1278 magis
1561 1224 1710 1278 aqua
1769 1224 1897 1273 quae
1955 1207 2072 1260 sale

376 1311 606 1363 aspersa
655 1295 979 1365 divinisque
1038 1295 1302 1366 precibus
1354 1301 1570 1349 sacrata
1631 1302 1736 1363 est,
1790 1295 2070 1366 populum

376 1383 690 1436 sanctiﬁcat
741 1387 911 1452 atque
973 1384 1256 1437 mundat?
1305 1384 1374 1438 Et
1421 1383 1468 1436 si
1517 1384 1630 1436 sale
1688 1398 1918 1450 asperso
1971 1398 2073 1452 per

379 1471 620 1524 Eliseum
698 1472 1037 1541 prophetam
1106 1471 1374 1524 sterilitas
1451 1487 1616 1541 aquae
1692 1477 1888 1524 sanata
1948 1475 2069 1535 est,

377 1563 591 1628 quanto
622 1558 803 1629 magis
857 1557 1064 1612 divinis
1113 1560 1377 1630 precibus
1423 1564 1638 1612 sacrata
1669 1575 1817 1629 aqua
1864 1558 2071 1612 sterili-

378 1650 555 1700 tatem
615 1663 809 1701 rerum
867 1648 1052 1701 aufert
1106 1647 1512 1715 humanarum,
1567 1652 1625 1701 et
1677 1647 2071 1717 coinquinatos

375 1735 690 1790 sanctiﬁcat
719 1742 777 1789 et
820 1741 1046 1806 purgat,
1094 1741 1150 1790 et
1181 1742 1388 1790 caetera
1433 1737 1582 1790 bona
1614 1736 1974 1806 multiplicat,
2017 1739 2073 1790 et

376 1822 615 1876 insidias
645 1824 856 1878 diaboli
897 1825 1117 1888 avertit,
1153 1829 1208 1878 et
1232 1841 1265 1877 a
1294 1825 1760 1896 phantasmatum
1807 1823 2072 1878 versutiis.

376 1913 670 1968 hominem
701 1915 993 1969 defendit?

378 2019 504 2074 CAP.
538 2020 667 2074 LIV.
697 2050 766 2059 -—
797 2022 862 2075 Ut
891 2023 1067 2075 missa:
1103 2022 1405 2090 peculiares
1432 2023 1490 2074 in
1522 2021 1709 2075 diebus
1738 2019 2069 2076 solemnibus

1079 2107 1185 2145 non
1213 2095 1367 2160 ﬁant.

451 2179 558 2249 (Ea:
608 2179 771 2233 dictis
813 2181 1082 2247 August.)
1113 2181 1181 2233 Et
1232 2181 1341 2234 hoc
1391 2179 1803 2234 attendendum
1853 2183 1957 2245 est,
2013 2184 2077 2234 ut

379 2267 569 2321 missas
602 2269 922 2338 peculiares
971 2284 1101 2340 qua:
1132 2285 1237 2340 per
1283 2269 1402 2323 dies
1433 2270 1714 2323 solemnes
1742 2288 1775 2323 a
1804 2269 2072 2324 sacerdo-

378 2355 531 2410 tibus
561 2357 725 2423 ﬁunt,
778 2373 895 2411 non
925 2358 1003 2412 ita
1032 2358 1092 2412 in
1118 2358 1348 2428 publico
1397 2358 1557 2420 ﬁant,
1589 2363 1650 2412 ut
1694 2375 1799 2428 per
1828 2375 1922 2411 eas
1965 2373 2074 2428 po-

376 2447 548 2515 pulus
577 2462 611 2499 a
641 2447 886 2515 publicis
916 2447 1225 2500 missarum
1258 2447 1609 2501 solemnibus
1640 2464 1768 2518 quae
1793 2447 1936 2501 hora
1967 2452 2076 2500 ter-

375 2532 457 2588 tia
506 2534 778 2589 canonice
823 2535 969 2589 ﬁunt
1009 2536 1410 2589 abstrahatur:
1446 2535 1581 2605 quia
1629 2535 1908 2606 pessimus
1941 2550 2074 2590 usus

377 2629 459 2676 est
492 2623 642 2692 apud
681 2624 979 2692 quosdam,
1012 2625 1070 2677 in
1101 2623 1412 2677 Dominicis
1454 2623 1676 2692 diebus,
1708 2623 1822 2677 sive
1849 2623 1907 2676 in
1940 2625 2073 2694 qui—

380 2711 633 2765 buslibet
677 2713 1079 2766 festivitatibus
1118 2729 1248 2766 mox
1280 2713 1513 2766 missam
1561 2712 1865 2778 celebrare,
1899 2729 2073 2783 quam

378 2799 528 2870 quis,
572 2805 629 2854 et
659 2800 705 2853 si
737 2817 841 2870 pro
891 2801 1170 2854 defunctis
1202 2801 1293 2867 sit,
1328 2816 1457 2854 cum
1501 2800 1744 2854 audierit
1787 2801 2069 2869 abscedat,

379 2891 436 2940 et
462 2903 566 2956 per
593 2893 776 2954 totum
802 2889 952 2942 diem
981 2905 1013 2941 a
1045 2889 1231 2958 primo
1264 2904 1432 2942 mane
1470 2888 1732 2942 ebrietati
1762 2893 1820 2942 et
1848 2905 2072 2943 comes-

379 2974 588 3028 sationi
641 2977 834 3044 potius
901 2993 1072 3046 quam
1138 2978 1248 3030 Deo
1308 2976 1607 3031 deserviat.
1668 2977 2078 3032 Admonendus

380 3066 464 3115 est
503 3062 751 3132 populus
797 3068 862 3116 ut
889 3068 1018 3117 ante
1058 3064 1356 3134 publicum
1387 3068 1793 3135 peractumque
1823 3065 2076 3119 ofﬁcium

379 3149 451 3203 ad
507 3150 698 3204 cibum
755 3167 870 3204 non
922 3152 1150 3206 accedat
1196 3168 1209 3204 :
1262 3151 1358 3205 sed
1416 3168 1616 3206 omnes
1666 3153 1735 3206 ad
1788 3153 2076 3222 publicam

380 3244 633 3292 sanctam
681 3244 922 3294 matrem
978 3240 1274 3294 ecclesiam
1319 3240 1626 3294 missarum
1677 3242 1970 3307 solemnia,
2021 3246 2078 3295 et

379 3327 845 3397 praedicationem
886 3328 1137 3382 audituri
1181 3327 1562 3382 conveniant:
1615 3333 1671 3382 et
1703 3335 1766 3382 ut
1813 3330 2075 3383 sacerdo-

378 3420 466 3470 tes
498 3417 697 3470 missas
727 3419 867 3471 hora
900 3417 1069 3471 tertia
1095 3417 1406 3484 celebrent,
1449 3423 1512 3470 ut
1548 3418 1800 3487 populus
1825 3435 1858 3472 a
1888 3417 2075 3488 publi-

383 3504 460 3557 cis
491 3505 846 3560 solemnibus
895 3522 1012 3559 non
1059 3506 1441 3560 abstrahatur.
1475 3506 1584 3562 Sed
1615 3507 1934 3560 sacerdotes
1977 3506 2080 3577 qui

379 3591 439 3645 in
474 3592 711 3646 circuitu
744 3593 900 3647 urbis
929 3599 1029 3648 aut
1054 3593 1112 3647 in
1141 3593 1339 3648 eadem
1370 3595 1513 3648 urbe
1542 3599 1693 3661 sunt,
1724 3600 1778 3648 et
1809 3596 2076 3665 populus,

382 3687 445 3736 ut
475 3683 864 3752 praediximus,
901 3684 962 3736 in
1001 3699 1181 3736 unum
1216 3684 1282 3737 ad
1328 3683 1614 3754 publicam
1649 3683 1951 3737 missarum
1981 3700 2078 3736 ce-

383 3770 762 3825 lebrationem
793 3771 1154 3839 conveniant,
1204 3772 1454 3842 exceptis
1486 3773 1599 3825 Deo
1641 3772 1872 3826 sacratis
1919 3771 2080 3826 femi-

382 3860 492 3923 nis,
546 3860 754 3931 quibus
806 3877 929 3914 mos
959 3865 1044 3914 est
1095 3862 1164 3914 ad
1213 3861 1509 3931 publicum
1542 3877 1662 3915 non
1711 3861 1927 3931 egredi,
1978 3861 2078 3915 sed

381 3948 642 4002 claustris
676 3950 1007 4004 monasterii
1041 3949 1345 4003 contineri.

385 4055 513 4110 CAP.
546 4055 648 4109 LV.
682 4086 750 4094 —
788 4058 854 4110 De
895 4058 1198 4110 ministerio
1235 4056 1690 4124 presbyterorum,
1724 4057 1806 4110 vel
1834 4056 1972 4124 quid
2001 4058 2078 4111 eis

1003 4129 1343 4180 commissum
1372 4130 1463 4178 sit.

457 4214 567 4271 (Ea:
595 4215 758 4269 dictis
801 4214 1086 4284 ejusdem.)
1121 4215 1229 4267 Vos
1257 4213 1573 4285 presbyteri
1607 4214 1880 4268 veraciter
1909 4231 2076 4269 nosse

389 4302 628 4368 debetis,
661 4309 717 4356 et
761 4319 988 4373 semper
1018 4302 1368 4366 meminisse,
1428 4303 1563 4373 quia
1595 4319 1718 4370 nos,
1753 4304 1961 4374 quibus
1988 4320 2077 4358 re-

387 4389 705 4459 gendarum
731 4391 1056 4443 animarum
1094 4405 1230 4444 cura
1259 4392 1561 4444 commissa
1591 4397 1697 4458 est,
1727 4408 1832 4462 pro
1863 4392 1952 4446 his
1983 4391 2084 4464 qui

389 4485 585 4532 nostra
637 4479 990 4549 negligentia
1033 4483 1279 4549 pereunt
1324 4479 1608 4533 rationem
1664 4480 1941 4534 reddituri
1983 4497 2086 4534 su-

389 4582 517 4620 mus
550 4583 561 4619 :
592 4583 697 4637 pro
730 4567 819 4621 his
864 4583 998 4621 vero
1051 4583 1196 4638 quos
1241 4567 1426 4621 verbis
1467 4573 1524 4622 et
1553 4569 1835 4640 exemplis
1885 4567 2085 4623 lucrati

387 4655 665 4709 fuerimus
695 4655 998 4726 praemium
1031 4662 1262 4710 aeterna:
1295 4656 1426 4710 vitae
1471 4657 1877 4726 percipiemus.
1908 4656 2086 4711 Nobis

389 4745 544 4800 enim
577 4762 609 4798 a
642 4745 884 4799 Domino
906 4746 1121 4799 dictum
1145 4750 1229 4799 est
1260 4762 1272 4799 :
1309 4746 1418 4798 Vos
1445 4745 1578 4798 estis
1609 4747 1688 4799 sal
1711 4750 1894 4798 terrae.
1922 4745 2086 4809 Quod

390 4835 439 4888 si
481 4834 731 4905 populus
787 4833 972 4888 ﬁdelis
1011 4833 1172 4888 cibus
1203 4841 1286 4887 est
1336 4833 1456 4900 Dei,
1493 4833 1752 4904 ejusdem
1798 4833 1908 4888 cibi
1941 4850 2087 4887 con-

392 4923 712 4978 dimentum
744 4938 848 4976 nos
899 4938 1116 4975 sumus.
1167 4922 1377 4976 Scitote
1406 4927 1658 4976 vestrum
1701 4923 1944 4992 gradum
1984 4939 2086 4976 no-

390 5016 504 5066 stro
535 5011 739 5082 gradui
764 5011 1081 5066 secundum
1113 5018 1166 5065 et
1189 5027 1336 5081 pene
1361 5012 1733 5080 conjunctum
1763 5027 1904 5066 esse.
1934 5011 2090 5066 Sicut

390 5099 545 5154 enim
577 5099 829 5171 episcopi
873 5100 1266 5170 apostolorum
1298 5099 1358 5152 in
1395 5099 1661 5167 Ecclesia,
1707 5099 1786 5153 ita
1813 5100 2088 5154 nimirum

390 5189 707 5258 presbyteri
765 5193 1102 5242 caaterorum
1157 5187 1566 5256 discipulorum
1625 5188 1851 5242 Domini
1904 5189 2087 5242 vicem

391 5280 609 5330 tenent.
647 5277 710 5329 Et
739 5276 820 5330 illi
843 5281 1040 5330 tenent
1065 5276 1306 5347 gradum
1332 5276 1544 5330 summi
1570 5277 1852 5347 pontiﬁcis
1875 5279 2086 5344 Aaron,

392 5364 488 5418 isti
533 5379 668 5417 vero
719 5365 974 5420 ﬁliorum
1034 5368 1176 5438 ejus.
1230 5365 1385 5421 Unde
1443 5371 1669 5432 oportet
1713 5383 1812 5420 vos
1861 5383 2091 5438 semper

392 5468 678 5508 memores
742 5470 865 5507 esse
925 5460 1102 5508 tanta!
1159 5453 1476 5526 dignitatis,
1537 5469 1822 5508 memores
1887 5460 2090 5508 vestras

394 5541 858 5606 consecrationis,
919 5559 1204 5600 memores
1257 5559 1450 5611 sacrae,
1501 5559 1672 5614 quem
1723 5543 1784 5597 in
1825 5543 2091 5598 manibus

2177 519 2554 589 degeneretis,
2621 535 2725 573 nec
2781 524 3028 574 vestram
3098 523 3551 577 consecrationem
3604 526 3776 584 irritam

2176 608 2415 674 faciatis,
2475 623 2579 662 nec
2627 623 2830 662 manus
2885 623 3046 661 sacro
3096 608 3342 678 unguine
3387 611 3633 666 delibutas
3672 631 3777 684 pec-

2178 698 2358 751 cando
2404 696 2676 768 polluatis
2710 712 2724 749 :
2755 696 2855 750 sed
2905 696 3090 750 cordis
3128 703 3185 749 et
3221 699 3460 768 corporis
3505 703 3779 758 munditiam

2179 791 2600 851 conservantes,
2635 783 2896 854 plebibus
2929 785 3250 854 exemplum
3280 785 3415 838 bene
3457 786 3648 842 vivendi
3670 805 3779 858 pra:-

2180 875 2400 940 bentes,
2454 873 2543 926 his
2596 871 2804 942 quibus
2850 871 3133 942 prmestis,
3183 872 3442 926 ducatum
3487 873 3550 927 ad
3588 876 3782 930 celestis

2179 979 2360 1033 regna
2389 960 2714 1031 praebeatis.

2181 1070 2307 1124 CAP.
2353 1069 2482 1122 LVI.
2524 1098 2592 1108 —
2645 1070 2712 1123 Ut
2753 1068 2957 1136 singuli
3004 1067 3310 1136 presbyteri
3350 1067 3568 1133 singulos
3610 1069 3784 1124 habeant

2909 1139 3147 1192 clericos.

2251 1249 2361 1316 (Ea:
2391 1246 2579 1301 concil.
2609 1247 2954 1311 Nannetensi,
2997 1260 3116 1313 cap.
3149 1244 3225 1312 9.)
3268 1244 3335 1298 Ut
3361 1243 3582 1314 quisque
3608 1247 3782 1316 presby-

2181 1339 2267 1389 ter
2314 1334 2414 1404 qui
2465 1334 2692 1404 plebem
2742 1333 2909 1403 regit,
2964 1332 3233 1386 clericum
3284 1331 3480 1385 habeat
3523 1333 3608 1402 qui
3643 1349 3781 1386 secum

2181 1427 2389 1487 cantet,
2425 1429 2480 1476 et
2522 1422 2824 1492 epistolam
2856 1427 2914 1475 et
2946 1421 3248 1474 lectionem
3289 1420 3453 1489 legat,
3484 1426 3536 1473 et
3561 1421 3644 1490 qui
3668 1421 3780 1474 scho-

2181 1511 2294 1564 lam
2345 1510 2525 1580 possit
2571 1516 2785 1574 tenere,
2839 1514 2898 1563 et
2946 1509 3252 1563 admoneat
3299 1524 3426 1560 suos
3465 1508 3781 1577 parochianos,

2182 1604 2246 1652 ut
2285 1599 2434 1653 ﬁlios
2463 1615 2596 1651 suos
2638 1599 2708 1651 ad
2739 1599 2911 1652 tidem
2953 1597 3282 1651 discendam
3316 1596 3534 1650 mittant
3571 1595 3629 1649 ad
3655 1597 3783 1650 eccle-

2103 1700 2144 1753 B
2182 1687 2348 1754 siam,
2380 1703 2527 1757 quos
2555 1686 2677 1756 ipse
2707 1702 2836 1740 cum
2871 1685 3029 1740 omni
3060 1686 3317 1739 castitate
3347 1684 3573 1739 erudiat.

2184 1795 2309 1850 CAP.
2376 1795 2531 1848 LVII.
2588 1823 2660 1834 —
2714 1794 2871 1860 Quod
2937 1793 3372 1863 presbyterorum
3437 1791 3556 1861 ﬁdes
3611 1794 3785 1861 primum

2803 1881 3144 1936 discutienda
3163 1883 3257 1936 sit.

2254 1988 2362 2058 (E'c
2391 1988 2577 2042 concil.
2627 1989 2932 2051 Matiscen.,
2977 2003 3100 2056 cap.
3139 1987 3218 2055 3.)
3253 1985 3440 2039 Primo
3469 1983 3692 2038 omnium
3716 1983 3787 2036 dis-

2183 2076 2448 2130 cutienda
2491 2081 2576 2130 est
2625 2076 2767 2130 ﬁdes
2809 2075 3169 2130 sacerdotum
3224 2073 3466 2144 qualiter
3509 2071 3717 2134 credant,
3754 2075 3788 2123 et

2183 2164 2324 2218 alios
2375 2163 2604 2218 credere
2654 2163 2911 2218 doceant.
2969 2162 3052 2216 Ibi
3100 2167 3156 2216 et
3202 2162 3458 2231 exempla
3499 2158 3790 2232 proponenda

2183 2259 2337 2318 sunt,
2391 2257 2672 2323 quatenus
2703 2269 2732 2305 a
2763 2255 3024 2306 creatura
3051 2251 3286 2306 Creator
3310 2249 3790 2320 quantulumcunque

2183 2341 2358 2410 possit
2391 2339 2654 2410 intelligi.

2597 2448 2725 2502 CAP.
2760 2447 2941 2500 LVIII.
2973 2474 3046 2487 —
3081 2447 3154 2500 De
3181 2445 3368 2499 eadem
3394 2460 3466 2498 re.

2254 2554 2373 2620 (Ea:
2425 2554 2586 2608 dictis
2638 2554 2902 2621 August.)
2966 2554 3276 2606 Hortamur
3330 2567 3424 2604 vos
3475 2554 3673 2620 paratos
3715 2563 3799 2601 esse

2183 2643 2256 2697 ad
2307 2642 2591 2696 docendas
2659 2641 2855 2711 plebes
2921 2645 3164 2694 nostras.
3217 2640 3330 2704 Qui
3385 2639 3670 2709 Scripturas
3711 2635 3800 2698 scit,

2183 2732 2456 2800 praedicet
2508 2730 2848 2800 Scripturas.
2904 2729 3012 2793 Qui
3069 2745 3201 2782 vero
3258 2728 3460 2793 nescit,
3512 2727 3682 2781 saltem
3725 2725 3802 2777 hoc

2186 2819 2340 2889 quod
2370 2817 2732 2872 notissimum
2781 2817 2952 2871 habet
2984 2816 3252 2888 plebibus
3287 2817 3452 2883 dicat,
3497 2821 3556 2868 ut
3581 2813 3805 2868 declinent

2184 2923 2218 2960 a
2275 2907 2448 2973 malo,
2507 2911 2562 2960 et
2611 2907 2824 2960 faciant
2874 2906 3114 2970 bonum,
3171 2903 3468 2975 inquirant
3512 2917 3702 2973 pacem,
3744 2914 3806 2951 se-

2187 2999 2439 3065 quantur
2467 3010 2591 3047 eam
2628 3011 2641 3047 :
2671 2994 2807 3064 quia
2838 2993 2989 3048 oculi
3021 2993 3252 3048 Domini
3283 3009 3452 3063 super
3474 2993 3638 3061 justas
3661 2995 3708 3042 et
3733 3003 3805 3041 au-

2185 3099 2276 3136 res
2305 3084 2428 3152 ejus
2458 3083 2519 3135 in
2569 3098 2765 3152 preces
2812 3098 3033 3136 eorum.
3068 3083 3268 3134 Vultus
3299 3086 3486 3135 autem
3527 3076 3721 3133 Domini
3745 3091 3805 3128 su-

2186 3186 2290 3240 per
2317 3170 2589 3224 facientes
2622 3161 2790 3236 mala,
2817 3174 2884 3223 ut
2911 3168 3117 3238 perdat
3143 3168 3214 3222 de
3243 3173 3397 3222 terra
3423 3165 3720 3220 memoriam
3743 3179 3804 3214 eo-

2185 3273 2336 3312 rum.
2392 3258 2592 3312 Nullus
2641 3273 2778 3327 ergo
2835 3273 2894 3311 se
2949 3272 3218 3311 excusare
3277 3255 3506 3326 poterit,
3551 3252 3682 3324 quod
3727 3263 3807 3302 non

2185 3345 2393 3399 habeat
2420 3346 2679 3415 linguam
2723 3345 2871 3398 unde
2915 3345 3096 3414 possit
3124 3345 3378 3415 aliquem
3425 3343 3694 3398 aediﬁcare.
3723 3339 3807 3392 Mox

2187 3433 2341 3488 enim
2375 3439 2435 3487 ut
2466 3433 2784 3504 quemlibet
2813 3439 3102 3487 errantem
3151 3434 3378 3500 viderit,
3413 3438 3575 3501 prout
3601 3431 3753 3500 potest
3771 3429 3808 3477 et

2184 3524 2354 3587 valet,
2388 3528 2489 3576 aut
2517 3522 2836 3593 arguendo,
2866 3527 2966 3575 aut
2986 3522 3360 3585 obsecrando,
3383 3528 3481 3575 aut
3510 3514 3808 3587 increpando,

2187 3613 2260 3666 ab
2292 3628 2486 3665 errore
2533 3610 2804 3677 retrahat,
2853 3615 2910 3664 et
2943 3611 3011 3664 ad
3041 3610 3445 3681 peragendum
3486 3609 3678 3662 bonum
3706 3616 3808 3672 opus

2185 3701 2468 3756 hortetur.

2187 3806 2313 3861 CAP.
2351 3805 2485 3860 LIX.
2524 3834 2590 3844 —
2623 3805 2780 3871 Quod
2808 3806 2867 3858 in
2885 3805 3084 3873 primis
3109 3803 3517 3872 praedicandum
3548 3802 3615 3854 sit
3635 3794 3812 3867 qualiter

2788 3876 3001 3930 credere
3029 3875 3276 3930 debeant.

2109 2975 2149 3029 C

2259 3973 2369 4042 (Em
2399 3974 2584 4027 concil.
2616 3974 2954 4042 Rothomag.,
2993 3988 3115 4041 cap.
3148 3974 3223 4041 t.)
3259 3973 3325 4026 In
3350 3970 3546 4041 primis
3563 3965 3807 4039 pradican-

2185 4061 2323 4116 dum
2356 4067 2438 4114 est
2469 4062 2737 4116 omnibus
2767 4062 3134 4132 generaliter,
3169 4065 3230 4114 ut
3277 4061 3510 4114 credant
3547 4060 3755 4116 Patrem,
3776 4053 3812 4101 et

2187 4150 2414 4216 Filium,
2448 4154 2504 4203 et
2531 4149 2807 4219 Spiritum
2837 4154 3098 4203 sanctum
3130 4165 3313 4202 unum
3346 4150 3523 4202 Deum
3551 4159 3659 4199 esse
3681 4137 3811 4195 omni-

2109 4259 2152 4312 ι)
2189 4243 2504 4310 potentem,
2537 4237 2673 4308 quia
2705 4237 2902 4292 omnia
2946 4237 3101 4303 facit,
3134 4243 3192 4291 et
3221 4253 3399 4290 unam
3429 4251 3545 4290 esse
3584 4231 3813 4289 deitatem,

2192 4333 2250 4382 et
2295 4326 2699 4392 substantiam,
2751 4331 2808 4380 et
2855 4327 3212 4396 majestatem
3261 4325 3323 4379 in
3377 4324 3552 4378 tribus
3595 4315 3813 4392 personis.

2193 4417 2393 4482 Patris,
2427 4420 2484 4469 et
2514 4415 2659 4480 Filii,
2691 4420 2747 4469 et
2773 4414 3018 4485 Spiritus
3047 4414 3246 4468 sancti.

2639 4521 2771 4576 CAP.
2813 4522 2915 4576 LX.
2949 4550 3020 4560 —
3046 4522 3120 4575 De
3148 4519 3339 4575 eadem
3367 4534 3443 4572 re.

2266 4628 2376 4696 (Ea:
2415 4627 2618 4694 eodem,
2667 4642 2786 4695 cap.
2835 4629 2910 4693 2.)
2955 4627 3096 4680 Item
3129 4623 3558 4695 praedicandum
3599 4622 3688 4679 est,
3716 4626 3820 4684 quo-

2192 4717 2365 4770 modo
2425 4715 2596 4769 Filius
2647 4716 2744 4768 Dei
2794 4715 3125 4768 incarnatus
3171 4717 3257 4766 est
3305 4713 3377 4767 de
3427 4709 3626 4782 Spiritu
3654 4706 3819 4757 sancto,

2194 4809 2250 4859 et
2294 4805 2468 4858 Maria
2508 4803 2760 4873 Virgine,
2793 4819 2897 4874 pro
2926 4802 3106 4856 salute
3138 4801 3368 4871 generis
3399 4795 3625 4854 humani
3651 4802 3822 4862 passus.

2195 4893 2472 4963 sepultus,
2522 4891 2691 4946 tertia
2737 4891 2830 4945 die
2879 4890 3208 4955 resurrexit,
3257 4894 3314 4943 et
3357 4889 3558 4942 caelum
3603 4877 3820 4936 ascendit.

2193 4982 2254 5036 in
2284 4982 2398 5036 ﬁne
2442 4981 2646 5036 mundi
2677 4981 2915 5035 veniens
2957 4981 3217 5051 judicare
3258 4994 3458 5033 omnes
3504 4972 3734 5030 homines
3758 4980 3823 5018 se-

2195 5071 2447 5123 cundum
2479 5084 2649 5140 opera
2681 5069 2915 5138 propria
2949 5085 2960 5121 :
2989 5067 3283 5138 quomodo
3305 5065 3473 5136 impii
3501 5077 3618 5116 cum
3648 5051 3823 5146 diabolo

2197 5157 2256 5211 in
2291 5158 2485 5228 ignem
2529 5163 2811 5211 aeternum
2842 5157 3162 5221 mittentur,
3206 5154 3348 5224 justi
3380 5168 3510 5208 cum
3556 5146 3746 5205 Christo
3782 5152 3824 5191 ω

2197 5244 2314 5297 vita
2343 5248 2558 5298 aeterna
2589 5246 2782 5298 erunt.

2641 5348 2768 5403 CAP.
2804 5347 2932 5402 LXI.
2963 5377 3032 5386 --
3058 5348 3130 5401 De
3159 5345 3342 5400 eadem
3369 5360 3446 5398 re.

2271 5455 2383 5525 (Είε
2426 5455 2626 5522 εοάθηι,
2658 5470 2780 5524 cap.
2830 5454 2908 5525 3.)
2956 5454 3098 5508 Item
3137 5450 3562 5522 praedicandum
3601 5447 3676 5498 est
3710 5431 3821 5509 quod

2199 5559 2400 5599 omnes
2429 5544 2694 5600 homines
2720 5543 2780 5598 in
2809 5543 3045 5614 propria
3077 5557 3248 5596 carne
3275 5540 3584 5609 resurgant.
