4022 6190
139 314 249 363 637

1115 293 1588 352 DECRETORUM
1631 290 1817 346 LIBRI
1854 288 1962 344 XX.
2000 315 2067 323 --
2110 284 2320 339 LIBER
2360 280 2744 337 SECUNDUS.

3574 281 3679 334 638

137 435 277 489 CAP.
346 430 514 485 LXII.
559 456 630 465 —
673 426 739 480 Ut
797 424 979 477 omnis
1026 420 1311 491 presbyter
1356 418 1702 491 parochianis
1756 414 1871 468 suis
1901 412 1949 464 A
1988 408 2117 463 CAP.
2186 407 2359 461 LXVI.
2412 434 2480 491 5—-
2533 406 2620 491 Ut,
2649 404 2713 491 de
2754 402 3060 491 auditorio
3086 401 3285 491 nullus
3343 401 3676 469 egrediatur,

322 498 643 570 Symbolum
664 500 711 550 et
737 490 1053 551 Orationem
1082 492 1422 545 Dominicam
1442 490 1698 543 insinuet.

212 613 332 681 (Eae
364 608 559 663 concil.
606 603 879 681 Remensi,
916 616 1038 668 cap.
1096 597 1176 666 8.)
1228 598 1297 651 Ut
1343 594 1529 649 omnis
1576 590 1874 663 presbyter

137 701 427 757 omnibus
480 690 848 766 parochianis
897 688 1016 741 suis
1056 686 1390 757 Symbolum
1436 689 1493 737 et
1539 681 1873 736 Orationem

139 788 520 846 Dominicam
565 786 664 837 aut
712 780 834 850 ipse
866 777 1147 842 insinuet,
1182 779 1280 828 aut
1307 773 1433 827 aliis
1462 768 1873 825 insinuandum

137 881 444 951 injungat,
492 878 547 927 et
587 886 715 925 cum
748 868 817 921 ad
850 864 1277 920 confessionem
1316 867 1571 930 tempore
1617 856 1873 922 Quadra-

138 967 419 1040 gesimali
452 963 712 1028 veniunt,
750 958 875 1010 haec
904 956 977 1009 ab
1015 968 1366 1023 unoquoque
1398 948 1733 1003 memoriter
1765 942 1877 997 sibi

139 1036 448 1112 decantari
501 1050 691 1114 faciat,
758 1062 867 1099 nec
924 1048 1057 1097 ante
1107 1047 1362 1094 sanctam
1409 1036 1872 1091 communionem

141 1144 323 1201 alicui
382 1142 593 1205 tradat,
627 1136 732 1190 nisi
790 1135 922 1187 haec
954 1149 1020 1186 ex
1071 1130 1239 1184 corde
1276 1126 1649 1198 pronuntiare
1695 1137 1876 1176 nove-

143 1238 237 1291 rit.
276 1232 585 1303 Siquidem
618 1228 735 1280 sine
775 1226 993 1277 horum
1025 1219 1266 1273 scientia
1296 1218 1486 1271 nullus
1537 1216 1723 1268 salvus
1754 1225 1878 1264 esse

144 1301 391 1397 poterit.
440 1324 503 1375 In
544 1333 658 1372 uno
700 1314 858 1368 enim
910 1312 1053 1365 ﬁdes
1104 1315 1162 1363 et
1210 1307 1515 1361 credulitas
1554 1301 1880 1358 Christiana

148 1390 538 1467 continetur:
588 1405 648 1458 in
693 1403 801 1455 alio
856 1400 997 1471 quid
1043 1413 1209 1452 orare
1242 1402 1297 1450 et
1335 1400 1527 1466 petere
1558 1410 1589 1446 a
1621 1394 1733 1447 Deo
1782 1390 1880 1444 de-

152 1504 405 1556 beamus
462 1492 813 1564 exprimitur.
881 1488 1043 1552 Quod
1106 1487 1231 1539 sine
1298 1486 1409 1539 ﬁde
1467 1498 1639 1536 nemo
1700 1478 1880 1549 possit

154 1606 278 1643 esse
333 1587 551 1647 salvus,
610 1578 886 1635 Dominus
929 1575 1203 1640 ostendit,
1241 1589 1369 1627 cum
1403 1571 1578 1625 dicit:
1609 1567 1719 1632 Qui
1756 1583 1879 1620 cre-

157 1674 400 1739 diderit,
436 1676 494 1725 et
530 1667 847 1738 baptizatus
894 1664 1086 1729 fuerit,
1143 1663 1334 1715 salvus
1368 1660 1494 1712 erit.
1545 1657 1744 1711 Nullus
1777 1670 1878 1707 au-
1914 1694 1951 1745 Β

157 1772 277 1819 tem
343 1761 582 1814 credere
636 1759 820 1824 potest
884 1752 1036 1822 quod
1091 1750 1295 1812 nescit,
1347 1764 1453 1803 nec
1502 1743 1759 1808 audivit;
1803 1744 1881 1795 ait

160 1853 323 1907 enim
361 1848 573 1903 Paulus
605 1862 615 1898 :
648 1841 940 1907 Quomodo
972 1841 1208 1894 credent
1239 1838 1291 1891 ei
1328 1852 1502 1909 quem
1536 1849 1654 1888 non
1685 1830 1880 1885 audie-

159 1938 347 1994 runt?
381 1938 495 1991 Nec
524 1933 637 1986 sola
666 1929 875 1984 sufﬁcit
907 1928 1044 1982 ﬁdes
1073 1928 1134 1981 in
1164 1926 1363 1991 corde,
1399 1924 1513 1978 nisi
1545 1921 1721 1975 etiam
1752 1934 1881 1972 ver-

160 2029 247 2081 bis
283 2022 641 2085 enuntietur,
669 2024 733 2072 ut
779 2018 930 2071 idem
971 2016 1286 2085 Apostolus
1318 2014 1480 2066 testis
1523 2015 1646 2065 est:
1704 2007 1883 2063 Corde

164 2116 351 2179 enim,
387 2109 605 2181 inquid,
646 2106 894 2161 creditur
926 2105 996 2158 ad
1022 2104 1334 2176 justitiam,
1367 2117 1464 2155 ore
1523 2105 1721 2154 autem
1754 2112 1887 2150 con-

162 2204 344 2259 fessio
379 2202 440 2254 ﬁt
492 2200 556 2252 ad
605 2198 865 2250 salutem.
927 2194 1123 2248 Nullus
1180 2196 1375 2245 autem
1439 2190 1513 2243 de
1572 2186 1886 2242 stoliditate

168 2307 399 2354 sensus,
432 2292 513 2342 vel
542 2285 813 2340 tenuitate
863 2283 1085 2354 ingenii
1113 2284 1411 2335 causetur:
1444 2278 1585 2349 quia
1616 2278 1740 2331 haec
1770 2279 1885 2327 tam

169 2396 351 2451 parva
398 2382 543 2443 sunt,
578 2382 637 2429 ut
666 2390 835 2428 nemo
868 2378 990 2425 tam
1036 2371 1209 2425 hebes
1249 2374 1307 2423 et
1336 2366 1621 2421 barbarus
1658 2363 1751 2429 sit,
1786 2361 1888 2431 qui

170 2471 281 2523 hoc
315 2468 532 2521 discere
583 2469 637 2518 et
666 2461 849 2517 verbis
889 2459 1299 2515 communibus
1345 2454 1729 2525 pronuntiare
1772 2466 1887 2504 non

170 2557 398 2628 possit:
442 2561 552 2607 tam
586 2568 810 2623 magna,
851 2555 917 2604 ut
962 2550 1061 2621 qui
1099 2550 1307 2602 horum
1349 2544 1649 2598 scientiam
1700 2539 1887 2611 pleni-

172 2652 263 2700 ter
290 2660 496 2714 capere
526 2642 794 2714 potuerit,
826 2640 1089 2694 sufﬁcere
1110 2637 1215 2691 sibi
1246 2634 1517 2709 credatur
1538 2634 1609 2687 ad
1641 2632 1887 2685 salutem

174 2739 540 2804 perpetuam.
577 2729 719 2784 Illud
744 2728 921 2782 etiam
962 2723 1403 2783 observandum,
1439 2726 1504 2775 ut
1533 2720 1729 2774 nullus
1762 2734 1886 2770 sus-

175 2822 358 2894 cipiat
409 2820 679 2873 infantem
732 2818 792 2871 in
843 2815 1128 2886 baptismo
1186 2829 1219 2866 a
1273 2826 1434 2863 sacro
1493 2810 1673 2873 fonte,
1727 2810 1889 2858 ante-

176 2926 360 2982 quam
390 2908 538 2962 idem
569 2906 905 2977 Symbolum
939 2908 995 2957 et
1023 2901 1353 2957 Orationem
1402 2897 1762 2951 Dominicam
1794 2910 1888 2947 co-

2429 475 2704 529 sacerdote
2731 474 2951 529 verbum
2976 474 3230 539 faciente.

2052 569 2161 632 (Em
2235 565 2422 620 concil.
2494 564 2763 630 Carthag.
2839 578 2965 631 cap.
3040 562 3155 627 24.)
3230 559 3532 613 Sacerdote
3617 558 3679 611 in

1983 655 2217 707 ecclesia
2255 653 2493 706 verbum
2527 651 2787 716 faciente,
2841 651 2940 721 qui
2983 665 3244 719 egressus
3284 649 3350 701 de
3400 645 3682 701 auditorio

1981 741 2154 796 fuerit
2182 743 2304 796 sine
2338 739 2496 811 gravi
2523 740 2878 803 necessitate,
2913 737 3454 791 excommunicetur.

2373 830 2500 883 CAP.
2541 829 2750 884 LXVII.
2786 858 2855 866 —
2892 832 2959 881 De
2996 828 3180 880 eadem
3208 843 3283 879 re.

2056 922 2164 987 (Ea:
2209 934 2406 973 canone
2452 916 2854 985 apostolorum.)
2908 916 3116 969 Omnes
3160 914 3355 968 ﬁdeles
3406 912 3504 982 qui
3547 926 3682 965 con-

1983 1009 2220 1061 veniunt
2265 1007 2325 1060 in
2370 1006 2723 1059 solemnibus
2775 1004 2946 1056 sacris
2979 1004 3049 1057 ad
3091 1002 3407 1067 ecclesiam,
3458 1006 3515 1054 et
3546 998 3684 1052 scri-

1984 1102 2180 1167 pturas
2236 1096 2625 1166 apostolorum
2683 1098 2739 1146 et
2799 1092 3163 1161 Evangelium
3229 1090 3492 1155 audiunt,
3567 1103 3683 1141 non

1986 1191 2179 1239 autem
2211 1187 2579 1254 perseverant
2608 1182 2666 1234 in
2700 1181 2956 1233 oratione
2981 1196 3160 1250 usque
3188 1180 3322 1231 dum
3358 1177 3530 1230 missa
3562 1190 3687 1244 per-

1988 1277 2209 1342 agatur,
2243 1288 2347 1324 nec
2377 1273 2630 1323 sanctam
2659 1268 3119 1321 communionem
3154 1265 3499 1335 percipiunt,
3534 1264 3695 1315 velut

1989 1359 2419 1429 inquietudines
2456 1356 2711 1411 Ecclesia:
2751 1360 3192 1415 commoventes,
3234 1351 3503 1406 convenit
3531 1365 3688 1403 com-

1988 1447 2263 1500 munione
2294 1445 2531 1516 privari.

2362 1534 2489 1588 CAP.
2538 1534 2769 1588 LXVIII.
2808 1562 2867 1571 —
2908 1533 2985 1584 De
3016 1532 3198 1584 eadem
3229 1546 3307 1583 re.

2081 1622 2257 1689 (Unde
2295 1621 2505 1689 supra.)
2551 1622 2763 1675 Omnes
2814 1620 3119 1675 Christiani
3159 1618 3257 1687 qui
3285 1616 3692 1686 ingrediuntur

1992 1711 2286 1764 ecclesiam
2322 1710 2439 1771 Dei,
2491 1715 2546 1763 et
2587 1710 2906 1779 Scripturas
2953 1724 3138 1761 sacras
3188 1706 3448 1771 audiunt,
3503 1719 3692 1773 neque

1991 1798 2419 1853 communicant
2448 1798 2509 1851 in
2540 1798 2801 1852 oratione
2847 1813 2973 1850 cum
3010 1798 3245 1867 populo,
3291 1795 3387 1848 sed
3420 1809 3522 1863 pro
3555 1807 3695 1862 qua-

1993 1888 2124 1942 dam
2151 1887 2597 1955 intemperantia
2628 1904 2684 1940 se
2718 1903 2751 1939 a
2791 1887 3160 1955 perceptione
3193 1888 3402 1937 sanctae
3433 1896 3692 1936 commu-

1992 1976 2180 2030 nionis
2211 1980 2491 2040 attertunt,
2539 1975 2598 2028 hi
2636 1974 2706 2028 de
2744 1974 2992 2027 Ecclesia
3038 1978 3465 2036 removeantur,
3513 1970 3695 2024 donec

1992 2080 2096 2136 per
2123 2063 2537 2117 confessionem
2569 2062 2917 2132 paenitentiae
2947 2062 3161 2115 fructus
3190 2060 3513 2114 ostendant.

2139 2171 2263 2225 CAP.
2300 2170 2467 2225 LXIX.
2496 2199 2566 2209 —
2602 2171 2675 2223 De
2708 2168 2961 2237 precibus
2995 2168 3116 2232 post
3155 2167 3547 2221 allocutionem.

2071 2260 2181 2327 (Eu:
2221 2258 2407 2312 concil.
2466 2256 2805 2321 Laodicensi,
2862 2272 2982 2324 cap.
3042 2256 3153 2321 l9.)
3214 2254 3373 2317 Quod
3428 2255 3697 2322 oporteat

1998 2362 2250 2402 seorsum
2317 2346 2568 2415 primum
2639 2348 2770 2414 post
2832 2343 3204 2398 allocutiones
3270 2342 3694 2410 episcoporum,

1996 2438 2084 2490 vel
2138 2436 2627 2505 presbyterorum,
2678 2433 2997 2487 orationem
3047 2448 3218 2502 super
3258 2429 3698 2483 catechumenos

1999 2524 2292 2590 celebrari,
2335 2528 2390 2580 et
2420 2529 2722 2593 postquam
2756 2520 3147 2575 catechumeni
3195 2518 3408 2589 egressi
3457 2516 3692 2581 fuerint,

1999 2629 2170 2684 super
2212 2629 2308 2665 eos
2341 2612 2440 2681 qui
2491 2616 2624 2663 sunt
2666 2610 2726 2663 in
2780 2609 3113 2679 poenitentia
3168 2624 3365 2678 preces
3403 2605 3548 2660 ﬁeri.
3600 2604 3700 2660 His

2000 2705 2173 2758 etiam
2224 2699 2622 2755 accedentibus
2670 2699 2737 2752 ad
2773 2714 3008 2752 manum
3058 2696 3368 2751 sacerdotis
3423 2700 3481 2748 et
3523 2694 3700 2747 disce-

2000 2790 2288 2849 dentibus,
2347 2793 2462 2841 tres
2516 2788 2805 2841 orationes
2853 2786 3238 2839 consummari
3292 2782 3567 2845 ﬁdelium,
3619 2782 3702 2835 ita

2000 2885 2063 2934 ut
2091 2878 2276 2949 prima
2306 2878 2540 2948 quidem
2571 2876 2675 2930 sub
2705 2875 2953 2940 silentio,
2989 2874 3241 2928 secunda
3277 2888 3411 2926 vero
3448 2876 3506 2924 et
3532 2871 3701 2924 tertia

178 2963 306 3053 ista
348 2963 679 3068 presbytevro
738 2995 1019 3048 decantet.
1066 2992 1129 3044 Et
1179 2994 1317 3044 tunc
1362 2986 1663 3056 presbyter
1707 2982 1888 3036 omni-
1923 2979 1963 3033 C
2001 2982 2061 3037 Ρε

2062 2981 2105 3019 η·
2136 2965 2576 3019 exclamationes
2609 2963 2802 3016 solitas
2834 2964 3122 3033 expleant.

180 3090 289 3143 bus
340 3084 581 3155 patrinis
633 3081 940 3136 annuntiet
994 3079 1145 3149 quod
1196 3075 1485 3131 debitores
1529 3074 1644 3127 sint
1682 3071 1799 3124 suis
1830 3071 1890 3124 ﬁ-

180 3175 354 3240 liolis,
391 3189 518 3226 cum
563 3172 633 3225 ad
676 3168 1102 3240 intelligibilem
1148 3171 1376 3219 zetatem
1432 3162 1709 3227 venerint,
1769 3160 1893 3213 haec

182 3262 387 3317 eadem
419 3261 732 3314 insinuare.

578 3349 707 3403 CAP.
759 3346 934 3399 LXIII.
970 3372 1033 3383 —-
1066 3344 1145 3396 De
1194 3340 1379 3395 eadem
1420 3356 1497 3393 re.

257 3441 370 3509 (Ea:
407 3439 592 3492 concil.
662 3435 959 3499 Cabillon.,
1020 3449 1140 3502 cap.
1197 3430 1273 3499 4).
1315 3427 1643 3483 Jubendum
1684 3428 1769 3477 est
1829 3429 1895 3479 ut

184 3528 387 3584 Oratio
422 3524 742 3591 Dominica,
768 3524 828 3575 in
865 3538 979 3592 qua
1012 3519 1207 3575 omnia
1256 3516 1575 3570 necessaria
1623 3514 1893 3567 humanas

184 3620 321 3672 vita:
368 3614 957 3685 comprehenduntur,
1014 3616 1071 3664 et
1112 3607 1447 3678 Symbolum
1476 3603 1891 3674 apostolorum,

186 3708 249 3760 in
294 3722 411 3777 quo
466 3705 607 3758 lides
647 3701 928 3756 catholica
974 3716 1039 3753 ex
1086 3698 1311 3767 integro
1361 3691 1891 3763 comprehenditur,

186 3797 260 3850 ab
309 3794 582 3847 omnibus
643 3791 917 3854 discatur,
969 3792 1087 3841 tam
1135 3784 1349 3848 Latine,
1406 3796 1577 3852 quam
1632 3778 1895 3832 Barbari-

190 3901 271 3946 ce,
329 3889 392 3936 ut
462 3880 617 3951 quod
676 3894 775 3933 ore
831 3876 1197 3947 proﬁtentur,
1274 3871 1443 3926 corde
1493 3868 1781 3935 credatur,
1840 3871 1898 3920 et

192 3972 573 4042 intelligatur.

336 4062 475 4115 CAP.
514 4058 685 4112 LXIV.
719 4082 783 4096 --
817 4056 895 4109 De
926 4053 1209 4107 dilectione
1242 4051 1339 4103 Dei
1368 4053 1414 4101 el
1443 4046 1713 4115 proximi.

267 4152 373 4218 (Ea:
423 4147 621 4207 eodem,
678 4160 798 4212 cap.
859 4142 933 4211 5.)
992 4143 1133 4195 Item
1192 4136 1623 4209 prmdicandum
1687 4137 1772 4186 est
1826 4134 1895 4187 de

194 4237 503 4293 dilectione
524 4234 629 4289 Dei
660 4237 715 4286 et
744 4230 1014 4301 proximi,
1048 4230 1117 4283 de
1149 4227 1282 4289 ﬁde,
1311 4229 1367 4277 et
1404 4240 1533 4313 spes
1560 4222 1619 4273 in
1654 4222 1789 4287 Deo,
1826 4221 1895 4274 de
1929 4261 1967 4313 Ο

196 4326 553 4391 humilitate,
584 4320 883 4393 patientia,
927 4319 1203 4381 castitate,
1255 4311 1630 4383 benignitate,
1679 4310 1898 4363 miseri-

197 4416 414 4480 cordia,
469 4413 538 4466 de
568 4409 967 4479 eleemosynis,
1018 4407 1089 4461 de
1120 4403 1495 4466 confessione,
1533 4405 1593 4451 ut
1623 4399 1896 4452 fratribus

196 4518 259 4556 ex
308 4500 481 4555 corde
525 4498 869 4554 remittatur.
905 4496 1013 4560 Qui
1070 4495 1193 4548 haec
1239 4497 1294 4545 et
1323 4488 1534 4543 similia
1577 4492 1777 4557 agunt,
1807 4502 1899 4540 re-

198 4607 378 4661 gnum
412 4589 512 4643 Dei
540 4590 988 4657 consequentur.

198 4696 328 4749 CAP.
394 4695 543 4749 LXV.
600 4721 668 4730 —
726 4694 798 4745 De
844 4688 1182 4751 criminibus,
1239 4684 1440 4753 quibus
1495 4683 1732 4736 homines
1782 4696 1902 4734 cum

759 4761 972 4816 diabolo
994 4760 1343 4827 deputantur.

274 4854 387 4920 (Em
431 4852 628 4916 eodem,
681 4866 799 4919 cap.
850 4848 928 4915 4.)
982 4849 1122 4900 Item
1171 4841 1600 4913 praedicandum
1643 4844 1745 4905 est,
1794 4854 1900 4909 pro

204 4941 415 5011 quibus
446 4938 784 4992 criminibus
812 4936 1072 4989 homines
1105 4948 1232 4986 cum
1267 4931 1495 4985 diabolo
1527 4930 1898 4998 deputantur,

204 5046 335 5099 qua:
357 5028 662 5099 Apostolus
689 5027 767 5079 sic
790 5027 1116 5078 enumerat:
1143 5019 1485 5084 Fornicatio,
1511 5014 1900 5082 immunditia,

206 5118 453 5183 luxuria,
532 5116 817 5169 idolorum
876 5112 1138 5176 servitus,
1204 5108 1497 5169 veneﬁcia,
1558 5104 1901 5171 inimicitiae,

206 5206 620 5270 contentiones,
674 5200 1089 5266 aemulationes,
1140 5198 1262 5262 irae,
1304 5196 1462 5260 rixae,
1497 5192 1901 5260 dissensiones,

206 5301 412 5361 sectae,
486 5291 750 5357 invidiae,
810 5286 1154 5352 homicidia,
1215 5284 1552 5351 ebrietates,
1619 5297 1903 5334 comessa-

206 5382 416 5448 tiones,
468 5385 523 5434 et
553 5380 641 5433 his
680 5378 907 5433 similia.
941 5375 1049 5440 Qui
1097 5373 1233 5428 talia
1282 5375 1479 5442 agunt,
1522 5386 1766 5439 regnum
1804 5368 1907 5422 Dei

207 5487 327 5525 non
375 5473 830 5540 consequentur:
881 5470 938 5520 et
984 5463 1111 5519 ideo
1162 5463 1281 5516 haec
1328 5475 1458 5514 cum
1505 5456 1663 5512 omni
1716 5456 1905 5512 studio

205 5556 644 5629 prohibeantur.

2001 3073 2128 3126 CAP.
2190 3072 2337 3125 LXX.
2397 3099 2471 3111 —
2515 3072 2580 3124 Ut
2627 3072 2797 3123 omnis
2854 3070 3136 3138 presbyter
3190 3073 3247 3123 in
3299 3068 3484 3121 diebus
3543 3068 3705 3138 festis

2070 3144 2330 3212 populum
2368 3142 2655 3195 admoneat
2699 3137 3072 3210 quasipreces
3130 3141 3205 3195 ad
3250 3144 3415 3195 Deum
3473 3137 3705 3203 fundere

2070 3214 2277 3268 debeat.

2074 3319 2197 3389 (Ea:
2234 3321 2420 3374 concil.
2467 3319 2681 3383 Aurel.,
2729 3335 2851 3388 cap.
2896 3319 2970 3385 3.)
3018 3319 3254 3387 Oportet
3297 3322 3363 3371 ut
3401 3315 3461 3369 in
3503 3316 3705 3370 diebus

2005 3408 2314 3462 Dominicis
2345 3408 2431 3460 vel
2468 3406 2643 3473 festis,
2682 3412 2813 3477 post
2851 3422 3174 3461 sermonem
3216 3407 3366 3459 intra
3398 3404 3703 3457 missarum

2004 3496 2279 3550 solemnia
2335 3494 2597 3548 habitum
2647 3496 2713 3547 ad
2762 3494 3009 3563 plebem,
3068 3495 3329 3548 sacerdos
3376 3492 3701 3559 admoneat,

2003 3588 2086 3651 ut,
2155 3582 2319 3650 juxta
2392 3582 2763 3650 apostolicam
2846 3582 3311 3651 institutionem,
3386 3582 3705 3636 orationem

2002 3686 2205 3724 omnes
2253 3670 2309 3723 in
2344 3685 2651 3723 commune
2696 3687 2800 3741 pro
2833 3671 3069 3725 diversis
3099 3671 3537 3726 necessitatibus
3569 3672 3706 3725 fun-

2003 3760 2141 3814 dant
2170 3759 2240 3812 ad
2291 3758 2619 3822 Dominum,
2660 3775 2767 3828 pro
2809 3774 2942 3827 rege
2989 3764 3046 3812 et
3076 3760 3340 3830 episcopo
3387 3774 3608 3824 eorum,
3650 3762 3707 3811 et

2008 3847 2324 3902 rectoribus
2378 3846 2775 3913 Ecclesiarum,
2827 3862 2928 3916 pro
2986 3863 3144 3916 pace,
3200 3864 3303 3917 pro
3364 3851 3540 3916 peste,
3601 3863 3705 3916 pro

2004 3935 2251 3989 inﬁrmis
2280 3934 2381 4004 qui
2410 3935 2485 3988 'in
2518 3935 2638 4005 ipsa
2669 3935 2942 4006 parochia
2973 3935 3117 3990 lecto
3165 3936 3538 4001 decumbunt,
3600 3950 3704 4005 pro

2005 4041 2191 4095 nuper
2220 4023 2524 4089 defunctis,
2574 4023 2636 4077 in
2676 4024 2884 4094 quibus
2931 4024 3220 4093 sigillatim
3253 4024 3517 4094 precibus
3543 4023 3706 4093 plebs

2005 4115 2335 4169 Orationem
2383 4112 2741 4166 Dominicam
2795 4113 2901 4165 sub
2950 4113 3175 4167 silentio
3224 4114 3391 4168 dicat.
3435 4112 3705 4166 Sacerdos

2008 4219 2138 4256 vero
2206 4201 2495 4255 orationes
2561 4202 2632 4255 ad
2697 4203 2805 4255 hoc
2868 4203 3220 4271 pertinentes
3284 4218 3389 4272 per
3452 4202 3706 4272 singulas

2008 4290 2430 4346 admonitiones
2488 4290 2820 4343 solemniter
2876 4291 3119 4360 expleat.
3186 4294 3319 4345 Post
3374 4290 3495 4343 huic
3550 4304 3709 4343 sacra

2006 4379 2327 4432 celebretur
2385 4377 2618 4431 oblatio.
2682 4377 2776 4431 Ait
2822 4378 2976 4430 enim
3034 4379 3376 4449 Apostolus:
3438 4377 3705 4443 Obsecro,

2007 4468 2261 4537 primum
2293 4466 2553 4519 omnium
2593 4466 2717 4519 ﬁeri
2760 4465 3063 4534 orationes,
3097 4466 3538 4534 obsecrationes,
3574 4481 3708 4536 gra-

2007 4557 2218 4609 tiarum
2255 4556 2521 4621 actiones,
2556 4560 2611 4609 et
2639 4561 2861 4609 caetera.

2010 4663 2138 4716 CAP.
2227 4662 2398 4716 LXXI.
2488 4664 2556 4716 Ut
2616 4662 2924 4730 presbyteri
2996 4664 3177 4732 plebes
3246 4663 3570 4716 admoneant
3649 4667 3708 4714 ut

2082 4733 2333 4786 bubulcos
2365 4737 2526 4799 atque
2568 4736 2845 4801 porcarios
2896 4737 2952 4788 in
2990 4735 3389 4804 principalibus
3439 4735 3593 4799 festis
3636 4732 3710 4784 ad

2082 4807 2303 4858 missam
2332 4806 2513 4857 venire
2540 4804 2882 4871 permittant.

2083 4914 2190 4983 (Ea:
2231 4912 2416 4966 concil.
2474 4914 2805 4979 Rothomag.,
2854 4928 2971 4981 cap.
3009 4913 3084 4981 5.)
3132 4913 3453 4966 Admonere
3500 4908 3711 4961 debent

2013 5002 2335 5060 sacerdotes
2377 5000 2572 5069 plebes
2622 5002 2873 5057 subditas
2914 5001 3041 5064 sibi,
3076 5006 3138 5054 ut
3184 4997 3484 5061 bubulcos,
3537 5001 3708 5065 atque

2011 5091 2317 5163 porcarios,
2382 5090 2469 5141 vel
2524 5088 2666 5141 alios
2716 5094 2989 5157 pastores,
3043 5086 3125 5138 vel
3183 5089 3435 5137 aratores
3490 5084 3591 5153 qui
3648 5082 3709 5135 in

2016 5186 2165 5253 agris
2210 5180 2437 5234 assidue
2488 5181 2939 5239 commorantur,
2995 5173 3082 5225 vel
3131 5172 3190 5223 in
3239 5170 3415 5237 silvis,
3474 5178 3531 5225 et
3578 5170 3709 5224 ideo

2014 5273 2169 5324 velut
2197 5286 2352 5323 more
2390 5267 2675 5338 pecudum
2708 5268 2924 5329 vivunt,
2972 5264 3031 5315 in
3068 5259 3376 5315 Dominicis
3407 5266 3464 5314 et
3496 5260 3555 5313 in
3589 5258 3712 5313 aliis

2014 5360 2171 5416 festis
2202 5360 2401 5413 diebus
2436 5359 2637 5411 saltem
2666 5356 2755 5408 vel
2800 5354 2865 5406 ad
2897 5352 3130 5405 missam
3188 5349 3399 5402 faciant
3430 5348 3516 5401 vel
3573 5364 3710 5418 per-

2016 5450 2247 5505 mittant
2274 5447 2507 5501 venire:
2557 5460 2689 5498 nam
2738 5449 2795 5496 et
2824 5443 2925 5495 hos
2978 5438 3235 5493 Christus
3279 5436 3529 5506 pretioso
3582 5450 3710 5489 san-

2018 5539 2192 5609 guine
2239 5553 2342 5590 suo
2390 5534 2651 5589 redemit.
2697 5529 2861 5594 Quod
2890 5527 2937 5581 si
2984 5525 3364 5596 neglexerint,
3423 5540 3526 5596 pro
3584 5521 3710 5576 ani-
