4022 6190
397 313 500 364 639

1468 311 1876 366 BURCHARDI
1921 309 2454 367 WORMACIENSIS
2492 307 2827 365 EPISCOPI.
3757 316 3840 368 640

397 431 603 486 mabus
649 448 848 486 eorum
893 432 1106 504 absque
1139 431 1315 487 dubio
1359 433 1638 487 rationem
1689 449 1747 488 se
1781 433 2100 488 reddituros
2130 435 2172 488 A
2215 433 2340 488 CAP.
2399 433 2649 489 LXXVII.
2688 462 2770 504 H—
2813 433 2882 485 Ut
2927 431 3233 504 presbyteri
3284 432 3517 499 plebibus
3573 439 3843 491 annwttient

395 521 598 575 sciant.
632 521 931 591 Siquidem
968 519 1245 574 Dominus
1276 521 1512 574 veniens
1543 521 1602 574 in
1637 521 1789 575 hunc
1818 522 2099 576 mundum

395 625 511 663 non
561 607 738 680 elegit
783 614 1036 663 oratores
1083 613 1252 680 atque
1303 609 1615 663 nobiliores
1665 626 1946 681 quosque,
1999 610 2095 665 sed

393 697 708 768 piscatores
755 703 928 767 atque
989 696 1192 750 idiotas
1241 697 1348 751 sibi
1403 697 1712 768 discipulos
1770 699 1982 765 ascivit,
2042 703 2102 752 ut

395 786 725 840 ostenderet
766 786 825 839 in
879 786 1026 840 facto
1071 786 1224 856 quod
1274 786 1398 856 ipse
1447 787 1634 840 verbis
1691 787 1751 840 in
1793 787 2099 858 Evangelio

392 875 664 940 afﬁrmat,
723 875 952 928 dicens:
1014 874 1178 939 Quod
1239 875 1571 929 hominibus
1627 880 1713 928 est
1743 876 1945 941 altum,
2002 875 2097 929 ab-

396 963 708 1018 ominabile
737 967 822 1016 est
847 963 1001 1033 apud
1037 965 1236 1017 Deum.
1274 965 1337 1017 Et
1366 963 1520 1016 salva
1544 963 1748 1017 altiore
1777 964 2100 1033 intelligen-

396 1052 498 1120 tia,
563 1051 827 1105 nativitas
889 1052 1067 1104 nostri
1117 1051 1514 1122 Redemptoris
1578 1051 1768 1122 primo
1834 1052 2096 1107 omnium

395 1141 725 1211 pastoribus
758 1139 830 1192 ab
861 1140 1066 1208 angelo
1099 1140 1416 1193 nuntiatur.

507 1229 633 1282 CAP.
679 1229 882 1283 LXXII.
922 1259 990 1267 —
1023 1229 1104 1282 De
1137 1228 1504 1283 admonitione
1533 1229 1989 1298 presbyterorum.

469 1319 578 1383 (Ea:
629 1317 817 1371 concil.
851 1318 1162 1384 Aureliam,
1211 1333 1330 1386 cap.
1391 1318 1468 1383 4.)
1511 1319 1580 1372 Ut
1637 1318 1954 1371 sacerdotes
1996 1317 2100 1371 ad-

399 1411 671 1458 moneant
702 1405 981 1474 populum
1029 1409 1091 1458 ut
1143 1407 1563 1475 eleemosynam
1608 1405 1765 1472 dent,
1802 1411 1859 1459 et
1889 1404 2099 1459 oratio-

397 1509 499 1546 nes
553 1493 764 1546 faciant
816 1509 922 1562 pro
975 1493 1210 1547 diversis
1257 1493 1462 1564 plagis,
1512 1509 1655 1564 quas
1709 1494 1937 1548 assidue
1997 1509 2100 1564 pro

399 1581 642 1650 peccatis
663 1581 936 1650 patimur.

401 1670 526 1724 CAP.
608 1670 836 1725 LXXIII.
895 1700 966 1709 —
1024 1670 1296 1735 Quomodo
1356 1673 1726 1742 unusquisque
1786 1686 1942 1725 orare
2010 1670 2100 1724 de-

471 1811 578 1880 (Ea:
606 1813 806 1877 eodem,
838 1827 957 1880 cap.
1007 1813 1086 1880 6.)
1119 1742 1271 1866 1ιὲἃὶι
1277 1747 1674 1867 tinstruendus
1707 1816 1792 1865 est
1833 1811 2098 1882 populus,

401 1905 462 1954 ut
509 1899 750 1971 singulis
792 1899 1012 1965 diebus,
1053 1901 1154 1970 qui
1183 1900 1433 1972 amplius
1474 1917 1590 1956 non
1639 1905 1850 1972 potest,
1899 1901 2101 1954 saltem

401 1988 622 2042 duabus
659 1987 876 2042 vicibus
923 1993 1084 2041 oret:
1139 2005 1306 2043 mane
1357 1989 1571 2043 scilicet
1623 1995 1680 2043 et
1718 2005 1974 2058 vespere,
2014 1988 2100 2042 di-

399 2093 532 2131 cens
562 2077 893 2147 Symbolum
926 2080 981 2130 et
1010 2077 1342 2132 Orationem
1385 2079 1746 2132 Dominicam
1769 2094 1781 2132 :
1806 2077 1942 2142 sive,
1992 2077 2102 2141 Qui

400 2165 693 2235 plasmasti
747 2181 861 2232 me,
902 2165 1170 2219 miserere
1204 2167 1357 2233 mei;
1391 2168 1478 2220 vel
1512 2166 1709 2232 etiam,
1749 2167 1916 2231 Deus,
1966 2181 2098 2236 pro-

399 2253 577 2324 pitius
610 2258 730 2307 esto
760 2253 901 2307 mihi
943 2255 1226 2324 peccatori
1253 2271 1265 2308 :
1303 2259 1358 2309 et
1395 2257 1507 2309 Deo
1541 2255 1752 2325 gratias
1784 2270 1962 2324 agens
1994 2269 2100 2323 pro

403 2341 749 2413 quotidianae
783 2341 910 2395 vita
956 2340 1392 2408 commeatibus,
1435 2348 1490 2396 et
1517 2343 1652 2414 quia
1684 2359 1742 2397 se
1797 2344 1868 2396 ad
1899 2343 2102 2413 imagi-

399 2445 534 2483 nem
577 2445 739 2482 suam
771 2445 962 2483 creare
1018 2432 1284 2503 dignatus
1338 2431 1428 2496 sit,
1459 2436 1517 2486 et
1565 2448 1598 2484 a
1643 2431 1962 2502 pecudibus
2011 2447 2098 2485 se-

401 2532 660 2586 gregare.
701 2517 795 2570 His
845 2519 1113 2587 peractis,
1148 2524 1205 2573 et
1237 2520 1355 2573 solo
1388 2520 1502 2573 Deo
1545 2525 1798 2573 creatore
1849 2535 1952 2572 suo
2003 2518 2100 2573 ad-

403 2610 586 2672 orato,
620 2611 840 2658 sanctos
887 2606 1131 2673 invocet,
1179 2611 1242 2661 ut
1293 2624 1394 2678 pro
1445 2625 1502 2662 se
1551 2607 1901 2663 intercedere
1950 2607 2102 2678 apud

401 2693 762 2763 majestatem
806 2695 1054 2750 divinam
1087 2697 1418 2767 dignentur.
1470 2698 1603 2752 Hac
1631 2697 1859 2762 faciant,
1893 2696 2102 2767 quibus

400 2781 649 2836 basilica
693 2783 844 2837 locus
896 2800 1077 2856 prope
1129 2790 1232 2852 est,
1283 2786 1343 2839 in
1392 2785 1662 2839 basilica:
1716 2787 1815 2856 qui
1855 2802 1989 2840 vero
2042 2785 2102 2840 in

399 2869 625 2936 itinere,
681 2876 780 2924 aut
836 2889 941 2942 pro
1003 2874 1261 2944 qualibet
1324 2874 1624 2928 occasione
1680 2874 1739 2927 in
1797 2874 1972 2941 silvis,
2041 2875 2100 2928 in

2531 506 2626 572 qui
2663 502 2780 558 dies
2814 504 2926 557 sint
2957 502 3207 568 feriandi
3233 518 3328 571 per
3355 519 3568 558 annum.

2281 608 2401 677 (Ea:
2431 610 2617 662 concil.
2659 608 3002 676 Lugdunen.,
3048 623 3167 676 cap.
3223 607 3299 676 4.)
3351 609 3485 662 Item
3520 612 3848 680 pronuntian-

2208 699 2348 753 dum
2377 703 2482 764 est,
2531 703 2598 751 ut
2627 697 2808 751 sciant
2851 702 3111 766 tempora
3158 696 3397 750 feriendi
3437 713 3537 766 per
3566 714 3773 765 annum,
3800 701 3846 755 id

2209 792 2316 852 est,
2350 801 2583 839 omnem
2624 785 2978 839 Dominicam
3009 801 3042 837 a
3083 799 3319 855 vespera
3360 801 3536 855 usque
3575 786 3637 839 ad
3681 803 3844 857 vespe-

2206 889 2356 943 ram,
2387 891 2458 928 ne
2490 874 2548 928 in
2577 873 2868 928 Judaismo
2900 873 3222 943 capiantur.
3279 873 3536 927 Feriandi
3582 880 3701 928 sunt
3738 892 3845 929 vero

2208 978 2313 1032 per
2341 978 2559 1016 annum
2587 962 2680 1016 isti
2725 962 2879 1016 dies:
2931 962 3143 1015 Natalis
3179 961 3406 1015 Domini
3453 963 3622 1015 sancti
3661 963 3850 1032 Stepha-

2208 1051 2290 1117 ni,
2341 1052 2521 1106 sancti
2567 1051 2800 1106 Joannis
2842 1051 3226 1120 evangelista,
3275 1051 3658 1114 Innocentum,
3695 1057 3849 1105 octava

2209 1139 2424 1193 Natalis
2454 1139 2703 1204 Domini,
2733 1139 3123 1208 Theophania,
3183 1138 3506 1192 Puriﬁcatio
3551 1144 3736 1193 sancta
3760 1139 3845 1193 Ma-

2210 1227 2331 1294 ria,
2381 1233 2638 1282 sanctum
2689 1227 2905 1282 Pascha
2960 1242 3089 1280 cum
3141 1231 3260 1280 tota
3304 1227 3669 1291 hebdomade,
3709 1227 3849 1297 Roga-

2210 1317 2402 1371 tiones
2428 1317 2612 1371 tribus
2643 1316 2864 1382 diebus,
2919 1316 3190 1369 Ascensio
3241 1314 3493 1379 Domini,
3543 1315 3709 1368 sancti
3755 1316 3846 1369 dies

2207 1407 2588 1472 Pentecostes,
2623 1405 2801 1458 sancti
2839 1404 3071 1458 Joannis
3102 1403 3391 1473 Baptista,
3443 1403 3719 1457 duodecim
3746 1420 3847 1474 apo-

2208 1495 2510 1560 stolorum,
2565 1493 2808 1548 maxime
2838 1499 3034 1547 tamen
3064 1497 3390 1546 sanctorum
3421 1491 3572 1545 Petri
3615 1497 3667 1545 et
3708 1493 3847 1556 Pauli,

2209 1582 2308 1653 qui
2339 1583 2617 1637 mundum
2669 1598 2772 1636 sua
2815 1581 3204 1652 predicatione
3253 1580 3724 1643 illuminaverunt,
3759 1596 3848 1633 san-

2209 1671 2285 1726 cti
2342 1670 2652 1735 Laurentii,
2702 1670 3030 1740 Assumptio
3101 1673 3306 1722 sancta
3375 1669 3578 1732 Maria,
3631 1669 3847 1722 Nativitas

2210 1765 2422 1814 sancta
2478 1758 2664 1813 Maria
2724 1757 2994 1827 Virginis,
3067 1757 3357 1811 Dedicatio
3429 1757 3666 1812 basilica
3715 1757 3848 1810 sancti

2209 1847 2538 1917 archangeli
2573 1846 2882 1912 Michaelis,
2918 1845 3203 1900 Dedicatio
3235 1847 3640 1917 cujuscumque
3666 1845 3849 1899 oratorii

2209 1939 2268 1988 et
2323 1935 2584 1988 omnium
2637 1939 2984 2001 sanctorum,
3049 1939 3105 1988 et
3149 1935 3328 1988 sancti
3385 1935 3626 2001 Martini,
3677 1940 3726 1988 et
3770 1934 3848 1987 ille

2209 2023 2544 2078 festivitates
2593 2040 2735 2094 quas
2778 2022 2991 2094 singuli
3041 2022 3293 2094 episcopi
3337 2022 3400 2075 in
3448 2023 3562 2075 suis
3608 2021 3850 2092 episcopiis

2209 2126 2343 2164 cum
2391 2112 2608 2182 populo
2647 2110 3117 2177 collaudaverint,
3152 2127 3281 2181 qua
3313 2111 3518 2164 vicinis
3547 2116 3745 2164 tantum
3771 2110 3848 2162 cir-

2210 2215 2341 2254 cum
2395 2200 2754 2254 morantibus
2815 2199 3132 2254 indicanda
3185 2205 3334 2260 sunt,
3393 2216 3507 2252 non
3567 2198 3850 2269 generaliter

2212 2288 2505 2342 omnibus.
2561 2289 2814 2360 Reliqua
2853 2305 2983 2342 vero
3014 2287 3350 2342 festivitates
3382 2304 3487 2358 per
3533 2297 3730 2340 annum
3768 2302 3849 2340 non

2210 2382 2346 2431 sunt
2371 2378 2642 2448 cogendae
2687 2378 2756 2431 ad
2787 2376 3129 2443 feriandum,
3173 2392 3277 2430 nec
3322 2375 3700 2447 prohibenda.
3747 2373 3855 2428 Indi-

2209 2470 2366 2520 ctum
2408 2481 2542 2519 vero
2566 2465 2852 2535 jejunium
2901 2465 3132 2536 quando
3167 2465 3341 2518 fuerit
3383 2463 3779 2529 denuntiatum,
3805 2463 3856 2515 ab

2209 2553 2480 2608 omnibus
2510 2555 2861 2608 observetur.

2210 2661 2338 2716 CAP.
2428 2659 2695 2715 LXXVIII.
2741 2689 2809 2700 —
2879 2660 2948 2714 Ut
3003 2659 3334 2727 presbyteri,
3394 2674 3517 2714 cum
3583 2660 3860 2725 festivitates

2424 2733 2775 2796 annuntiant,
2807 2731 3125 2796 vigiliarum
3153 2746 3258 2784 non
3283 2730 3684 2784 obliviscantur.

2283 2821 2386 2886 (Em
2415 2820 2612 2874 concil.
2669 2819 2819 2888 apud
2871 2818 3276 2889 Compendium,
3309 2835 3431 2888 cap.
3490 2821 3562 2888 l.)
3605 2820 3729 2873 Item
3763 2833 3862 2870 cum

2209 2908 2528 2979 presbyteri
2591 2923 2776 2961 sacras
2846 2906 3181 2960 festivitates
3254 2909 3473 2978 populo
3546 2907 3863 2969 annuntiant,

402 2959 574 3066 agris:
608 2959 956 3066 “bicu'ﬂ‘l‘le
981 2977 1084 3066 ξοδ,
1107 2963 1228 3034 ipsa
1261 2963 1404 3061 hf’ra
1440 2962 1725 3066 matutina
1751 2963 1837 3066 ξ’ῗι
1871 2979 2098 3034 "spe"
2129 2991 2170 3046 C
2209 2959 2401 3050 etiam“
2413 2996 2699 3066 jejunium
2733 2995 3081 3065 vigiliarum,
3137 2995 3236 3050 ubi
3255 2959 3393 3050 ‘esse
3425 2996 3613 3062 debet,
3653 3011 3738 3050 eos
3775 2959 3867 3048 om:

400 3047 522 3102 tina
561 3047 844 3103 invenerit
875 3049 954 3104 sic
982 3051 1210 3118 faciant,
1235 3051 1479 3105 scientes
1510 3052 1690 3105 Deum
1711 3050 1928 3122 ubique
1955 3067 2100 3122 pra-

402 3141 624 3191 sentem
663 3153 806 3203 esse,
857 3138 1080 3194 dicente
1129 3139 1464 3194 Psalmista:
1519 3142 1581 3193 In
1627 3139 1787 3192 omni
1826 3141 1950 3194 loco
2004 3141 2101 3194 do-

401 3225 744 3279 minationes
769 3226 911 3296 ejus.

403 3311 530 3368 CAP.
572 3313 792 3369 LXXIV.
839 3342 912 3355 —
954 3317 1027 3368 De
1051 3316 1202 3384 ﬁliis,
1234 3317 1498 3385 quomodo
1538 3315 1860 3386 parentibus
1889 3315 2100 3371 obedire

473 3454 586 3524 (Ea-
631 3456 816 3510 concil.
866 3386 1405 3526 Ανυρνηὶιὲἓξῗηὲ.)
1458 3457 1825 3512 Admonendi
1858 3462 1993 3512 sunt
2038 3457 2101 3510 ﬁ-

403 3543 558 3597 deles
605 3549 813 3598 sancta
849 3544 946 3598 Dei
978 3545 1235 3600 Ecclesia
1285 3546 1412 3616 ﬁlii,
1461 3549 1548 3600 vel
1598 3547 1752 3612 ﬁlia,
1785 3552 1850 3601 ut
1891 3562 2099 3617 paren-

400 3631 553 3686 tibus
583 3633 699 3685 suis
729 3633 1116 3688 obedientiam
1165 3635 1493 3703 exhibeant,
1536 3635 1758 3690 dicente
1807 3635 2048 3689 Domino
2082 3651 2096 3701 ;

403 3719 526 3787 Fili,
561 3722 878 3776 honoriﬁca
902 3727 1124 3793 patrem
1155 3729 1343 3779 tuum.
1390 3726 1531 3780 Nam
1561 3729 1617 3779 et
1651 3730 1712 3779 ut
1749 3725 1860 3795 ipsi
1889 3741 2097 3795 paren-

401 3814 486 3863 tes
516 3825 652 3878 erga
677 3811 826 3865 ﬁlios
849 3828 982 3866 suos
1002 3828 1066 3866 ac
1087 3812 1234 3867 ﬁlias
1262 3814 1512 3868 modeste
1544 3817 1718 3883 agant
1748 3811 2100 3867 admonendi

361 3922 374 3928 -
402 3901 556 3962 sunt,
590 3897 814 3953 dicente
861 3901 1134 3970 Apostolo
1163 3917 1175 3954 :
1211 3901 1276 3953 Et
1324 3917 1442 3967 vos,
1487 3906 1772 3970 parentes,
1821 3900 1998 3953 nolite
2033 3899 2102 3954 ad

402 3985 756 4040 iracundiam
812 4003 1121 4058 provocare
1181 3988 1330 4042 ﬁlios
1385 3993 1621 4042 vestros.
1687 3988 1826 4041 Nam
1886 3993 1944 4042 et
1995 3987 2102 4042 hoc

404 4074 713 4129 dicendum
745 4081 828 4129 est
856 4076 957 4140 eis,
1017 4080 1077 4128 ut
1108 4075 1154 4128 si
1204 4076 1287 4128 illi
1340 4075 1575 4145 genitali
1609 4075 1812 4130 affectu
1867 4093 2101 4146 parcere

403 4163 580 4217 velint
611 4163 839 4233 injuriis
867 4164 1144 4230 ﬁliorum,
1189 4181 1302 4217 non
1345 4163 1448 4216 hos
1477 4163 1794 4234 impunitos
1825 4165 2101 4219 Dominus

406 4251 565 4317 sinit,
597 4251 706 4304 nisi
735 4251 877 4306 forte
922 4251 1276 4322 panitentia
1329 4251 1723 4320 subjiciuntur.
1771 4254 1876 4308 Sed
1908 4260 2100 4309 tamen
2127 4279 2171 4332 ι)

406 4339 587 4393 levius
614 4343 698 4392 est
737 4339 869 4392 ﬁliis
900 4343 1206 4409 parentum
1243 4341 1515 4412 qualibet
1560 4342 1786 4413 ﬂagella
1815 4344 2100 4413 suscipere

407 4443 580 4498 quam
613 4427 713 4481 Dei
738 4426 881 4482 iram
913 4428 1226 4484 incurrere.

408 4514 542 4571 CAP.
576 4514 769 4570 LXXV.
799 4545 872 4556 —
903 4517 983 4570 De
1014 4515 1123 4570 illis
1176 4519 1272 4585 qui
1314 4519 1644 4587 principales
1673 4520 1997 4585 festivitates
2043 4521 2102 4573 in

1029 4588 1175 4643 villis
1201 4589 1485 4644 celebrant.

478 4674 587 4745 (Ea:
614 4676 802 4730 consil.
837 4676 1149 4743 Aureliam,
1182 4693 1303 4747 cap.
1341 4677 1420 4747 8.)
1461 4679 1602 4731 Item
1641 4677 2102 4733 denuntiandum

407 4769 512 4829 est,
547 4769 612 4818 ut
637 4765 783 4819 nulli
812 4765 1022 4820 civium
1053 4767 1306 4834 Pascha,
1340 4767 1552 4821 Natalis
1584 4767 1814 4821 Domini
1843 4767 1931 4821 vel
1958 4767 2102 4821 Pen-

405 4851 647 4904 tecostes
695 4849 1084 4903 solemnitates
1132 4851 1300 4904 liceat
1348 4850 1406 4904 in
1457 4851 1589 4905 villa
1635 4851 1944 4917 celebrare,
1993 4851 2105 4905 nisi

406 4955 578 5010 quem
609 4939 914 4994 inﬁrmitas
943 4939 1284 5010 probabitur
1312 4940 1582 4995 tenuisse.

797 5028 926 5084 CAP.
963 5029 1187 5084 LXXVI.
1220 5057 1291 5070 —
1319 5032 1395 5084 De
1423 5030 1606 5085 eadem
1632 5045 1709 5084 re.

479 5119 586 5187 (Ea:
615 5118 804 5173 concil.
845 5117 1154 5185 Agathen.,
1205 5133 1328 5187 cap.
1379 5119 1454 5189 5.)
1503 5121 1641 5172 Item
1683 5117 1922 5173 docendi
1972 5123 2108 5173 sunt

407 5205 576 5274 cives,
629 5212 693 5259 ut
745 5206 978 5272 Pascha,
1025 5206 1282 5260 Natalem
1338 5206 1587 5276 Domini,
1647 5211 1704 5260 et
1733 5209 2106 5261 Pentecosten

406 5291 465 5345 in
522 5292 844 5347 civitatibus
902 5309 1033 5347 cum
1095 5293 1379 5365 episcopis
1439 5293 1578 5360 suis,
1633 5293 1745 5347 nisi
1798 5293 2105 5348 inﬁrmitas

409 5379 761 5450 impedierit,
816 5382 1126 5449 celebrent,
1171 5381 1516 5454 accipienda
1568 5384 1989 5437 communionis
2021 5383 2106 5436 vel

409 5469 826 5524 benedictionis
866 5471 1088 5541 gratia:
1139 5475 1196 5526 et
1221 5471 1322 5542 qui
1371 5473 1478 5526 hoc
1528 5472 1902 5543 neglexerint,
1952 5487 2108 5526 com-

412 5557 688 5613 munione
721 5559 1038 5630 priventur.

2207 3085 2459 3139 nimodis
2482 3101 2706 3138 servare
2738 3089 3025 3138 moneant.

2210 3191 2341 3246 CAP.
2404 3192 2616 3245 LXXIX.
2673 3220 2732 3231 —
2787 3193 2855 3245 Ut
2901 3191 2976 3244 ad
3021 3191 3374 3245 salutationes
3425 3190 3767 3245 sacerdotales
3811 3187 3865 3242 ad

2527 3266 2750 3316 missam
2789 3277 2965 3316 omnes
2995 3261 3182 3315 devote
3207 3262 3591 3330 respondeant.

2283 3350 2402 3420 (Ea:
2439 3351 2626 3403 concil.
2661 3351 2970 3415 Aureliam,
3025 3364 3148 3418 cap.
3188 3349 3266 3415 2.)
3324 3349 3470 3402 Item
3530 3346 3868 3402 intimandum

2209 3443 2387 3492 estut
2424 3437 2497 3491 ad
2527 3437 2897 3490 salutationes
2933 3437 3310 3490 sacerdotales
3358 3453 3632 3507 congrua
3674 3451 3868 3506 respon-

2209 3527 2400 3581 siones
2429 3526 2740 3594 discantur,
2767 3525 2868 3579 ubi
2896 3541 3012 3580 non
3037 3527 3220 3580 solum
3259 3527 3449 3580 clerici
3487 3533 3544 3581 et
3574 3530 3680 3582 Deo
3705 3526 3866 3581 dicata:

2209 3615 2493 3670 sacerdoti
2552 3614 2986 3685 responsionem
3036 3614 3296 3680 offerant,
3361 3615 3460 3669 sed
3521 3617 3702 3670 omnis
3744 3615 3869 3687 plebs

2211 3704 2416 3760 devota
2446 3719 2700 3757 consona
2727 3719 2861 3757 voce
2887 3704 3238 3773 respondere
3270 3703 3457 3759 debet.

2211 3811 2343 3866 CAP.
2397 3811 2580 3864 LXXX.
2613 3838 2681 3850 —-
2717 3812 2782 3864 Ut
2832 3811 3014 3864 nullus
3064 3810 3349 3863 ordinatus
3400 3827 3504 3879 per
3550 3817 3730 3865 sancta
3778 3810 3871 3863 dis-

2522 3887 2732 3945 currat,
2756 3881 3012 3935 Ecctesia
3035 3897 3146 3936 sua
3175 3897 3306 3936 cura
3326 3881 3605 3936 derelicta.

2285 3970 2407 4037 (Em
2455 3968 2620 4023 dictis
2668 3969 2926 4038 August.)
2973 3969 3433 4023 Interdicendum
3481 3975 3570 4024 est
3615 3975 3676 4025 ut
3720 3967 3873 4023 nullus

2213 4057 2530 4123 ordinatus,
2565 4057 2682 4111 sive
2720 4058 3073 4112 ordinandus
3126 4057 3336 4129 migret
3389 4058 3458 4112 de
3493 4075 3599 4112 sua
3641 4055 3870 4128 parochia

2211 4145 2281 4199 ad
2311 4144 2502 4209 aliam,
2528 4161 2634 4199 nec
2654 4146 2723 4200 ad
2761 4146 2956 4198 limina
2985 4146 3377 4215 apostolorum
3407 4147 3687 4200 orationis
3715 4159 3872 4209 causa,

2212 4234 2472 4288 Ecclesia
2527 4250 2645 4288 sua
2677 4250 2811 4288 cura
2843 4233 3133 4302 derelicta,
3164 4250 3266 4288 nec
3307 4236 3378 4288 ad
3422 4235 3699 4305 palatium
3738 4247 3874 4286 causa

2210 4323 2638 4393 interpellandi.
2685 4323 2844 4387 Quod
2877 4322 2923 4375 si
2955 4321 3168 4386 fecerit,
3208 4323 3352 4376 nihil
3385 4323 3537 4378 valet
3580 4317 3873 4394 hujusmodi

2209 4417 2308 4466 aut
2333 4411 2619 4466 ordinatio
2650 4415 2749 4465 aut
2781 4411 3144 4481 demigratio.
3199 4411 3264 4465 Et
3311 4411 3418 4464 hoc
3465 4411 3730 4465 omnibus
3766 4408 3875 4462 ﬁde-

2209 4499 2361 4554 libus
2391 4499 2872 4566 denuntiandum,
2898 4498 3078 4570 utqui
3105 4515 3273 4552 causa
3301 4499 3581 4553 orationis
3610 4499 3678 4553 ad
3705 4497 3876 4550 limina

2209 4588 2510 4643 beatorum
2555 4589 2945 4656 apostolorum
2983 4603 3222 4658 pergere
3268 4587 3530 4656 cupiunt,
3583 4587 3733 4641 domi
3771 4601 3875 4639 con-

2210 4677 2485 4732 ﬁteantur
2527 4682 2756 4747 peccata
2803 4693 2926 4744 sua,
2969 4681 3028 4730 et
3077 4676 3156 4730 sic
3185 4675 3656 4746 proﬁciscantur:
3699 4675 3818 4746 quia
3849 4687 3874 4724 a

2209 4767 2445 4837 proprio
2491 4766 2757 4836 episcopo
2790 4781 2892 4818 suo
2927 4769 3025 4818 aut
3045 4764 3337 4818 sacerdote
3391 4764 3633 4834 ligandi,
3665 4768 3756 4817 aut
3785 4761 3879 4815 sol-

2209 4855 2385 4910 vendi
2414 4860 2570 4922 sunt,
2609 4871 2725 4908 non
2755 4855 2826 4908 ab
2858 4859 3145 4908 extraneo.

2214 4959 2343 5014 CAP.
2408 4960 2620 5014 LXXXI.
2657 4989 2727 4998 —
2755 4962 2830 5014 De
2885 4959 3160 5082 dominifa
3217 4959 3304 5012 die
3353 4959 3593 5027 qualiter
3640 4961 3709 5012 sit
3755 4970 3882 5010 vene-

2965 5044 3068 5082 ran
3113 5045 3166 5082 a.

2965 5044 3166 5084 ranaa.

2284 5121 2393 5183 (Ex
2415 5119 2603 5173 concil.
2638 5117 2790 5187 apud
2819 5117 3238 5188 Compendium,
3280 5133 3399 5187 cap.
3443 5119 3523 5185 2.)
3549 5118 3756 5172 Omnes
3785 5113 3883 5168 dies

2214 5206 2547 5260 Dominicos
2577 5221 2609 5258 a
2638 5220 2876 5274 vespera
2911 5205 2971 5258 in
3001 5220 3297 5276 vesperam
3327 5220 3457 5258 cum
3491 5205 3652 5258 omni
3686 5215 3882 5256 venera-

2213 5294 2372 5349 tione
2403 5295 2705 5348 observare
2742 5293 3118 5359 decrevimus,
3153 5299 3212 5349 et
3241 5294 3310 5347 ab
3347 5293 3546 5348 illicito
3580 5308 3749 5364 opere
3779 5289 3880 5344 abs-

2214 5383 2419 5446 tinere,
2445 5388 2501 5437 et
2530 5387 2595 5436 ut
2625 5388 2908 5437 mercatus
2941 5382 2998 5435 in
3032 5382 3115 5436 eis
3164 5382 3401 5437 minime
3447 5382 3536 5440 sit.
3588 5398 3694 5436 nec
3730 5377 3883 5450 placi—

2215 5475 2340 5527 tum
2371 5473 2465 5528 ubi
2495 5473 2701 5544 aliquis
2732 5471 2802 5526 ad
2848 5475 3093 5526 mortem
3133 5471 3221 5525 vel
3263 5471 3327 5526 ad
3361 5485 3588 5540 panam
3625 5467 3882 5539 judicetur

2217 5577 2323 5616 nec
2354 5568 2709 5617 sacramenta
2731 5561 3016 5632 jurentur,
3041 5559 3153 5615 nisi
3181 5576 3286 5631 pro
3316 5575 3454 5630 pace
3482 5556 3755 5613 facienda.
