4022 6190
128 222 221 274 641
1100 216 1569 275 DECRETORUM
1617 220 1806 274 LIBRI
1846 218 1954 273 XX.
1997 247 2067 257 -—
2106 218 2321 275 LIBER
2360 218 2735 275 SECUNDUS.

384 341 517 395 CAP.
556 338 800 393 LXXXII.
833 368 904 377 -—
937 340 1071 392 Item
1102 339 1167 393 de
1199 342 1479 395 Dominica
1508 340 1613 394 die.

194 433 323 501 (Ex
349 430 552 484 concil.
586 426 738 496 apud
765 428 820 482 S.
855 427 1206 492 Medardum,
1245 435 1503 497 praesente
1535 430 1722 485 Carolo
1747 432 1860 482 im-

124 528 406 594 peratore,
441 533 566 587 cap.
603 516 678 585 5.)
714 514 1035 569 Statuimus
1065 532 1316 587 quoque,
1353 520 1665 572 secundum
1702 517 1859 587 quod

125 614 180 666 in
215 611 348 680 lege
386 606 673 661 Dominus
714 604 1032 670 mandavit,
1073 609 1137 657 ut
1174 622 1348 674 opera
1386 606 1614 660 servilia
1656 606 1858 660 diebus

127 698 455 755 Dominicis
490 710 607 749 non
649 698 919 763 agantur,
973 693 1121 745 sicut
1163 694 1388 763 genitor
1428 710 1589 747 meus
1639 695 1696 747 in
1737 692 1859 747 suis

124 786 514 858 synodalibus
558 781 760 837 edictis
799 780 1123 847 mandavit,
1158 782 1315 851 quod
1353 798 1456 835 nec
1494 782 1603 835 viri
1644 782 1860 835 ruralia

124 878 483 938 exerceant,
536 888 644 925 nec
697 870 757 923 in
818 869 993 923 vinea
1041 870 1299 935 colenda,
1359 886 1464 925 nec
1521 872 1580 925 in
1638 869 1859 940 campis

125 966 371 1029 arando,
404 963 493 1016 vel
535 958 825 1025 metendo,
874 959 968 1012 vel
1000 957 1202 1011 fenum
1241 961 1504 1025 secando,
1540 960 1627 1013 vel
1662 974 1856 1029 sepem

126 1052 407 1127 ponendo
453 1067 469 1103 :
517 1064 621 1102 nec
660 1048 718 1100 in
767 1046 934 1099 silvis
979 1046 1281 1115 stirpando
1330 1048 1417 1099 vel
1468 1048 1698 1101 arbores
1746 1064 1855 1101 cae-

127 1146 284 1207 dere,
322 1140 417 1193 vel
463 1139 522 1192 in
559 1136 735 1207 petris
773 1134 1070 1199 laborare,
1105 1149 1213 1187 nec
1242 1135 1441 1189 domos
1471 1140 1711 1202 struere,
1751 1152 1860 1189 nec

128 1233 182 1285 in
224 1231 409 1283 horto
462 1226 750 1289 laborare,
800 1238 915 1275 nec
964 1223 1034 1275 ad
1084 1222 1293 1291 placita
1344 1225 1708 1292 conveniant,
1750 1240 1859 1279 nec

130 1322 427 1373 mercatus
457 1314 541 1381 ﬁt,
570 1328 674 1367 nec
703 1311 1045 1364 venationes
1077 1318 1470 1369 exerceantur.

532 1406 655 1455 CAP.
691 1401 961 1454 LXXXIII.
991 1430 1061 1441 —
1095 1403 1173 1456 De
1194 1402 1378 1455 eadem
1401 1419 1477 1455 re.

200 1497 326 1566 (Ex
393 1492 577 1547 eodem
625 1490 839 1551 concil.,
886 1504 1006 1557 cap.
1061 1490 1139 1559 6.)
1191 1490 1324 1544 Tria
1375 1489 1626 1544 carraria
1682 1506 1859 1561 opera

133 1588 265 1639 licet
307 1583 443 1635 ﬁeri
489 1580 546 1632 in
597 1577 891 1630 Dominica
936 1577 1051 1641 die,
1096 1578 1153 1630 id
1195 1585 1301 1639 est,
1352 1579 1633 1632 liostilitia
1672 1594 1853 1645 carra,

134 1670 415 1726 victualia
450 1668 537 1720 vel
570 1666 803 1735 auguria
844 1682 855 1717 :
893 1669 966 1731 et,
994 1665 1041 1717 si
1080 1665 1231 1719 forte
1263 1683 1497 1721 necesse
1529 1666 1620 1733 sit,
1652 1682 1857 1738 corpus

134 1760 460 1831 cujuslibet
485 1754 613 1809 duci
643 1754 709 1807 ad
742 1754 1095 1823 sepulcrum.

458 1845 578 1899 CAP.
612 1843 860 1897 LXXXIV.
894 1871 959 1883 —
992 1845 1124 1897 Item
1155 1844 1225 1897 de
1262 1844 1450 1899 eadem
1478 1861 1557 1899 re.

210 1939 330 2003 (Ea:
383 1934 583 1997 eodem,
639 1947 763 2000 cap.
812 1934 888 2000 7.)
938 1932 1187 1986 Feminae
1238 1949 1415 2002 opera
1463 1933 1686 1987 textilia
1744 1950 1854 1987 non

138 2027 363 2081 faciant
403 2024 465 2076 in
503 2022 590 2075 die
630 2019 945 2086 Dominica,
978 2037 1091 2074 non
1130 2023 1408 2091 capulent
1448 2023 1714 2090 vestitus,
1745 2039 1859 2076 non

141 2118 457 2177 consuant,
504 2112 583 2164 vel
628 2111 819 2164 lanam
858 2115 1114 2180 carpant,
1167 2127 1288 2164 non
1320 2111 1453 2164 licet
1508 2114 1698 2166 linum
1729 2112 1860 2166 bat-

144 2210 289 2267 tere,
346 2206 445 2255 aut
491 2199 820 2253 vestimenta
866 2199 1084 2265 lavare,
1130 2215 1237 2253 nec
1274 2215 1539 2255 verveces
1574 2200 1859 2267 tondere,

144 2297 208 2345 ut
240 2289 591 2343 omnimodis
622 2288 807 2342 honor
836 2293 893 2341 et
930 2289 1152 2359 requies
1182 2288 1276 2341 die
1309 2289 1614 2344 Dominica
1648 2292 1864 2361 persol-

143 2384 318 2433 vatur
372 2394 383 2431 :
434 2378 526 2431 sed
565 2379 630 2431 ad
677 2377 981 2430 missarum
1028 2376 1311 2431 solemnia
1354 2378 1620 2450 undique
1662 2394 1863 2433 conve-

143 2468 348 2533 niant,
400 2471 457 2519 et
509 2465 740 2519 laudent
788 2466 974 2519 Deum
1026 2483 1127 2535 pro
1175 2465 1447 2519 omnibus
1507 2468 1675 2522 bonis
1730 2484 1861 2539 quae

144 2557 322 2611 nobis
354 2555 416 2608 in
444 2555 539 2608 illa
564 2555 653 2608 die
682 2554 940 2607 conferre
970 2554 1234 2624 dignatus
1264 2560 1370 2607 est.

484 2643 606 2698 CAP.
638 2644 870 2697 LXXXV.
899 2673 962 2683 —
996 2645 1126 2697 Item
1152 2643 1217 2696 de
1243 2643 1429 2697 eadem
1453 2660 1532 2699 re.

222 2734 346 2803 (Em
394 2732 588 2797 eodem,
632 2748 753 2802 cap.
798 2733 875 2801 8.)
932 2732 1139 2787 Omnes
1180 2732 1305 2786 dies
1352 2733 1681 2787 Dominicas
1728 2750 1859 2788 cum

148 2822 319 2876 omni
362 2821 715 2875 veneratione
757 2820 1059 2875 observare
1098 2819 1481 2886 decrevimus,
1529 2825 1585 2875 et
1624 2821 1694 2874 ab
1741 2820 1857 2875 illi-

146 2912 267 2965 cito
308 2924 483 2980 opere
526 2908 834 2976 abstinere,
868 2914 925 2962 et
974 2914 1035 2961 ut
1064 2912 1345 2962 mercatus
1390 2908 1451 2961 in
1500 2909 1581 2963 eis
1622 2909 1862 2964 minime

148 3000 249 3065 sit,
282 3015 391 3052 nec
427 3000 698 3068 placitum
734 2998 831 3051 ubi
869 2997 1074 3069 aliquis
1123 2996 1192 3051 ad
1234 3002 1477 3050 mortem
1510 3000 1601 3052 vel
1631 2999 1703 3052 ad
1734 3016 1863 3069 pce—

151 3104 292 3142 nam
340 3088 661 3156 judicetur,
710 3103 817 3141 nec
865 3090 1219 3140 sacramenta
1260 3086 1561 3156 jurentur,
1620 3087 1733 3141 nisi
1789 3088 1861 3143 ad

148 3192 386 3247 pacem.

540 3247 673 3302 CAP.
710 3246 969 3301 LXXXVI.
1002 3276 1070 3284 —
1102 3248 1173 3299 De
1192 3245 1377 3298 eadem
1405 3262 1481 3299 re.

231 3338 347 3405 (Ea:
385 3336 584 3401 eodem,
617 3351 746 3404 cap.
800 3334 876 3404 9.)
910 3335 978 3388 Ut
1018 3338 1301 3388 mercatus
1339 3334 1430 3387 die
1476 3335 1772 3389 Dominico
1803 3335 1864 3391 in

152 3426 319 3478 nullo
354 3425 477 3478 loco
508 3424 811 3478 habeatur.

516 3515 644 3568 CAP.
682 3512 964 3566 LXXXVII.
998 3542 1064 3550 —
1101 3512 1179 3565 De
1217 3511 1401 3564 eadem
1429 3526 1506 3564 re.

231 3606 346 3671 (Ea:
392 3602 593 3668 eodem,
634 3617 759 3670 cap.
814 3600 921 3671 lO.)
979 3602 1047 3655 Ut
1088 3601 1283 3654 nullus
1329 3599 1732 3670 episcoporum
1775 3601 1863 3655 vel

148 3693 651 3764 presbyterorum,
690 3690 779 3743 vel
809 3689 1164 3755 clericorum,
1200 3688 1293 3742 die
1326 3688 1623 3741 Dominico
1654 3705 1862 3759 propo-

150 3783 336 3835 situm
382 3781 661 3850 cujusque
711 3793 895 3831 causa:
944 3777 1243 3847 negotium
1284 3775 1491 3835 audeat
1538 3775 1860 3844 vindicare,

151 3871 270 3924 nisi
332 3871 440 3923 hoc
495 3874 760 3933 tantum,
826 3870 888 3918 ut
954 3867 1069 3920 Deo
1130 3869 1340 3918 statuta
1397 3865 1677 3918 solemnia
1729 3880 1861 3935 per-

149 3964 429 4028 agantur.

148 4046 286 4101 CAP.
354 4044 666 4100 LXXXVIII.
733 4074 798 4083 —
858 4044 924 4097 Ut
972 4044 1154 4097 nullus
1212 4045 1271 4096 in
1322 4045 1613 4097 Dominicis
1673 4042 1864 4099 diebus

817 4130 993 4181 genua
1020 4118 1218 4182 ﬂectat.

229 4207 341 4269 (Ex
389 4204 581 4257 concil.
625 4203 861 4268 Niceno,
912 4216 1029 4269 cap.
1073 4200 1187 4269 20.)
1233 4199 1517 4263 Quoniam
1565 4203 1699 4254 sunt
1732 4202 1859 4272 qui-

148 4292 288 4346 dam
329 4292 389 4345 in
436 4292 527 4345 die
572 4290 868 4344 Dominico
910 4305 1097 4360 genua
1128 4289 1441 4355 flectentes,
1485 4293 1539 4342 et
1568 4289 1628 4343 in
1662 4291 1862 4345 diebus

149 4382 544 4449 Pentecostes,
592 4384 657 4433 ut
693 4378 888 4433 omnia
933 4378 992 4431 in
1038 4377 1277 4432 diversis
1316 4377 1452 4431 locis
1480 4385 1864 4434 consonanter

151 4467 587 4532 observentur,
664 4463 879 4535 placuit
954 4466 1147 4516 sancto
1227 4462 1468 4517 concilio
1543 4479 1577 4515 a
1650 4466 1863 4519 Pascha

151 4571 342 4625 usque
402 4554 464 4607 in
511 4558 732 4607 octavas
779 4554 1138 4606 Pentecostes
1186 4555 1400 4605 stantes
1450 4552 1691 4606 Domino
1732 4558 1862 4607 vota

148 4642 505 4713 persolvere.

147 4733 285 4786 CAP.
355 4731 615 4785 LXXXIX.
670 4760 737 4770 —
792 4732 859 4785 Ut
908 4730 1215 4799 presbyteri
1282 4732 1547 4799 privatim
1610 4730 1861 4799 ﬁdelibus

227 4802 669 4857 desiderantibus
728 4801 1076 4866 benedicant,
1129 4806 1179 4853 et
1235 4806 1295 4854 ut
1352 4803 1524 4854 omnis
1576 4803 1861 4870 presbyter

224 4888 325 4941 per
366 4875 640 4939 familias,
674 4888 775 4941 per
810 4887 994 4939 agros,
1042 4886 1140 4939 per
1160 4874 1413 4939 privatas
1443 4872 1623 4927 domos
1665 4874 1861 4927 habeat

227 4946 551 5009 facultatem
582 4944 968 4997 benedictiones
1000 4945 1227 5011 aperire.

231 5033 339 5102 (Ea:
368 5033 556 5087 concil.
592 5032 774 5085 habito
796 5031 946 5100 apud
973 5032 1215 5097 Regiam,
1248 5046 1369 5100 cap.
1402 5032 1479 5103 4.)
1518 5033 1588 5087 Ut
1622 5032 1858 5103 presby-

144 5122 266 5175 teri
295 5121 565 5192 privatim
599 5120 867 5175 ﬁdelibus
900 5119 1358 5174 desiderantibus
1388 5120 1750 5175 benedicant.
1796 5121 1861 5175 Et

142 5211 314 5265 inter
361 5211 613 5265 minutas
672 5210 774 5263 has
831 5208 1229 5275 discussiones,
1278 5209 1503 5278 jnssum
1555 5214 1639 5264 est
1698 5211 1858 5264 omni

140 5295 494 5366 presbytero
523 5337 536 5361 ,
582 5310 687 5365 per
728 5293 997 5359 familias,
1050 5308 1154 5364 per
1204 5308 1406 5362 agros,
1458 5310 1564 5364 per
1610 5294 1859 5365 privatas

140 5386 364 5440 domos
392 5401 496 5455 pro
529 5383 809 5439 desiderio
859 5382 1116 5438 ﬁdelium
1156 5381 1366 5435 habere
1397 5381 1723 5437 facultatem
1752 5383 1858 5439 be-

144 5474 520 5528 nedictiones
548 5472 790 5543 aperire.

3566 226 3672 280 642

1901 348 1946 399 Α
1978 339 2105 394 CAP.
2154 341 2256 395 XC.
2290 372 2358 381 —
2408 343 2473 394 Ut
2513 341 2821 411 presbyteri
2865 341 3277 397 benedictionem
3314 348 3669 415 episcopalem

2307 444 2469 498 super
2494 430 2702 497 plebem
2731 431 2912 495 facere
2940 446 3045 483 non
3076 430 3319 485 debeant.

2042 518 2164 587 (Ea:
2206 518 2405 583 eodem,
2452 533 2572 585 cap.
2613 518 2725 587 47.)
2777 519 3233 572 Benedictionem
3283 520 3666 591 episcopalem

1968 620 2142 674 super
2172 606 2395 675 plebem
2430 605 2487 657 in
2524 607 2763 659 Ecclesia
2788 607 3050 671 fundere,
3084 613 3179 660 aut
3209 608 3669 677 pmnitentemin

1970 693 2213 747 Ecclesia
2261 694 2650 759 reconciliare,
2676 695 3005 764 presbytero
3042 696 3269 764 penitus
3302 713 3415 749 non
3449 698 3660 753 licebit.

1969 798 2098 853 CAP.
2158 801 2286 855 XCI.
2349 831 2411 841 —
2472 803 2536 854 Ut
2578 802 2760 855 nullus
2804 802 3083 869 presbyter
3143 804 3367 857 alterius
3419 805 3667 873 plebesa-

2452 886 2580 924 num
2604 888 2660 925 eo
2689 874 2897 925 nolente
2928 876 3181 941 recipiat.

2041 959 2163 1028 (Ea:
2209 961 2397 1013 concil.
2431 956 2784 1025 Nannetensi,
2820 978 2937 1031 cap.
2984 964 3059 1031 5.)
3100 964 3165 1017 Ut
3206 964 3399 1016 nullus
3429 965 3666 1035 presby-

1968 1050 2057 1097 ter
2088 1047 2322 1099 alterius
2370 1046 2745 1116 plebesauum
2778 1064 2844 1100 eo
2897 1050 3145 1109 nolente,
3196 1050 3306 1103 nisi
3352 1052 3410 1104 in
3460 1053 3667 1105 itinere

1966 1132 2158 1196 fuerit,
2204 1136 2288 1187 vel
2315 1135 2588 1204 placitum
2617 1135 2696 1189 ibi
2722 1136 3006 1203 habuerit,
3036 1137 3106 1190 ad
3136 1138 3369 1191 missam
3397 1140 3661 1209 recipiat.

1967 1238 2094 1293 CAP.
2128 1240 2280 1313 XCII.
2332 1243 2517 1313 —ﬂDe
2545 1242 2777 1295 alterius
2803 1243 3106 1310 presbyteri
3137 1244 3447 1312 plebesano,
3496 1245 3667 1313 deque

2137 1312 2248 1364 illis
2276 1314 2371 1378 qui
2392 1312 2537 1364 litem
2560 1314 2957 1380 implacabilem
2989 1318 3126 1366 inter
3155 1329 3209 1366 se
3238 1316 3413 1368 alunt.

2040 1398 2149 1467 (Ea:
2179 1399 2377 1464 eodem,
2411 1414 2532 1467 cap.
2571 1400 2719 1469 419.)
2768 1402 2836 1453 Ut
2877 1401 3188 1454 Dominicis
3228 1404 3314 1455 vel
3347 1403 3504 1456 festis
3542 1403 3669 1456 die—

1968 1486 2076 1540 bus
2121 1486 2437 1556 presbyteri
2481 1493 2791 1558 antequam
2838 1489 3037 1541 missas
3087 1490 3395 1556 celebrent,
3437 1492 3665 1560 plebem

1966 1575 2345 1645 interrogent,
2392 1575 2439 1627 si
2486 1576 2720 1629 alterius
2770 1577 3151 1646 parochianus
3201 1578 3259 1631 in
3303 1579 3538 1632 ecclesia
3568 1580 3662 1645 sit,

1971 1664 2092 1735 qui,
2121 1664 2352 1734 proprio
2397 1670 2725 1735 contempto
2764 1666 3115 1735 presbytero,
3159 1666 3240 1719 ibi
3272 1666 3499 1721 missam
3531 1669 3671 1722 velit

1970 1752 2189 1806 audire.
2224 1752 2404 1815 Quem
2443 1754 2490 1805 si
2540 1753 2882 1823 invenerint,
2924 1755 3112 1807 statim
3161 1756 3230 1807 ab
3280 1756 3515 1809 ecclesia
3563 1756 3669 1826 eji-

1969 1841 2140 1907 ciant,
2190 1844 2246 1893 et
2276 1840 2347 1893 ad
2378 1856 2539 1894 suam
2586 1842 2915 1910 parochiam
2956 1843 3141 1896 redire
3178 1845 3541 1913 compellant.
3575 1845 3667 1899 Si-

1970 1929 2184 1981 militer
2227 1927 2607 1998 interrogent,
2656 1930 2702 1982 si
2736 1932 2915 2001 aliqui
2966 1931 3358 1985 discordantes
3391 1933 3522 1999 sint,
3566 1934 3670 2004 qui

1970 2017 2121 2070 inter
2162 2031 2220 2070 se
2266 2016 2424 2069 litem
2472 2016 2897 2087 implacabilem
2942 2019 3211 2084 habeant,
3262 2025 3317 2073 et
3361 2020 3407 2074 si
3448 2021 3670 2076 inventi

1968 2104 2204 2171 fuerint,
2238 2104 2428 2157 statim
2473 2106 2931 2159 reconcilientur.
2977 2107 3134 2169 Quod
3169 2109 3215 2161 si
3248 2110 3669 2180 noluerintpa-

1971 2209 2092 2247 cem
2138 2191 2447 2261 suscipere,
2489 2192 2556 2245 ab
2604 2195 2837 2247 ecclesia
2889 2194 3189 2263 ejiciantur
3240 2213 3539 2267 usquequo
3594 2200 3669 2253 ad

1971 2282 2308 2336 charitatem
2340 2284 2599 2337 redeant.
2644 2282 2769 2336 Non
2802 2282 2957 2336 enim
2999 2299 3302 2352 possumus
3332 2300 3541 2338 munus
3578 2289 3670 2342 vel

1973 2371 2318 2426 oblationem
2365 2372 2435 2425 ad
2477 2373 2651 2425 altare
2686 2370 2913 2437 offerre,
2945 2371 3054 2425 nisi
3083 2373 3244 2441 prius
3271 2374 3432 2427 fratri
3464 2390 3668 2430 recon-

1972 2460 2253 2514 ciliemur.
2307 2460 2403 2514 His
2453 2459 2646 2530 itaque
2692 2460 2958 2529 peractis,
2992 2461 3310 2515 sacerdotes
3361 2461 3669 2520 missarum

1973 2549 2254 2603 solemnia
2284 2550 2390 2603 rite
2420 2554 2715 2620 peragant.

1974 2656 2101 2711 CAP.
2135 2655 2311 2709 XCIII.
2359 2685 2429 2694 —
2460 2656 2543 2728 De
2566 2654 2836 2708 ordinatis
2879 2660 2929 2708 et
2964 2656 3191 2725 reliquis
3222 2656 3490 2725 ﬁdelibus,
3525 2661 3673 2728 quod

2156 2729 2271 2780 sine
2300 2725 2520 2779 licentia
2548 2729 2637 2779 sui
2664 2728 2902 2795 episcopi
2934 2728 3013 2780 nil
3052 2743 3210 2795 agere
3238 2728 3482 2781 debeant.

2044 2816 2152 2884 (Ea:
2193 2817 2347 2883 epist.
2398 2816 2677 2871 Clementis
2708 2816 2953 2869 omnibus
2999 2816 3252 2881 ﬁdelibus
3303 2820 3491 2884 missa,
3543 2835 3666 2889 cap.

1897 2895 1937 2949 Ο
1976 2904 2086 2975 22.)
2142 2905 2503 2974 Quapropter
2550 2904 2766 2957 cunctis
2820 2904 3131 2971 ﬁdelibus,
3197 2912 3253 2960 et
3304 2922 3673 2979 summopere

1975 2993 2244 3048 omnibus
2273 2992 2622 3063 presbyteris
2662 2998 2718 3047 et
2756 2993 3107 3062 diaconibus,
3142 3010 3206 3048 ac
3248 2994 3479 3066 reliquis
3504 2997 3673 3052 cleri-

1972 3082 2053 3136 cis
2082 3081 2493 3135 attendendum
2524 3086 2627 3147 est,
2660 3085 2721 3134 ut
2751 3081 2894 3135 nihil
2928 3081 3143 3152 absque
3174 3083 3429 3153 episcopi
3451 3086 3675 3156 proprii

1972 3170 2201 3225 licentia
2245 3175 2437 3241 agant.
2498 3170 2622 3223 Non
2668 3169 2871 3240 utique
2919 3168 3119 3223 missas
3169 3173 3289 3225 sine
3334 3175 3455 3244 ejus
3506 3173 3674 3242 jussu

1974 3259 2282 3330 quisquam
2330 3258 2793 3329 presbyterorum
2833 3258 2891 3310 in
2924 3274 3026 3311 sua
3059 3260 3330 3329 parochia
3360 3266 3515 3331 agat,
3556 3279 3673 3317 non

1971 3346 2240 3417 baptizet,
2288 3364 2392 3400 nec
2436 3347 2753 3417 quidquam
2798 3347 2951 3417 quod
2996 3347 3067 3399 ad
3115 3350 3444 3420 episcopum
3494 3353 3673 3422 perti-

1972 3440 2125 3499 neat,
2154 3435 2368 3505 absque
2399 3436 2521 3505 ejus
2549 3436 2839 3505 permissu
2869 3435 3055 3490 faciat.
3084 3436 3361 3491 Similiter
3381 3444 3435 3492 et
3459 3440 3672 3512 reliqui

1972 3523 2196 3594 populi,
2242 3524 2487 3593 majores
2539 3523 2753 3577 scilicet
2784 3528 2839 3576 et
2879 3523 3150 3588 minores,
3184 3541 3290 3594 per
3337 3528 3460 3595 ejus
3490 3528 3671 3583 licen-

1972 3612 2113 3666 tiam
2146 3611 2429 3682 quidquid
2461 3613 2748 3681 agendum
2779 3618 2863 3666 est
2894 3619 3088 3681 agant,
3118 3630 3222 3667 nec
3248 3614 3369 3667 sine
3403 3616 3527 3685 ejus
3549 3634 3677 3687 per-

1972 3702 2150 3754 missu
2182 3717 2214 3753 a
2254 3717 2355 3754 sua
2387 3701 2659 3770 parochia
2688 3700 3012 3768 abscedant,
3046 3704 3131 3755 vel
3174 3704 3231 3756 in
3261 3720 3328 3757 ea
3357 3704 3668 3759 adventan-

1972 3797 2056 3843 tes
2087 3789 2301 3843 morari
2322 3794 2696 3858 praesumant.
2724 3788 2946 3843 Animas
2978 3806 3110 3843 vero
3133 3808 3333 3845 eorum
3362 3792 3415 3845 ci
3438 3794 3671 3849 credita:

1973 3884 2129 3947 sunt,
2178 3878 2304 3932 ideo
2334 3878 2527 3932 omnia
2556 3878 2679 3946 ejus
2711 3878 2947 3931 consilio
2982 3879 3188 3934 debent
3224 3879 3483 3954 [facere],
3516 3889 3571 3937 et
3605 3899 3671 3937 eo

1973 3967 2296 4021 inconsulto
2348 3966 2510 4021 nihil.
2545 3966 2883 4037 Quicunque
2914 3967 3067 4020 enim
3090 3968 3365 4023 obediunt
3391 3971 3672 4042 episcopis

1972 4057 2109 4125 suis,
2158 4055 2425 4110 videntur
2473 4055 2709 4127 quidem
2756 4056 2989 4110 obedire
3036 4063 3093 4111 et
3151 4059 3285 4113 Deo.
3331 4059 3438 4123 Qui
3478 4066 3671 4114 autem

1973 4146 2055 4199 eis
2104 4160 2221 4199 non
2269 4144 2563 4211 obediunt,
2609 4145 3002 4200 indubitanter
3044 4146 3130 4200 rei
3176 4153 3233 4201 et
3272 4149 3502 4220 reprobi
3551 4150 3670 4204 exi-

1973 4239 2147 4289 stunt.

2393 4324 2519 4376 CAP.
2553 4322 2725 4377 XCIV.
2762 4353 2830 4361 —
2858 4325 2933 4377 De
2966 4324 3150 4378 eadem
3174 4342 3247 4379 re.

2043 4411 2152 4481 (Ea:
2201 4412 2360 4479 epist.
2411 4410 2671 4479 ejusdem,
2716 4426 2835 4479 cap.
2890 4412 3001 4482 36.)
3060 4414 3291 4469 Nullum
3339 4415 3497 4472 enim
3548 4433 3673 4489 pre-

1971 4501 2264 4570 sbyterum
2297 4499 2355 4553 in
2387 4500 2628 4569 alicujus
2657 4500 2907 4571 episcopi
2948 4503 3220 4572 parochia
3251 4505 3469 4576 aliquid
3502 4524 3670 4578 agere

1972 4590 2179 4643 debere
2213 4588 2425 4659 absque
2466 4589 2587 4659 ejus
2617 4589 2904 4659 permissu
2945 4592 3201 4647 docebat.
3239 4594 3482 4649 Cunctos
3507 4613 3673 4667 pres-

1970 4678 2197 4747 byteros
2246 4677 2498 4747 propriis
2546 4678 2831 4748 episcopis
2868 4679 2926 4733 in
2966 4682 3235 4735 omnibus
3266 4684 3482 4753 absque
3511 4702 3673 4739 mora

1970 4766 2303 4822 obedientes
2352 4767 2684 4821 instituente
2731 4767 2975 4822 Domino
3004 4786 3124 4823 esse
3157 4770 3362 4825 debere
3407 4773 3668 4828 docebat.

1969 4855 2207 4909 Nullum
2236 4855 2425 4908 aliena
2470 4855 2871 4925 concupiscere
2909 4861 3006 4911 aut
3052 4874 3400 4930 praesumere
3446 4878 3669 4919 eorum.

1969 4942 2066 4996 sed
2117 4956 2597 5011 unumquemque
2650 4942 2765 4995 suis
2808 4943 3034 5014 sibique
3075 4946 3394 5001 commissis
3434 4954 3669 5004 conten-

1969 5036 2094 5085 tum
2133 5046 2253 5083 esse
2300 5030 2559 5084 docebat.
2628 5031 2928 5086 Neminem
2977 5034 3151 5088 etiam
3212 5035 3392 5106 aliqui
3451 5037 3669 5108 aliquid

1968 5120 2176 5186 facere,
2209 5119 2316 5173 nisi
2349 5120 2502 5190 quod
2538 5119 2645 5175 sibi
2677 5122 2798 5175 vult
2826 5121 2952 5175 ﬁeri
2982 5123 3320 5178 instruebat.

2403 5208 2531 5263 CAP.
2567 5210 2714 5265 XCV.
2749 5241 2817 5250 -—
2848 5213 2920 5265 De
2944 5212 3128 5265 eadem
3153 5228 3229 5267 re.

2040 5295 2149 5366 (Ea:
2177 5297 2364 5351 concil.
2411 5298 2746 5365 Arelatensi,
2792 5314 2913 5367 cap.
2956 5298 3034 5368 2.)
3067 5300 3144 5354 De
3187 5301 3544 5373 presbyteris
3574 5308 3673 5359 aut

1968 5382 2301 5437 diaconibus
2348 5384 2447 5455 qui
2496 5384 2687 5439 solent
2728 5384 3016 5439 dimittere
3063 5387 3188 5442 loca
3225 5404 3329 5453 sua
3356 5390 3417 5444 in
3461 5391 3670 5463 quibus

1966 5472 2212 5528 ordinati
2241 5478 2394 5540 sunt,
2440 5476 2499 5529 et
2535 5475 2604 5530 ad
2630 5473 2744 5530 alia
2787 5474 2912 5530 loca
2954 5491 3011 5530 se
3044 5478 3414 5547 transferunt,
3449 5481 3667 5551 placuit
