3960 6192
385 283 487 336 643

1463 282 1868 339 BURCI-IARDI
1906 279 2437 340 WORMACIENSIS
2474 279 2806 336 EPISCOPI.
3709 292 3791 344 644

383 415 448 464 ut
477 409 682 463 iisdem
713 407 849 462 locis
897 407 1240 462 ministrent.
1283 407 1445 472 Quod
1494 409 1540 461 si
1587 408 1654 463 de
1702 409 1915 463 relictis
1940 409 2078 464 locis
2115 411 2162 464 A
2191 407 2380 462 ceatis.
2425 407 2532 460 Per
2568 419 2736 457 usum
2785 400 3080 466 orationis,
3129 403 3185 455 et
3229 401 3380 456 vobis
3425 407 3475 458 et
3510 405 3604 471 his,
3630 409 3794 478 quibus

382 498 500 552 suis
533 497 600 551 ad
643 496 820 550 alium
871 513 930 550 se
968 497 1156 551 locum
1201 496 1507 550 transferre
1549 497 1850 563 voluerint,
1902 497 2081 568 depo-

381 590 613 639 nantur.

380 675 506 729 Car.
557 673 734 728 XCVI.
785 702 854 711 --
902 672 1054 738 Quod
1100 687 1205 726 non
1236 673 1394 726 liceat
1435 674 1686 727 clericum
1743 677 1801 727 in
1845 674 2080 728 duarum

694 745 974 797 civitatum
1007 745 1169 796 simul
1199 744 1463 797 conscribi
1501 746 1772 798 Ecclesiis.

450 833 564 902 (Em
601 833 787 886 concil.
823 831 1094 899 Chalced,
1138 847 1258 900 cap.
1308 833 1412 900 IO.)
1455 833 1578 886 Non
1608 832 1777 887 licere
1809 833 2078 887 clericum

375 923 438 976 in
500 922 744 976 duarum
795 919 1087 973 civitatum
1137 920 1419 973 conscribi
1462 920 1632 974 simul
1687 922 1968 990 Ecclesiis,
2022 928 2080 976 et

379 1011 440 1064 in
472 1027 586 1081 qua
614 1011 686 1063 ab
717 1007 882 1062 initio
925 1008 1224 1062 ordinatus
1251 1015 1356 1073 est,
1404 1013 1459 1062 et
1493 1009 1561 1063 ad
1593 1025 1765 1080 quam
1797 1010 2073 1080 confugit,

379 1099 543 1169 quasi
596 1098 666 1151 ad
714 1097 1023 1166 potiorem,
1078 1097 1151 1150 ob
1204 1097 1393 1150 inanis
1437 1097 1636 1167 glorias
1681 1098 2074 1168 cupiditatem.

379 1191 492 1242 Hoc
544 1192 738 1241 autem
779 1187 1050 1240 facientes
1097 1187 1351 1240 revocari
1402 1187 1609 1241 debere
1649 1187 1715 1242 ad
1767 1204 1930 1241 suam
1974 1189 2076 1242 Ec-

377 1275 607 1328 clesiam
655 1275 717 1327 in
763 1291 874 1344 qua
905 1274 1177 1344 primitus
1229 1275 1478 1329 ordinati
1526 1279 1678 1342 sunt,
1726 1280 1783 1329 et
1826 1275 1906 1329 ibi
1947 1279 2072 1330 tan-

376 1363 674 1417 tummodo
707 1363 1052 1416 ministrare.

376 1452 504 1506 CAP.
554 1452 747 1506 XCVII.
783 1481 852 1490 —
887 1451 966 1503 De
995 1450 1286 1517 ordinatis,
1317 1467 1382 1503 ne
1413 1451 1478 1504 de
1525 1453 1744 1506 civitate
1773 1455 1829 1506 in
1879 1455 2073 1506 civita-

636 1528 737 1576 tem
763 1528 949 1574 contra
973 1523 1067 1590 jus
1099 1537 1360 1575 canonum
1393 1525 1820 1588 transferantur.

446 1594 565 1663 (Ea:
619 1594 808 1646 concil.
865 1595 1099 1653 Nicaeae,
1165 1608 1282 1661 cap.
1344 1594 1451 1662 15.)
1519 1595 1760 1664 Propter
1834 1595 2073 1648 multam

375 1681 869 1750 perturbationem
903 1684 959 1733 et
989 1680 1291 1733 seditiones
1323 1697 1450 1750 quin
1489 1680 1657 1746 ﬁunt,
1687 1681 1904 1751 placuit
1932 1699 2070 1736 con-
2104 1694 2144 1747 Β

377 1769 742 1822 suetudinem
781 1769 1130 1822 omnimodis
1181 1770 1486 1838 amputari,
1537 1787 1665 1841 qua:
1713 1775 1924 1840 praeter
1980 1787 2071 1825 re-

375 1859 571 1928 gulam
620 1857 677 1910 in
723 1857 1066 1926 quihusdam
1115 1858 1374 1927 partibus
1421 1859 1644 1912 videtur
1690 1859 1958 1926 admissa,
1996 1859 2074 1913 ita

378 1951 441 1999 ut
483 1947 553 1999 de
597 1945 823 1999 civitate
891 1946 949 1998 in
1011 1945 1336 2006 civitatem,
1381 1963 1495 2000 nou
1553 1947 1892 2018 episcopus,
1955 1964 2071 2001 non

373 2034 706 2104 presbyter,
761 2050 875 2086 non
918 2033 1192 2087 diaconus
1242 2035 1635 2090 transferatur.
1683 2035 1741 2089 Si
1794 2035 1922 2106 quis
1969 2052 2070 2089 au-

374 2126 490 2176 tem
538 2126 669 2191 post
711 2121 1106 2175 deﬁnitionem
1152 2122 1332 2176 sancti
1371 2127 1426 2176 et
1466 2124 1661 2192 magni
1703 2123 1928 2177 concilii
1960 2124 2071 2177 tale

371 2211 587 2279 aliquid
637 2226 808 2280 agere
853 2213 1176 2276 tentaverit,
1235 2216 1293 2264 et
1339 2227 1398 2264 se
1450 2212 1782 2281 hujusmodi
1835 2212 2070 2282 negotio

371 2299 730 2369 manciparit,
764 2299 872 2352 hoc
911 2299 1122 2352 factum
1173 2315 1407 2369 prorsus
1446 2300 1506 2352 in
1544 2301 1776 2353 irritum
1807 2300 2069 2368 ducatur,

371 2391 428 2439 et
484 2387 820 2441 restituatur
883 2387 1143 2440 Ecclesiae
1202 2387 1292 2440 cui
1340 2386 1514 2440 fuerit
1569 2387 1914 2458 episcopus,
1974 2392 2073 2442 aut

369 2474 683 2544 presbyter,
727 2479 827 2528 aut
856 2473 1133 2528 diaconus
1163 2474 1481 2528 ordinatus.

761 2563 888 2616 CAP.
919 2563 1146 2616 XCVIII.
1181 2592 1248 2601 —
1282 2565 1354 2615 De
1383 2562 1566 2616 eadem
1595 2578 1673 2616 re.

442 2651 558 2722 (Em
590 2651 788 2717 eodem,
821 2667 942 2720 cap.
988 2650 1096 2720 l6.)
1141 2650 1480 2722 Quicunque
1511 2655 1726 2706 temere
1758 2668 1822 2705 ac
1846 2652 2070 2722 pericu-

369 2739 508 2807 lose,
549 2756 736 2810 neque
780 2739 1047 2793 timorem
1102 2739 1333 2792 Domini
1381 2755 1502 2809 pra:
1541 2739 1721 2794 oculis
1769 2741 2063 2809 habentes,

369 2845 474 2882 nec
524 2833 895 2899 agnoscentes
951 2829 1387 2882 ecclesiasticam
1438 2829 1718 2899 regulam,
1769 2829 2068 2884 discedunt

370 2917 440 2970 ab
484 2917 746 2982 Ecclesia,
792 2917 1111 2986 presbyteri
1162 2923 1261 2971 aut
1307 2917 1554 2983 diaconi,
1599 2918 1685 2971 vel
1733 2919 2065 2989 quicunque

369 3005 472 3058 sub
523 3005 724 3075 regula
761 3020 994 3073 prorsus
1045 3005 1314 3070 existunt,
1360 3006 1418 3058 hi
1451 3021 1819 3076 nequaquam
1859 3007 2067 3062 debent

369 3093 432 3146 in
464 3093 634 3147 aliam
685 3093 989 3147 Ecclesiam
1021 3094 1217 3163 recipi,
1268 3093 1367 3148 sed
1398 3109 1630 3148 omnem
1670 3095 2065 3151 necessitatem

368 3182 637 3236 convenit
680 3181 792 3234 illis
841 3181 1079 3250 imponi,
1145 3187 1208 3235 ut
1251 3181 1323 3235 ad
1373 3198 1502 3234 suas
1540 3182 1838 3252 parochias
1875 3199 2065 3237 rever-

366 3275 581 3323 tantur.
635 3269 798 3333 Quod
846 3269 894 3322 si
942 3285 1057 3323 non
1087 3269 1345 3334 fecerint,
1397 3274 1623 3340 oportet
1664 3285 1763 3324 eos
1799 3287 2066 3326 commu—

370 3357 542 3411 nione
570 3356 802 3428 privari.

370 3448 526 3520 Car._
563 3447 734 3501 XCIX.
797 3479 864 3488 —
919 3449 998 3504 Ne
1048 3449 1356 3516 presbyteri
1412 3463 1579 3503 causa
1635 3449 1921 3516 legationis
1967 3466 2068 3520 per

490 3518 708 3572 diversa
737 3521 1029 3573 mittantur
1060 3521 1194 3587 loca,
1229 3536 1362 3574 cura
1390 3523 1700 3574 animarum
1726 3521 1936 3576 relicta.

439 3605 556 3676 (Ea:
587 3606 781 3660 concil.
837 3608 1171 3674 Arelatensi,
1219 3623 1340 3676 cap.
1390 3606 1466 3678 3.)
1521 3607 1808 3662 Statutum
1863 3613 1948 3663 est
2003 3614 2068 3663 ut

364 3693 705 3765 presbyteri,
739 3694 886 3748 sicut
928 3695 1204 3749 hactenus
1235 3696 1448 3750 factum
1479 3699 1584 3762 est,
1629 3695 1932 3751 indiscrete
1962 3713 2067 3767 per

366 3782 590 3836 diversa
635 3798 752 3836 non
797 3782 1099 3837 mittantur
1146 3784 1284 3850 loca,
1338 3800 1442 3838 nec
1488 3783 1559 3838 ab
1612 3784 1920 3855 episcopis,
1961 3801 2066 3840 nec

363 3871 433 3925 ab
479 3871 608 3925 aliis
655 3873 928 3943 praelatis,
965 3889 1066 3926 nec
1117 3872 1290 3927 etiam
1323 3890 1356 3927 a
1401 3872 1582 3935 laicis,
1633 3889 1701 3927 ne
1749 3873 1898 3927 forte
1929 3890 2064 3944 pro-

361 3964 490 4030 pter
535 3976 738 4014 corum
792 3961 1151 4026 absentiam,
1218 3965 1273 4014 et
1329 3961 1657 4015 animarum
1713 3962 1970 4031 pericula
2008 3966 2065 4016 et

362 4049 738 4103 Ecclesiarum
783 4049 844 4103 in
887 4050 1096 4120 quibus
1145 4049 1442 4103 constituti
1491 4054 1643 4116 sunt,
1694 4049 2064 4120 negligantur

361 4137 567 4192 ofﬁcia.

433 4209 560 4262 Car.
597 4209 655 4263 C.
687 4239 754 4249 —
787 4207 938 4273 Quod
961 4207 1270 4276 presbyteri
1298 4207 1518 4262 assidue
1543 4208 1712 4276 legere
1741 4208 1986 4263 debeant.

434 4297 542 4365 (Ea:
585 4296 747 4350 dictis
787 4297 1046 4364 August.)
1098 4296 1439 4367 Presbyteri,
1499 4301 1726 4368 oportet
1775 4313 1876 4352 vos
1923 4298 2062 4352 assi-

364 4383 644 4437 duitatem
677 4384 886 4438 habere
917 4385 1169 4454 legendi,
1199 4390 1257 4438 et
1279 4385 1609 4440 instantiam
1643 4386 1846 4440 orandi
1879 4404 1891 4439 :
1925 4386 2061 4457 quia

361 4471 479 4525 vita
523 4471 628 4524 viri
652 4472 793 4542 justi
834 4472 1078 4526 lectione
1120 4472 1446 4536 instruitur,
1495 4473 1752 4528 oratione
1798 4480 2056 4542 ornatur,

361 4565 420 4614 et
477 4561 808 4616 assiduitate
854 4562 1117 4616 lectionis
1170 4563 1432 4617 munitur
1477 4562 1650 4616 homo
1703 4578 1736 4616 a
1794 4568 2058 4634 peccato,

355 4650 524 4719 juxta
553 4649 718 4704 illum
750 4650 849 4722 qui
881 4650 1105 4706 dicebat
1140 4669 1152 4706 :
1205 4653 1268 4706 In
1299 4652 1468 4706 corde
1497 4667 1624 4705 meo
1655 4652 1926 4706 abscondi
1949 4653 2062 4706 elo-

359 4738 497 4810 quia
526 4744 646 4806 tua,
683 4744 746 4793 ut
786 4756 902 4794 non
940 4757 1172 4810 peccem
1205 4741 1326 4796 tibi.
1365 4743 1496 4796 Haec
1533 4745 1665 4795 sunt
1694 4744 1848 4794 enim
1879 4757 2055 4806 arma,

359 4826 625 4882 videlicet
653 4828 820 4882 lectio
872 4834 927 4883 et
957 4829 1162 4896 oratio,
1212 4829 1422 4901 quibus
1455 4829 1718 4883 diabolus
1766 4844 2060 4900 expugna-

357 4920 471 4970 tur.
507 4916 637 4970 Haac
668 4922 804 4970 sunt
847 4915 1230 4972 instrumenta
1273 4917 1483 4988 quibus
1513 4921 1728 4970 aeterna
1760 4915 2059 4970 beatitudo

356 5004 690 5074 acquiritur.
748 5004 843 5059 His
893 5005 1067 5058 armis
1109 5005 1246 5059 vitia
1288 5004 1767 5074 comprimuntur,
1826 5003 1916 5058 his
1963 5005 2062 5058 ali-

360 5093 566 5146 mentis
614 5094 856 5147 virtutes
904 5092 1262 5147 nutriuntur.
1312 5093 1420 5148 Sed
1454 5097 1512 5147 et
1541 5093 1587 5146 si
1638 5092 1870 5164 quando
1915 5108 1948 5146 a
1976 5092 2058 5146 le-

358 5179 543 5233 ctione
591 5187 863 5248 cessatur,
907 5181 1077 5236 debet
1124 5198 1404 5236 manuum
1437 5182 1696 5252 Operatio
1736 5179 2009 5252 subsequi
2043 5197 2056 5235 :

358 5266 495 5336 quia
525 5268 782 5323 otiositas
831 5269 1065 5324 inimica
1110 5274 1195 5324 est
1239 5270 1466 5324 animus.
1522 5271 1587 5323 Et
1635 5269 1908 5340 antiquus
1953 5269 2060 5322 ho-

359 5355 482 5420 stis,
515 5372 687 5426 quem
720 5374 751 5410 a
797 5358 1040 5414 lectione
1092 5359 1208 5413 sive
1249 5360 1320 5413 ab
1359 5358 1619 5413 oratione
1649 5364 1946 5412 vacantem
1976 5358 2062 5411 in-

357 5443 599 5510 venerit,
645 5444 807 5500 facile
838 5447 908 5502 ad
949 5448 1086 5502 vitia
1125 5447 1296 5520 rapit.
1331 5449 1440 5502 Per
1489 5463 1658 5501 usum
1689 5463 1939 5518 namque
1970 5445 2060 5499 le-

354 5532 562 5588 ctionis
613 5533 840 5589 discetis
869 5537 1117 5607 qualiter
1159 5543 1216 5592 et
1263 5554 1358 5592 vos
1388 5536 1608 5603 vivatis,
1658 5541 1717 5590 et
1766 5534 1910 5590 alios
1959 5535 2059 5589 do-

2189 496 2249 550 in
2290 495 2565 548 charitate
2609 489 2904 562 conjuncti
2953 491 3107 555 estis,
3142 490 3393 560 prodesse
3436 492 3676 548 valebitis.
3716 496 3796 550 Per

2191 599 2469 637 manuum
2513 581 2909 652 operationem
2940 584 2998 634 et
3037 579 3286 650 corporis
3324 581 3730 647 macerationem,
3755 591 3797 638 et

2191 671 2340 724 vitiis
2389 670 2662 724 alimenta
2718 669 3042 740 negabitis,
3098 673 3155 722 et
3199 668 3392 721 vestris
3439 671 3797 725 necessitatibus

2187 759 2553 827 subvenietis,
2599 763 2658 813 et
2696 757 2983 812 habebitis
3031 757 3182 810 unde
3228 756 3591 810 necessitatem
3626 759 3796 828 patien-

2186 847 2338 902 tibus
2368 846 2692 919 porrigatis.

2266 937 2396 992 CAP.
2429 937 2514 992 CI.
2547 965 2615 977 —
2651 938 2718 990 Ut
2741 935 3049 1004 presbyteri
3077 937 3190 988 sine
3219 935 3412 987 orariis
3437 947 3534 987 non
3559 933 3744 987 cadant.

2257 1027 2365 1091 (Ere
2403 1025 2588 1078 concil.
2623 1021 2891 1093 Mogunt.)
2934 1020 3257 1091 Presbyteri
3301 1020 3418 1074 sine
3445 1019 3797 1076 intermissione

2184 1117 2423 1167 utantur
2477 1112 2681 1166 orariis
2709 1153 2723 1177 ,
2770 1114 3005 1182 propter
3071 1110 3443 1165 differentiam
3503 1109 3798 1164 sacerdotalis

2184 1200 2502 1272 dignitatis.

2183 1308 2314 1362 CAP.
2348 1308 2462 1362 CII.
2511 1336 2582 1348 —
2614 1309 2682 1361 Ut
2727 1307 2951 1360 clericus
2981 1307 3221 1374 artiﬁcio
3254 1305 3460 1358 honesto
3501 1307 3674 1358 victum
3697 1322 3798 1374 que-

2979 1381 3088 1430 rat.

2255 1465 2372 1536 (Ea:
2430 1465 2618 1518 concil.
2683 1464 2912 1532 Afric.,
2975 1480 3093 1533 cap.
3160 1463 3275 1532 51.)
3333 1462 3564 1517 Clericus
3616 1464 3797 1534 quilibet

2181 1553 2354 1608 verbo
2393 1553 2489 1607 Dei
2521 1552 2778 1607 eruditus
2828 1551 3069 1606 artiﬁcio
3102 1553 3343 1606 honesto
3381 1551 3576 1605 victum
3603 1557 3789 1621 quierat.

2599 1642 2727 1694 CAP.
2763 1642 2903 1696 CIII.
2942 1671 3001 1681 —
3041 1641 3120 1694 De
3157 1641 3341 1694 eadem
3377 1656 3450 1693 re.

2254 1727 2361 1799 (Em
2405 1729 2585 1782 eodem
2617 1729 2830 1796 concil.,
2868 1743 2989 1797 cap.
3032 1727 3104 1794 3.)
3137 1727 3384 1782 Clericus
3423 1727 3617 1780 victum
3659 1731 3703 1779 et
3736 1742 3794 1778 ve-

2181 1817 2376 1870 stitum
2427 1817 2534 1870 sibi
2566 1817 2804 1870 artiﬁcio
2837 1817 2923 1870 vel
2962 1816 3314 1886 agricultura
3345 1816 3548 1886 absque
3572 1814 3714 1869 ofﬁcii
3735 1815 3793 1866 sui

2182 1905 2456 1960 duntaxat
2487 1905 2833 1959 detrimento
2861 1908 3164 1974 praeparet.

2183 2012 2309 2066 CAP.
2341 2013 2467 2067 CIV.
2499 2042 2566 2053 —
2609 2015 2681 2066 De
2704 2012 3056 2082 presbyteris,
3088 2012 3406 2064 matutinali
3435 2011 3598 2078 ofﬁcio
3622 2009 3793 2077 expleto,

2783 2083 2919 2150 quid
2948 2097 3107 2150 agere
3131 2083 3376 2136 debeant.

2254 2173 2366 2241 (Ea:
2421 2173 2609 2224 concil.
2669 2173 2901 2226 Nannet.
2931 2211 2946 2236 ,
3004 2187 3126 2240 cap.
3187 2170 3305 2238 60.)
3359 2169 3635 2237 Presbyter
3675 2181 3794 2220 mane

2179 2261 2506 2315 matutinali
2559 2261 2748 2314 officio
2798 2261 3020 2330 expleto
3055 2301 3068 2325 ,
3125 2275 3373 2330 pensum
3422 2257 3676 2311 servitutis
3716 2271 3794 2307 sua

2180 2350 2436 2404 canendo
2489 2350 2760 2414 Primam,
2793 2349 3064 2416 Tertiam,
3100 2349 3351 2414 Sextam,
3389 2349 3687 2415 Nonamquc
3707 2359 3796 2413 per-

2181 2439 2360 2492 solvat
2419 2453 2431 2491 :
2479 2437 2557 2490 ita
2597 2443 2808 2501 tamen,
2858 2441 2921 2491 ut
2970 2443 3170 2507 postea
3217 2436 3380 2490 horis
3425 2432 3799 2503 competentibus

2179 2533 2236 2581 et
2266 2526 2442 2597 signis
2472 2525 2908 2595 designantibus
2930 2526 3094 2595 juxta
3123 2524 3571 2594 possibilitatem,
3597 2527 3679 2572 aut
3701 2537 3724 2572 a
3743 2534 3798 2574 se.

2178 2620 2278 2669 aut
2325 2631 2358 2668 a
2398 2614 2710 2668 scolaribus
2750 2613 2977 2684 publice
3025 2614 3438 2684 compleantur.
3489 2609 3675 2665 Deinde
3713 2622 3802 2678 per-

2178 2703 2314 2757 actis
2360 2702 2534 2768 horis,
2595 2703 2841 2756 inﬁrmis
2894 2701 3157 2767 visitatis,
3208 2702 3258 2754 si
3319 2700 3548 2754 voluerit
3589 2697 3646 2750 ad
3694 2710 3800 2765 opus

2176 2791 2364 2845 rurale
2407 2796 2570 2845 exeat
2607 2792 2866 2862 jejunus,
2909 2795 2972 2844 ut
2997 2791 3210 2845 iterum
3240 2786 3650 2844 necessitatibus
3677 2801 3801 2855 pere-

2175 2879 2474 2948 grinorum
2523 2887 2578 2932 et
2623 2878 2935 2948 hospitum,
2987 2878 3101 2931 sive
3153 2879 3510 2932 diversorum
3547 2885 3801 2928 commean-

2099 2969 2139 3024 C
2178 2966 2357 3033 tium,
2395 2966 2756 3020 inﬁrmorum
2805 2982 3034 3037 quoque
3077 2971 3248 3036 atque
3301 2965 3670 3020 defunctorum
3709 2974 3801 3011 suc-

2174 3071 2403 3108 currere
2447 3055 2623 3126 possit
2666 3071 2849 3125 usque
2880 3054 2951 3108 ad
2985 3059 3256 3108 statutam
3291 3055 3509 3119 horam,
3551 3066 3640 3121 pro
3661 3047 3798 3118 quali-

2175 3148 2288 3198 tate
2320 3143 2590 3216 temporis
2619 3147 2676 3197 et
2703 3143 3168 3213 opportunitatis.

2619 3251 2746 3305 CAP.
2781 3250 2888 3304 CV.
2921 3280 2988 3288 —
3020 3252 3098 3304 De
3120 3249 3311 3304 eadem
3341 3265 3420 3302 re.

2246 3338 2356 3408 (Ea:
2383 3338 2544 3392 dictis
2593 3337 2914 3407 Benedicti.)
2945 3339 3232 3408 Propheta
3271 3338 3520 3402 dicente,
3549 3331 3734 3404 Septies
3761 3330 3801 3382 in

2174 3425 2266 3480 die
2322 3428 2551 3481 laudem
2599 3427 2718 3480 dixi
2757 3425 2865 3480 tibi
2917 3443 2930 3480 :
2976 3427 3075 3497 qui
3123 3427 3485 3497 septenarius
3521 3435 3749 3478 numerus
3779 3433 3802 3468 ει

2173 3515 2337 3570 nobis
2383 3515 2463 3570 sic
2510 3514 2863 3586 implebitur,
2909 3515 2958 3568 si
2999 3514 3278 3568 Matutino
3305 3557 3319 3582 ,
3363 3513 3578 3578 Primae,
3630 3507 3800 3568 Tertia,

2173 3603 2374 3668 Sextus,
2437 3605 2632 3672 Nonae,
2683 3605 2983 3674 Vesperae,
3044 3603 3528 3673 Completoriique
3579 3605 3798 3667 tempore,

2171 3698 2384 3748 nostras
2423 3692 2710 3747 servitutis
2753 3691 2938 3746 ofﬁcia
2988 3693 3383 3763 persolvamus
3441 3708 3452 3745 :
3486 3689 3609 3761 quia
3646 3685 3702 3740 de
3741 3682 3802 3736 bis

2171 3781 2314 3836 dixit
2344 3782 2648 3852 Propheta.
2684 3781 2825 3835 Nam
2864 3781 2935 3836 de
2968 3781 3263 3835 nocturnis
3312 3780 3520 3851 vigiliis
3549 3778 3679 3831 idem
3713 3774 3799 3842 ipse

2171 3869 2251 3924 ait
2284 3887 2296 3925 :
2335 3870 2514 3925 Media
2542 3875 2708 3924 nocte
2740 3869 3048 3940 surgebam
3077 3869 3145 3923 ad
3177 3868 3564 3923 conﬁtendum
3592 3862 3699 3926 tibi,
3724 3865 3796 3912 etc.

2171 3960 2317 4030 Ergo
2357 3959 2446 4013 his
2493 3958 2852 4028 temporibus
2890 3958 3206 4012 referamus
3250 3957 3452 4012 laudes
3483 3951 3706 4011 Creatori
3733 3964 3798 4000 ne

2171 4053 2308 4116 stro,
2345 4063 2519 4118 super
2538 4047 2756 4117 judicia
2783 4046 3023 4117 justitim
3056 4063 3189 4100 suae.

2171 4155 2299 4210 CAP.
2358 4154 2489 4209 CVI.
2542 4182 2612 4192 —
2647 4153 2800 4224 Quod
2845 4168 3102 4220 magnum
3149 4153 3454 4222 periculum
3505 4153 3572 4205 sit
3620 4149 3797 4224 aliquem

2241 4227 2363 4294 ﬁeri
2406 4223 2675 4293 judicem’
2709 4226 2832 4278 vitae
2875 4226 3064 4279 aliena:
3087 4266 3102 4290 ,
3151 4225 3248 4292 qui
3302 4225 3471 4278 nescit
3520 4235 3658 4276 suam
3705 4223 3797 4270 tem-

2241 4311 2457 4365 perare.

2242 4386 2353 4455 (Ea:
2413 4385 2576 4438 dictis
2619 4383 2886 4452 August.)
2935 4381 3302 4437 Admonendi
3363 4385 3493 4436 sunt
3544 4369 3799 4450 presbyteri

2169 4480 2232 4526 ut
2260 4473 2620 4544 perpendant
2648 4471 2786 4542 quia
2825 4471 3106 4542 quidquid
3151 4486 3185 4525 a
3231 4470 3502 4525 ﬁdelibus
3532 4469 3696 4528 datur,
3732 4475 3802 4514 re-

2169 4561 2423 4631 demptio
2477 4566 2842 4631 peccatorum
2898 4565 2984 4615 est
3034 4576 3048 4612 :
3102 4565 3158 4614 et
3199 4559 3332 4613 ideo
3389 4574 3504 4612 non
3547 4554 3804 4626 glorientur

2167 4650 2377 4703 talibus
2425 4649 2750 4718 sumptibus
2795 4648 2901 4714 uti,
2949 4649 3048 4703 sed
3086 4648 3269 4716 magis
3319 4647 3557 4702 timeant
3594 4640 3721 4714 quod
3761 4637 3805 4689 in

2169 4737 2354 4792 Veteri
2383 4737 2746 4791 Testamento
2768 4737 2838 4790 de
2859 4737 3250 4791 sacerdotibus
3279 4737 3498 4791 dictum
3525 4739 3618 4800 est,
3643 4724 3806 4797 iniquﬁ

2168 4830 2344 4881 tatem
2367 4826 2566 4897 populi
2596 4843 2695 4881 eos
2727 4827 2934 4881 debere
2961 4831 3205 4898 portare.
3243 4827 3310 4880 Et
3339 4826 3467 4880 ideo
3491 4839 3613 4879 cum
3641 4829 3805 4886 magno

2168 4913 2373 4968 timore
2405 4929 2577 4985 super
2601 4930 2700 4968 eos
2730 4913 2956 4968 solliciti
2990 4913 3121 4976 sint,
3157 4929 3408 4984 quorum
3443 4910 3598 4966 donis
3622 4900 3804 4978 partici-

2167 5006 2380 5072 pantur
2426 5018 2438 5055 :
2475 5002 2610 5073 quia
2656 5017 2930 5073 magnum
2961 5001 3284 5072 periculum
3335 5005 3419 5054 est
3457 4997 3689 5070 judicem
3711 4986 3805 5044 ﬁeri

2169 5091 2301 5145 vitae
2326 5089 2551 5158 alienae,
2583 5091 2683 5161 qui
2715 5090 2894 5144 nescit
2922 5094 3115 5143 tenere
3146 5088 3533 5143 moderamina
3559 5083 3674 5137 vita:
3698 5091 3801 5132 sum.

2169 5198 2296 5253 CAP.
2345 5197 2503 5252 CVII.
2559 5226 2622 5236 —
2680 5199 2746 5251 Ut
2783 5197 3091 5321 presfytteri
3132 5198 3301 5266 juxta
3352 5194 3616 5250 ecclesiam
3660 5184 3804 5252 hospi'

2588 5288 2592 5292 ·
2938 5283 3002 5320 en
3029 5283 3112 5321 ur.

2588 5288 2592 5292 '
2914 5283 3112 5321 tentur.

2241 5354 2352 5423 (Em
2380 5357 2568 5411 concil.
2617 5355 2899 5423 Meldensi,
2951 5372 3071 5426 cap.
3128 5359 3204 5422 5.)
3256 5356 3324 5409 Ut
3375 5346 3675 5425 presbyteri
3707 5337 3802 5396 nul-

2168 5445 2392 5498 latenus
2442 5443 2791 5517 ubicumque
2849 5443 3130 5516 hospitari
3182 5444 3469 5509 sinantur,
3517 5445 3610 5494 aut
3652 5434 3802 5500 aliquo

2168 5533 2342 5588 modo
2417 5532 2530 5605 ipsi
2581 5538 2984 5606 praesumant,
3055 5533 3154 5588 sed
3231 5531 3460 5588 assidue
3527 5525 3664 5598 apud
3707 5529 3802 5575 suas
