3960 6192
104 240 200 293 645
1040 235 1516 292 DECRETORUM
1556 237 1744 292 LIBRI
1781 236 1890 292 XX.
1933 269 2003 277 —-
2039 239 2244 294 LIBER
2283 239 2660 294 SECUNDUS.

3503 247 3605 299 646

104 364 366 419 ecclesias
412 379 532 417 esse
586 362 854 416 studeant
891 365 1129 431 propter
1176 377 1335 414 sacra
1388 362 1681 431 mysteria,
1714 361 1798 414 vel
1828 367 1875 421 Α
1913 378 2027 432 quo
2072 368 2129 417 et
2174 363 2327 416 salva
2379 362 2449 416 sit
2494 363 2739 417 charitas
2786 364 3231 432 connubiorum,
3286 370 3343 420 et
3386 371 3608 421 cessent

104 452 446 517 ministeria,
518 451 784 505 ﬁdelibus
836 449 1190 517 exhibenda,
1252 466 1355 503 nec
1421 450 1595 503 etiam
1661 450 1798 504 alibi

104 542 357 596 habitare
390 540 822 610 permittantur.
854 540 1049 608 Neque
1086 538 1357 592 mulieres
1396 553 1797 609 quamcunque

105 630 521 683 habitationem
556 628 802 681 habeant
833 627 893 680 in
937 626 1074 680 locis
1114 626 1171 679 in
1223 626 1433 697 quibus
1478 626 1797 697 presbyteri

108 719 353 788 aliquem
432 733 727 770 recursum
776 716 1102 770 habuerint.
1172 716 1333 779 Quod
1396 716 1443 769 si
1500 716 1799 769 observare

106 806 594 879 parvipeuderint,
628 805 707 858 ita
738 809 799 857 ut
847 810 1320 873 transgressores,
1364 808 1419 858 et
1463 804 1563 875 qui
1604 809 1801 857 contra

108 896 406 949 interdicta
435 894 695 961 fecerint,
723 892 1076 963 judicentur.

109 986 229 1039 CAP.
273 984 461 1038 CVIII.
516 1014 583 1021 —
624 986 698 1037 De
741 981 1084 1051 presbytero,
1134 984 1184 1036 si
1230 997 1451 1035 umorem
1502 984 1798 1051 acceperit,

793 1053 1115 1120 deponatur.

172 1128 285 1195 (Em
333 1126 517 1179 concil.
578 1126 1020 1191 Nioceesanensi,
1070 1139 1190 1191 cap.
1252 1125 1328 1193 l.)
1395 1122 1700 1193 Presbyter
1755 1123 1803 1176 si

109 1230 346 1267 uxorem
409 1213 711 1282 acceperit,
762 1212 832 1265 ab
888 1210 1090 1265 ordine
1148 1211 1488 1281 deponatur.
1553 1211 1613 1264 Si
1669 1227 1802 1264 vero

109 1303 415 1355 fornicatus
445 1299 639 1362 fuerit,
672 1303 771 1353 aut
820 1299 1165 1352 adulterium
1210 1300 1646 1369 perpetraverit,
1676 1314 1805 1352 am-

108 1391 255 1460 plius
302 1389 440 1460 pelli
479 1389 666 1454 debet,
713 1392 768 1441 et
811 1388 881 1441 ad
929 1387 1329 1457 paenitentiam
1365 1387 1567 1455 redigi.
1619 1387 1804 1441 Simili

109 1478 280 1532 modo
313 1477 485 1530 etiam
521 1477 815 1540 diaconus,
846 1475 891 1527 si
922 1475 1125 1528 eodem
1155 1480 1384 1544 peccato
1420 1474 1801 1541 succubuerit,

110 1568 173 1620 ab
202 1566 407 1620 ordine
442 1564 748 1618 ministerii
778 1563 1163 1617 subtrahatur.

524 1655 650 1708 CAP.
695 1654 827 1708 CIX.
868 1683 937 1692 —
980 1656 1055 1707 De
1094 1653 1277 1706 eadem
1304 1667 1380 1705 re.

176 1747 291 1813 (Ea:
321 1744 508 1797 concil.
551 1744 787 1808 Nicaeae,
830 1758 950 1811 cap.
997 1742 1075 1810 3.)
1123 1741 1421 1794 Interdixit
1463 1755 1569 1810 per
1611 1739 1804 1793 omnia

110 1849 323 1900 magna
362 1831 612 1901 synodus
656 1846 775 1883 non
807 1830 1093 1900 episcopo,
1141 1846 1257 1882 non
1295 1829 1649 1900 presbytero,
1688 1844 1806 1881 non

112 1922 374 1984 diacono,
426 1921 512 1973 vel
561 1919 730 1972 alicui
772 1919 1003 1972 omnino
1036 1917 1135 1987 qui
1179 1918 1238 1970 in
1288 1919 1439 1970 clero
1486 1922 1588 1983 est,
1638 1917 1806 1969 licere

112 2008 602 2062 subintroductam
659 2006 871 2059 habere
925 2006 1260 2070 mulierem,
1314 2005 1425 2057 nisi
1481 2006 1623 2057 forte
1679 2020 1806 2057 ma-

111 2104 277 2162 trem,
338 2101 439 2148 aut
490 2111 768 2157 sororem,
815 2101 913 2147 aut
972 2094 1229 2159 amitam,
1290 2093 1378 2146 vel
1431 2109 1527 2146 eas
1584 2096 1808 2146 tantum

108 2202 383 2255 personas
412 2200 535 2254 quae
566 2184 917 2254 suspiciones
945 2182 1246 2251 effugiunt.

554 2272 681 2326 CAP.
727 2273 829 2326 CX.
868 2300 940 2311 —
972 2275 1043 2325 De
1073 2271 1255 2324 eadem
1288 2286 1365 2323 re.

180 2365 291 2431 (Ea:
322 2362 467 2415 decr.
518 2361 721 2427 Syricii
744 2376 829 2428 p.,
878 2375 998 2428 cap.
1056 2358 1164 2427 12.)
1218 2358 1477 2411 Feminas
1516 2373 1648 2410 vero
1689 2373 1808 2410 non

112 2452 248 2503 alias
300 2466 425 2503 esse
468 2450 722 2518 patimur
760 2449 818 2501 in
867 2448 1132 2501 domibus
1172 2448 1532 2514 clericorum,
1573 2445 1684 2499 nisi
1715 2462 1808 2499 eas

116 2544 341 2592 tantum
400 2553 542 2607 quas
614 2541 848 2607 propter
917 2537 1067 2589 solas
1123 2535 1561 2589 necessitudinis
1612 2550 1808 2588 causas

108 2628 367 2681 habitare
395 2642 525 2679 cum
555 2625 758 2679 iisdem
789 2625 1038 2695 synodus
1072 2624 1299 2677 Nicaena
1328 2623 1608 2695 permisit.

516 2715 643 2768 CAP.
686 2714 817 2769 CXI.
859 2744 927 2754 —-
962 2717 1034 2767 De
1062 2713 1248 2768 eadem
1285 2729 1360 2766 re.

183 2806 294 2873 (Ea:
323 2805 520 2865 eodem,
554 2818 675 2872 cap.
720 2802 800 2870 4.)
833 2802 1118 2857 Statutum
1151 2808 1237 2855 est
1281 2802 1350 2854 ab
1399 2799 1701 2871 episcopis,
1738 2799 1809 2854 de

114 2892 462 2961 presbyteris
509 2890 608 2960 qui
661 2889 902 2943 feminas
948 2905 1136 2943 secum
1195 2889 1497 2941 indiscrete
1549 2887 1806 2941 habitare

114 2980 477 3049 permittunt,
512 2983 569 3031 et
588 2982 825 3047 propter
843 2977 953 3030 hoc
980 2976 1147 3030 malle
1171 2974 1462 3044 opinionis
1486 2974 1810 3044 suspicione

115 3069 483 3132 denotautur,
525 3070 582 3120 et
611 3066 657 3118 si
689 3066 959 3135 deinceps
988 3064 1268 3118 admoniti
1300 3079 1413 3116 non
1445 3080 1504 3116 se
1543 3079 1808 3117 correxe-

119 3157 252 3218 rint,
293 3156 449 3208 velut
494 3158 918 3223 contemptores
961 3168 1258 3207 sacrorum
1302 3168 1590 3206 canonum
1636 3168 1808 3206 cano-

116 3246 241 3299 nica
268 3243 589 3298 invectione
620 3242 919 3296 feriantur.

515 3331 642 3385 CAP.
687 3331 841 3385 CXII.
882 3360 954 3371 -—
990 3329 1074 3383 De
1111 3329 1296 3383 eadem
1336 3346 1413 3382 re.

184 3424 295 3491 (Ex
325 3421 515 3475 conciI.
565 3420 894 3485 Agathensi,
938 3434 1057 3487 cap.
1103 3420 1175 3487 3.)
1208 3418 1268 3472 Id
1319 3418 1490 3471 etiam
1525 3417 1595 3471 ad
1627 3421 1813 3471 custo-

114 3510 389 3565 diendam
419 3510 590 3562 vitam
620 3513 676 3561 et
704 3508 917 3562 famam
958 3507 1189 3577 speciali
1220 3506 1582 3560 ordinatione
1611 3506 1815 3570 praeci-

112 3600 337 3669 pimus,
389 3601 455 3651 ut
504 3598 691 3650 nullus
737 3596 1077 3650 clericorum
1126 3600 1409 3649 extraneae
1465 3594 1536 3647 sit
1584 3594 1816 3647 mulieri

113 3688 372 3758 qualibet
425 3685 813 3739 consolatione
864 3689 960 3738 aut
1006 3683 1395 3738 familiaritate
1445 3684 1812 3750 conjunctus,

114 3782 170 3829 et
194 3792 314 3829 non
356 3776 541 3828 solum
586 3774 646 3826 in
687 3774 923 3827 domum
956 3772 1109 3826 illius
1150 3777 1418 3826 extranea
1459 3771 1670 3824 mulier
1698 3786 1815 3823 non

116 3865 371 3931 accedat,
403 3863 502 3916 sed
542 3878 646 3916 nec
693 3862 815 3931 ipse
863 3861 1268 3932 frequentandi
1315 3865 1643 3914 extraneam
1689 3874 1817 3912 mu-

118 3954 318 4007 lierem
369 3953 577 4006 habeat
627 3953 991 4021 potestatem,
1046 3950 1143 4003 sed
1194 3966 1324 4003 cum
1353 3952 1551 4018 {matre
1593 3952 1817 4001 tantum

124 4046 177 4095 et
210 4057 410 4094 sorore
457 4045 515 4093 et
557 4044 745 4110 nepte,
778 4039 827 4091 si
875 4038 1141 4092 habuerit
1174 4042 1272 4091 aut
1298 4037 1565 4102 voluerit,
1596 4035 1817 4089 vivendi

115 4131 362 4184 liberam
408 4129 618 4182 habeat
666 4132 1047 4198 potestatem,
1099 4127 1169 4181 de
1221 4126 1430 4196 quibus
1486 4124 1819 4178 nominibus

116 4220 275 4272 nefas
308 4222 395 4272 est
424 4217 578 4270 aliud
610 4232 781 4286 quam
814 4220 1018 4269 natura
1047 4214 1346 4269 constituit
1381 4213 1684 4284 suspicari.

116 4308 247 4361 CAP.
293 4307 477 4362 CXIII.
530 4334 598 4344 —
649 4307 715 4359 Ut
778 4305 988 4358 ancillae
1036 4320 1070 4357 a
1118 4304 1333 4357 cellario
1378 4303 1815 4372 presbyterorum

776 4379 1168 4429 removeantur.

183 4452 295 4513 (Ea:
327 4448 517 4502 concil.
560 4449 827 4509 Remensi,
871 4462 991 4515 cap.
1028 4445 1104 4514 3.)
1154 4443 1402 4497 Ancillas
1450 4442 1538 4497 vel
1585 4442 1819 4496 libertas

116 4554 146 4589 a
193 4536 435 4590 cellario
479 4536 567 4587 vel
632 4551 664 4587 a
722 4538 939 4588 secreto
986 4532 1328 4597 ministerio,
1378 4536 1433 4585 et
1485 4530 1556 4584 ab
1614 4530 1821 4585 eadem

113 4626 426 4680 mansione
458 4623 517 4676 in
549 4639 663 4693 qua
689 4622 926 4675 clericus
955 4625 1168 4685 manet,
1200 4620 1417 4691 placuit
1443 4618 1747 4672 removeri.

114 4714 247 4767 CAP.
292 4713 470 4768 CXIV.
502 4742 571 4750 —-
616 4712 768 4776 Quod
815 4709 1052 4774 diaconi,
1094 4712 1234 4763 sicut
1277 4711 1555 4778 episcopus
1595 4712 1651 4778 et
1691 4723 1819 4777 pre-

314 4785 525 4854 sbyter,
557 4798 761 4836 cessare
789 4782 1017 4835 debeant
1045 4781 1112 4834 ab
1139 4777 1310 4849 opere
1327 4777 1621 4847 conjugali.

188 4876 302 4939 (Ea:
346 4876 508 4941 epist.
551 4873 709 4926 Leon.
752 4886 912 4940 pap.,
962 4886 1083 4938 cap.
1138 4870 1253 4938 l7.)
1295 4870 1405 4923 Lex
1452 4866 1820 4921 continentiae

115 4963 323 5015 eadem
378 4966 463 5014 est
520 4959 713 5013 altaris
772 4957 1076 5024 ministris,
1132 4974 1263 5028 qua
1321 4956 1598 5026 episc0pis
1647 4961 1821 5025 atque

112 5049 492 5120 presbyteris.
553 5048 660 5112 Qui
720 5064 850 5102 cum
906 5050 1097 5100 essent
1152 5045 1312 5111 laici,
1373 5044 1491 5098 sive
1549 5045 1818 5110 lectores,

112 5139 272 5192 licite
322 5144 380 5191 et
429 5153 633 5191 uxores
686 5137 915 5202 ducere,
964 5140 1019 5189 et
1064 5135 1215 5188 filios
1270 5150 1568 5205 procreare
1622 5138 1820 5203 potue-

114 5232 292 5292 runt,
362 5227 458 5280 sed
532 5242 660 5280 cum
725 5226 794 5279 ad
868 5224 1177 5295 praedictos
1253 5222 1622 5293 pervenerint
1690 5238 1818 5290 gra-

114 5317 265 5383 dus,
322 5314 498 5385 cepit
548 5313 630 5367 eis
689 5330 800 5368 non
856 5313 1030 5367 licere
1092 5311 1245 5383 quod
1278 5311 1457 5364 licuit.
1517 5309 1697 5375 Unde,
1761 5313 1825 5363 ut

112 5406 187 5458 de
224 5404 442 5457 carnali
491 5404 588 5457 fiat
634 5402 890 5473 spiritale
930 5401 1285 5472 conjugium,
1321 5402 1548 5471 oportet
1576 5415 1674 5452 eos
1719 5414 1825 5452 nec

112 5494 417 5547 dimittere
449 5508 675 5558 uxores,
706 5495 763 5545 et
813 5491 978 5562 quasi
1025 5506 1144 5545 non
1190 5490 1441 5545 habeant
1477 5487 1557 5543 sic
1585 5486 1819 5553 habere,

1911 467 2083 522 opera
2115 452 2469 522 nuptiarum.

2333 541 2463 595 CAP.
2507 541 2654 596 CXV.
2690 572 2756 579 —
2788 544 2859 595 De
2886 542 3069 595 eadem
3094 559 3170 597 re.

1978 630 2088 694 (Ea:
2143 630 2330 682 concil.
2386 633 2677 696 Turonic.,
2730 646 2852 698 cap.
2907 634 2985 697 6.)
3052 632 3115 684 Et
3170 631 3307 701 quia
3373 630 3605 685 diabolo

1910 718 2132 771 nullum
2192 718 2381 771 locum
2431 718 2565 771 dare
2624 724 2869 788 oportet,
2924 720 3028 772 hoc
3080 721 3368 790 praecipue
3418 725 3609 774 custo-

1910 806 2183 859 diendum
2232 805 2610 875 decrevimus,
2641 811 2704 859 ut
2734 807 2877 859 nulli
2908 807 3099 860 clerici
3147 824 3274 861 cum
3317 809 3605 862 extraneis

1910 893 2138 947 feminis
2199 893 2448 947 habeant
2513 894 2996 962 familiaritatem,
3055 912 3154 950 nec
3216 897 3399 949 ullum
3456 899 3605 950 male

1911 980 2183 1051 loquendi
2232 982 2317 1033 vel
2370 981 2655 1035 sentiendi
2696 982 3023 1037 hominibus
3070 984 3285 1037 aditum
3332 985 3608 1053 tribuant,

1913 1070 2050 1140 quia
2096 1070 2430 1140 frequenter
2481 1086 2585 1139 per
2630 1071 2778 1124 hanc
2832 1072 3193 1126 indecentem
3252 1074 3608 1126 occasionem

1912 1158 2214 1226 contingit,
2242 1163 2303 1211 ut
2332 1159 2596 1212 diabolus
2628 1159 2727 1229 qui
2773 1160 3082 1214 insidiatur
3111 1160 3256 1213 sicut
3285 1162 3371 1214 leo
3418 1161 3478 1213 in
3510 1178 3607 1214 cu-

1913 1246 2016 1300 bili
2066 1262 2190 1310 suo,
2220 1248 2289 1299 de
2336 1247 2519 1299 ruinis
2570 1263 2865 1301 servorum
2915 1248 3015 1301 Dei
3065 1248 3315 1303 insultet.
3371 1248 3431 1302 Si
3482 1250 3610 1319 quis

1913 1350 2046 1388 vero
2110 1334 2347 1388 clericus
2422 1339 2553 1405 post
2615 1335 2980 1389 interdictum
3050 1337 3301 1407 episcopi
3369 1338 3457 1390 sui
3521 1338 3611 1391 his

1914 1423 2195 1477 inhaerere
2250 1424 2715 1493 praesumpserit,
2780 1441 2812 1477 a
2866 1427 3277 1479 communione
3331 1425 3611 1479 habeatur

1915 1512 2157 1565 alienus.

2326 1600 2452 1654 CAP.
2496 1600 2670 1655 CXVI.
2716 1632 2782 1639 —
2814 1602 2885 1654 De
2915 1600 3097 1654 eadem
3131 1618 3204 1655 re.

1989 1688 2099 1757 (Em
2137 1689 2321 1742 concil.
2374 1690 2737 1753 Nannetensi,
2787 1704 2907 1757 cap.
2965 1690 3076 1757 10.)
3130 1689 3511 1744 Iuhibendum
3558 1696 3614 1744 et

1915 1777 2098 1830 modis
2145 1777 2414 1830 omnibus
2445 1778 2938 1830 interminondum
2969 1783 3073 1843 est,
3108 1784 3170 1830 ut
3198 1778 3392 1831 nullus
3422 1794 3611 1832 sacer-

1916 1865 2020 1918 dos
2070 1881 2163 1917 eas
2218 1881 2489 1935 personas
2540 1864 2917 1928 feminarum,
2980 1866 3125 1918 sicut
3177 1871 3232 1918 et
3288 1868 3345 1919 in
3395 1882 3614 1920 canone

1917 1952 2201 2006 insertum
2235 1954 2575 2019 continetur,
2610 1953 2679 2007 de
2708 1954 2916 2023 quibus
2949 1954 3192 2023 suspicio
3240 1971 3361 2007 esse
3404 1960 3610 2025 potest,

1916 2041 1975 2094 in
2015 2040 2184 2094 domo
2235 2058 2338 2094 sua
2385 2040 2611 2105 habeat,
2646 2042 2742 2094 sed
2794 2057 2979 2111 neque
3013 2043 3134 2094 illas
3181 2059 3321 2112 quas
3369 2060 3613 2097 canones

1916 2130 2255 2192 concedunt,
2303 2136 2568 2196 matrem,
2606 2130 2863 2193 amitam,
2899 2146 3191 2184 sororem:
3246 2132 3401 2200 quia,
3450 2132 3615 2186 insti-

1916 2221 2087 2287 gante
2128 2217 2376 2283 diabolo,
2411 2218 2582 2271 etiam
2614 2217 2671 2270 in
2722 2218 2835 2269 illis
2886 2218 3068 2270 scelus
3101 2218 3432 2289 frequenter
3481 2236 3612 2289 per-

1916 2311 2205 2376 petratum
2253 2306 2562 2376 reperitur,
2596 2310 2695 2358 aut
2739 2306 2911 2359 etiam
2947 2306 3254 2376 impedisse
3299 2325 3439 2378 quas
3483 2309 3614 2361 illa-

1915 2410 2065 2447 rum.
2102 2395 2211 2448 Sed
2247 2394 2294 2447 si
2325 2396 2453 2465 quis
2484 2395 2552 2447 de
2592 2394 2680 2447 his
2714 2394 2982 2448 habuerit
3010 2398 3178 2449 talem
3221 2398 3613 2451 necessitatem

1916 2484 2254 2552 patientem,
2288 2484 2379 2536 cui
2412 2483 2484 2535 sit
2534 2483 2839 2536 necessitas
2883 2486 3221 2538 sustentatio
3271 2486 3613 2557 presbyteri,
3712 2542 3715 2543 ν

1916 2572 2123 2625 habeat
2152 2571 2210 2624 in
2260 2572 2382 2624 vico
2412 2572 2602 2624 autin
2642 2571 2777 2624 villa
2825 2572 3063 2626 domum
3094 2574 3265 2642 longe
3306 2591 3338 2627 a
3388 2575 3617 2644 presby-

1915 2658 2025 2711 teri
2072 2658 2529 2723 conversatione,
2564 2666 2618 2711 et
2665 2658 2743 2711 ibi
2794 2659 2874 2712 eis
2904 2660 3300 2713 subministret
3343 2676 3471 2730 qua:
3510 2676 3617 2713 ne-

1918 2746 2159 2800 cessaria
2205 2749 2355 2799 sunt.
2408 2746 2516 2800 Sed
2560 2747 2669 2800 hoc
2717 2748 3031 2800 secundum
3086 2748 3477 2802 auctoritatem
3526 2764 3617 2801 ca-

1917 2848 2137 2887 nonum
2187 2833 2367 2887 modis
2409 2834 2677 2888 omnibus
2724 2834 3175 2904 prohibendum,
3221 2840 3282 2888 ut
3331 2837 3489 2890 nulla
3536 2836 3615 2889 fe-

1842 2930 1882 2986 C
1921 2924 2076 2977 mina
2126 2924 2195 2977 ad
2247 2924 2421 2976 altare
2460 2930 2771 2993 praesumat
2818 2926 3104 2991 accedere,
3152 2932 3249 2979 aut
3284 2927 3616 2996 presbytero

1920 3012 2266 3078 ministrare,
2305 3018 2403 3065 aut
2432 3012 2578 3065 infra
2604 3013 2885 3067 cancellos
2917 3018 3066 3067 stare
3099 3020 3198 3067 aut
3227 3014 3445 3068 sedere.

2213 3102 2341 3155 CAP.
2386 3101 2587 3156 CXVII.
2630 3131 2698 3140 ——
2736 3104 2809 3155 De
2840 3103 3317 3157 incontinentibus.

1993 3188 2110 3257 (Ea:
2139 3204 2329 3242 canon.
2374 3191 2690 3258 apostolor.,
2723 3206 2844 3258 cap.
2888 3191 3001 3260 22.)
3046 3192 3125 3244 De
3168 3191 3517 3261 presbyteris
3566 3195 3621 3245 et

1923 3277 2262 3331 diaconibus
2307 3277 2630 3331 divinarum
2679 3279 2875 3347 legum
2914 3284 2999 3332 est
3028 3278 3350 3349 disciplina,
3383 3284 3447 3332 ut
3470 3280 3623 3333 inter

1920 3365 2345 3420 incontinentes
2375 3367 2435 3419 in
2467 3366 2666 3419 ofﬁciis
2714 3366 2924 3419 talibus
2953 3367 3144 3436 positi,
3191 3368 3349 3421 omni
3398 3368 3621 3422 honore

1923 3454 2305 3507 ecclesiastico
2346 3455 2661 3523 priventur,
2695 3471 2799 3508 nec
2840 3455 3219 3509 admittantur
3261 3456 3329 3509 ad
3370 3458 3479 3509 tale
3512 3457 3619 3510 mi-

1921 3541 2244 3605 nisterium,
2276 3543 2424 3611 quod
2459 3543 2575 3595 sola
2605 3543 2958 3596 continentia
2988 3547 3214 3620 oportet
3244 3544 3494 3613 impleri.

1925 3646 2050 3701 CAP.
2096 3647 2324 3701 CXVIII.
2373 3678 2441 3685 —
2489 3651 2563 3701 De
2607 3647 2899 3712 ordinatis,
2953 3649 3098 3716 quod
3135 3665 3254 3702 cum
3301 3650 3622 3703 mulieribus

2491 3720 2631 3771 coire
2668 3735 2773 3771 non
2806 3718 3050 3773 debeant.

1996 3805 2103 3875 (Ea:
2134 3805 2358 3872 eodem.)
2405 3806 2687 3858 Praeterea
2721 3806 2874 3875 quod
2904 3806 3144 3875 dignum
3175 3810 3231 3859 et
3259 3806 3531 3875 pudicum
3565 3814 3622 3860 et

1925 3895 2231 3948 honestum
2280 3898 2381 3957 est,
2416 3899 2610 3946 tenere
2642 3894 2885 3947 Ecclesia
2928 3894 3165 3947 omnino
3213 3895 3398 3959 debet,
3432 3901 3495 3949 ut
3534 3912 3622 3948 sa-

1926 3982 2183 4036 cerdotes
2249 3987 2306 4035 et
2372 3981 2576 4035 Levita:
2628 3998 2755 4035 cum
2813 3983 3152 4037 mulieribus
3216 4000 3331 4037 non
3385 3990 3619 4037 coeant:

1928 4072 2063 4143 quia
2115 4070 2421 4126 ministerii
2463 4072 2816 4143 quotidiauis
2863 4073 3296 4127 necessitatibus
3339 4090 3623 4144 occupan-

1928 4166 2040 4215 tur.
2092 4161 2377 4231 Scriptum
2424 4166 2541 4215 est:
2584 4161 2775 4215 Sancti
2813 4166 3010 4227 estote,
3046 4163 3319 4233 quoniam
3350 4178 3455 4233 ego
3496 4179 3624 4216 san-

1928 4255 2049 4303 ctus
2077 4266 2203 4303 sum
2239 4249 2514 4303 Dominus
2547 4252 2692 4303 Deus
2723 4255 2928 4305 vester.

1998 4340 2134 4393 CAP.
2179 4340 2350 4394 CXIX.
2392 4370 2458 4376 —
2492 4342 2560 4393 De
2584 4340 2873 4404 ordinatis,
2906 4341 2957 4393 si
2972 4354 3169 4394 usuras
3196 4342 3551 4395 exercuerim.

1998 4428 2112 4496 (Em
2164 4428 2384 4496 eodem.)
2442 4427 2778 4498 Episcopus,
2829 4428 3159 4497 presbyter,
3207 4433 3303 4482 aut
3354 4429 3627 4483 diaconus

1927 4532 2129 4568 usuras
2158 4532 2190 4567 a
2234 4515 2589 4569 debitoribus
2638 4515 2894 4585 exigens,
2936 4522 3035 4569 aut
3073 4516 3311 4583 desinat,
3345 4522 3445 4572 aut
3475 4523 3627 4571 certe

1928 4604 2259 4658 damnetur.

2334 4692 2461 4746 CAP.
2505 4692 2654 4747 CXX.
2694 4720 2767 4732 —
2809 4693 2887 4744 De
2915 4692 3098 4746 eadem
3127 4709 3202 4747 re.

1999 4780 2110 4848 (Ea:
2140 4782 2326 4836 concil.
2374 4782 2604 4844 Nicaeno,
2642 4796 2761 4848 cap.
2815 4780 2925 4850 l7.)
2970 4780 3255 4842 Quoniam
3306 4781 3471 4834 multi
3520 4780 3624 4833 sub

1929 4872 2132 4941 regula
2177 4869 2473 4925 constituti
2513 4870 2810 4923 avaritiam
2866 4874 2920 4922 et
2966 4870 3159 4939 turpia
3207 4871 3363 4923 lucra
3414 4874 3629 4922 sectan-

1930 4965 2043 5025 tur,
2073 4960 2351 5029 oblitique
2379 4958 2586 5012 divinm
2618 4958 2925 5027 Scripturaa
2956 4957 3232 5011 dicentis:
3269 4978 3295 5006 α
3331 4958 3437 5022 Qui
3465 4973 3629 5027 pecu-

1932 5048 2087 5101 niam
2130 5064 2290 5101 suam
2329 5064 2442 5101 non
2475 5046 2628 5101 dedit
2660 5046 2729 5100 ad
2762 5062 3019 5106 usuram,
3054 5066 3081 5097 ι)
3129 5052 3397 5100 mutuum
3430 5047 3629 5101 dantes

1930 5136 2261 5191 centesimas
2306 5137 2561 5206 exigunt,
2606 5136 2759 5205 juste
2805 5135 3026 5189 censuit
3076 5140 3270 5188 sancta
3316 5140 3373 5189 et
3420 5151 3633 5206 magna

1931 5227 2200 5297 synodus,
2238 5230 2298 5279 ut
2330 5225 2376 5278 si
2416 5225 2544 5295 quis
2576 5226 2842 5279 inventus
2884 5224 3059 5278 fuerit
3087 5229 3215 5293 post
3245 5225 3389 5278 hanc
3417 5224 3628 5279 defini-

1931 5315 2148 5368 tionem
2194 5330 2398 5367 usuras
2430 5313 2733 5384 accipiens,
2767 5318 2861 5367 aut
2911 5329 2974 5366 ex
3010 5313 3413 5367 adinventione
3442 5314 3631 5384 aliqua

1933 5397 2019 5451 vel
2049 5395 2307 5467 quolibet
2336 5395 2506 5450 modo
2534 5396 2830 5466 negotium
2859 5395 3168 5461 transiens,
3203 5402 3301 5450 aut
3332 5396 3628 5461 hemiolia,
3728 5450 3733 5457 κ

1932 5485 1992 5538 id
2022 5490 2127 5552 est,
2162 5485 2421 5555 sescupla
2448 5484 2704 5555 exigens,
2740 5484 2830 5539 vel
2872 5482 3091 5556 aliquid
3119 5484 3231 5539 tale
3264 5501 3500 5556 prorsus
3532 5500 3632 5539 ex-
