4022 6190
434 249 536 302 647
1523 230 1932 298 BURCHAnm
1970 239 2113 296 νινοῐ

2252 240 2503 298 IIENSIS
2542 239 2880 298 EPISCOPI.
3785 253 3871 306 648

427 370 690 442 cogitans
738 366 926 436 turpis
973 363 1118 419 lucri
1160 364 1364 433 gratia,
1417 363 1719 434 dejiciatur
1762 380 1796 418 a
1843 364 2026 429 clero,
2077 367 2134 418 et
2170 367 2216 420 Α
2247 365 2332 418 vel
2383 363 2616 418 bibendi
2664 380 2835 418 causa
2882 363 3148 418 tabernas
3197 381 3313 419 non
3362 365 3742 438 ingrediantur,
3783 376 3874 430 nisi

428 461 650 513 alienus
676 457 883 510 existat
908 471 936 508 a
972 454 1188 524 regula.

831 543 957 597 CAP.
1001 543 1178 598 CXXI.
1221 572 1288 582 —
1327 545 1399 596 De
1423 541 1608 596 eadem
1637 559 1712 596 re.

499 635 620 702 (Ea:
649 634 802 701 epist.
835 633 994 686 Leon.
1023 647 1182 700 pap.,
1216 647 1336 698 cap.
1374 629 1450 698 4.)
1483 630 1625 684 Illud
1657 630 1829 684 etiam
1859 628 2124 683 duximus

424 719 922 791 praemonendum,
953 724 1016 772 ut
1055 719 1201 772 sicut
1239 734 1352 772 non
1384 736 1508 783 suo,
1542 719 1621 772 ita
1660 734 1764 771 nec
1791 718 1980 770 alieno
2015 735 2120 770 nu-

425 811 584 865 mine
614 808 822 879 aliquis
853 808 1191 861 clericorum
1224 824 1488 861 exercere
1514 807 1699 861 fumus
1729 811 1990 861 attentet.

817 897 945 951 CAP.
990 897 1193 951 CXXII.
1228 925 1294 936 —
1339 897 1418 950 De
1441 896 1626 949 eadem
1655 911 1731 948 re.

498 988 603 1056 (Em
651 985 837 1039 concil.
889 981 1298 1048 Tarraconensi,
1357 998 1476 1052 cap.
1536 984 1614 1049 3.)
1663 979 2020 1052 Quicumque
2067 979 2125 1032 in

422 1076 577 1129 clero
609 1089 730 1127 esse
780 1072 1046 1137 voluerit,
1080 1070 1311 1124 emendi
1338 1071 1526 1136 vilius,
1555 1069 1644 1123 vel
1673 1069 1960 1124 vendendi
1989 1069 2124 1122 cha-

428 1164 550 1218 rius
578 1161 766 1216 studio
797 1177 912 1214 non
943 1165 1156 1213 utatur.
1335 1162 1343 1170 ’

802 1249 932 1303 CAP.
975 1248 1206 1303 CXXIII.
1251 1278 1317 1286 —
1356 1250 1428 1302 De
1457 1247 1642 1301 eadem
1668 1263 1749 1300 re.

496 1339 607 1406 (Ex
639 1339 796 1406 epist.
833 1339 990 1390 Leon.
1015 1351 1169 1405 pap.,
1202 1351 1323 1404 cap.
1360 1338 1436 1401 3.)
1469 1336 1546 1388 Ne
1579 1336 1687 1388 hoc
1717 1350 1946 1405 quoque
1978 1349 2124 1404 pra:-

423 1427 770 1480 tereundum
803 1440 922 1478 esse
954 1425 1240 1490 duximus,
1271 1423 1550 1494 quosdam
1582 1423 1766 1492 turpis
1797 1422 1940 1476 lucri
1970 1422 2126 1492 cupi-

428 1515 602 1568 ditate
633 1518 847 1583 captos,
890 1512 1212 1565 usurariam
1263 1528 1522 1565 exercere
1566 1511 1888 1581 pecuniam,
1926 1515 1983 1563 et
2017 1510 2123 1563 fce-

428 1619 566 1656 nore
597 1602 740 1655 velle
781 1601 1075 1655 ditescere.
1116 1601 1272 1664 Quod
1322 1616 1437 1652 non
1488 1599 1674 1653 dicam
1706 1599 1766 1652 in
1797 1615 1892 1652 eos
1923 1599 1982 1652 in
2013 1598 2124 1652 cle-

429 1691 588 1743 ricali
619 1689 806 1742 oflicio
847 1689 1190 1742 constitutos
1223 1688 1317 1741 sed
1350 1693 1406 1741 et
1449 1687 1506 1740 in
1551 1687 1724 1740 laicos
1768 1687 1990 1753 cadere,
2024 1687 2124 1757 qui

431 1777 785 1832 Christianos
815 1793 872 1830 se
906 1777 1016 1830 dici
1049 1776 1311 1846 cupiunt,
1344 1775 1732 1830 condolemus.

815 1867 943 1920 CAP.
987 1865 1207 1920 CXXIV.
1249 1895 1318 1903 —
1356 1869 1429 1919 De
1456 1864 1639 1917 eadem
1666 1878 1743 1919 re.

501 1957 619 2026 (Ea:
648 1971 790 2010 conc.
842 1957 1125 2021 Carthag.,
1158 1971 1278 2024 cap.
1322 1956 1432 2019 16.)
1481 1954 1619 2006 Item
1652 1951 1868 2022 placuit.
1912 1955 1976 2006 ut
2006 1950 2126 2006 cle-

429 2045 581 2098 ricus
607 2043 653 2096 si
683 2043 1131 2097 commodaverit
1168 2041 1496 2112 pecuniam,
1531 2041 1833 2110 pecuniam
1863 2040 2122 2110 accipiat,

431 2134 478 2187 si
525 2132 792 2204 speciem,
827 2132 1087 2186 eamdem
1135 2130 1384 2200 speciem
1434 2134 1716 2200 quantum
1764 2129 1987 2182 dederit
2032 2143 2125 2182 ac-

431 2221 626 2292 cipiat.

747 2309 875 2362 CAP.
918 2308 1113 2362 CXXV.
1156 2337 1224 2347 —
1255 2309 1384 2362 Item
1419 2307 1484 2360 de
1510 2309 1804 2360 usurariis.

499 2400 607 2469 (Ea:
636 2399 824 2452 concil.
868 2397 1080 2459 Aurel.,
1117 2411 1242 2464 cap.
1298 2397 1376 2464 3.)
1435 2396 1500 2450 Ut
1530 2395 1852 2465 presbyteri
1881 2410 1914 2448 a
1943 2394 2126 2464 turpi-

429 2488 536 2542 bus
586 2485 756 2540 lucris
812 2489 870 2539 et
940 2485 1128 2538 usuris
1194 2501 1312 2538 non
1365 2485 1554 2537 solum
1608 2483 1718 2553 ipsi
1770 2483 2122 2550 abstineant,

430 2591 629 2628 verum
705 2574 875 2634 etiam
939 2573 1134 2643 plebes
1194 2572 1301 2626 sibi
1371 2571 1623 2626 subditas
1696 2571 1984 2626 abstinere
2036 2573 2126 2626 in-

430 2665 672 2715 struant.

775 2747 903 2802 CAP.
947 2747 1167 2802 CXXVI.
1211 2778 1278 2786 —
1311 2747 1458 2813 Quid
1486 2748 1558 2801 sit
1588 2761 1776 2800 usura.

499 2840 604 2907 (Eae
634 2837 822 2891 concil.
871 2837 1170 2903 Agathen.,
1208 2851 1328 2905 cap.
1383 2836 1458 2904 1.)
1514 2837 1694 2889 Usura
1735 2839 1822 2889 est
1858 2833 1957 2889 ubi
2002 2851 2123 2888 am-

428 2927 578 2996 plius
627 2924 939 2995 requiritur
976 2939 1149 2995 quam
1178 2924 1364 2978 datur.
1399 2924 1568 2978 Verbi
1597 2925 1817 2992 gratia:
1865 2922 1926 2977 Si
1954 2923 2123 2978 dede-
2160 2920 2200 2975 C

429 3015 506 3068 ris
552 3014 767 3067 solidos
826 3012 1043 3080 decem,
1101 3017 1156 3066 et
1212 3013 1458 3082 amplius
1518 3011 1886 3082 requisieris:
1942 3012 2028 3065 vel
2078 3013 2126 3066 si

429 3103 652 3157 dederis
698 3101 973 3156 frumenti
1015 3101 1274 3156 modium
1323 3117 1526 3167 unum,
1577 3107 1635 3156 et
1685 3116 1860 3171 super
1907 3101 2126 3171 aliquid

431 3189 707 3261 exegeris.

788 3278 918 3331 CAP.
961 3277 1206 3331 CXXVII.
1243 3304 1316 3316 —
1352 3278 1426 3330 De
1460 3277 1644 3330 eadem
1691 3292 1766 3330 re.

503 3369 614 3436 (Ea.-
659 3365 801 3418 decr.
853 3366 989 3420 Julii
1032 3380 1212 3434 papae,
1265 3367 1540 3420 usurariis
1568 3367 1770 3432 missis,
1809 3380 1930 3434 cap.
1984 3365 2126 3436 125.)

429 3454 768 3523 Quicunque
815 3452 971 3506 enim
1004 3458 1262 3522 tempore
1294 3453 1494 3506 messis
1523 3453 1613 3506 vel
1657 3452 1983 3519 vindemia-3,
2013 3469 2126 3508 non

430 3542 783 3608 necessitate,
817 3541 912 3596 sed
961 3546 1197 3612 propter
1233 3539 1628 3610 cupiditatem,
1661 3547 1999 3611 comparant
2027 3558 2126 3596 an-

429 3645 645 3684 nonam
705 3630 794 3684 vel
849 3629 1080 3696 vinum;
1131 3628 1288 3682 verbi
1336 3629 1557 3699 gratia:
1622 3629 1670 3682 si
1723 3645 1854 3683 cum
1906 3631 2128 3684 duobus

431 3717 682 3772 denariis
728 3723 1024 3788 comparat
1071 3717 1330 3772 modium
1373 3734 1575 3785 unum,
1609 3723 1666 3772 et
1711 3722 1898 3773 servat
1946 3735 2126 3790 usque

429 3808 567 3862 dum
614 3808 976 3860 venundetur
1017 3805 1268 3860 denariis
1298 3813 1569 3876 quatuor,
1603 3812 1702 3862 aut
1731 3823 1846 3874 sex,
1876 3811 1975 3862 aut
2004 3824 2127 3862 am-

429 3897 602 3967 plius,
635 3895 745 3950 hoc
775 3900 941 3966 turpe
967 3896 1189 3948 lucrum
1220 3894 1483 3949 dicimus.

785 3984 913 4038 CAP.
959 3983 1230 4039 CXXVIII.
1276 4013 1338 4023 —
1381 3986 1455 4038 De
1483 3983 1767 4039 eademre.

497 4074 607 4139 (Ea:
644 4074 804 4141 epist.
839 4073 1028 4126 Leonis
1069 4070 1274 4140 papas.)
1306 4071 1564 4135 Qualiter
1604 4071 1996 4142 negotiantem
2030 4075 2130 4127 aut

429 4165 677 4226 excusat,
729 4163 827 4212 aut
873 4159 1082 4229 arguit,
1133 4158 1270 4228 quia
1313 4164 1397 4212 est
1444 4159 1719 4213 honestus
1763 4166 2036 4231 quaestus,
2070 4165 2126 4216 et

431 4249 632 4320 turpis.
686 4247 1090 4300 Verumtamen
1137 4247 1439 4316 pcenitenti
1471 4248 1667 4302 utilius
1699 4253 1782 4302 est
1825 4250 2126 4320 dispendia

431 4337 552 4407 pati
582 4349 754 4405 quam
786 4334 1056 4406 periculis
1089 4335 1500 4404 negotiationis
1530 4335 1786 4407 astringi,
1816 4338 1953 4409 quia
1982 4339 2128 4393 difﬁ-

432 4425 538 4479 cile
597 4427 680 4477 est
731 4421 882 4476 inter
936 4422 1180 4476 ementis
1233 4423 1646 4494 vendentisque
1718 4425 2126 4479 commercium

433 4529 550 4567 non
584 4511 932 4566 intervenire
959 4516 1280 4582 peccatum.

434 4620 562 4674 CAP.
633 4617 855 4674 CXXIX.
919 4647 988 4658 —
1047 4620 1112 4672 Ut
1155 4619 1337 4673 nullus
1399 4635 1468 4673 ea:
1533 4620 1888 4675 ecclesiastico
1937 4621 2130 4676 ordine

575 4689 771 4744 edendi
788 4690 872 4743 vel
897 4689 1115 4742 bibendi
1143 4705 1306 4744 causa
1337 4691 1590 4745 tabernas
1618 4693 1983 4758 ingrediatur.

503 4779 612 4849 (Ea:
645 4778 808 4832 dictis
838 4779 1101 4846 August.)
1133 4779 1432 4834 Canonum
1463 4784 1675 4833 statuta
1714 4779 2023 4849 prohibent
2066 4784 2129 4834 ut

433 4869 625 4922 nullus
657 4883 722 4921 ex
754 4866 1133 4922 ecclesiastico
1164 4868 1364 4922 ordine
1395 4868 1665 4923 sumendi
1691 4868 1803 4922 cibi
1834 4873 1933 4922 aut
1961 4872 2128 4938 potus

433 4973 622 5021 causa,
679 4956 788 5010 nisi
847 4955 1331 5027 peregrinationis
1386 4957 1724 5012 necessitate
1778 4957 2124 5028 compulsus,

432 5046 696 5100 tabernas
742 5044 969 5116 ingredi
1018 5045 1246 5099 audeat.
1298 5045 1407 5100 Sed
1452 5045 1500 5099 si
1549 5045 1756 5115 aliquis
1781 5045 1905 5099 haec
1948 5045 2127 5098 inter-

432 5135 580 5189 dicta
611 5133 925 5202 violaverit,
961 5137 1025 5188 ut
1063 5138 1390 5187 sanctorum
1440 5149 1723 5188 canonum
1763 5138 2130 5204 contemptor

432 5223 724 5276 acerrimis
756 5222 1102 5294 corripiatur
1131 5221 1465 5293 disciplinis.

433 5328 560 5382 CAP.
623 5329 809 5382 CXXX.
869 5359 936 5367 —
999 5330 1066 5382 Ut
1112 5328 1292 5382 nullus
1335 5343 1403 5381 ea:
1445 5343 1599 5382 sacro
1645 5328 1836 5384 ordine
1883 5329 1992 5384 cibi
2046 5331 2130 5384 vel

744 5403 913 5468 potus
941 5415 1109 5454 causa
1155 5399 1405 5454 tabernas
1432 5399 1796 5466 ingrediatur.

504 5487 623 5554 (Ea:
699 5486 886 5542 concil.
947 5489 1241 5556 Carthag.,
1320 5487 1432 5556 24.)
1515 5488 1582 5542 Ut
1657 5487 1849 5542 clerici
1922 5487 2128 5542 edendi

2235 453 2725 524 peregrinationis
2753 453 3087 507 necessitate
3115 455 3412 525 compulsi.

2622 542 2748 596 CAP.
2793 541 3006 596 CXXXI.
3048 573 3116 580 —
3159 543 3237 596 De
3268 543 3448 596 eadem
3471 560 3543 597 re.

2307 631 2421 697 (Ea:
2464 631 2652 685 concil.
2688 631 3026 697 Laodicensi,
3068 646 3186 700 cap.
3225 632 3338 699 24.)
3383 631 3534 696 Quod
3579 649 3682 688 non
3726 653 3870 707 opor-

2232 725 2314 773 tet
2354 735 2514 772 sacro
2565 717 2837 788 mysterio
2877 718 3101 772 deditos
3153 735 3187 771 a
3236 719 3569 790 presbyteris
3613 738 3772 794 usque
3816 728 3871 780 ad

2233 807 2522 872 diaconos,
2579 811 2636 860 et
2682 807 2971 876 reliquum
3025 807 3464 861 ecclesiasticum
3518 811 3774 876 ordinem,
3825 815 3868 868 id

2233 901 2317 950 est
2365 911 2544 961 usque
2588 895 2660 948 ad
2709 894 3108 958 subdiaconos,
3142 897 3405 959 lectores,
3440 902 3703 967 cantores,
3731 917 3868 954 exor-

2233 985 2396 1038 cistas
2453 988 2509 1038 et
2561 983 2839 1043 ostiarios,
2890 987 2946 1038 et
2994 1000 3057 1038 ex
3102 1000 3342 1039 numero
3391 987 3779 1042 continentium
3825 996 3867 1042 et

2233 1072 2649 1126 monachorum
2682 1071 2908 1142 ingredi
2936 1072 3215 1128 tabernas.

2235 1178 2362 1234 CAP.
2407 1179 2642 1234 CXXXII.
2683 1206 2752 1217 —
2802 1179 2868 1233 Ut
2913 1179 3000 1231 illi
3036 1178 3232 1248 quibus
3261 1193 3456 1232 urcores
3485 1179 3667 1235 ducere
3700 1183 3868 1236 licitum

2570 1265 2677 1303 non
2704 1253 2802 1313 est,
2831 1250 3062 1303 aliorum
3084 1252 3309 1318 nuptias
3339 1250 3588 1304 devitent.

2307 1339 2417 1409 (Em
2442 1340 2601 1407 epist.
2634 1339 2825 1392 Leonis
2870 1353 3046 1406 papae,
3098 1353 3219 1407 cap.
3275 1337 3386 1406 19.)
3435 1338 3642 1402 Quibus
3688 1341 3867 1395 licentia

2233 1443 2441 1481 uxores
2485 1427 2730 1480 ducendi
2772 1441 2888 1480 non
2933 1431 3039 1486 est,
3074 1427 3393 1480 alienarum
3435 1428 3746 1498 nuptiarum
3779 1431 3868 1482 evi-

2234 1518 2359 1569 teut
2386 1515 2661 1568 convivia.

2235 1603 2364 1659 CAP.
2408 1604 2668 1658 CXXXIII.
2719 1633 2788 1642 —
2838 1603 2990 1668 Quod
3039 1619 3144 1658 non
3191 1607 3438 1672 oporteat
3483 1606 3540 1658 in
3578 1604 3761 1672 bigami
3793 1622 3867 1659 nu-

2650 1676 2784 1743 ptiis
2813 1674 3083 1743 prandere
3114 1675 3513 1744 presbyterum.

2309 1765 2417 1834 (Ea:
2469 1764 2654 1817 concil.
2715 1764 2971 1830 Neocae,
3029 1778 3148 1831 cap.
3207 1763 3289 1831 7.)
3351 1762 3788 1833 Presbyterorum
3828 1767 3867 1818 in

2235 1852 2454 1922 nuptiis
2476 1851 2688 1921 bigami
2709 1851 2989 1922 prandere
3011 1867 3128 1905 non
3145 1852 3435 1916 convenit,
3452 1851 3584 1922 quia
3601 1869 3719 1906 cum
3738 1855 3869 1923 pce-ni-

2235 1942 2416 1994 tentia
2438 1940 2702 2010 bigamus
2726 1945 2909 2009 egeat,
2937 1940 3064 2010 quis
3091 1940 3200 1993 erit
3219 1941 3522 2010 presbyter
3549 1943 3662 2011 qui,
3689 1949 3868 2012 propter

2235 2027 2581 2091 convivium,
2599 2025 2807 2079 talibus
2829 2025 3047 2094 nuptiis
3067 2026 3246 2096 possit
3270 2027 3529 2096 praebere
3553 2031 3868 2082 consensum?

2590 2113 2718 2168 CAP.
2761 2113 3018 2167 CXXXIV.
3061 2143 3127 2153 —
3161 2112 3244 2167 De
3285 2114 3473 2168 eadem
3501 2132 3576 2170 re.

2308 2204 2416 2274 (Eas
2467 2203 2626 2257 dictis
2672 2203 2933 2269 August.)
2987 2202 3333 2273 Presbyteri,
3395 2204 3638 2270 diaconi,
3691 2205 3865 2260 subdia-

2235 2293 2384 2359 coni,
2420 2291 2507 2344 vel
2556 2291 2826 2361 deinceps
2870 2290 3079 2361 quibus
3129 2291 3382 2345 ducendi
3438 2309 3638 2347 uxores
3681 2311 3778 2348 non
3811 2301 3870 2348 est

2235 2381 2482 2445 licitum,
2523 2379 2699 2434 etiam
2750 2378 3068 2433 alienarum
3118 2380 3455 2450 nuptiarum
3493 2381 3694 2436 evitent
3725 2383 3870 2436 convi-

2236 2470 2345 2537 via,
2389 2485 2576 2539 neque
2622 2468 2710 2521 his
2749 2467 2986 2521 coetibus
3019 2467 3470 2536 admisceantur,
3513 2470 3606 2524 ubi
3651 2472 3876 2524 amatoria

2237 2563 2542 2612 cantantur
2582 2562 2642 2612 et
2688 2557 2900 2626 turpia,
2952 2562 3052 2610 aut
3087 2557 3342 2611 obscceni
3391 2563 3580 2610 motus
3623 2573 3875 2628 corporum

2237 2647 2424 2701 choris
2452 2651 2507 2700 et
2553 2645 2952 2700 saltationibus
3001 2644 3342 2710 efferuntur,
3375 2661 3448 2700 ne
3488 2645 3704 2700 auditus
3729 2651 3776 2699 et
3801 2647 3877 2699 ob-

2236 2739 2395 2789 tutus
2442 2733 2612 2788 sacris
2653 2733 2937 2804 mysteriis
2976 2733 3300 2804 deputatus,
3343 2734 3600 2803 turpium
3637 2739 3877 2804 spectacu-

2236 2822 2428 2876 lorum
2460 2827 2634 2893 atque
2667 2821 2969 2876 verborum
2999 2821 3345 2892 contagione
3376 2823 3676 2892 polluatur.

2614 2910 2744 2966 CAP.
2787 2911 3014 2966 CXXXV.
3055 2938 3129 2951 —
3157 2913 3229 2965 De
3256 2911 3449 2965 eadem
3478 2927 3553 2965 re.

2307 3001 2416 3066 (Ea:
2455 2999 2651 3053 decret.
2698 3001 2931 3054 Martini
2965 3015 3146 3069 papae,
3179 3015 3300 3068 cap.
3361 3000 3436 3069 l.)
3482 3001 3604 3054 Non
3642 2999 3786 3054 liceat
3812 3015 3878 3052 sa-

2236 3088 2558 3143 cerdotibus
2590 3088 2678 3142 vel
2727 3088 2943 3142 clericis
2985 3088 3178 3159 aliqua
3222 3089 3551 3158 spectacula
3595 3089 3652 3142 in
3706 3087 3878 3158 nuptiis

2234 3177 2324 3230 vel
2370 3175 2643 3230 conviviis
2680 3180 2952 3246 spectare,
2987 3175 3084 3229 sed
3126 3181 3356 3246 Oportet
3394 3181 3694 3248 antequam
3729 3176 3874 3246 ingre.

2237 3265 2470 3318 diantur
2497 3264 2620 3334 ipsa
2644 3265 2963 3334 spectacula
2997 3279 3229 3334 surgere
3260 3268 3319 3317 et
3348 3264 3538 3319 redire
3568 3265 3706 3319 inde.

2236 3353 2362 3407 CAP.
2405 3353 2662 3408 CXXXVI.
2705 3383 2775 3392 —
2821 3354 2887 3406 Ut
2927 3353 3107 3406 nullus
3144 3354 3371 3407 clericus
3402 3356 3463 3406 in
3511 3355 3681 3407 aliena
3707 3354 3878 3406 civitate

2456 3425 2794 3492 suscipiatur
2821 3426 2938 3478 sine
2957 3424 3412 3479 commendatitiis
3441 3426 3690 3494 epistolis.

2194 3521 2201 3527 '
2307 3511 2426 3582 (Ea:
2453 3528 2652 3566 canone
2697 3511 3011 3582 apostolor.)
3061 3512 3130 3566 Ut
3160 3511 3210 3565 si
3250 3512 3384 3582 quis
3422 3513 3652 3567 clericus
3691 3517 3777 3566 aut
3808 3510 3878 3564 lai-

2234 3616 2333 3655 cus
2390 3601 2459 3655 ad
2516 3601 2757 3657 alteram
2805 3605 3079 3671 properat
3133 3600 3456 3668 civitatem,
3517 3607 3573 3656 et
3627 3601 3879 3670 suscipitur

2236 3693 2443 3758 praeter
2482 3688 2978 3744 commendatitias
3021 3688 3311 3759 epistolas,
3362 3695 3421 3744 et
3461 3691 3559 3761 qui
3596 3688 3874 3760 susceperit,

2235 3784 2292 3833 et
2315 3778 2416 3849 qui
2446 3784 2741 3848 susceptus
2768 3781 2873 3845 est,
2897 3778 3309 3832 communione
3335 3777 3611 3848 privetur.

2582 3867 2711 3921 CAP.
2755 3867 3040 3921 CXXXVII.
3083 3897 3150 3906 —
3175 3869 3254 3922 De
3292 3867 3482 3922 eadem
3513 3884 3587 3922 re.

2308 3957 2418 4026 (Ea:
2463 3956 2652 4009 concil.
2703 3954 3006 4020 Antioch,
3042 3971 3162 4023 cap.
3212 3956 3322 4023 27.)
3390 3956 3542 4011 Nulli
3599 3953 3875 4027 peregrino-

2235 4059 2363 4098 rum
2410 4043 2532 4097 sine
2576 4043 2843 4113 paciticis,
2880 4043 2937 4097 id
2982 4047 3068 4098 est
3097 4045 3589 4100 commendatitiis
3619 4042 3875 4114 suscipiam

2235 4135 2329 4185 tur
2351 4131 2627 4202 epistolis.

2151 4210 2196 4264 D
2237 4219 2365 4274 CAP.
2408 4220 2714 4274 CXXXVIII.
2758 4249 2825 4260 —-
2866 4221 2938 4273 De
2992 4221 3198 4275 clericis
3238 4222 3524 4289 fugitivis,
3564 4237 3626 4276 ne
3684 4220 3744 4274 ab
3781 4217 3877 4271 aliis

2900 4293 3256 4360 recipiantur.

2307 4379 2426 4447 (Ea:
2468 4379 2654 4433 concil.
2693 4378 3002 4444 Aureliam,
3035 4394 3156 4449 cap.
3208 4381 3289 4449 2.)
3340 4381 3404 4434 In
3448 4380 3682 4435 concilio
3718 4376 3876 4432 Antio-

2235 4467 2415 4521 cheno
2447 4467 2615 4520 simul
2645 4471 2704 4520 et
2749 4465 2809 4520 in
2848 4467 3294 4522 Chalcedonensi
3324 4469 3658 4540 praecipitur
3685 4471 3738 4520 ut
3762 4462 3878 4533 fugi-

2234 4556 2336 4610 tivi
2362 4555 2551 4609 clerici
2582 4557 2639 4609 et
2665 4554 2956 4625 peregrini
2981 4571 3014 4610 a
3045 4557 3200 4611 nullo
3234 4557 3608 4628 recipiantur,
3641 4572 3733 4611 nec
3757 4551 3881 4607 ordi-

2236 4648 2467 4709 nentur,
2498 4643 2607 4696 nisi
2649 4659 2778 4698 cum
2819 4644 3301 4700 commendatitiis
3344 4646 3572 4714 litteris,
3603 4650 3655 4699 et
3683 4642 3757 4697 sui
3785 4638 3878 4710 epi-

2237 4730 2394 4802 scopi
2422 4731 2510 4784 vel
2537 4730 2758 4784 abbatis
2787 4731 3036 4786 licentia.

2238 4819 2366 4874 CAP.
2409 4819 2661 4874 CXXXIX.
2706 4848 2768 4858 —
2846 4821 2912 4873 Ut
2974 4821 3250 4888 peregrini
3311 4821 3500 4874 clerici
3570 4823 3677 4875 sine
3723 4814 3882 4871 litteris

2635 4891 2723 4944 sui
2751 4891 2989 4960 episcOpi
3025 4906 3131 4944 non
3168 4893 3531 4960 recipiantur.

2311 4978 2421 5046 (Ea:
2450 4978 2639 5032 concil.
2691 4978 2964 5046 Chalced,
2996 4993 3118 5046 cap.
3176 4977 3279 5048 l3.)
3329 4977 3667 5050 Peregrinos
3692 4973 3883 5029 clericos

2239 5069 2298 5119 et
2375 5067 2638 5134 lectores,
2692 5066 2752 5119 in
2806 5065 2919 5120 alia
2985 5065 3233 5132 civitate,
3287 5073 3500 5136 praeter
3566 5059 3882 5120 commenda-

2239 5154 2393 5208 titias
2438 5154 2654 5208 litteras
2699 5154 2788 5208 sui
2831 5154 3105 5225 episcopi,
3156 5170 3445 5226 nusquam
3486 5155 3704 5226 penitus
3745 5147 3882 5205 mini-

2239 5248 2416 5296 strare
2445 5242 2673 5298 debere.
3081 5253 3097 5257 ’“

2240 5330 2367 5384 CAP.
2411 5330 2553 5386 CXL.
2588 5361 2656 5370 ——
2690 5334 2757 5386 Ut
2785 5332 2968 5386 clerici
2986 5334 3044 5385 in
3069 5332 3250 5386 aliena
3281 5333 3503 5386 civitate
3523 5347 3625 5386 non
3653 5328 3879 5384 maneant,

2433 5403 2545 5456 nisi
2572 5405 2851 5472 episcopus
2880 5404 2982 5457 loci
3008 5417 3178 5457 mores
3207 5418 3389 5458 eorum
3415 5402 3722 5473 prazvideat.

2312 5490 2430 5556 (Ea:
2459 5492 2647 5546 concil.
2683 5491 2967 5560 Carthag.,
2993 5507 3112 5563 cap.
3157 5493 3268 5558 35.)
3301 5491 3371 5546 Ut
3415 5490 3605 5546 clerici
3645 5489 3700 5543 in
3732 5484 3880 5540 aliena
