4022 6190
67 291 117 339 iii
129 296 157 336 tl

1016 293 1495 353 DECRETORUM
1540 302 1725 358 LIBRI
1767 305 1874 361 XX.
1917 337 1985 345 —
2027 308 2241 363 LIBER
2280 308 2672 368 SECUNDUS.

3497 328 3599 381 650

64 414 277 465 civitate
334 429 456 465 non
502 412 911 480 immorentur,
950 416 1063 470 nisi
1110 434 1306 474 causas
1341 437 1546 476 eorum
1590 423 1777 492 justas
1807 431 1855 482 A
1892 429 2317 500 ingrediuntur,
2365 432 2556 501 turpia
2615 433 2773 488 lucra
2822 442 3132 507 sectantur,
3182 446 3239 496 et
3287 443 3601 501 diversissi-

68 502 361 572 episcopns
410 502 520 554 Loci
574 502 655 555 vel
709 501 1029 572 presbyteri
1088 507 1341 562 locorum
1397 510 1780 581 perviderint.

66 592 176 644 Cie.
235 590 418 644 CXLI.
462 621 569 668 “7-
619 593 689 668 _De
762 591 975 668 clericis
1029 599 1079 668 et
1132 599 1429 665 monachis,
1511 602 1612 668 qui
1664 603 1783 655 sine

456 662 652 715 litteris
686 664 930 730 episcopi
963 667 1055 716 sui
1086 673 1379 733 vagantur.

127 751 231 817 (Eas
261 750 451 803 eodem
498 750 710 816 concil,
760 764 882 818 cap.
919 750 1036 821 36.)
1090 753 1318 807 Clericis
1349 757 1435 809 vel
1482 758 1780 812 monachis

70 839 173 891 sine
232 837 730 891 commendatitiis
782 838 1043 908 epistolis
1102 842 1355 913 episcopi
1405 844 1494 897 sui
1545 845 1779 902 licentia

70 943 163 979 non
194 932 397 997 pateat
424 927 725 996 evagandi.

456 1017 588 1070 CAP.
622 1017 830 1070 CXLII.
864 1046 935 1054 ——
971 1018 1051 1070 De
1081 1019 1269 1073 eadem
1298 1037 1374 1075 re.

126 1106 237 1165 (Em
294 1105 479 1158 eodem
532 1106 719 1159 concil.
783 1121 904 1174 cap.
977 1108 1084 1175 37.)
1143 1109 1377 1162 Clericis
1428 1110 1549 1164 sine
1617 1128 1776 1166 com-

70 1193 412 1246 mendatitiis
465 1194 727 1263 epistolis
771 1194 1025 1264 episcopi
1051 1194 1138 1248 sui
1172 1196 1404 1252 licentia
1435 1216 1551 1253 non
1584 1206 1777 1269 pateat

68 1282 355 1351 evagandi,
406 1282 467 1333 in
516 1281 817 1335 monachis
865 1298 1093 1353 quoque
1135 1287 1441 1353 praesentis
1472 1290 1773 1343 sententiae

68 1372 239 1422 forma
266 1372 547 1423 servetur.

66 1460 172 1511 cip.
234 1457 462 1509 CXLIII.
519 1488 588 1496 —
623 1459 691 1512 Ut
733 1426 1073 1526 pauperibus
1112 1465 1162 1513 et
1193 1462 1567 1529 indigentibus
1612 1469 1775 1521 auxi-

118 1530 209 1590 lio,
266 1543 434 1595 quum
484 1530 935 1596 proﬁciscuntur,
980 1530 1235 1600 paciﬁcis
1285 1535 1486 1587 litteris
1532 1538 1605 1588 sit
1649 1539 1775 1590 sub-

116 1598 462 1650 veniendum.

118 1688 223 1749 (Ea:
255 1687 445 1739 concil.
484 1686 766 1753 Chalced.,
818 1704 938 1755 cap.
978 1688 1088 1759 Il.)
1139 1690 1352 1744 Omnes
1395 1708 1681 1764 pauperes
1711 1702 1768 1750 et

61 1773 374 1842 indigentes
418 1773 653 1839 auxilio,
707 1790 837 1827 cum
882 1778 1355 1846 proﬁciscuntur,
1405 1782 1510 1835 sub
1558 1785 1769 1851 proba-

61 1864 225 1929 tione,
280 1861 537 1929 epistolis
596 1861 684 1913 vel
744 1863 1146 1918 ecclesiasticis
1203 1867 1456 1936 pacificis
1506 1874 1768 1925 tantum-

62 1951 217 2003 modo
248 1949 647 2002 commendari
689 1949 1070 2019 decrevimus,
1106 1961 1161 2008 et
1195 1971 1311 2008 non
1354 1961 1765 2013 commendati-

60 2038 138 2091 tiis
169 2037 397 2105 litteris,
446 2043 754 2107 propterea
804 2040 952 2107 quod
998 2045 1502 2098 commendatitias
1550 2048 1766 2102 litteras

62 2126 517 2180 honoratioribus
564 2128 965 2181 tantummodo
1008 2131 1282 2200 praestari
1324 2134 1585 2202 personis
1625 2152 1766 2190 con-

66 2218 258 2269 veniat.

66 2306 172 2358 CAP.
234 2303 453 2357 CXLIV.
486 2334 554 2341 —
612 2304 678 2357 Ut
731 2303 818 2356 illi
835 2304 1048 2379 _clerici
1098 2309 1197 2374 qui
1255 2311 1311 2361 in
1358 2310 1502 2362 alias
1546 2315 1764 2379 provin-

118 2379 227 2429 cias
252 2390 376 2429 suos
404 2378 708 2441 sequuntur
728 2376 979 2442 seniores,
1025 2380 1146 2431 sine
1164 2380 1409 2444 formata
1446 2376 1765 2438 ministrare

120 2463 220 2499 non
246 2448 608 2514 permittitur.

119 2535 225 2601 (Ea:
259 2536 474 2599 concil.,
510 2532 794 2599 Meldmsi,
842 2549 962 2603 cap.
997 2533 1077 2604 2.)
1123 2535 1230 2598 Qui
1264 2552 1395 2590 cum
1440 2540 1762 2595 senioribus

59 2623 164 2675 suis
198 2623 267 2676 de
299 2623 426 2675 aliis
470 2622 788 2692 provinciis
820 2621 879 2674 in
908 2622 1078 2676 aliam
1113 2624 1465 2693 provinciam
1499 2629 1759 2699 veniunt,

59 2712 170 2765 sine
222 2712 474 2765 formata
531 2710 863 2763 ministrare
921 2727 1034 2763 non
1085 2714 1533 2783 permittantur;
1585 2733 1757 2787 quam

59 2800 152 2851 etsi
200 2799 502 2851 attulerint
550 2804 609 2851 et
654 2798 982 2852 ministrare
1030 2799 1225 2853 idonei
1266 2801 1483 2856 inventi
1520 2804 1756 2874 fuerint,

58 2887 407 2939 instruantur
461 2902 636 2956 quam
688 2886 959 2955 religiose
1009 2893 1181 2957 atque
1230 2889 1483 2944 studiose
1532 2909 1753 2946 sacrum

1893 519 2003 572 mis
2064 519 2249 572 modis
2308 521 2499 573 usuris
2567 520 2913 593 inserviunt,
2974 532 3030 580 et
3098 530 3344 586 aliorum
3402 534 3601 590 domos

1894 606 2197 661 inhoneste
2248 614 2304 661 et
2351 608 2640 679 impudice
2692 613 3082 685 frequentant,
3133 625 3187 673 et
3229 625 3602 679 comessatio-

1892 696 2064 749 nibus
2109 701 2166 748 et
2214 696 2585 751 ebrietatibus
2634 701 2919 757 deservire
2966 722 3082 759 non
3131 709 3496 780 erubescunt,
3544 719 3602 768 et

1893 800 1996 854 per
2027 784 2280 837 diversos
2330 791 2965 846 mercatus-indiscrete
3000 794 3347 866 discurrunt,
3399 802 3599 856 obser-

1892 873 2149 926 vandum
2199 873 2584 942 judicavimus
2647 884 2712 932 ut
2762 881 2831 934 ab
2888 882 3019 935 hinc
3080 884 3332 941 districte
3392 892 3597 945 severi-

1891 964 2095 1029 terque
2127 968 2479 1031 corceantur,
2506 981 2577 1018 ne
2599 982 2704 1036 per
2733 984 2931 1022 eorum
2966 971 3224 1026 illicitam
3252 982 3308 1029 et
3332 976 3599 1033 indecen-

1890 1054 2009 1102 tem
2061 1048 2373 1117 actionem,
2407 1058 2462 1106 et
2490 1054 2873 1112 ministerium
2906 1061 3253 1116 sacerdotale
3304 1066 3598 1137 vitupere-

1889 1140 2002 1203 tur,
2037 1143 2094 1190 et
2146 1139 2355 1208 quibus
2408 1141 2724 1197 debuerant
2772 1162 2893 1199 esse
2942 1147 3003 1201 in
3052 1153 3378 1222 exemplum
3418 1156 3591 1211 deve-

1890 1224 2054 1277 niant
2083 1225 2146 1277 in
2176 1228 2530 1283 scandalum.

1890 1312 2018 1366 CAP.
2111 1314 2387 1369 CXLVIII.
2470 1317 2621 1373 Nulli
2704 1322 3048 1384 clericorum,
3125 1341 3187 1379 ne
3264 1328 3590 1385 subdiacono

2150 1386 2365 1452 quidem
2395 1390 2715 1443 connubium
2748 1395 2968 1446 carnale
3005 1397 3330 1450 conceditur.

1960 1466 2072 1537 (Ea:
2102 1472 2261 1538 epist.
2320 1475 2504 1527 Leonis
2532 1491 2713 1543 papae,
2762 1494 2881 1545 cap.
2935 1481 3013 1545 4.)
3046 1482 3180 1534 Nam
3224 1499 3403 1552 quum
3434 1492 3591 1540 extra

1886 1554 2228 1611 clericorum
2262 1560 2521 1613 ordinem
2565 1564 2908 1629 constitutis,
2941 1568 3276 1636 nuptiarum
3308 1572 3586 1637 societati,

1883 1647 1939 1696 et
1985 1647 2378 1713 procreationi
2440 1649 2691 1701 Iiliorum
2742 1652 2969 1705 studere
3017 1654 3088 1707 sit
3135 1656 3379 1712 liberum
3430 1661 3587 1714 arbi-

1800 1711 1842 1765 B
1882 1711 2080 1797 trium,
2123 1735 2191 1786 ad
2245 1736 2625 1790 exhibendam
2675 1742 2869 1793 tamen
2913 1743 3179 1811 perfecta:
3221 1711 3587 1803 continentia;

1880 1820 2214 1889 puritatem,
2302 1841 2406 1877 nec
2477 1826 2843 1882 subdiaconis
2914 1832 3148 1900 quidem
3231 1837 3585 1891 connubium

1881 1911 2106 1963 carnale
2155 1912 2508 1980 conceditur,
2559 1919 2619 1967 ut
2648 1920 2703 1967 et
2753 1917 2853 1986 qui
2899 1918 3132 1987 habent,
3166 1922 3280 1977 sint
3309 1928 3582 1996 tanquam

1877 2011 1995 2048 non
2032 1997 2332 2065 habentes,
2383 2006 2437 2053 et
2468 2000 2568 2071 qui
2619 2019 2728 2055 non
2760 2004 2992 2072 habent,
3042 2018 3420 2078 permaneant
3464 2014 3581 2068 sin-

1876 2085 2133 2152 gulares.
2191 2086 2358 2149 Quod
2392 2088 2437 2140 si
2472 2089 2531 2141 in
2581 2090 2688 2143 hoc
2732 2092 2953 2159 ordine,
3004 2096 3104 2165 qui
3155 2106 3393 2167 quartus
3440 2108 3583 2156 esta

1876 2172 2082 2240 capite,
2119 2172 2363 2243 dignum
2397 2181 2478 2228 est
2508 2179 2803 2248 custodiri,
2836 2189 3052 2250 quanto
3089 2186 3271 2255 magis
3302 2188 3359 2239 in
3389 2188 3579 2257 primo

1873 2264 1972 2313 aut
2027 2263 2281 2315 secundo
2336 2263 2570 2318 tertiove
2624 2269 2967 2323 servandum
3016 2276 3119 2337 est,
3171 2289 3243 2326 ne
3292 2280 3390 2327 aut
3439 2275 3583 2330 levi-

1875 2347 1985 2400 tico
2036 2354 2139 2402 aut
2186 2352 2567 2420 presbyterali
2615 2354 2855 2424 honore,
2902 2363 3001 2411 aut
3050 2361 3360 2431 episcopali
3395 2366 3577 2419 excel-

1871 2436 2049 2489 lentia
2106 2439 2418 2509 quisquam
2474 2441 2715 2497 idoneus
2772 2447 3091 2501 aestimetur
3140 2450 3238 2520 qui
3296 2468 3354 2506 se
3402 2470 3433 2505 a
3479 2470 3574 2507 vo-

1871 2524 2086 2593 luptate
2120 2528 2329 2580 uxoria
2359 2530 2599 2584 necdum
2633 2533 2883 2588 frenasse
2913 2536 3200 2606 detegitur
3220 2538 3247 2592 ?

1872 2615 1998 2665 CAP.
2029 2612 2250 2667 CXLIX.
2288 2646 2355 2653 —
2376 2619 2461 2690 De
2488 2621 2829 2688 principibus
2860 2626 2956 2690 qui
2985 2626 3153 2677 solent
3182 2641 3306 2681 suos
3329 2630 3574 2684 sacerdo-

2194 2690 2271 2738 tes
2308 2688 2624 2743 ministeriis
2645 2688 2944 2759 judicandi
2969 2694 3247 2765 deputare.

1938 2771 2054 2838 (Em
2108 2774 2304 2827 concil.
2367 2777 2638 2847 Toletano,
2692 2795 2814 2849 cap.
2874 2782 2986 2852 3t.)
3040 2783 3198 2854 Saepe
3255 2786 3567 2858 principes,

1868 2862 2069 2911 contra
2123 2862 2418 2929 quoslibet
2468 2867 2779 2936 maiestatis
2839 2869 3133 2938 obnoxios,
3185 2875 3570 2930 sacerdotibus

60 2974 434 3027 ministerium
478 2946 831 3043 'peragant,“
872 2978 929 3027 et
980 2973 1041 3026 in
1087 2946 1304 3044 ‘quibus
1376 2978 1515 3032 locis
1583 2997 1753 3051 agere
1789 2979 1828 3033 ε
1865 2946 2099 3051 n‘egoti‘a
2142 2964 2247 3047 sua
2284 2953 2784 3051 ncommittunt._Et
2813 2957 2949 3051 quia
2997 2961 3375 3051 sacerdotesa
3406 2964 3568 3017 Chri-

60 3062 311 3115 debeant.

60 3150 175 3203 CAP.
209 3149 403 3225 CXLV.
456 3177 529 3188 —
566 3149 722 3225 Quod
770 3150 960 3202 clerico
1008 3163 1115 3202 non
1143 3151 1319 3225 liceat
1366 3154 1574 3210 alienas
1622 3172 1750 3225 pos-

116 3222 373 3273 sessiones
448 3220 762 3285 conducere,
821 3225 917 3273 aut
993 3222 1342 3276 saecularibus
1397 3240 1452 3279 se
1519 3220 1751 3295 negotiis

120 3306 434 3343 immiscere.

118 3379 235 3445 (Ea:
264 3379 453 3432 concil.
505 3377 778 3441 Chalced.,
829 3393 946 3446 cap.
986 3377 1061 3447 3.)
1100 3379 1362 3435 Pervenit
1393 3385 1462 3438 ad
1495 3390 1749 3440 sanctam

51 3467 327 3535 synodum
358 3465 514 3535 quod
548 3465 805 3535 quidam,
836 3465 936 3535 qui
977 3466 1035 3518 in
1078 3466 1230 3519 clero
1263 3469 1532 3527 videntur
1561 3473 1746 3541 electi,

50 3560 285 3623 propter
332 3554 488 3606 lucra
518 3553 712 3623 turpia
759 3553 1126 3606 conductores
1165 3555 1485 3615 alienarum
1530 3577 1752 3631 posses-

50 3642 273 3695 sionum
334 3640 494 3703 ﬁant,
557 3646 612 3693 et
665 3641 955 3694 saecularia
1012 3643 1244 3711 negotia
1292 3648 1399 3700 sub
1458 3666 1595 3702 cura
1648 3665 1750 3702 sua

51 3731 355 3800 suscipiant
386 3749 402 3783 :
442 3730 538 3783 Dei
566 3729 798 3799 quidem
830 3730 1210 3783 ministerium
1245 3736 1748 3806 parvipendeutes,

50 3818 391 3870 secularium
424 3833 556 3870 vero
604 3817 987 3870 discurrentes
1018 3834 1122 3886 per
1171 3819 1391 3889 domos,
1421 3831 1476 3879 et
1516 3830 1751 3895 propter

51 3902 343 3955 avaritiam
395 3901 878 3971 patrimoniorum
933 3901 1380 3959 sollicitudinem
1435 3915 1745 3963 sumentes.

50 3990 309 4044 Decrevit
338 3990 529 4061 itaque
563 3995 820 4042 sanctum
849 3990 1175 4057 concilium,
1210 3993 1435 4050 nullum
1457 3998 1745 4067 deinceps,

49 4094 165 4131 non
214 4077 569 4148 episcopum,
605 4093 724 4130 non
761 4077 1053 4137 clericum,
1086 4094 1201 4131 non
1245 4086 1616 4150 monachum,
1652 4092 1748 4138 aut

50 4166 434 4236 possessiones
493 4164 850 4231 conducere,
911 4176 1009 4218 aut
1066 4167 1313 4235 negotiis
1376 4174 1746 4227 sercularibus

1865 3038 1950 3086 sto
2000 3035 2068 3088 ad
2100 3036 2487 3095 ministerium
2538 3044 2739 3097 salutis
2785 3046 2948 3100 electi
3000 3053 3151 3114 sunt,
3201 3049 3282 3103 ibi
3320 3067 3567 3106 consen-

1861 3122 2006 3174 tiant
2057 3126 2289 3193 regibus
2318 3128 2446 3182 ﬁeri
2484 3131 2703 3199 judices
2745 3133 2843 3187 ubi
2869 3134 3249 3204 jurejurando
3297 3140 3566 3208 supplicii

1860 3208 2227 3280 indulgentia
2259 3217 2635 3285 promittitur,
2668 3236 2785 3273 non
2818 3222 2917 3275 ubi
2947 3222 3293 3277 discriminis
3337 3231 3562 3281 senten-

1859 3297 1937 3351 tia
1967 3308 2344 3369 praeparatur.
2381 3304 2436 3359 Si
2468 3306 2595 3375 quis
2626 3308 2799 3361 etiam
2832 3312 3191 3365 sacerdotum
3227 3319 3428 3367 contra
3456 3315 3566 3369 hoc

1858 3402 2167 3441 commune
2215 3395 2545 3446 consultum
2601 3395 2888 3449 discussor
2934 3398 2993 3451 in
3041 3400 3243 3452 alienis
3291 3402 3562 3470 periculis

1858 3474 2155 3542 exstiterit,
2192 3478 2264 3531 sit
2305 3496 2436 3532 reus
2480 3481 2645 3534 eIIusi
2695 3486 2994 3553 sanguinis
3044 3487 3195 3555 apud
3247 3489 3557 3557 Christum,

1858 3566 1913 3613 et
1945 3564 2095 3630 apud
2128 3565 2431 3619 Ecclesiam
2458 3570 2662 3637 perdat
2687 3573 2986 3641 proprium
3023 3574 3285 3641 gradum.

1858 3667 1985 3721 CAP.
2021 3668 2121 3721 CL.
2158 3673 2327 3748 _—_De
2356 3673 2466 3748 illis
2510 3674 2621 3748 qui
2638 3674 2750 3726 Deo
2790 3680 2991 3729 servire
3024 3677 3338 3748 disponunt,
3372 3686 3432 3733 ut
3461 3681 3559 3734 ad-

2103 3742 2558 3794 ministrationem
2584 3742 2864 3798 domorum
2893 3763 2998 3799 non
3028 3742 3305 3801 accedant.

1928 3824 2033 3893 (Ea:
2064 3827 2251 3879 concil.
2291 3828 2605 3893 Cari/iugi,
2648 3845 2765 3897 cap.
2801 3832 2880 3901 7.)
2919 3833 3170 3885 Nicasius
3199 3834 3559 3891 Evastitanus

1862 3913 2167 3982 Episcopus
2202 3914 2345 3967 dixit
2381 3932 2393 3968 ε
2430 3917 2608 3971 Credo
2638 3917 2864 3985 placere
2908 3921 3333 3990 suggestionem
3369 3940 3558 3979 meam

1854 4001 2141 4054 sanctitati
2168 4008 2390 4068 vestrae,
2432 4009 2488 4057 et
2533 4005 2834 4073 displicere
2882 4008 3039 4061 vobis
3072 4010 3263 4078 utqui
3302 4013 3557 4067 serviunt

1858 4090 1997 4154 Deo,
2032 4095 2088 4142 et
2117 4091 2320 4143 annexi
2352 4098 2481 4146 sunt
2529 4093 2702 4156 clero,
2735 4096 3013 4150 accedant
3051 4098 3118 4150 ad
3153 4102 3329 4168 actus,
3364 4106 3420 4154 et
3451 4103 3556 4156 ad-

1855 4177 2336 4233 ministrationem
2369 4182 2453 4233 vel
2490 4183 2954 4250 procurationem
2985 4185 3311 4242 domorum.

52 4268 105 4305 se
140 4254 397 4317 miscere,
443 4258 654 4324 praeter
684 4252 1192 4307 ecclesiasticarum
1241 4271 1435 4313 rerum
1468 4261 1744 4314 sollicitu-
1774 4256 1817 4307 Ι)
1859 4268 1985 4319 CAP.
2020 4266 2145 4319 CLI.
2191 4296 2263 4308 —
2311 4270 2446 4321 Item
2484 4273 2534 4321 si
2565 4271 2723 4323 liceat
2774 4275 3014 4339 aliquem
3066 4290 3132 4328 ea:
3180 4277 3321 4331 clero
3350 4279 3551 4333 condu-

55 4342 264 4395 dinem.

50 4430 175 4483 CAP.
211 4431 429 4485 CXLVI.
464 4460 533 4468 —
568 4432 634 4484 Ut
660 4430 844 4484 nullus
867 4431 1036 4484 laicus
1058 4432 1438 4501 presbyterum
1462 4453 1617 4491 suum
1646 4439 1745 4491 vil-

447 4502 693 4554 licationi
716 4502 999 4569 implicare
1026 4510 1341 4569 praesumat.

120 4589 226 4657 (Ea:
271 4590 463 4643 concil.
513 4588 794 4653 Meldensi,
843 4604 964 4657 cap.
1010 4589 1089 4658 6.)
1122 4591 1257 4645 Item
1300 4594 1620 4662 jubendum
1661 4601 1746 4650 est

46 4682 108 4729 ut
138 4693 307 4731 nemo
357 4677 632 4730 laicorum
681 4676 1043 4747 presbyteros
1086 4679 1458 4736 Ecclesiarum
1510 4700 1743 4739 suarum

44 4768 199 4835 turpi
226 4763 585 4831 villicationi,
618 4768 673 4816 et
698 4765 1015 4818 secundum
1046 4768 1369 4834 apostolum
1402 4772 1658 4825 saeculari
1688 4777 1744 4826 et

42 4854 360 4908 inhonestae
393 4852 761 4921 negotiationi
794 4852 1110 4922 implicare,
1145 4870 1249 4909 nec
1273 4873 1463 4911 secum
1497 4860 1741 4916 aliorum

43 4948 238 4996 contra
266 4941 669 4995 auctoritatem
708 4946 1020 5008 praesumat
1063 4942 1291 5010 ducere,
1339 4963 1452 5017 quo
1485 4948 1742 5004 ministe-

41 5032 191 5083 rium
222 5031 331 5083 sibi
382 5027 751 5082 commissum
802 5034 1080 5098 cogantur
1123 5033 1434 5102 negligere.
1486 5036 1648 5099 Quod
1696 5039 1743 5092 si

44 5118 162 5171 haec
194 5117 503 5171 interdicta
534 5116 985 5185 praesumpserit,
1020 5120 1561 5175 excommunicetur.

46 5208 171 5260 CAP.
205 5206 457 5261 CXLVII.
513 5208 586 5257 De
614 5206 723 5258 illis
770 5205 1099 5272 presbyteris
1151 5211 1247 5273 qui
1300 5215 1487 5263 contra
1532 5216 1743 5265 statuta

108 5293 380 5331 canonum
434 5276 606 5328 villici
661 5279 819 5343 ﬁunt,
876 5281 925 5327 et
978 5277 1108 5329 aliis
1164 5277 1273 5329 sibi
1321 5294 1427 5331 non
1484 5285 1741 5336 concessis

108 5350 472 5416 implicantur
508 5348 762 5412 negociis,
793 5347 1056 5414 viciisque
1084 5362 1191 5401 non
1222 5348 1595 5404 admittendis.

110 5437 221 5505 (Eae
251 5432 465 5501 eodem,
504 5448 623 5501 cap.
674 5432 750 5503 5.)
798 5431 1073 5488 Similiter
1118 5435 1186 5488 de
1237 5434 1348 5488 illis
1393 5438 1741 5509 presbyteris

53 5524 144 5594 qui
194 5524 398 5578 contra
447 5524 656 5574 statuta
707 5534 992 5576 canonum
1037 5520 1211 5577 villici
1253 5522 1420 5594 ﬁunt,
1475 5525 1741 5584 tabernas

402 5629 676 5695 PATROL.
728 5627 901 5695 CXL.

2337 4344 2531 4393 ctorem
2562 4344 2906 4408 privatorum
2933 4347 3054 4411 ﬁeri

1926 4422 2035 4493 (Ezc
2092 4425 2293 4493 eodem,
2352 4442 2470 4496 cap.
2536 4429 2644 4494 14.)
2704 4431 2845 4483 Item
2903 4432 3111 4500 placuit
3158 4439 3221 4487 ut
3271 4435 3547 4509 episcopi,

1854 4512 2171 4581 presbyteri
2221 4519 2275 4567 et
2304 4515 2527 4569 diaconi
2573 4518 2659 4570 vel
2693 4519 2882 4572 clerici
2927 4536 3041 4574 non
3089 4521 3201 4575 sint
3242 4525 3550 4581 conducto-

1857 4615 1945 4652 res
1982 4605 2081 4653 aut
2124 4609 2517 4669 procuratores
2567 4608 2941 4674 privatorum,
2996 4623 3180 4678 neque
3229 4612 3346 4665 ullo
3392 4616 3550 4685 turpi

1854 4688 1940 4740 vel
1974 4686 2280 4743 inhonesto
2310 4692 2541 4761 negotio
2575 4694 2785 4746 victum
2818 4700 3098 4763 quierant,
3133 4698 3269 4767 quia
3296 4702 3549 4769 respice-

1854 4790 1916 4829 re
1946 4776 2154 4831 debent
2184 4779 2456 4849 scriptum
2485 4796 2605 4834 esse
2641 4798 2653 4833 :
2689 4782 2866 4835 Nemo
2901 4783 3151 4838 militans
3181 4787 3315 4856 Deo,
3348 4788 3547 4859 impli-

1855 4869 1945 4917 cat
1973 4880 2031 4917 se
2058 4867 2301 4935 negotiis
2332 4868 2719 4922 saacularibus.

1854 4951 1981 5026 CAP.
2016 4952 2170 5026 CLII.
2202 4984 2270 4991 ——
2308 4956 2374 5007 Ut
2415 4957 2465 5008 si
2494 4957 2721 5022 quilibet
2751 4960 3037 5014 ordinatus
3079 4962 3234 5026 infra
3258 4978 3438 5018 muros
3470 4967 3545 5018 ci-

1924 5025 2110 5075 vitatis
2166 5039 2407 5099 manens,
2484 5027 2583 5099 ad,
2612 5032 2936 5097 sacrificium
3004 5025 3383 5099 quotidianum
3440 5050 3547 5089 non

1922 5096 2147 5160 venerit,
2177 5092 2402 5148 clericus
2434 5112 2535 5149 non
2564 5092 2853 5155 habeatur.

1921 5182 2029 5245 (Ea:
2061 5183 2249 5235 concil.
2306 5184 2574 5251 Toletano,
2626 5202 2747 5256 cap.
2801 5190 2876 5259 ὅ.)
2926 5190 3246 5259 Presbyter,
3294 5192 3383 5245 vel
3423 5193 3544 5248 dia-

1852 5283 2052 5337 conus,
2087 5269 2171 5321 vel
2218 5270 2622 5340 subdiaconus,
2658 5276 2743 5329 vel
2790 5278 3031 5346 quilibet
3063 5278 3321 5333 Ecclesiae
3365 5280 3543 5351 depu-

1851 5360 2000 5409 tatus
2044 5356 2299 5424 clericus,
2336 5358 2384 5411 si
2426 5360 2573 5414 intra
2622 5362 2910 5417 civitatem
2960 5365 3153 5433 fuerit,
3201 5368 3287 5420 vel
3335 5368 3546 5424 inloco

1850 5443 1910 5497 in
1938 5460 2053 5515 quo
2101 5446 2339 5500 ecclesia
2367 5452 2471 5510 est,
2523 5454 2621 5503 aut
2652 5450 2710 5502 in
2741 5452 2987 5518 castello,
3042 5460 3140 5508 aut
3184 5454 3243 5509 in
3273 5456 3419 5523 vico,
3450 5463 3546 5512 aut

1852 5530 1912 5586 in
1943 5531 2098 5602 villa,
2132 5532 2175 5588 si
2223 5534 2293 5589 ad
2326 5535 2622 5591 ecclesiam
2653 5537 2723 5592 ad
2754 5538 3095 5596 sacriﬁcium
3142 5544 3546 5614 quotidianum

3146 5656 3234 5725 21
