4022 6190
500 231 595 283 651
1582 223 1990 279 BURCHARDI
2031 222 2564 279 WORMACIENSIS
2602 221 2920 279 EPISCOPI
3807 239 3886 291 652

501 368 620 407 non
677 349 916 414 venerit,
976 348 1215 402 clericus
1266 364 1387 402 non
1441 348 1738 416 habeatur,
1794 349 1841 402 si
1893 348 2200 418 castigatus
2235 352 2283 404 A
2311 350 2632 422 specialiter
2659 354 2971 404 statuentes
3014 355 3098 417 ut,
3130 356 3336 420 praeter
3363 353 3457 408 Dei
3483 358 3767 426 sacerdotes,
3792 366 3889 417 nul-

507 457 624 495 non
655 436 758 511 [se]
797 437 1202 492 emendaverit.

935 527 1064 581 CAP.
1099 525 1455 580 CLIII.—De
1481 524 1665 579 eadem
1691 541 1767 579 re.

573 615 680 686 (Ea:
729 617 919 669 concil.
973 617 1237 677 Venetico,
1291 629 1412 682 cap.
1468 612 1542 681 1.)
1598 613 1844 667 Clericus
1897 614 1997 684 qui
2048 614 2199 667 intra

501 720 700 758 muros
747 703 988 757 civitatis
1033 706 1247 768 manet,
1291 707 1348 756 et
1399 718 1464 756 ea
1497 701 1587 756 die
1638 702 1932 756 matutinis
1970 702 2198 773 hymnis

503 793 625 847 sine
671 792 1013 862 aegritudine
1062 790 1325 857 defuerit,
1369 794 1588 860 septem
1627 790 1747 844 dies
1775 806 1810 843 a
1837 791 2197 844 communio-

502 898 576 936 ne
602 881 883 934 habeatur
917 883 1238 933 extraneus.

505 988 632 1042 CAP.
669 986 842 1041 CLIV.
897 1016 966 1023 —
1000 984 1152 1051 Quod
1193 999 1370 1038 omnes
1398 985 1700 1039 sacerdotes
1743 987 1958 1040 Domini
1995 989 2201 1054 oportet

647 1058 847 1124 doceri,
879 1061 938 1109 ut
960 1061 1172 1109 caeteros
1200 1058 1498 1122 instruant,
1532 1062 1586 1109 et
1615 1058 1720 1109 sibi
1745 1059 2055 1125 proﬁciant.

576 1146 687 1215 (Em
741 1147 897 1214 epist.
965 1145 1219 1198 Anacleti
1267 1159 1425 1212 papae
1477 1144 1720 1198 omnibus
1780 1146 1949 1213 ﬁdeli.
2009 1146 2196 1211 missa,

504 1249 624 1302 cap.
682 1234 792 1299 10.)
843 1233 1044 1286 Doceri
1099 1247 1236 1302 ergo
1292 1248 1492 1285 omnes
1543 1237 1771 1302 oportet
1824 1233 1923 1304 qui
1970 1231 2202 1286 Domini

505 1321 822 1375 sacerdotio
879 1320 1223 1390 funguntur,
1287 1324 1349 1372 ut
1406 1326 1461 1373 et
1519 1326 1753 1374 caeteros
1809 1321 2099 1375 instruant
2148 1327 2205 1374 et

506 1410 617 1463 sibi
665 1409 987 1480 proﬁciant.
1039 1409 1326 1478 Scriptum
1375 1413 1459 1460 est
1506 1408 1658 1462 enim
1691 1425 1704 1462 :
1733 1409 1839 1472 Qui
1889 1409 2039 1462 docti
2078 1409 2200 1462 fue-

505 1499 642 1563 rint,
676 1497 979 1567 fulgebunt
1009 1497 1172 1566 quasi
1203 1497 1842 1565 splendorﬁrmamenti
1876 1514 1889 1551 :
1915 1503 1971 1551 et
2003 1498 2102 1568 qui
2133 1498 2203 1552 ad

501 1586 786 1655 justitiam
833 1585 1104 1639 erudiunt
1133 1585 1364 1648 multos,
1404 1585 1567 1654 quasi
1598 1587 1775 1639 stellae
1804 1585 1864 1638 in
1899 1590 2204 1656 perpetuas

510 1673 879 1726 aeternitates.
931 1674 996 1726 Et
1043 1672 1224 1726 alibi:
1262 1675 1511 1743 Populus
1558 1679 1748 1727 autem
1794 1675 1976 1727 sciens
2025 1676 2205 1728 Deum

510 1777 678 1814 suum
731 1760 1009 1814 obtinebit
1056 1766 1113 1813 et
1159 1761 1345 1828 faciet,
1397 1767 1451 1813 et
1479 1761 1630 1815 docti
1678 1762 1738 1814 in
1784 1763 1999 1832 populo
2039 1763 2206 1816 doce-

509 1850 654 1903 bunt
703 1848 935 1903 multos.
975 1849 1099 1917 Ipsa
1139 1848 1293 1900 enim
1324 1849 1529 1901 veritas
1571 1865 1676 1918 per
1707 1866 1764 1902 se
1813 1850 2004 1915 infert,
2037 1855 2093 1904 et
2119 1851 2206 1904 di-

510 1937 628 1990 cit:
663 1938 865 1989 Beatus
900 1941 988 1988 est
1035 1936 1135 2005 qui
1187 1952 1300 1988 non
1333 1936 1504 1990 fuerit
1533 1937 1946 1991 scandalizatus
1997 1939 2054 1991 in
2090 1955 2202 1992 me.

507 2027 608 2079 Ille
639 2025 837 2096 procul
870 2024 1044 2078 dubio
1065 2029 1148 2077 est
1179 2024 1589 2077 scandalizatus
1615 2026 1674 2078 in
1708 2027 1906 2091 Deum,
1931 2027 2030 2097 qui
2055 2033 2204 2081 recte

507 2131 625 2168 non
671 2113 852 2180 docet,
907 2117 964 2166 et
1015 2112 1114 2182 qui
1167 2112 1288 2181 ejus
1335 2112 1680 2166 scandalizat
1726 2113 2057 2184 episcopum
2118 2115 2206 2168 vel

509 2202 880 2255 sacerdotem.

510 2309 639 2361 CAP.
674 2307 823 2360 CLV.
861 2335 922 2344 —
963 2308 1028 2359 Ut
1075 2306 1282 2370 singuli
1304 2306 1611 2374 presbyteri
1639 2307 1868 2373 singulis
1920 2310 2080 2360 annis
2107 2322 2206 2361 suo

675 2380 920 2445 episcopo
942 2377 1006 2429 de
1033 2379 1340 2429 ministerio
1367 2392 1461 2429 suo
1491 2379 1756 2430 rationem
1782 2377 2036 2431 reddant.

584 2469 688 2532 (Ea:
719 2466 906 2518 concil.
957 2466 1173 2532 Mogun.
1212 2479 1247 2516 a
1289 2465 1497 2530 Ricolfo
1530 2465 1770 2532 ejusdem
1819 2466 1960 2520 sedis
1993 2467 2203 2520 archie-

505 2557 729 2624 piscopo
760 2553 962 2618 habito,
996 2569 1116 2620 cap.
1155 2552 1230 2621 3.)
1261 2553 1326 2606 Ut
1355 2553 1748 2623 unusquisque
1777 2555 2076 2625 presbyter
2103 2571 2207 2624 per

512 2642 770 2712 singulos
798 2657 976 2694 annos
1020 2641 1288 2710 episcopo
1319 2657 1421 2694 suo
1453 2637 1736 2694 rationem
1783 2642 2084 2696 ministerii
2117 2642 2206 2695 sui

508 2731 732 2794 reddat,
783 2734 900 2782 tam
952 2730 1022 2784 de
1064 2729 1177 2783 ﬁde
1227 2729 1523 2797 catholica,
1574 2745 1744 2799 quam
1786 2731 1855 2784 de
1898 2730 2204 2801 baptismo,

509 2823 682 2888 atque
712 2817 781 2870 de
815 2819 973 2870 omni
1008 2817 1210 2870 ordine
1243 2817 1545 2871 ministerii
1580 2818 1687 2871 sui.

2306 441 2396 494 lus
2427 439 2636 493 audeat
2664 439 2979 509 praedicare
3027 455 3123 493 seu
3155 442 3475 511 monachus,
3507 444 3610 498 sive
3635 445 3716 500 ille
3741 449 3886 515 laicus,

2307 527 2409 597 qui
2440 527 2751 598 cujuslibet
2783 527 3034 581 scientiae
3065 528 3298 582 nomine
3327 530 3596 599 glorietur.

2307 633 2434 687 CAP.
2474 633 2646 688 CLIX.
2679 663 2745 672 —
2796 635 2861 687 Ut
2885 633 3228 708 parochiarii
3264 635 3437 688 clerici
3472 637 3533 688 ab
3556 640 3776 708 episcopis
3811 647 3890 698 suis

2911 719 3133 758 canones
3165 705 3394 758 discant.

2377 794 2487 858 (Ea:
2516 792 2707 846 concil.
2737 793 2992 846 Aurelia.
3035 808 3179 861 cap.,
3211 793 3284 859 6.)
3330 794 3395 847 Ut
3422 795 3727 864 parochiarii
3756 800 3888 854 clerici

2307 895 2341 932 a
2380 879 2751 950 pontificibus
2803 881 2920 934 suis
2951 880 3269 933 necessaria
3313 881 3418 935 sibi
3453 887 3646 937 statuta
3681 902 3886 943 canonum

2307 968 2552 1038 legenda
2593 968 2935 1038 percipiant,
2966 984 3039 1022 ne
3083 968 3167 1021 rei
3199 968 3310 1038 ipsi
3350 970 3431 1022 vel
3463 972 3646 1040 populi
3688 989 3790 1042 qua
3823 993 3888 1044 per

2308 1056 2551 1109 salutem
2583 1071 2784 1109 eorum
2815 1055 3040 1109 decreta
3068 1061 3220 1121 sunt,
3253 1061 3514 1111 excusent
3541 1074 3595 1112 se
3617 1063 3887 1128 postmodum

2308 1143 2626 1214 ignorasse.

2312 1249 2439 1303 CAP.
2488 1248 2632 1304 CLX.
2687 1280 2754 1288 ——
2801 1249 2952 1315 Quod
2995 1249 3136 1332 nulli
3181 1250 3508 1305 sacerdotum
3560 1267 3750 1307 canones
3784 1253 3889 1309 liccat

3019 1336 3292 1387 ignorare.

2385 1407 2496 1474 (Ea:
2535 1409 2692 1476 epist.
2745 1409 2930 1463 Celest.
2977 1423 3153 1476 papae,
3187 1425 3306 1478 cap.
3357 1410 3467 1478 20.)
3513 1410 3887 1465 Celestinusuni-

2313 1496 2490 1549 versis
2533 1495 2815 1565 episcopis
2862 1512 2967 1564 per
3008 1496 3273 1566 Apuliam
3323 1502 3379 1550 et
3427 1497 3710 1551 Calabriam
3748 1503 3889 1552 consli-

2315 1584 2473 1638 tutis.
2525 1585 2676 1638 Nulli
2724 1584 3006 1637 sacerdoti
3053 1601 3186 1637 suos
3232 1586 3398 1638 liceat
3438 1601 3661 1640 canones
3687 1586 3888 1656 ignorare,

2317 1689 2420 1727 nec
2475 1673 2789 1743 quidquam
2840 1673 3022 1726 facere
3088 1675 3243 1743 quod
3293 1675 3520 1728 Patrum
3564 1675 3717 1745 possit
3752 1678 3889 1745 regulis

2319 1761 2567 1815 obviare.
2602 1761 2740 1824 Quae
2786 1762 2940 1814 enim
2968 1777 3001 1813 a
3031 1761 3194 1814 nobis
3243 1778 3336 1814 res
3369 1762 3538 1832 digna
3579 1763 3839 1830 servabitur,
3859 1764 3887 1815 si

2316 1848 2686 1904 decretalium
2719 1864 2923 1902 norma
2969 1850 3405 1904 constitutorum
3448 1867 3548 1918 pro
3583 1852 3832 1921 aliquorum
3854 1853 3890 1904 lio

2314 1937 2458 2004 bitu,
2495 1936 2719 1990 licentia
2748 1936 2976 2006 populis
3006 1938 3302 2008 permissa,
3339 1940 3662 2010 frangatur?

2317 2043 2444 2096 CAP.
2507 2042 2677 2096 CLXI.
2747 2074 2815 2080 —
2872 2044 2955 2096 De
3017 2045 3352 2111 presbyteris
3418 2046 3772 2114 parochialibus
3816 2062 3888 2098 cum

2546 2116 2882 2166 convenerint
2912 2119 2972 2167 ut
3000 2129 3054 2167 se
3082 2115 3355 2168 inebriare
3388 2132 3491 2170 non
3517 2117 3738 2169 audeant.

2388 2200 2495 2270 (Ea:
2529 2202 2724 2256 concil.
2774 2203 3022 2256 Namnet.
3059 2218 3180 2270 cap.
3235 2205 3342 2266 10.)
3378 2205 3445 2258 Ut
3473 2205 3651 2258 nullus
3688 2205 3890 2274 presbyteo

2315 2304 2532 2355 rorum,
2592 2289 2824 2358 quando
2875 2290 2941 2343 ad
2994 2290 3456 2346 anniversarium
3509 2293 3666 2358 diem,
3704 2295 3796 2346 XXX
3831 2299 3891 2342 aut

2317 2378 2412 2430 VII
2442 2379 2527 2430 vel
2561 2378 2661 2444 III,
2715 2378 2952 2447 alicujus
3001 2378 3272 2446 defuncti,
3323 2386 3424 2434 aut
3465 2397 3759 2451 quacunque
3788 2397 3892 2432 voca-

2315 2465 2474 2518 tione
2522 2465 2590 2518 ad
2627 2464 2921 2518 collectam
2972 2466 3290 2537 presbyteri
3343 2469 3704 2531 convenerint,
3741 2485 3783 2520 se
3820 2469 3891 2519 ine-

2314 2553 2504 2608 briare
2534 2554 2862 2607 nullatenus
2908 2560 3239 2623 praesumat,
3281 2572 3390 2609 nec
3438 2563 3716 2627 praesumat
3752 2557 3896 2626 precari

2317 2641 2377 2694 in
2421 2656 2617 2694 amore
2669 2647 2991 2694 sanctorum
3038 2643 3126 2695 vel
3176 2642 3359 2713 ipsius
3403 2644 3600 2697 animae
3633 2643 3806 2707 bibere,
3839 2648 3897 2693 aut

2317 2730 2460 2783 alios
2505 2730 2574 2784 ad
2612 2729 2923 2784 bibendum
2970 2747 3192 2801 cogere,
3240 2733 3328 2785 vel
3364 2751 3420 2786 se
3451 2732 3624 2787 aliena
3665 2732 3897 2802 precatione

2317 2817 2692 2888 ingurgitare,
2744 2834 2848 2871 nec
2890 2819 3128 2888 plausus
3176 2827 3230 2872 et
3261 2820 3414 2874 risus
3459 2820 3754 2886 inconditos,
3793 2818 3898 2870 etfa-

509 2926 638 2980 ου.
677 2924 853 2978 CLVI.
895 2953 964 2963 _
998 2926 1063 2977 Ut
1101 2925 1273 2978 omnis
1301 2925 1582 2993 presbyter
1625 2925 1733 2979 sibi
1757 2925 1999 2980 subditos
2046 2927 2206 2994 ﬁdem
2238 2905 2278 2960 C
2318 2906 2480 2958 bulas
2544 2905 2744 2959 inanes
2808 2905 2888 2959 ibi
2954 2907 3189 2972 referre,
3247 2914 3352 2961 aut
3399 2914 3614 2961 cantare
3661 2915 3894 2976 praesumat

1068 2994 1269 3048 discere
1294 2998 1648 3061 constringat.

583 3083 704 3152 (Ex
736 3083 922 3136 concil.
961 3085 1258 3149 Gangren.,
1288 3099 1407 3152 cap.
1442 3086 1519 3151 5.)
1554 3084 1908 3154 Symbolum,
1943 3086 2092 3154 quod
2123 3089 2208 3140 est

513 3171 870 3240 signaculum
917 3170 1074 3234 ﬁdei,
1123 3175 1178 3223 et
1223 3171 1543 3224 orationem
1592 3171 1950 3225 Dominicam
1991 3173 2205 3228 discere

511 3272 737 3326 semper
766 3256 1111 3309 admoneant
1142 3256 1456 3309 sacerdotes
1487 3257 1764 3326 populum
1797 3257 2202 3314 Christianum.

512 3345 898 3414 Volumusque
931 3348 993 3397 ut
1037 3343 1395 3413 disciplinam
1444 3343 1791 3414 condignam
1832 3345 2079 3400 habeant
2107 3348 2202 3418 qui

512 3433 634 3486 hmc
683 3431 898 3484 discere
944 3431 1266 3500 negliguut,
1301 3431 1416 3483 sive
1463 3431 1525 3483 in
1563 3431 1806 3500 jejunio,
1859 3432 1975 3486 sive
2005 3434 2064 3487 in
2096 3435 2204 3488 alia

511 3519 913 3589 castigatione.
984 3519 1292 3587 PrOpterea
1337 3519 1580 3588 dignum
1631 3524 1713 3573 est
1766 3525 1829 3574 ut
1874 3520 2025 3574 lilios
2073 3539 2206 3577 suos

511 3609 731 3662 donent
782 3608 850 3660 ad
887 3606 1158 3673 scholam,
1211 3607 1327 3660 sive
1375 3607 1444 3659 ad
1477 3607 1841 3670 monasteria,
1896 3608 2012 3662 sive
2058 3608 2206 3662 foras

509 3696 878 3767 presbyteris,
927 3701 991 3747 ut
1046 3695 1215 3748 fidem
1262 3693 1601 3748 catholicam
1658 3698 1809 3750 recte
1859 3695 2098 3763 discant,
2150 3703 2208 3751 et

510 3785 840 3839 Orationem
894 3783 1266 3848 dominicam,
1321 3787 1382 3836 ut
1425 3782 1580 3836 domi
1630 3782 1769 3836 alios
1818 3784 2055 3839 edocere
2103 3802 2207 3837 va-

507 3875 681 3927 leant.
725 3873 832 3935 Qui
862 3888 994 3925 vero
1025 3871 1190 3924 aliter
1220 3887 1336 3924 non
1367 3871 1637 3941 potuerit,
1670 3871 1757 3926 vel
1787 3871 1848 3925 iu
1879 3889 1978 3926 sua
2008 3873 2207 3942 lingua

507 3963 615 4016 hoc
648 3961 842 4014 discat.

510 4068 638 4121 CAP.
691 4066 892 4120 CLVII.
936 4095 1004 4102 -—
1043 4065 1265 4132 Qualem
1310 4064 1693 4131 professionem
1732 4064 2069 4134 presbyteros
2110 4072 2206 4120 aut

581 4139 832 4191 diaconos
880 4151 975 4188 suo
1019 4137 1261 4202 episcopo
1305 4139 1548 4201 oporteat
1590 4137 1791 4202 facere,
1845 4137 2061 4206 quando
2104 4153 2204 4205 per

575 4208 868 4276 parochias
895 4208 1317 4258 constituuntur.

580 4313 688 4381 (Ea:
717 4313 904 4365 concil.
943 4311 1142 4363 Toleta.
1189 4312 1241 4376 5,
1274 4326 1392 4379 cap.
1447 4311 1562 4380 27.)
1594 4311 1834 4376 Quando
1883 4313 2200 4384 presbyteri

508 4404 606 4452 aut
637 4397 856 4451 diaconi
887 4413 990 4468 per
1033 4397 1330 4467 parochias
1374 4399 1822 4467 constituuntur,
1854 4405 2080 4469 oportet
2107 4417 2203 4455 eos

506 4485 922 4556 professionem
968 4485 1237 4556 episcopo
1277 4501 1379 4539 suo
1424 4487 1630 4552 facere,
1664 4491 1731 4541 ut
1778 4493 1928 4541 caste
1958 4492 2014 4541 et
2059 4505 2201 4558 pure

503 4573 696 4628 vivant
719 4575 823 4628 sub
859 4573 958 4628 Dei
989 4573 1217 4642 timore,
1249 4579 1334 4640 ut,
1368 4575 1504 4628 dum
1533 4590 1629 4627 eos
1657 4575 1784 4629 tolis
1812 4575 2090 4645 professio
2119 4578 2200 4631 al-

503 4663 664 4733 ligat,
699 4663 830 4716 vitae
860 4665 1068 4716 sancta:
1098 4663 1457 4732 disciplinain
1493 4667 1792 4716 retineant.

504 4771 633 4824 CAP.
665 4769 894 4824 CLVIII.
924 4798 989 4807 —
1022 4769 1186 4821 Nulli
1214 4767 1470 4839 monacho
1494 4783 1599 4821 non
1619 4768 1906 4834 sacerdoti,
1941 4770 2023 4824 vel
2041 4771 2198 4839 laico,

719 4839 1112 4907 quantumlibet
1134 4841 1245 4892 sint
1273 4838 1495 4905 eruditi,
1522 4840 1642 4892 licet
1661 4839 1984 4908 praedicare.

577 4929 694 4997 (Ea:
723 4930 880 4998 epist.
933 4929 1116 4982 Leonis
1149 4928 1350 4997 papae.)
1383 4927 1459 4981 De
1489 4927 1579 4980 his
1609 4943 1740 4981 vero
1784 4944 1915 4999 quae
1944 4928 2004 4982 in
2048 4945 2200 5000 saepe

502 5019 654 5073 dicto
686 5016 928 5072 concilio
958 5015 1159 5069 illicita
1189 5021 1390 5068 contra
1419 5017 1771 5070 venerandos
1813 5017 2074 5071 Nicmnos
2101 5034 2201 5072 ca-

502 5122 686 5160 nones
714 5105 1168 5175 praesumptione
1213 5107 1430 5157 tentata
1460 5108 1610 5167 sunt,
1648 5105 1718 5159 ad
1759 5105 1995 5160 fratrem
2023 5110 2078 5160 et
2106 5121 2198 5161 co-

503 5194 837 5264 episcopum
909 5196 1172 5247 nostrum
1242 5192 1612 5246 Antiochenm
1684 5192 1834 5247 sedis
1894 5195 2198 5263 prmsulem

505 5280 838 5351 scripsimus
870 5297 884 5335 :
913 5281 1244 5350 adjicientes
1294 5284 1351 5334 et
1377 5279 1516 5334 illud
1551 5279 1708 5350 quod
1757 5281 1923 5336 nobis
1966 5286 2199 5351 propter

501 5369 933 5441 improbitatem
980 5368 1390 5423 monachorum
1458 5369 1840 5437 quorumdam
1903 5369 2198 5439 religionis

503 5464 703 5514 vestrae
734 5459 908 5515 verbo
941 5457 1258 5513 mandastis
1285 5472 1390 5528 per
1413 5456 1654 5512 vicarios
1701 5461 1950 5526 nostros,
1984 5462 2041 5512 et
2089 5457 2196 5513 hoc

2314 2995 2403 3048 vel
2450 2993 2642 3064 turpia
2701 2994 2851 3063 joca,
2917 2994 3003 3048 vel
3068 3011 3224 3059 urso,
3287 2997 3379 3050 vel
3438 2994 3896 3050 tornatricibusanle

2315 3099 2373 3136 se
2406 3082 2591 3135 facere
2617 3082 2931 3151 permittat,
2956 3098 3060 3136 nec
3088 3083 3271 3136 larvas
3303 3084 3636 3146 daemonum,
3661 3099 3774 3154 quas
3791 3082 3895 3146 vulgo

2313 3169 2666 3222 Talamascas
2731 3168 2948 3234 dicunt,
3017 3169 3097 3222 ibi
3158 3175 3289 3224 ante
3349 3187 3407 3224 se
3459 3171 3590 3226 ferri
3637 3169 3895 3224 consentiat;

2315 3258 2447 3328 quia
2486 3257 2594 3310 hoc
2639 3257 2985 3312 diabolicum
3016 3263 3120 3323 est,
3156 3264 3213 3312 et
3241 3274 3274 3312 a
3309 3261 3486 3314 sacris
3530 3258 3894 3326 canonibuspro—

2313 3345 2582 3399 hibitum.

2723 3434 2850 3489 CAP.
2886 3435 3081 3488 CLXII.
3115 3465 3184 3474 -—
3214 3437 3286 3489 De
3320 3436 3504 3490 eadem
3530 3452 3600 3490 re.

2386 3521 2493 3591 (Ea:
2523 3522 2721 3587 eodem,
2768 3538 2887 3592 cap.
2944 3523 3051 3593 tt.)
3103 3523 3346 3587 Quando
3398 3530 3585 3578 autem
3629 3518 3894 3577 convenerint

2313 3611 2629 3680 presbyteri
2656 3611 2724 3664 ad
2758 3611 2988 3682 aliquod
3019 3612 3369 3680 convivium,
3403 3614 3638 3668 decauus
3663 3616 3743 3665 aut
3766 3606 3893 3676 aliquis

2314 3699 2470 3768 prior
2511 3699 2763 3764 illorum,
2812 3716 3041 3754 versum
3075 3706 3206 3755 ante
3257 3718 3515 3756 mensam
3564 3700 3777 3770 incipiat,
3802 3693 3893 3749 etc}

2316 3787 2453 3841 bum
2498 3788 2814 3855 benedicat,
2850 3793 2904 3841 et
2949 3793 3086 3843 tunc
3117 3791 3434 3845 secundum
3463 3791 3702 3846 ordinem
3728 3787 3892 3845 sedeant,

2314 3875 2456 3929 alter
2497 3876 2661 3928 alteri
2704 3877 2983 3930 honorem
3027 3878 3369 3947 praebentes,
3418 3884 3473 3933 et
3508 3895 3606 3949 per
3634 3878 3755 3930 vices
3775 3874 3890 3926 cibum

2315 3969 2370 4016 et
2403 3968 2600 4033 potum
2654 3964 3016 4032 benedicant,
3069 3970 3125 4019 et
3155 3967 3365 4037 aliquis
3411 3968 3480 4022 de
3520 3968 3724 4021 illorum
3759 3958 3891 4016 clericis

2314 4051 2532 4122 aliquid
2581 4052 2649 4106 de
2681 4058 2875 4106 sancta
2922 4052 3214 4122 Scriptura
3264 4055 3441 4126 legat.
3473 4056 3540 4110 Et
3566 4059 3681 4125 post
3720 4047 3890 4105 refectio-

2316 4155 2450 4193 nem
2503 4139 2768 4194 similiter
2814 4145 3073 4194 sanctum
3128 4143 3413 4212 hymnum
3465 4144 3645 4197 dicant
3680 4140 3740 4195 ad
3775 4149 3894 4192 ciem-

2315 4228 2478 4298 plum
2521 4228 2768 4296 Domini,
2817 4229 2961 4283 sicut
2989 4229 3049 4284 in
3079 4246 3241 4284 caena
3268 4231 3470 4287 fecisse
3500 4232 3708 4303 legitur,
3733 4232 3776 4281 et
3797 4227 3894 4278 sicse

2316 4317 2644 4370 contineant
2691 4332 2890 4370 omnes
2921 4318 3257 4389 presbyteri,
3309 4322 3556 4375 maxime
3583 4321 3639 4375 in
3672 4316 3830 4373 talibus
3847 4311 3896 4363 l0-

2314 4404 2413 4471 cis,
2445 4409 2507 4459 ut
2541 4422 2654 4459 non
2680 4405 3039 4475 vituperetur
3069 4407 3455 4463 ministerium
3490 4410 3716 4463 illorum.

2695 4494 2822 4548 CAP.
2856 4494 3087 4550 CLXIII.
3125 4525 3194 4536 -—
3222 4497 3307 4550 De
3335 4499 3520 4553 eadem
3545 4513 3616 4553 re.

2385 4580 2492 4652 (Ea:
2540 4581 2738 4648 eodem,
2787 4595 2906 4650 cap.
2965 4583 3074 4652 t2.)
3113 4583 3494 4655 Summopere
3541 4585 3696 4639 etiam
3735 4579 3900 4651 quisque

2311 4671 2609 4740 presbyter
2657 4674 2868 4735 caveat,
2923 4669 3073 4724 sicut
3101 4671 3171 4725 de
3221 4677 3369 4727 statu
3415 4690 3514 4727 suo
3561 4673 3670 4725 vult
3708 4665 3900 4740 gaudere.

2313 4764 2376 4812 ut
2403 4775 2516 4812 non
2550 4773 2891 4829 quacunque
2921 4758 3215 4813 occasione
3245 4764 3467 4830 patrem
3499 4777 3656 4814 suum
3680 4762 3760 4812 aut
3784 4752 3899 4806 alium

2311 4847 2626 4916 quemlibet
2673 4847 2743 4901 ad
2791 4847 2931 4901 iram
2985 4851 3042 4902 et
3086 4848 3158 4903 ad
3203 4849 3404 4916 rixam,
3447 4855 3648 4921 quanto
3691 4844 3838 4900 minus
3860 4835 3900 4888 ad

2311 4949 2568 5004 pugnam
2597 4933 2685 4987 vel
2714 4933 2783 4988 ad
2808 4935 3022 4988 caedem
3055 4936 3250 5006 aliquo
3272 4937 3444 4991 verbo
3467 4938 3638 4991 irritet
3661 4950 3742 4988 seu
3766 4939 3902 5000 pro“?

2310 5026 2414 5086 cet,
2467 5037 2570 5075 nec
2607 5029 2947 5092 provocatus
2995 5024 3066 5078 ad
3099 5025 3208 5079 hoc
3239 5026 3485 5096 quisque
3526 5023 3754 5097 prosiliat
3778 5035 3789 5072 :
3812 5011 3899 5086 quia

2308 5108 2370 5162 in
2398 5109 2611 5163 talibus
2651 5110 3167 5166 comessationibus
3209 5118 3266 5167 et
3308 5113 3702 5184 potationibus,
3744 5113 3900 5171 semper

2309 5213 2368 5251 se
2398 5196 2683 5252 immiscet
2712 5197 2992 5252 diabolus.

2701 5285 2827 5338 CAP.
2865 5286 3086 5340 CLXIV.
3122 5317 3191 5327 -—
3226 5291 3291 5343 De
3318 5289 3500 5344 eadem
3528 5305 3597 5344 re.

2378 5373 2486 5443 (Ea:
2516 5373 2714 5439 eodem,
2746 5389 2866 5441 cap.
2899 5374 2977 5443 4.)
3026 5374 3265 5438 Quando
3296 5377 3607 5448 presbyteri
3648 5389 3736 5446 per
3760 5367 3892 5424 Kalen-

2307 5459 2406 5513 das
2448 5459 2619 5516 simul
2666 5461 3032 5532 conveniunt,
3065 5469 3197 5534 post
3241 5471 3536 5536 peractum
3569 5462 3790 5520 divinum
3811 5465 3895 5521 mi‘
