3976 6194
65 273 160 324 1ὶέἱ3

1010 279 1483 339 ΒΕΟΒΕΤΟΒΠΜ
1526 286 1713 343 LIBRI
1749 288 1857 343 XX.
1901 319 1969 328 —
1994 290 2223 347 LIBER
2263 293 2637 353 SECUNDUS.

3462 317 3566 370 654

64 395 298 449 sterium
346 402 403 450 et
449 399 830 453 necessariam
881 401 1268 470 collationem,
1325 422 1442 459 non
1488 408 1652 477 quasi
1692 409 1760 463 ad
1789 414 1836 465 A
1874 412 2120 467 ticantur
2146 415 2214 469 ad
2244 415 2480 485 bonum,
2513 424 2574 473 et
2608 419 2817 477 fabulae
2846 439 2964 480 non
2993 430 3327 485 necessariae
3369 434 3565 504 prohi-

64 481 277 504 _Ix____
331 485 698 504 _-D_Aaf,,_,,u
844 488 858 504 ι
1043 490 1051 499 ν
1154 492 1169 504 «ι
1373 494 1410 504 τι
1568 495 1639 504 ...
1743 498 1755 504 -
1872 501 1884 504 _

63 481 283 552 plenam
331 485 732 554 refectionem,
766 488 862 540 sed
893 490 1058 558 quasi
1102 492 1172 544 ad
1207 494 1518 561 prandium
1563 495 1645 550 ibi
1687 498 1759 551 ad

65 570 276 624 tabulas
322 573 635 640 resideant,
670 590 741 627 ne
769 591 874 645 per
903 576 1041 629 talia
1080 577 1385 634 inhonesta
1414 583 1673 637 convivia
1702 602 1759 638 se

60 660 299 712 invicem
319 668 558 730 gravent
582 679 594 714 :
618 662 753 732 quia
772 663 1039 718 indecens
1064 671 1147 719 est
1176 673 1572 724 etonerosum.
1597 672 1759 742 Saepe

63 748 229 800 etiam
262 750 427 803 tarde
462 750 532 803 ad
565 751 860 805 ecclesiam
896 754 1222 822 redeuntes,
1272 759 1455 828 majus
1484 759 1759 816 damnum

60 835 118 887 de
151 836 606 903 reprehensione
636 839 1010 908 conquirunt,
1044 846 1101 895 et
1130 843 1199 896 de
1224 845 1528 912 gravedine
1560 854 1761 901 mutua

59 923 428 991 contrahunt,
479 941 650 995 quam
685 926 907 980 lucrum
953 928 1036 982 ibi
1080 928 1314 985 faciunt.
1365 933 1504 987 Nam
1539 935 1607 989 de
1654 936 1761 990 hu-

54 1012 305 1079 jusmodi
361 1016 640 1067 conventu
700 1014 911 1068 Paulus
974 1016 1298 1073 Corinthios
1356 1023 1755 1091 reprehendit,

57 1102 148 1169 qui
206 1100 681 1154 inconvenienter
735 1118 953 1156 coenam
1008 1105 1354 1161 dominicam
1410 1112 1757 1165 manducare

58 1189 486 1243 conveniebant.
542 1189 633 1244 Sic
664 1195 722 1243 et
754 1191 851 1260 qui
898 1192 966 1245 ad
1000 1209 1222 1248 ccenam
1271 1195 1637 1264 dominicam,
1696 1200 1755 1253 id

57 1281 147 1343 est,
184 1277 260 1330 ad
292 1277 661 1331 collationem
692 1279 854 1333 verbi
902 1281 1006 1334 sub
1040 1282 1336 1337 occasione
1384 1288 1752 1353 conveniunt,

57 1370 99 1417 et
128 1382 202 1417 ex
241 1366 481 1419 veritate
512 1366 725 1420 ventris
762 1383 931 1421 causa
959 1370 1413 1439 conjunguntur,
1448 1375 1756 1444 reprehen-

55 1454 243 1507 sibiles
289 1471 479 1508 coram
515 1457 627 1509 Deo
658 1461 713 1509 et
759 1458 1093 1512 hominibus
1138 1461 1425 1515 habentur
1458 1480 1469 1515 :
1505 1467 1561 1517 et
1602 1464 1750 1529 ideo,

53 1543 297 1611 peractis
331 1543 615 1607 omnibus,
650 1543 749 1613 qui
784 1545 1047 1612 voluerit,
1078 1564 1286 1616 panem
1318 1564 1445 1602 cum
1478 1551 1751 1605 charitate

54 1632 100 1683 in
134 1631 317 1683 domo
364 1630 556 1683 fratris
587 1632 676 1684 sui
708 1632 877 1686 simul
922 1650 1054 1688 cum
1096 1635 1369 1690 fratribus
1402 1638 1648 1709 frangat,
1696 1644 1752 1693 et

56 1719 265 1789 singuli
296 1718 553 1787 singulos
595 1719 791 1772 bibere
821 1720 1048 1788 faciant,
1087 1723 1333 1777 maxime
1364 1729 1427 1778 ut
1456 1726 1607 1779 ultra
1635 1732 1747 1779 ter-

54 1808 185 1861 tiam
235 1806 417 1860 vicem
450 1806 721 1877 poculum
785 1825 901 1863 non
949 1811 1303 1882 contingant,
1339 1818 1393 1867 et
1441 1814 1518 1867 sic
1564 1816 1635 1870 ad
1666 1832 1753 1869 ec-

52 1895 244 1949 clesias
276 1895 536 1950 redeant.

55 1999 169 2053 CAP.
211 2000 404 2055 CLXV.
432 2031 518 2077 _—
549 2002 627 2056 Ne
670 2003 871 2077 clerici,
906 2018 999 2077 nec
1032 2019 1137 2058 non
1179 2007 1290 2058 viri
1330 2007 1594 2077 religiosi,
1628 2013 1752 2062 ante

425 2071 614 2125 horam
644 2075 865 2129 tertiam
897 2076 1081 2137 ineant
1109 2078 1378 2130 convivia.

113 2180 229 2243 (E1-
257 2178 445 2232 concil.
504 2179 788 2245 Carthag.,
823 2195 944 2248 cap.
985 2182 1089 2248 t2.)
1139 2181 1260 2235 Non
1311 2186 1538 2253 oportet
1584 2183 1751 2237 cleri-

53 2282 130 2319 cos
186 2267 277 2319 vel
336 2266 508 2319 laicos
570 2267 865 2336 religiosos
920 2272 1052 2321 ante
1101 2284 1315 2323 sacram
1376 2271 1579 2324 horam
1634 2271 1750 2325 diei

53 2355 279 2408 tertiam
337 2355 481 2408 inire
536 2354 817 2422 convivia,
892 2372 1077 2426 neque
1135 2357 1446 2428 aliquando
1513 2359 1749 2413 clericos

46 2444 149 2496 nisi
184 2444 409 2513 hymno
432 2443 581 2496 dicto
616 2444 784 2498 edere
814 2460 1046 2514 panem,
1080 2449 1136 2499 et
1158 2450 1284 2515 post
1315 2446 1506 2501 cibum
1536 2446 1747 2518 gratias

45 2532 267 2585 auctori
300 2532 413 2585 Deo
441 2532 677 2586 referre.

107 2640 246 2693 CAP.
286 2638 505 2693 CLXVI.
545 2669 614 2677 —
644 2640 726 2692 De
751 2639 1100 2708 presbyteris,
1140 2643 1199 2693 ut
1226 2641 1517 2709 hospitales
1546 2645 1673 2696 sint.

107 2746 227 2813 (Ea:
258 2745 450 2799 concil.
500 2746 759 2808 Nannet.,
812 2760 932 2813 cap.
967 2746 1045 2814 3.)
1092 2746 1161 2799 Ut
1192 2761 1389 2799 curam
1428 2748 1743 2817 hospitum,

38 2834 291 2886 maxime
321 2848 640 2903 pauperum
664 2838 836 2903 atque
863 2832 1163 2900 debilium,
1188 2834 1579 2905 orphanorum
1607 2853 1747 2906 quo-

39 2938 148 2991 que
202 2927 374 2991 atque
419 2921 857 2991 peregrinorum
905 2922 1112 2976 habeat
1158 2923 1473 2993 presbyter,
1522 2924 1739 2995 hosque

38 3011 105 3063 ad
166 3010 486 3080 prandium
545 3026 715 3063 suum
770 3010 1029 3080 quotidie
1077 3011 1242 3081 juxta
1298 3013 1742 3081 possibilitatem

44 3102 344 3167 convocet,
372 3099 567 3169 eisque
598 3098 911 3169 hospitium
940 3099 1173 3152 tribuat.

386 3205 514 3259 CAP.
546 3234 614 3245 —
646 3205 893 3260 CLXVII.
928 3236 993 3245 -—
1024 3208 1098 3259 De
1124 3205 1307 3259 eadem
1328 3222 1406 3260 re.

108 3293 224 3359 (Ea:
251 3292 455 3359 eodem,
487 3308 608 3362 cap.
637 3292 713 3363 5.)
746 3294 817 3347 Ut
842 3297 1035 3347 autem
1061 3295 1249 3347 omnis
1276 3295 1494 3349 occasio
1526 3282 1742 3367 rapinae

40 3383 309 3448 tollatur,
355 3382 622 3435 volumus
671 3387 733 3435 ut
764 3382 1101 3451 presbyteri,
1161 3384 1259 3453 qui
1291 3383 1511 3437 bonum
1553 3401 1741 3439 exem-

35 3472 204 3539 plum
236 3470 533 3523 charitatis
580 3469 849 3523 omnibus
880 3471 1182 3524 extendere
1213 3471 1441 3535 debent,
1480 3473 1743 3543 hospita-

34 3560 111 3611 les
144 3559 417 3624 existant,
464 3559 631 3627 juxta
669 3558 1024 3612 dominicum
1069 3564 1125 3611 et
1171 3560 1546 3629 apostolicum
1594 3578 1741 3630 prae-

33 3653 297 3718 ceptum,
342 3652 397 3700 et
444 3646 864 3701 humanitatem
913 3648 1174 3717 praebant
1217 3647 1327 3702 iter
1363 3647 1738 3717 facientibus;

30 3737 174 3805 quia
197 3751 307 3806 per
338 3735 781 3805 hospitalitatem
808 3736 1144 3806 placuerunt
1193 3736 1429 3806 quidam
1462 3738 1595 3802 Deo,
1632 3754 1739 3791 an-

32 3824 181 3891 gelis
216 3823 469 3892 hospitio
514 3823 773 3892 receptis.
822 3824 887 3877 Et
917 3823 1196 3876 Dominus
1225 3822 1288 3876 in
1317 3823 1408 3877 die
1432 3824 1631 3893 judicii
1662 3825 1741 3878 di-

30 3918 237 3965 cturus
270 3917 355 3964 est
397 3911 590 3965 electis
626 3927 637 3964 :
671 3913 883 3981 Hospes
914 3911 1017 3977 fui,
1072 3916 1127 3964 et
1155 3911 1481 3981 suscepistis
1530 3930 1640 3967 me.
1673 3914 1742 3968 Et

26 4000 136 4053 lob
170 4000 316 4054 dicit
344 4016 356 4053 :
390 4000 609 4055 Ostium
642 4016 836 4053 meum
869 4016 1096 4069 semper
1124 3999 1327 4053 viatori
1358 4000 1561 4070 patuit.

30 4105 167 4158 CAP.
208 4105 483 4160 CLXVIII.
536 4134 595 4144 —-
634 4107 701 4159 Ut
738 4105 1042 4177 presbyteri
1066 4105 1246 4173 plebes
1291 4121 1422 4160 suas
1464 4111 1524 4161 ut
1564 4106 1739 4177 hospi-

571 4177 704 4229 tales
735 4178 845 4229 sint
874 4176 1216 4230 admoneant.

100 4264 227 4333 (Ea:
255 4264 443 4317 concil.
494 4263 643 4332 apud
687 4262 1009 4332 Arvernas.)
1061 4263 1280 4316 Placuit
1311 4268 1373 4318 ut
1421 4265 1737 4335 presbyteri

26 4353 243 4421 plebes
291 4369 421 4405 suas
469 4352 820 4405 admoneant
878 4356 939 4405 ut
986 4350 1097 4421 ipsi
1143 4351 1455 4421 hospitales
1493 4354 1627 4421 sint,
1685 4358 1742 4409 et

28 4442 178 4493 nulli
218 4441 333 4494 iter
363 4441 592 4494 facienti
621 4439 981 4493 mansionem
1023 4439 1327 4510 denegent,
1360 4446 1415 4494 et
1458 4446 1521 4495 ut
1553 4442 1739 4495 omnis

24 4528 265 4582 occasio
298 4527 515 4597 rapinae
557 4528 811 4594 tollatur,
846 4527 990 4581 nihil
1039 4528 1225 4582 carius
1272 4529 1521 4583 vendant
1559 4534 1739 4583 trans-

24 4616 335 4681 euntibus,
380 4616 490 4668 nisi
541 4618 757 4686 quanto
804 4616 865 4669 in
911 4620 1160 4670 mercato
1202 4617 1449 4670 vendere
1492 4617 1734 4687 possint.

22 4706 203 4769 Quod
260 4705 309 4758 si
354 4704 540 4758 carius
584 4704 835 4758 vendere
885 4704 1191 4772 voluerint,
1225 4706 1296 4759 ad
1338 4705 1738 4776 presbyterum

22 4796 405 4848 transeuntes
453 4793 559 4846 hoc
588 4792 856 4861 referant,
891 4797 946 4846 et
987 4792 1142 4847 illius
1161 4793 1327 4863 jussu
1373 4809 1503 4848 cum
1533 4795 1737 4848 huma-

18 4885 217 4937 nitate
256 4881 333 4934 eis
361 4881 634 4935 vendant.

19 4990 154 5043 CAP.
217 4986 445 5042 CLXIX.
497 5015 565 5026 —
620 4988 686 5059 Ut
743 4986 877 5041 cibis
933 4986 1271 5042 sacerdotum
1326 5003 1533 5059 semper
1590 4991 1739 5045 lectio

630 5057 822 5111 divina
845 5059 1152 5112 misceatur.

87 5165 231 5233 (Ea:
285 5164 466 5217 concil.
520 5163 809 5229 Africano.
862 5179 983 5233 cap.
1018 5165 1095 5235 6.)
1144 5167 1254 5220 Pro
1284 5166 1607 5220 reverentia
1638 5167 1739 5220 Dei

16 5261 66 5309 et
103 5251 490 5307 sacerdotum
521 5251 581 5306 id
611 5251 875 5305 universa
904 5258 1097 5307 sancta
1126 5254 1374 5324 synodus
1405 5254 1622 5321 statuit,
1654 5259 1737 5322 ut,

18 5343 163 5414 quia
214 5340 409 5393 solent
445 5340 648 5394 crebro
694 5340 907 5395 mensis
952 5341 1147 5395 otiosae
1192 5342 1399 5396 fabulae
1428 5341 1736 5412 interponi,

18 5436 71 5488 in
135 5427 327 5486 omni
380 5429 715 5484 sacerdotali
779 5429 1035 5484 convivio
1091 5430 1260 5485 lectio
1315 5430 1741 5501 Scripturarum

20 5521 374 5575 tivinarum
419 5516 746 5572 misceatur.
778 5518 887 5572 Per
926 5517 1037 5573 hoc
1077 5517 1234 5574 enim
1263 5520 1319 5573 et
1348 5517 1559 5574 animae
1599 5518 1737 5574 aedi-

1871 501 2097 556 bentur.

1961 589 2090 644 CAP.
2128 591 2316 647 CLXX.
2346 621 2413 633 -—
2443 596 2517 648 De
2545 596 2750 652 clericis
2781 598 3133 670 intemperate
3154 608 3473 664 viventibus.

1943 678 2063 746 (Ea:
2094 682 2280 735 concil.
2317 684 2611 752 Carthag.,
2658 703 2776 755 cap.
2813 690 2924 759 62.)
2972 692 3173 747 Clerici
3215 696 3366 751 inter
3395 699 3565 768 epula

1870 771 2184 836 cantantes,
2212 770 2283 823 ab
2314 771 2498 826 officio
2530 774 2869 830 detrahendi
2900 785 3051 834 sunt.

2100 857 2227 912 CAP.
2266 858 2482 915 CLXXI.
2525 893 2585 901 —
2625 865 2706 917 De
2733 866 2940 921 clericis
2972 869 3319 927 scurrilibus.

1941 942 2052 1011 (Em
2082 946 2284 1015 eodem,
2313 964 2434 1017 cap.
2467 952 2580 1017 80.)
2610 952 2667 1006 Si
2699 954 2826 1023 quis
2856 956 3093 1011 clericus
3121 967 3219 1013 aut
3247 964 3561 1019 monachus

1867 1032 2038 1087 verba
2069 1034 2347 1102 scurrilia,
2392 1037 2691 1107 jocularia,
2727 1041 3020 1114 risumque
3050 1050 3338 1103 moventia
3366 1052 3562 1123 loqui-

1866 1126 1980 1187 tur,
2010 1124 2284 1177 acerrime
2316 1126 2676 1196 corripiatur.
3366 1136 3375 1147 “

2244 1211 2373 1265 CAP.
2409 1214 2657 1270 CLXXII.
2688 1246 2759 1256 —
2788 1222 2862 1273 De
2889 1222 3074 1276 eadem
3100 1239 3177 1278 re.

1936 1295 2044 1365 (Ex
2089 1297 2288 1365 eodem,
2339 1316 2461 1369 cap.
2512 1303 2623 1372 60.)
2674 1304 2916 1360 Clericos
2964 1310 3229 1366 scurriles
3272 1319 3327 1368 et
3373 1316 3559 1371 verbis

1863 1385 2126 1455 turpibus
2150 1387 2497 1456 joculatores
2526 1391 2598 1444 ab
2628 1392 2815 1446 ofﬁcio
2847 1396 3250 1455 detrahendos.

1970 1474 2098 1528 CAP.
2134 1475 2403 1532 CLXXIII.
2434 1510 2501 1517 —
2534 1481 2601 1533 Ut
2627 1482 2848 1536 clericus
2877 1484 3191 1553 ﬁdeijussor
3218 1505 3323 1543 non
3355 1497 3446 1547 sit.

1932 1562 2041 1630 (Ea
2076 1563 2275 1628 eodem,
2325 1581 2445 1633 cap.
2498 1569 2611 1635 70.)
2661 1569 2909 1633 Clericus
2954 1573 3438 1644 ﬁdeijussionibus
3467 1580 3556 1635 in-

1791 1690 1832 1743 B
1863 1650 2135 1718 serviens,
2168 1652 2490 1720 abjiciatur.

1932 1738 2062 1793 CAP.
2104 1739 2370 1795 CLXXIV.
2403 1771 2473 1784 —
2510 1745 2577 1798 Ut
2602 1745 2824 1801 clericus
2853 1748 3078 1804 barbam
3106 1766 3213 1806 non
3251 1758 3482 1811 nutriat.

1930 1828 2038 1896 (Ea:
2070 1828 2268 1896 eodem,
2317 1845 2437 1899 cap.
2482 1832 2595 1899 44.)
2630 1833 2881 1890 Clericus
2927 1852 3032 1891 nec
3075 1856 3297 1896 comam
3340 1844 3558 1901 nutriat

1857 1930 1963 1968 nec
1986 1915 2245 1969 barbam.

1858 2022 1987 2075 CAP.
2023 2022 2261 2076 CLXXV.
2300 2053 2367 2063 —
2398 2027 2475 2078 De
2503 2027 2712 2081 clericis
2738 2044 2840 2097 per
2866 2036 3172 2089 creaturam
3209 2036 3549 2105 jurantibus.

1927 2109 2035 2179 (Ea:
2062 2110 2259 2177 eodem,
2293 2127 2411 2181 cap.
2450 2114 2557 2182 61.)
2593 2116 2871 2171 Clericum
2902 2135 3007 2189 per
3032 2129 3323 2179 creaturas
3347 2127 3552 2197 juran-

1855 2201 1993 2260 tem,
2042 2198 2318 2253 acerrime
2365 2201 2807 2273 objurgandum.
2849 2206 2906 2261 Si
2947 2210 3256 2278 perstiterit
3300 2213 3360 2267 in
3388 2215 3550 2283 vitio,

1856 2287 2487 2344 excommunicandum.

1856 2392 1985 2445 CAP.
2376 2425 2448 2470 ἦ
2492 2399 2570 2451 De
2615 2399 2823 2453 clericis
2900 2404 2997 2470 qui
3045 2404 3450 2462 adulationibus
3501 2414 3553 2464 et

2120 2464 2525 2533 proditionibus
2556 2483 2751 2523 vacare
2779 2464 3277 2541 deprehenduntur.

1924 2550 2036 2615 (Ea:
2064 2552 2242 2606 eodem
2274 2556 2485 2620 concil.,
2529 2572 2648 2625 cap.
2701 2560 2814 2627 56.)
2852 2560 3098 2615 Clericus
3130 2564 3230 2634 qui
3275 2565 3554 2622 adulatio-

1854 2638 2024 2692 nibus
2062 2645 2119 2693 et
2143 2641 2564 2710 proditionibus
2606 2662 2807 2700 vacare
2854 2649 3305 2719 deprehenditur
3347 2642 3553 2726 degra-

1854 2725 2021 2780 detur
2050 2727 2121 2781 ab
2150 2728 2361 2784 ofﬁcio.

1855 2832 1984 2886 CAP.
2016 2832 2327 2910 _CLXXVII.
2391 2865 2460 2875 —
2490 2839 2599 2910 _De
2662 2838 2935 2895 ordinatis
2998 2845 3095 2910 qui
3128 2846 3298 2900 solent
3362 2854 3551 2903 contra

1924 2904 2287 3039 eet/:lesiastica
2337 2907 2602 2962 mandata
2651 2911 2877 2965 auribus
2924 2904 3195 2983 principis
3249 2919 3549 2975 molestiam

1924 2989 1982 3026 in
2014 2990 2147 3027 erre.
2630 2988 2631 2991 ‘

1924 2988 2010 3027 2711
2012 2988 2147 3027 erre.
2630 2988 2631 2991 “

1922 3064 2032 3129 (Ea:
2062 3064 2248 3116 concil.
2277 3065 2561 3132 Antioch,
2591 3081 2711 3136 cap.
2748 3069 2858 3134 11.)
2886 3069 2944 3124 Si
2966 3071 3094 3141 quis
3116 3073 3418 3146 episcOpus
3449 3082 3550 3133 aut

1851 3150 2169 3219 presbyter,
2224 3157 2323 3205 aut
2371 3153 2613 3222 quilibet
2661 3157 2878 3225 regulas
2924 3159 3209 3229 subjectus
3260 3164 3543 3232 Ecclesiae,

1851 3242 2061 3307 printer
2090 3240 2393 3293 consilium
2422 3246 2477 3295 et
2522 3243 2740 3297 litteras
2771 3246 3176 3318 episcoporum
3217 3253 3547 3323 provinciae,

1853 3330 1909 3379 et
1954 3327 2245 3396 praecipue
2298 3331 2754 3400 metropolitani,
2808 3334 3013 3389 adierit
3070 3337 3478 3409 imperatorem
3531 3360 3546 3397 :

1850 3412 2004 3465 hunc
2031 3415 2331 3483 reprobari
2375 3421 2433 3469 et
2456 3418 2624 3486 abjici
2656 3425 2921 3488 oportere
2966 3439 3078 3476 non
3114 3426 3303 3481 solum
3334 3445 3365 3481 a
3389 3445 3546 3483 com-

1850 3500 2145 3566 munione,
2197 3518 2397 3556 verum
2431 3509 2487 3557 et
2533 3505 2601 3558 ab
2632 3506 2851 3561 honore
2883 3510 3039 3578 cujus
3084 3514 3367 3584 particeps
3397 3517 3549 3571 vide-

1849 3590 1944 3639 tur
1980 3586 2222 3639 existere
2256 3603 2268 3639 :
2304 3586 2441 3655 quia
2484 3590 2793 3642 venerandi
2831 3592 3106 3663 principis
3155 3599 3389 3651 auribus
3419 3615 3547 3653 mo-

1851 3672 2071 3726 lestiam
2124 3674 2368 3727 tentavit
2419 3674 2652 3743 inferre,
2700 3686 2896 3731 contra
2949 3681 3101 3750 leges
3160 3685 3437 3739 Ecclesiae.
3489 3688 3548 3741 Si

1848 3760 2027 3829 igitur
2077 3760 2235 3813 adire
2292 3760 2613 3830 principem
2671 3767 2992 3819 necessaria
3041 3784 3210 3823 causa
3267 3772 3543 3842 deposcit,

1850 3848 1958 3901 hoc
1995 3852 2199 3917 agatur
2246 3864 2373 3901 cum
2406 3852 2650 3903 tractatu
2684 3855 2740 3903 et
2764 3853 3002 3907 consilio
3030 3859 3459 3927 metropolitani
3491 3867 3547 3915 et

1849 3940 2189 3989 caaterorum
2254 3935 2651 4006 episcoporum
2720 3939 2818 4008 qui
2881 3940 2943 3992 in
3002 3943 3201 3997 eadem
3251 3947 3545 4016 provincia

1848 4028 2281 4077 commorantur
2324 4040 2337 4077 :
2374 4024 2474 4094 qui
2527 4027 2696 4079 etiam
2740 4028 3198 4097 proﬁciscentem
3246 4034 3361 4088 suis
3406 4052 3542 4107 pro-

1849 4118 2165 4183 sequantur
2191 4111 2463 4182 epistolis.

1777 4245 1821 4299 Β
1853 4217 1994 4299 CAP._
2040 4217 2359 4299 CLXXVIII.
2399 4221 2486 4299 .De
2544 4221 2656 4274 illis
2700 4224 2813 4299 Aqui
2858 4225 3120 4299 episcopis
3169 4230 3283 4283 suis
3345 4246 3409 4285 ne
3458 4248 3543 4287 eos

1920 4287 1994 4341 ad
2032 4289 2344 4368 ampliorem
2394 4288 2641 4344 honorem
2689 4287 2749 4346 in
2786 4287 3007 4349 ecclesia
3032 4287 3152 4351 ἐνα
3191 4309 3545 4368 promoveant

1921 4360 2317 4412 contradicunt.

1921 4464 2029 4533 (Ea:
2050 4466 2237 4518 concil.
2271 4465 2566 4533 Africano,
2622 4483 2743 4538 cap.
2778 4471 2888 4541 31.)
2922 4474 3063 4527 Item
3086 4475 3299 4544 placuit
3328 4483 3389 4533 ut
3415 4481 3543 4551 qui-

1848 4568 2075 4623 cunque
2106 4552 2296 4606 clerici
2339 4554 2427 4607 vel
2477 4555 2702 4609 diaconi
2746 4575 2848 4629 pro
2880 4563 3310 4619 necessitatibus
3360 4571 3542 4625 eccle-

1849 4640 2061 4694 siarum
2092 4657 2212 4694 non
2258 4641 2779 4713 obtemperaverint
2808 4649 3086 4719 episcopis
3124 4653 3260 4719 suis,
3293 4657 3543 4711 volenti-

1847 4728 1954 4783 bus
1979 4744 2075 4783 eos
2119 4729 2192 4783 ad
2222 4729 2507 4783 honorem
2539 4733 2882 4802 ampliorem
2911 4736 2970 4789 in
3004 4754 3105 4791 sua
3134 4742 3368 4796 ecclesia
3410 4761 3541 4814 pro-

1848 4832 2099 4883 movere,
2146 4833 2252 4871 nec
2281 4817 2398 4871 illic
2447 4819 2774 4875 ministrent
2817 4822 2875 4877 in
2907 4826 3084 4894 gradu
3118 4843 3241 4895 suo,
3273 4831 3427 4885 unde
3456 4848 3543 4886 re-

1848 4904 2049 4959 cedere
2079 4905 2411 4960 noluerunt.

1849 5011 1979 5094 CAP.
2013 5011 2280 5094 CLXXIX.
2325 5042 2401 5094 ,έ-
2432 5013 2515 5094 De
2536 5014 2857 5094 presbytero
2890 5024 3030 5094 certo
3072 5023 3295 5077 crimine
3327 5025 3539 5094 deposi-

1920 5087 1992 5147 to,
2019 5084 2069 5135 si
2098 5083 2499 5166 deministerio
2519 5085 2627 5138 sibi
2652 5088 2937 5143 interdicto
2965 5092 3180 5159 aliquid
3211 5110 3369 5162 agere
3393 5083 3539 5166 pra-

1918 5157 2228 5220 sumpserit.
2460 5164 2467 5165 ί

1920 5256 2039 5326 (Ea:
2068 5258 2254 5312 concil.
2304 5260 2575 5326 Toletano,
2610 5277 2729 5331 cap.
2782 5264 2854 5334 6.)
2884 5264 2940 5318 Si
2971 5266 3098 5336 quis
3127 5269 3423 5341 presbyter
3468 5274 3539 5330 ab

1850 5344 2119 5415 episcopo
2149 5361 2252 5399 suo
2279 5346 2453 5401 fuerit
2493 5349 2851 5419 degradatus,
2885 5358 2984 5407 aut
3013 5355 3201 5411 ofﬁcio
3234 5375 3341 5429 pro
3372 5363 3541 5417 certis

1850 5432 2190 5488 criminibus
2219 5450 2554 5505 suspensus,
2581 5443 2636 5491 et
2664 5437 2786 5508 ipse
2814 5456 2918 5510 per
2946 5450 3342 5517 contemptum
3366 5455 3423 5503 et
3451 5467 3542 5505 su-

1848 5520 2111 5592 perbiam
2160 5522 2380 5595 aliquid
2421 5524 2490 5579 de
2540 5524 2861 5583 ministerio
2891 5529 3000 5585 sibi
3040 5532 3341 5592 interdicto
3372 5554 3541 5609 agere
