4022 6190
480 321 582 372 65Ξ5

1566 313 1969 368 BURCIIARDI
2009 311 2540 370 WORMACIENSIS
2579 311 2910 366 EPISCOPI.
3817 326 3900 379 656

479 436 937 509 praesumpserit,
967 441 1025 489 et
1053 440 1270 504 postea,
1315 433 1385 487 ab
1416 451 1682 505 episcopo
1723 451 1824 488 suo
1855 442 2174 506 correptus,
2207 436 2254 489 A
2290 449 2432 504 pum
2483 433 2782 504 pr0prium
2838 438 2893 487 et
2939 433 3009 486 ad
3055 433 3346 488 saecularia
3390 445 3662 505 percurrat
3684 441 3898 509 judicia:

479 528 539 581 in
566 533 722 580 certa
747 524 1203 595 praesumptione
1252 522 1664 593 perduraverit,
1705 522 1795 576 hic
1825 524 2176 578 omnimodis

482 612 1031 680 excommunicetur,
1075 617 1130 664 et
1156 611 1224 664 ab
1272 611 1509 663 ecclesia
1553 612 1888 681 expellatur.
1944 614 2008 667 Et
2050 613 2176 682 qui-

481 718 708 773 cunque
748 716 880 753 cum
929 715 996 752 eo
1044 697 1576 764 communicaverit,
1622 699 1887 752 similiter
1932 717 1990 754 se
2042 701 2182 753 sciat

482 807 603 845 esse
653 786 1229 843 excommunicatum.
1277 785 1553 840 Similiter
1601 786 1672 840 de
1711 787 1952 854 clericis,
1998 788 2176 850 laicis,

481 880 568 932 vel
619 876 848 932 feminis
877 873 1386 928 excommunicatis
1419 875 1841 928 observandum
1873 881 1974 929 est.
2020 876 2180 940 Quod

482 967 529 1020 si
560 965 766 1035 aliquis
795 963 903 1016 ista
931 962 1125 1016 omnia
1145 963 1571 1032 contempserit,
1597 967 1652 1016 et
1673 964 1976 1035 episcopus
1993 981 2183 1018 emen-

483 1056 618 1109 dare
670 1051 918 1122 potuerit
967 1050 1227 1114 minime,
1284 1050 1436 1120 regis
1491 1051 1712 1121 judicio
1770 1053 1969 1107 exsilio
2016 1054 2180 1107 dam-

484 1148 670 1195 netur.

483 1248 610 1302 CAP.
665 1244 901 1298 CLXXX.
962 1273 1029 1282 —
1079 1245 1150 1296 De
1177 1243 1495 1313 presbytero
1541 1245 1624 1297 vel
1653 1244 1878 1313 diacono
1924 1245 2182 1299 damnato

681 1317 778 1383 qui
807 1317 1152 1382 imperatoris
1184 1312 1408 1367 auribus
1439 1315 1691 1368 molestus
1718 1312 1978 1369 eietiterit.

557 1405 664 1473 (Em
714 1403 900 1456 concil.
931 1403 1216 1466 Antioch.,
1250 1418 1370 1470 cap.
1431 1404 1541 1470 I2.)
1575 1403 1632 1456 Si
1687 1403 1816 1473 quis
1863 1421 1896 1456 a
1949 1403 2182 1474 proprio

487 1493 754 1562 episcopo
787 1490 1084 1560 presbyter
1127 1494 1225 1542 aut
1254 1489 1550 1555 diaconus,
1604 1496 1703 1543 aut
1732 1508 1764 1544 a
1794 1493 2013 1561 synodo
2063 1493 2183 1546 fue-

487 1584 562 1634 rit
590 1581 890 1649 episcopus
921 1578 1068 1631 forte
1105 1578 1429 1641 damnatus,
1463 1584 1518 1631 et
1549 1580 1914 1649 imperatoris
1947 1581 2183 1634 auribus

487 1671 760 1722 molestus
811 1665 1108 1732 exstiterit,
1161 1671 1386 1736 oportet
1413 1666 1482 1718 ad
1529 1681 1732 1719 manus
1781 1667 2178 1737 episcoporum

487 1756 739 1810 converti
783 1754 1110 1820 concilium,
1161 1759 1218 1807 et
1248 1769 1376 1824 quae
1407 1755 1733 1823 putaverint
1764 1755 1973 1808 habere
2007 1756 2180 1826 jnsta,

487 1844 755 1917 plurimis
785 1841 1070 1912 episcopis
1101 1848 1429 1911 suggerant,
1462 1859 1776 1912 eorumque
1809 1844 2186 1899 discussiones

491 1951 554 1988 ac
584 1932 792 2004 judicia
836 1931 1258 2000 praestolentur.
1293 1929 1350 1984 Si
1378 1946 1511 1984 vero
1540 1931 1662 1984 haec
1708 1931 2186 2002 parvipendentes

493 2020 720 2074 molesti
765 2017 979 2071 fuerint
1024 2017 1380 2086 imperatori,
1427 2019 1535 2071 hoc
1581 2019 1741 2071 nulla
1786 2019 1952 2072 venia
1982 2019 2187 2089 dignos

493 2124 636 2173 esse,
674 2123 776 2160 nec
805 2107 995 2158 locum
1043 2105 1444 2159 satisfactionis
1484 2105 1715 2173 habere,
1749 2121 1852 2159 nec
1900 2121 2059 2176 spem
2092 2105 2187 2159 fu—

491 2201 636 2250 turae
661 2194 1040 2262 restitutionis
1069 2195 1296 2264 penitus
1325 2193 1556 2263 operiri.

493 2302 621 2356 CAP.
658 2301 922 2355 CLXXXI.
975 2330 1043 2339 —
1088 2302 1159 2353 De
1198 2299 1511 2368 presbytero
1541 2301 1640 2368 qui
1683 2302 1874 2367 pravis
1923 2299 2188 2368 exemplis

847 2371 994 2424 mala
1030 2370 1095 2423 de
1119 2385 1173 2423 se
1201 2373 1475 2438 suspicari
1499 2369 1828 2438 permiserit.

564 2460 674 2528 (Ea:
702 2460 891 2513 «:oncil.
925 2459 1225 2524 Agathen.,
1249 2473 1369 2526 cap.
1403 2457 1480 2528 4.)
1504 2457 1561 2511 Si
1593 2458 1721 2527 quis
1745 2457 2035 2528 presbyter
2056 2458 2188 2511 vitae

493 2564 608 2602 sure
639 2547 938 2616 negligens
984 2547 1173 2615 pravis
1203 2545 1478 2614 exemplis
1519 2546 1670 2598 mala
1707 2545 1777 2598 de
1826 2563 1884 2599 se
1912 2546 2189 2616 suspicari

491 2635 838 2706 permiserit,
891 2639 946 2686 et
996 2633 1266 2702 populus,
1309 2633 1379 2686 ab
1423 2634 1690 2702 episcopo
1734 2634 2064 2702 juramento
2089 2649 2188 2686 seu

495 2724 685 2776 hanno
717 2721 1164 2776 Christianitatis
1213 2720 1568 2781 constrictus,
1600 2721 1896 2773 infamiam
1937 2722 2060 2791 ejus
2090 2737 2188 2790 pa-

493 2811 770 2877 tefecerit,
820 2814 877 2864 et
925 2809 1064 2862 certi
1119 2815 1475 2862 accusatores
1526 2809 1784 2862 criminis
1826 2809 1947 2878 ejus
1990 2809 2187 2862 defue-

495 2900 630 2964 rint,
662 2899 1040 2951 admoneatur
1072 2896 1260 2966 primo
1291 2912 1546 2949 seorsum
1579 2896 1650 2949 ab
1679 2895 1964 2965 episcopo,
1987 2896 2190 2950 deinde

2285 522 2383 576 sed
2414 523 2575 592 prius
2607 522 2752 574 actio
2784 522 3088 575 ventiletur
3112 523 3263 590 apud
3295 524 3608 594 episcopum
3638 531 3902 599 proprium,

2285 612 2374 664 vel
2399 616 2550 665 certe
2579 610 2812 664 consilio
2855 611 3108 681 ejusdem
3141 612 3410 682 episcopi,
3443 615 3582 682 apud
3612 631 3739 684 quos
3765 626 3906 674 utra-

2287 715 2399 769 que
2427 704 2620 769 partes
2659 695 2830 770 [cum]
2868 699 3156 751 voluerint
3180 699 3458 768 judicium
3487 703 3838 760 continebant.
3863 708 3905 762 Si

2289 788 2416 858 quis
2465 792 2658 842 autem
2689 793 2899 858 praeter
2941 789 3062 841 haec
3092 787 3307 855 fecerit,
3342 790 3616 844 canonicis
3653 797 3908 866 correptio-

2288 876 2459 930 nihus
2485 874 2815 946 subjacebit.

2289 982 2416 1036 CAP.
2464 981 2770 1036 CLXXXIV.
2799 1009 2867 1021 ——
2908 982 2990 1034 De
3033 981 3360 1049 presbyteris
3402 987 3496 1051 qui
3534 999 3568 1036 a
3610 986 3818 1052 plebibus
3851 995 3907 1043 in-

2527 1053 2905 1118 famabuntur,
2948 1053 3208 1120 quomodo
3233 1056 3466 1121 purgari
3493 1054 3718 1110 debeant.

2362 1143 2472 1208 (Ea:
2519 1141 2705 1194 concil.
2760 1141 3091 1205 Hilerdensi,
3139 1156 3258 1209 cap.
3307 1142 3416 1210 10.)
3465 1142 3519 1196 Si
3563 1143 3680 1212 quis
3722 1147 3906 1216 presby-

2289 1233 2378 1282 ter
2407 1245 2439 1282 a
2477 1229 2642 1298 plebe
2688 1229 2795 1282 sibi
2827 1229 3130 1282 commissa
3160 1231 3310 1282 mala
3357 1230 3621 1299 opinione
3660 1231 3906 1287 infamatus

2289 1316 2482 1381 fuerit,
2516 1321 2574 1370 et
2602 1316 2901 1388 episcopus
2943 1317 3214 1386 legitimis
3247 1317 3487 1371 testibus
3518 1319 3798 1389 approbare
3821 1338 3905 1376 non

2291 1404 2562 1474 potuerit,
2613 1405 2996 1474 suspendatur
3041 1405 3110 1457 ab
3143 1404 3330 1457 officio
3361 1405 3649 1476 presbyter
3686 1424 3833 1478 usque
3855 1411 3906 1463 ad

2290 1492 2524 1562 dignam
2577 1492 3037 1556 satisfactionem,
3093 1508 3162 1545 ne
3218 1495 3464 1563 populus
3510 1495 3746 1548 fidelium
3785 1496 3905 1549 ineo

2291 1580 2623 1634 scandalum
2676 1582 2946 1650 patiatur.
2999 1580 3181 1649 Digna
3231 1581 3385 1634 enim
3434 1583 3724 1636 satisfactio
3762 1590 3841 1648 est,
3875 1586 3906 1635 si

2294 1666 2374 1718 eis
2401 1683 2428 1717 a
2464 1665 2672 1734 quibus
2717 1681 2847 1717 reus
2891 1666 3158 1731 creditur,
3207 1674 3333 1737 post
3364 1675 3575 1722 rectam
3619 1670 3906 1723 securitatem

2296 1753 2365 1806 de
2418 1753 2688 1821 imposito
2743 1753 3003 1819 crimine,
3063 1755 3337 1809 innocens
3389 1773 3511 1810 esse
3570 1758 3904 1812 manifestatur.

2294 1840 2456 1903 Quod
2487 1841 2565 1892 ita
2595 1840 2760 1893 nobis
2783 1858 2814 1893 a
2845 1843 3155 1910 majoribus
3177 1845 3551 1898 constitutum
3582 1862 3694 1899 esse
3718 1848 3904 1899 docetur.

2297 1928 2406 1982 Sed
2467 1929 2584 1980 sive
2649 1929 2964 1982 secundum
3032 1947 3295 1999 canones,
3373 1933 3490 1987 sive
3553 1934 3623 1987 ad
3681 1935 3907 1988 arbitrium

2297 2016 2551 2088 episc0pi
2581 2016 2690 2069 sibi
2718 2019 2963 2088 collegas
2992 2019 3082 2072 VII
3111 2021 3448 2091 conjungat,
3482 2028 3538 2075 et
3560 2023 3707 2092 juret
3730 2023 3776 2076 id
3798 2039 3908 2074 sacro

2296 2121 2488 2158 coram
2537 2104 2722 2173 posito
2765 2105 3068 2176 Evangelio
3104 2123 3116 2160 :
3155 2107 3310 2177 quod
3353 2125 3488 2163 eum
3533 2116 3712 2162 sancta
3732 2111 3910 2164 Trinitas

2297 2197 2354 2245 et
2383 2191 2634 2247 Christus
2681 2192 2833 2245 ﬁlius
2880 2194 3001 2260 Dei,
3035 2195 3135 2265 qui
3184 2197 3323 2249 illud
3355 2197 3492 2251 fecit
3536 2204 3592 2252 et
3619 2198 3783 2251 docuit
3804 2199 3909 2267 quod

2295 2281 2666 2350 Evangelium
2716 2281 2990 2348 continet,
3024 2288 3079 2336 et
3109 2283 3289 2336 sancti
3333 2277 3586 2355 quatuOr
3622 2285 3910 2355 Evangelista

2297 2368 2398 2437 qui
2442 2368 2585 2422 illud
2617 2369 2965 2437 scripserunt
3006 2370 3084 2423 sic
3115 2370 3412 2440 adjuvent,
3448 2374 3599 2444 quod
3629 2373 3714 2426 ille
3751 2389 3912 2442 prauo-

2297 2456 2572 2509 minatam
2621 2457 2900 2510 actionem
2935 2457 3014 2511 ita
3065 2475 3174 2512 non
3227 2463 3595 2530 perpetrarit,
3640 2463 3768 2514 sicut
3808 2461 3847 2513 ei
3868 2461 3914 2513 de

2296 2543 2411 2596 illis
2457 2544 2711 2597 oblatum
2747 2551 2850 2598 est.
2883 2546 2965 2611 Et,
3017 2546 3076 2599 in
3124 2548 3232 2601 hac
3259 2549 3642 2604 satisfactione
3683 2555 3912 2619 purgatus,

2297 2646 2494 2684 secure
2526 2631 2793 2700 deinceps
2837 2649 3005 2686 suum
3054 2642 3312 2689 exerceat
3361 2637 3746 2691 ministerium.
3785 2636 3916 2700 Quam

2297 2718 2745 2773 satisfactionem
2795 2721 3060 2774 nonnulli
3109 2724 3565 2791 praecedentium
3607 2731 3807 2795 patrum
3832 2740 3918 2776 san-

2297 2812 2452 2860 ctum
2501 2808 2744 2861 Leonem
2790 2823 3022 2878 papam,
3068 2809 3126 2862 in
3155 2811 3390 2864 basilica
3444 2813 3619 2866 sancti
3656 2812 3786 2865 Petri
3821 2826 3916 2880 apo-

2300 2894 2453 2960 stoli,
2485 2911 2674 2948 coram
2721 2896 3200 2951 reverendissimo
3241 2915 3455 2954 caesare
3491 2901 3701 2967 Carolo,
3737 2917 3790 2953 ac
3814 2901 3919 2951 clero

496 2988 603 3042 sub
650 2987 872 3041 duobus
909 2985 995 3038 vel
1023 2984 1205 3038 tribus
1252 2985 1510 3037 testibus.
1546 2983 1602 3038 Si
1635 3000 1749 3035 non
1789 2981 1883 3051 [se]
1920 2985 2181 3038 emenda-
2224 2981 2264 3036 C
2304 2987 2362 3036 et
2410 2983 2574 3052 plebe
2617 2983 2696 3036 ita
2747 2982 2944 3037 fecisse
2989 2993 3448 3040 commemorant
3481 3004 3494 3040 :
3529 2995 3690 3058 atque
3731 2989 3798 3046 ita
3831 3000 3918 3039 mox

497 3074 663 3138 verit,
695 3073 755 3126 in
782 3077 1065 3126 conventu
1095 3071 1560 3141 presbyterorum
1593 3072 1895 3141 episcopus
1925 3088 2054 3125 cum
2087 3089 2192 3142 pu-

497 3163 646 3217 blica
691 3161 1079 3230 increpatione
1114 3160 1440 3213 admoneat.
1491 3159 1548 3212 Si
1596 3175 1729 3212 vero
1773 3175 1958 3229 neque
2009 3161 2086 3213 sic
2134 3177 2192 3214 se

499 3250 824 3316 correxerit,
858 3249 929 3301 ab
963 3247 1154 3300 ofﬁcio
1202 3247 1586 3316 suspendatur
1634 3263 1813 3316 usque
1840 3248 1906 3300 ad
1958 3248 2190 3317 dignam

499 3337 964 3399 satisfactionem,
999 3351 1068 3388 ne
1100 3335 1347 3404 populus
1381 3335 1638 3388 fidelium
1665 3335 1726 3388 in
1763 3351 1829 3388 eo
1860 3336 2193 3390 scandalum

499 3425 764 3496 patiatur.
813 3423 870 3477 Si
902 3426 1091 3475 autem
1141 3428 1495 3475 accusatores
1545 3423 1788 3492 legitimi
1823 3439 1937 3477 non
1981 3423 2196 3478 fuerint

501 3513 601 3584 qui
632 3515 753 3582 ejus
781 3512 1023 3564 crimina
1066 3510 1383 3565 manifestis
1410 3511 1638 3565 indiciis
1683 3511 1928 3582 probare
1960 3519 2192 3567 conten-

502 3602 710 3664 derint,
742 3605 797 3653 et
829 3601 950 3669 ipse
997 3601 1310 3669 negaverit,
1355 3605 1478 3652 tum
1509 3600 1628 3669 ipse
1664 3616 1791 3653 cum
1837 3607 2054 3670 septem
2096 3619 2194 3655 so-

500 3688 601 3742 ciis
629 3687 745 3740 suis
775 3688 1031 3757 ejusdem
1075 3687 1311 3753 ordinis,
1344 3687 1390 3739 si
1423 3689 1590 3752 valet,
1641 3703 1674 3740 a
1707 3686 1948 3741 crimine
1991 3694 2192 3742 semet-

501 3777 692 3847 ipsum
723 3781 1018 3846 expurget.
1072 3775 1352 3829 Diaconos
1403 3791 1558 3838 vero,
1605 3776 1652 3828 si
1708 3775 1911 3828 eodem
1955 3777 2193 3830 crimine

501 3871 794 3919 accusatus
822 3866 1014 3931 fuerit,
1048 3865 1418 3933 semetipsum
1450 3880 1579 3917 cum
1615 3865 1796 3916 tribus
1829 3870 2074 3919 excuset.

881 3972 1008 4022 CAP.
1053 3969 1300 4023 CLXXII.
1329 3997 1397 4007 —
1428 3971 1498 4021 De
1528 3969 1712 4020 eadem
1742 3983 1817 4020 re.

573 4055 680 4124 (Ea:
710 4058 894 4108 concil.
933 4055 1288 4118 Triburiensi,
1339 4069 1458 4120 cap.
1491 4053 1607 4119 2t.)
1641 4053 1694 4106 Si
1743 4053 1870 4123 quis
1902 4056 2195 4126 presbyter

501 4149 698 4196 contra
727 4144 958 4208 laicum,
992 4142 1077 4192 vel
1104 4142 1276 4193 laicus
1299 4148 1496 4193 contra
1525 4141 1918 4216 presbyterum
1943 4145 2193 4214 aliquam

2301 3072 2693 3124 venerandum
2732 3072 3051 3142 principem
3083 3080 3279 3128 contra
3326 3077 3587 3144 ejusdem
3614 3077 3772 3130 sancti
3806 3089 3918 3146 papa

2302 3158 2674 3221 adversarios,
2709 3160 2896 3230 dignae
2926 3162 3158 3215 ultionis
3186 3163 3499 3218 vindictam
3530 3181 3782 3218 exercere.

2305 3266 2380 3320 CA
2394 3282 2440 3318 Ρ.
2476 3267 2750 3339 CLXXXV.
2799 3297 2866 3306 ——
2900 3268 2961 3322 Si
2997 3270 3199 3336 aliquis
3243 3286 3310 3323 ea:
3338 3272 3611 3326 ordinatis
3639 3272 3702 3325 ab
3742 3273 3919 3339 episcopo

2375 3352 2469 3410 suo
2514 3337 2804 3391 damnatus
2855 3341 3044 3406 fuerit,
3077 3345 3138 3392 ut
3183 3355 3290 3394 non
3321 3343 3516 3396 debeat
3555 3343 3621 3396 ab
3664 3337 3820 3410 aliqua
3857 3340 3918 3390 de-

2371 3409 2602 3473 fensari.

2375 3511 2482 3579 (Ea:
2525 3513 2708 3566 concil.
2767 3513 2970 3580 Afric.,
3024 3531 3146 3582 cap.
3205 3519 3318 3581 29.)
3378 3519 3443 3570 Et
3498 3518 3636 3572 illud
3684 3515 3918 3586 petendum

2303 3604 2368 3652 ut
2397 3607 2644 3653 statuere
2691 3601 3000 3671 dignentur
3046 3609 3127 3668 ut,
3161 3604 3207 3656 si
3255 3605 3383 3675 quis
3415 3607 3712 3676 cujuslibet
3753 3603 3917 3660 honoris

2303 3688 2560 3754 clericus,
2600 3689 2816 3758 judicio
2869 3693 3288 3762 episcoporum,
3340 3711 3705 3765 quocumque
3747 3694 3916 3748 crimine

2303 3775 2474 3829 fuerit
2523 3777 2847 3844 damnatus,
2896 3795 3012 3832 non
3062 3780 3229 3834 liceat
3279 3797 3414 3836 eum
3463 3784 3580 3837 sive
3623 3784 3688 3838 ab
3737 3780 3916 3836 Ecclesiis

2305 3865 2512 3934 quibus
2564 3867 2812 3935 praefuit,
2872 3867 2986 3921 sive
3025 3885 3059 3920 a
3107 3870 3365 3940 quolibet
3413 3873 3647 3926 homine
3693 3868 3914 3926 defensari.

2304 3953 2639 4023 interposita
2671 3970 2837 4024 paena
2880 3955 3075 4009 damni
3109 3959 3364 4026 pecuniae
3391 3966 3568 4030 atque
3600 3958 3820 4018 honoris,
3845 3970 3912 4025 quo

2306 4057 2410 4094 nec
2468 4049 2694 4096 tetatem
2747 4059 2850 4096 nec
2917 4060 3115 4098 sexum
3171 4050 3567 4102 excusandum
3636 4065 3744 4102 esse
3792 4043 3914 4116 preci-

2304 4131 2485 4198 piant.

502 4231 675 4282 habet
717 4227 1094 4298 qnerimonia:
1145 4229 1614 4293 controversiam,
1666 4230 1931 4302 episcopo
1983 4235 2190 4302 praeci-
2225 4256 2268 4310 ι)
2308 4236 2434 4289 CAP.
2469 4236 2767 4290 CLXXXVI.
2812 4267 2879 4277 —
2932 4241 2998 4291 De
3036 4241 3359 4310 presbytero
3403 4259 3438 4295 a
3486 4245 3681 4311 populo
3721 4243 3913 4294 arctoam.

501 4318 717 4386 piente,
750 4317 871 4369 sine
915 4331 1288 4385 personarum
1332 4317 1661 4386 acceptione
1691 4319 1946 4374 finiatur.
2001 4321 2196 4376 Laicus

501 4420 605 4475 per
637 4405 1051 4473 juramentum,
1103 4405 1148 4456 si
1181 4421 1406 4458 necesse
1456 4405 1547 4472 sit,
1597 4423 1656 4459 se
1691 4414 1965 4477 expurget
1997 4425 2010 4461 :
2043 4425 2196 4479 pres-

501 4494 664 4562 byter
715 4507 847 4545 vero
902 4492 1020 4544 vice
1071 4492 1385 4561 juramenti
1439 4510 1542 4563 per
1600 4501 1851 4548 sanctam
1905 4513 2194 4551 consecra-

500 4581 712 4634 tionem
765 4581 1153 4650 interrogetur
1187 4597 1200 4634 :
1236 4581 1371 4650 quia
1415 4582 1740 4635 sacerdotes
1787 4599 1856 4636 ex
1886 4585 2194 4645 levicausa

490 4671 687 4740 jnrare
712 4685 823 4721 non
849 4669 1078 4722 debent.
1110 4670 1304 4722 Manus
1323 4685 1424 4739 per
1445 4685 1618 4739 quam
1645 4687 1851 4740 corpus
1878 4677 1934 4725 et
1959 4674 2192 4743 sanguis

495 4755 704 4811 Christi
749 4760 1174 4822 consecrantur,
1224 4758 1553 4825 juramento
1605 4759 1938 4827 polluatur!
1987 4761 2183 4815 Absit!

495 4861 622 4898 cum
670 4845 948 4898 Dominus
990 4844 1051 4896 in
1096 4845 1398 4914 Evangelio
1441 4845 1737 4914 discipulis
1771 4847 1911 4913 suis,
1943 4863 2190 4918 quorum

491 4934 672 4987 vicem
705 4949 817 4986 non
862 4932 1087 5002 indigni
1117 4933 1177 4986 in
1209 4938 1401 4986 sancta
1431 4934 1684 5003 gerimus
1715 4935 1959 4988 Ecclesia
1987 4937 2139 4990 dicat
2172 4955 2184 4992 :

493 5023 681 5076 Nolite
729 5021 964 5075 omnino
1006 5022 1220 5090 jurare.
1263 5021 1348 5075 Sit
1379 5025 1569 5074 autem
1620 5037 1808 5076 sermo
1843 5027 2048 5087 vester,
2081 5029 2184 5092 est,

491 5115 594 5176 est,
629 5125 764 5174 non,
815 5126 948 5162 non.
997 5108 1157 5171 Quod
1191 5113 1383 5162 autem
1431 5108 1519 5162 his
1551 5109 1937 5163 abundantius
1983 5116 2088 5179 est,
2121 5126 2187 5166 ex

490 5201 639 5250 malo
671 5203 775 5251 est.

489 5285 616 5338 CAP.
663 5285 988 5340 CLXXXIII.
1024 5315 1092 5324 —
1126 5286 1186 5340 Si
1217 5286 1438 5338 clericus
1484 5286 1743 5339 adversus
1789 5288 2037 5341 clericum
2083 5289 2186 5341 ha-

593 5357 676 5409 bet
707 5359 998 5422 negotium,
1031 5356 1106 5408 ad
1129 5358 1414 5409 saecularia
1441 5371 1543 5408 non
1571 5363 1822 5411 recurrat
1835 5359 2074 5426 judicia.

559 5443 684 5509 (Em
710 5445 897 5497 concil.
933 5445 1216 5509 Chalced.,
1254 5460 1374 5513 cap.
1408 5447 1484 5510 9.)
1517 5445 1572 5498 Si
1619 5445 1746 5514 quis
1794 5446 2030 5500 clericus
2079 5447 2183 5501 ad-

483 5546 680 5586 versus
707 5531 982 5586 clericum
1011 5532 1183 5588 habet
1205 5531 1525 5604 negotium,
1557 5548 1677 5588 non
1709 5533 1933 5590 deserat
1962 5534 2182 5606 episco-

2378 4325 2488 4391 (Ea:
2555 4327 2712 4393 epist.
2787 4327 3082 4393 Gregorii.)
3151 4329 3227 4382 De
3301 4331 3637 4400 presbytero
3704 4344 3812 4382 vero
3864 4321 3918 4373 Vel

2304 4413 2560 4482 quolibet
2605 4415 2893 4468 sacerdote
2942 4433 2973 4469 a
3004 4419 3220 4486 populo
3271 4426 3558 4482 accusata,
3604 4420 3646 4472 si
3695 4417 3810 4471 certi
3846 4426 3920 4465 non

2302 4501 2516 4554 fuerint
2574 4507 2742 4555 testes
2801 4504 2900 4572 qui
2959 4503 3185 4558 crimini
3238 4506 3395 4558 illato
3448 4509 3729 4561 veritatem
3770 4503 3920 4560 dicant.

2296 4587 2702 4657 jusjurandum
2736 4589 2844 4643 erit
2885 4590 2945 4644 in
2977 4591 3184 4657 medio,
3226 4599 3280 4646 et
3313 4594 3477 4648 illum
3512 4601 3707 4649 testem
3733 4590 3924 4663 proferat

2301 4674 2368 4727 de
2400 4677 2742 4730 innocentia:
2777 4693 2891 4731 sua:
2934 4679 3202 4748 puritate,
3232 4683 3323 4735 cui
3371 4684 3530 4738 nuda
3557 4689 3610 4737 et
3636 4689 3808 4754 aperta
3832 4680 3923 4730 sunt

2298 4763 2512 4829 omnia,
2547 4765 2738 4835 sicque
2773 4773 3000 4820 maneat
3025 4767 3084 4820 in
3117 4769 3350 4839 proprio
3379 4771 3589 4841 gradu.

2299 4869 2425 4924 CAP.
2470 4871 2796 4924 CLXXXVII.
2846 4903 2914 4912 ——
2944 4873 3025 4926 De
3071 4876 3277 4928 clericis
3318 4880 3578 4931 convictis
3619 4882 3667 4930 et
3705 4873 3920 4938 confessis.

2367 4943 2418 4994 si
2446 4943 2596 5015 intra
2628 4959 2830 4995 annum
2862 4959 3082 4998 causam
3107 4961 3261 5000 suam
3288 4963 3529 5014 purgare
3559 4943 3920 5015 contempserint,

2365 5012 2518 5064 nulla
2546 5028 2651 5066 voa:
2680 5029 2860 5067 eorum
2890 5021 3008 5082 post
3038 5012 3319 5071 audiatur.

2367 5099 2473 5168 (Ea:
2518 5103 2706 5155 conccl.
2759 5103 2941 5168 Afric.
2989 5119 3109 5172 cap.
3167 5104 3282 5174 46.)
3319 5107 3569 5161 Rursum
3620 5103 3920 5158 constitutum

2295 5190 2381 5239 est
2431 5191 2490 5240 ut
2545 5188 2851 5259 aliquoties
2906 5190 3126 5244 clericis
3180 5193 3452 5247 convictis
3511 5199 3568 5247 et
3614 5188 3847 5246 confessis
3879 5183 3919 5233 in

2293 5273 2488 5343 aliquo
2519 5276 2778 5343 crimine,
2817 5279 2900 5331 vel
2927 5284 3162 5349 propter
3205 5297 3400 5334 eorum
3434 5296 3677 5352 quorum
3708 5285 3915 5331 verecun-

2294 5361 2403 5415 dia:
2437 5364 2707 5432 parcitur,
2756 5367 2839 5418 vel
2889 5373 3125 5436 propter
3158 5369 3409 5422 Ecclesia:
3461 5367 3833 5440 opprobrium,
3854 5363 3914 5411 allt

2291 5449 2639 5507 insolentem
2688 5454 3118 5510 insultationem
3173 5458 3579 5512 haereticorum
3623 5463 3778 5527 atque
3819 5461 3916 5518 8⁸η·

2290 5538 2502 5609 tilium,
2537 5541 2586 5597 si
2625 5542 2772 5600 forte
2805 5558 2992 5602 causa:
3023 5560 3139 5601 suae
3167 5546 3361 5602 adesse
3398 5545 3704 5614 voluerint,
3729 5547 3778 5599 et
3800 5540 3919 5594 inno-
