3976 6194
77 286 178 337 657

1032 280 1507 338 DECRETORUM
1548 284 1734 339 LIBRI
1771 286 1875 341 XX.
1915 315 1984 325 —
2022 286 2231 341 LIBER
2271 283 2645 340 SECUNDUS.

3486 288 3587 341 658

77 403 328 457 centiam
370 418 534 457 suam
567 417 837 469 asserere,
875 402 1028 456 intra
1065 419 1281 457 annum
1315 406 1781 459 excommunica-
1809 408 1855 460 Α
1896 423 2025 461 rum
2058 408 2408 473 convocanti,
2441 407 2533 461 hic
2562 407 2868 461 damnetur
2895 406 3251 471 omnimodo,
3286 422 3392 460 nec
3436 409 3588 463 ultra

78 491 251 544 tionis
306 492 417 545 hoc
466 491 693 545 faciant.
759 490 817 543 Si
874 506 1008 544 vero
1068 491 1218 544 intra
1273 509 1491 546 annum
1546 510 1775 547 causam

77 596 234 633 suam
306 596 558 650 purgare
626 580 1095 649 contempserint,
1168 581 1328 634 nulla
1398 598 1506 635 vox
1575 598 1776 636 eorum

80 675 277 737 postea
320 668 549 737 penitus
579 667 861 720 audiatur.

79 774 205 825 CAP.
245 772 605 826 CLXXXVIII.
655 802 723 810 —
772 774 835 826 Ut
879 773 1061 825 nullus
1092 788 1158 825 ea:
1203 774 1471 827 ordinatis
1521 775 1657 828 laico
1680 776 1776 843 ju-

696 859 822 896 rare
844 850 1160 911 praesumat.

146 934 259 999 (Ea:
298 934 484 985 concil.
535 934 801 995 Remensi,
858 947 987 1000 cap.
1037 932 1111 1001 ὅ.)
1161 934 1227 985 Ut
1260 934 1453 986 nullus
1494 950 1557 986 ex
1598 936 1774 988 eccle-

76 1020 306 1072 siastico
340 1020 543 1073 ordine
572 1020 841 1089 cuiquam
874 1020 1016 1072 laico
1041 1021 1359 1090 quidquam
1390 1038 1564 1091 supra
1594 1038 1774 1090 sacra,

78 1108 156 1159 vel
220 1124 394 1178 super
445 1116 642 1161 sancta
700 1108 1006 1178 Evangelia
1045 1110 1221 1178 juret,
1282 1110 1378 1162 sed
1439 1110 1775 1180 simpliciter

77 1213 207 1250 cum
257 1197 509 1267 puritate
541 1203 598 1250 et
625 1197 865 1249 veritate
915 1197 1097 1249 dicat:
1134 1199 1245 1263 Est,
1282 1203 1384 1264 est,
1424 1199 1572 1264 Non,
1623 1216 1770 1265 non;

78 1285 173 1337 sed
222 1285 269 1337 si
316 1290 400 1337 est
446 1285 663 1355 aliquid
710 1285 865 1355 quod
914 1285 995 1337 eis
1042 1302 1075 1338 a
1126 1286 1283 1339 laicis
1328 1287 1653 1356 objiciatur,
1705 1289 1772 1341 ad

79 1374 439 1442 episcopum,
504 1374 565 1427 in
622 1375 784 1442 cujus
826 1373 1117 1426 territorio
1184 1383 1289 1443 est,
1340 1374 1669 1428 deferatur:
1719 1382 1775 1429 et

72 1462 236 1529 juxta
279 1462 337 1514 id
382 1462 530 1531 quod
582 1461 665 1514 illi
707 1462 807 1530 qui
842 1461 1095 1529 ejusdem
1129 1466 1260 1513 sunt
1291 1462 1511 1515 ordinis
1553 1464 1773 1533 dijudi-

75 1550 349 1615 caverint,
379 1555 475 1601 aut
505 1549 827 1619 corrigatur
855 1555 954 1602 aut
977 1555 1343 1619 expurgetur.

77 1640 205 1692 CAP.
242 1638 541 1691 CLXXXIX.
594 1667 659 1675 —
692 1638 757 1690 Si
784 1642 1063 1704 presbyter
1115 1645 1209 1691 aut
1249 1639 1506 1692 diaconus
1549 1643 1607 1693 in
1650 1642 1767 1705 for-

1890 496 2212 549 remedium
2243 500 2643 565 consequatur.

1890 585 2019 638 CAP.
2057 584 2274 638 CXCIV.
2312 615 2378 622 —
2418 585 2485 636 Si
2515 584 2797 651 presbyter
2844 587 3034 637 contra
3079 598 3237 636 suum
3279 585 3586 651 episcopum

2056 657 2279 721 inﬂatus
2305 657 2537 708 schisma
2569 656 2775 719 fecerit,
2808 659 2868 706 ut
2898 654 3409 707 anathematizetur.

1958 742 2065 808 (Era
2096 759 2237 796 conc.
2273 744 2555 810 Carthag.,
2604 758 2723 810 cap.
2766 746 2873 807 ll.)
2914 742 2998 794 Ab
3031 742 3311 794 universis
3358 742 3581 811 episco-

1886 829 1976 899 pis
2016 829 2234 883 dictum
2280 836 2402 883 est:
2447 830 2502 883 Si
2547 829 2676 899 quis
2722 829 3017 898 presbyter
3056 829 3125 881 ab
3163 829 3433 898 episcopo
3477 845 3580 882 suo

1884 924 2183 988 correptus
2228 919 2418 983 fuerit,
2468 918 2637 973 debet
2683 917 2879 988 utique
2922 917 3076 987 apud
3110 917 3328 971 vicinos
3362 918 3577 986 episco-

1882 1023 1985 1076 pos
2016 1007 2313 1077 conqueri,
2348 1012 2413 1061 ut
2442 1008 2513 1060 ab
2538 1007 2676 1075 ipsis
2707 1007 2829 1076 ejus
2856 1022 3022 1060 causa
3056 1006 3231 1075 possit
3261 1006 3470 1070 audiri,
3511 1022 3574 1059 ac

1884 1110 1985 1163 per
2013 1094 2163 1163 ipsos
2214 1111 2317 1147 suo
2362 1096 2629 1164 episcopo
2675 1093 3047 1146 reconciliari.
3083 1094 3243 1156 Quod
3277 1094 3386 1146 nisi
3428 1094 3575 1147 fece-

1882 1182 1976 1249 rit,
2010 1183 2105 1235 sed
2156 1184 2441 1253 superbia,
2476 1183 2627 1253 quod
2672 1183 2845 1235 absit!
2895 1182 3127 1234 inﬂatus
3158 1182 3576 1235 secernendum

1880 1286 1938 1324 se
1983 1272 2052 1325 ab
2083 1272 2338 1342 episcopi
2389 1272 2473 1325 sui
2507 1271 2913 1324 communione
2946 1270 3191 1333 duxerit,
3242 1287 3304 1323 ac
3346 1286 3571 1341 separa-

1879 1359 1985 1412 tim
2015 1376 2145 1413 cum
2196 1361 2486 1430 aliquibus
2535 1360 2780 1412 schisma
2823 1358 3035 1411 faciens
3069 1358 3409 1411 sacriticium
3458 1360 3571 1412 Deo

1880 1448 2171 1515 obtulerit,
2224 1449 2529 1501 anathema
2572 1448 2869 1510 habeatur,
2905 1452 2961 1498 et
3006 1447 3190 1498 locum
3222 1447 3464 1498 amittat.
3512 1446 3572 1500 Si

1879 1536 2301 1606 querimoniam
2351 1538 2565 1605 justam
2624 1536 2895 1589 adversus
2938 1534 3273 1604 episcopum
3320 1550 3432 1587 non
3466 1534 3571 1587 ha-

1877 1624 2087 1689 buerit,
2130 1626 2541 1695 inquirendum
2575 1624 2702 1677 erit.

141 1712 437 1781 nicutione,
470 1713 566 1781 aut
594 1710 858 1775 periurio,
881 1713 985 1781 aut
1022 1711 1195 1777 furto,
1223 1710 1529 1776 homicidio,
1578 1718 1767 1779 captus
1801 1710 1840 1733 "
1878 1713 2003 1767 CAP.
2035 1713 2225 1767 CXCV.
2260 1743 2331 1753 —
2358 1717 2432 1767 De
2470 1715 2580 1766 illis
2626 1714 2723 1781 qui
2762 1712 2998 1780 aliquem
3027 1727 3094 1764 ea:
3124 1710 3394 1763 ordinatis
3429 1712 3572 1776 falso

131 1782 334 1844 fuerit,
362 1780 429 1831 ab
451 1779 635 1847 ofﬁcio
655 1778 1043 1845 suspendatur.
1401 1844 1407 1851 .

140 1870 258 1935 (Ea:
318 1884 438 1920 can.
488 1870 769 1936 apostolo.)
812 1868 1113 1936 Presbyter
1175 1874 1275 1920 aut
1340 1868 1613 1921 diaconus
1666 1869 1766 1939 qui

76 1958 126 2010 in
178 1955 581 2016 fornicatione,
618 1961 716 2007 aut
758 1954 1030 2024 perjurio,
1067 1961 1165 2007 aut
1204 1954 1374 2023 furto,
1406 1961 1505 2008 aut
1534 1956 1767 2009 homici-

75 2046 159 2097 dio
188 2050 394 2115 captus
434 2049 535 2110 est,
571 2044 930 2112 deponatur:
975 2059 1089 2096 non
1122 2048 1316 2096 tamen
1361 2044 1765 2097 communione

76 2133 349 2201 privetur.
383 2132 528 2185 Dicit
556 2132 710 2185 enim
744 2131 1069 2201 Scriptura:
1094 2133 1217 2184 Non
1242 2131 1465 2201 judicat
1490 2132 1766 2186 Dominus

74 2221 150 2275 bis
184 2222 244 2274 in
273 2221 547 2290 idipsum.

77 2310 201 2362 CAP.
234 2309 381 2362 CXC.
415 2337 483 2348 —
516 2309 597 2360 De
625 2307 918 2372 ordinatis,
964 2308 1015 2360 si
1057 2308 1257 2374 aliquis
1286 2308 1505 2361 illorum
1542 2323 1763 2377 percus-

718 2392 808 2431 sor
836 2379 1124 2431 exstiterit.

138 2467 262 2535 (Ex
298 2481 442 2520 conc.
506 2465 865 2532 Agathensi.,
914 2481 1014 2533 cap
1066 2464 1146 2535 3.)
1196 2464 1253 2519 Si
1300 2465 1428 2536 quis
1474 2466 1534 2519 in
1574 2467 1765 2536 aliquo

72 2555 454 2608 ecclesiastico
539 2554 721 2622 gradu
795 2558 1049 2606 sacratus
1130 2568 1432 2622 percussor
1495 2554 1761 2620 extiterit,

68 2643 417 2712 corripiatur
480 2642 777 2696 acerrime.
842 2641 898 2695 Si
944 2657 1061 2694 non
1118 2642 1526 2709 emendaverit,
1588 2642 1763 2711 depo-

68 2738 266 2785 natur.

68 2820 201 2873 CAP.
260 2818 434 2873 CXCI.
494 2847 561 2857 -
631 2820 704 2870 De
776 2817 1111 2885 presbyteris
1156 2820 1253 2886 qui
1313 2822 1536 2886 propter
1610 2834 1765 2871 suam

508 2888 895 2954 negligentiam
928 2888 1323 2953 degradantur.

137 2975 263 3039 (Ea:
300 2975 484 3027 concil.
541 2976 806 3040 Mogunt.,
848 2990 968 3043 cap.
1025 2974 1141 3043 40.)
1194 2975 1417 3028 Dictum
1463 2981 1549 3027 est
1598 2974 1764 3027 nobis

65 3062 437 3132 presbyteros
504 3068 743 3131 propter
799 3078 960 3115 suam
1026 3063 1437 3132 negligentiam
1492 3064 1763 3117 canonice

68 3150 433 3219 degradatos,
484 3154 540 3203 et
588 3150 937 3202 saeculariter
979 3150 1159 3219 gradu
1204 3150 1411 3203 amisso
1457 3152 1662 3217 vivere,
1709 3157 1765 3205 et

67 3239 429 3307 paenitentiae
480 3238 717 3306 agendae
768 3237 982 3290 bonum
1023 3237 1335 3307 negligere.
1373 3238 1529 3291 Unde
1562 3238 1765 3291 statui-

66 3344 200 3381 mus
244 3331 330 3388 ut,
363 3326 545 3395 gradu
586 3326 816 3389 amisso,
848 3325 1083 3395 agenda
1112 3327 1463 3394 paenitentiae
1492 3327 1672 3395 gratia
1706 3327 1763 3379 in

65 3415 420 3467 monasterio
492 3420 590 3467 aut
634 3414 908 3467 canonico
970 3420 1070 3466 aut
1124 3414 1375 3482 regulari
1444 3415 1760 3469 mittantur.

68 3502 121 3555 Si
158 3518 299 3554 vero
349 3501 458 3554 hoc
501 3502 623 3555 ﬁeri
672 3517 843 3554 causa
876 3501 1149 3571 quaelibet
1198 3501 1581 3570 prohibuerit,
1634 3503 1763 3555 ubi-

66 3606 323 3659 cumque
369 3590 507 3656 sint,
555 3589 951 3659 paenitentiam
985 3605 1153 3659 agere
1199 3606 1314 3642 non
1365 3590 1655 3645 desistant.
1707 3591 1766 3645 Si

66 3683 266 3731 autem
302 3678 513 3731 amisso
566 3678 747 3747 gradu
778 3678 1121 3731 saeculariter
1150 3678 1334 3731 vivere
1369 3678 1667 3745 voluerint,
1712 3682 1769 3731 et

66 3765 474 3835 paenitentiam
542 3782 709 3836 agere
756 3765 1133 3836 neglexerint,
1185 3767 1254 3820 ab
1315 3765 1573 3819 Ecclesiae
1617 3782 1767 3819 com-

65 3855 348 3907 munione
381 3860 737 3924 separentur.

67 3962 209 4013 ΟΑΡ.
264 3960 461 4014 CXCII.
523 3990 590 3998 —
642 3962 715 4013 De
763 3959 1057 4096 orfdinatis,
1115 3962 1168 4012 si
1222 3960 1425 4027 injuste
1478 3958 1770 4025 degradati

838 4046 991 4084 uerzn
1021 4070 1033 4083 .

838 4034 1033 4084 'uerint.

141 4120 253 4185 (Ex
312 4118 511 4182 eodem,
566 4134 685 4187 cap.
746 4119 863 4186 28.)
924 4118 1250 4187 Episcopus,
1311 4117 1612 4187 presbyter
1669 4121 1768 4170 aut

64 4206 367 4271 diaconus,
400 4207 468 4271 si,
501 4222 533 4258 a
562 4206 745 4276 gradu
766 4223 867 4259 suo
894 4206 1101 4276 injuste
1132 4206 1403 4276 dejectus,
1436 4206 1495 4258 in
1518 4206 1768 4259 secunda

64 4296 297 4364 synodo
346 4295 622 4347 innocens
655 4295 995 4364 reperiatur,
1047 4311 1161 4347 non
1210 4300 1394 4364 potest
1445 4311 1563 4347 esse
1613 4295 1765 4363 quod
1799 4302 1841 4355 Ι)

64 4384 283 4448 fuerat,
333 4382 440 4436 nisi
473 4383 682 4452 gradus
730 4383 969 4436 amissos
999 4382 1237 4452 recipiat
1277 4398 1469 4435 coram
1504 4382 1666 4436 alteri
1699 4383 1769 4436 de

64 4487 258 4524 manu
308 4470 733 4539 episcoporum.
769 4471 827 4525 Si
857 4472 1159 4541 episcopus
1197 4475 1302 4537 est,
1337 4470 1612 4532 orarium,
1660 4486 1767 4523 an-

66 4561 283 4612 nulum
329 4566 386 4611 et
415 4559 705 4613 baculum.
737 4559 795 4613 Si
828 4560 1143 4629 presbyter,
1178 4558 1433 4612 orarium
1476 4564 1532 4611 et
1564 4559 1770 4627 plane-

66 4655 221 4701 tam.
249 4646 309 4700 Si
343 4647 633 4712 diaconus,
664 4647 917 4700 orarium
948 4652 1003 4700 et
1034 4647 1240 4700 albam.
1280 4647 1336 4701 Si
1364 4646 1769 4713 subdiaconus,

66 4741 349 4807 patenam
380 4739 438 4789 et
465 4736 717 4791 calicem.
753 4737 841 4791 Sic
884 4741 942 4789 et
966 4735 1174 4806 reliqui
1206 4735 1417 4805 gradus
1449 4735 1507 4788 in
1541 4751 1771 4805 repara-

65 4826 300 4879 tionem
333 4825 420 4877 sui
455 4824 736 4895 recipiant
760 4841 909 4895 quae,
941 4840 1071 4878 cum
1101 4823 1525 4890 ordinarentur,
1579 4839 1772 4892 perce-

62 4918 309 4985 perant.

63 5005 213 5057 CAP.
268 5001 492 5056 CXCIII.
556 5031 626 5040 —
676 5002 757 5054 De
800 5001 1069 5055 ordinatis
1122 5002 1219 5069 qui
1281 5001 1590 5068 episcopum
1641 5016 1771 5069 pro-

645 5074 828 5140 prium
855 5076 1212 5125 contemnunt.

139 5162 258 5227 (E1:
308 5160 493 5213 concil.
558 5160 836 5229 Antioch.,
886 5175 1006 5229 cap.
1061 5159 1138 5228 5.)
1188 5160 1243 5213 Si
1292 5159 1421 5229 quis
1476 5158 1774 5228 presbyter

58 5254 175 5301 aut
210 5247 500 5311 diaconus,
526 5248 858 5319 episcopum
880 5248 1179 5319 proprium
1206 5252 1596 5314 contemnens,
1621 5263 1679 5299 se
1702 5246 1773 5300 ab

62 5336 328 5389 Ecclesia
372 5337 839 5406 sequestraverit,
872 5342 928 5390 et
973 5353 1230 5389 seorsum
1278 5334 1552 5404 colligens
1596 5336 1772 5388 altare

60 5424 459 5487 constituerit,
492 5431 549 5477 et
588 5425 981 5478 commonenti
1015 5425 1283 5495 episcopo
1314 5440 1428 5476 non
1468 5423 1774 5492 acquieve-

62 5514 172 5575 rit,
208 5528 313 5566 nec
339 5512 663 5567 consentire
691 5514 778 5566 vel
810 5513 1043 5567 obedire
1072 5513 1319 5567 voluerit
1354 5512 1529 5566 semel
1562 5516 1618 5565 et
1661 5510 1773 5564 ite-

2426 1786 2649 1837 crimine
2676 1785 3021 1851 appetierint.

1946 1871 2058 1939 (Em
2108 1872 2307 1937 eodem,
2339 1887 2462 1940 cap.
2510 1872 2582 1938 5.)
2633 1871 2688 1924 Si
2720 1870 2847 1940 quis
2889 1870 3221 1939 episcopum
3268 1873 3364 1922 aut
3409 1884 3570 1939 pres-

1876 1959 2140 2028 byterum
2181 1960 2266 2012 vel
2314 1959 2621 2012 diaconum
2674 1958 2829 2010 falsis
2860 1957 3201 2010 criminibus
3241 1956 3566 2026 appetierit,

1877 2051 1933 2098 et
1964 2046 2206 2115 probare
2238 2062 2352 2099 non
2384 2045 2657 2114 potuerit,
2705 2044 2814 2098 nisi
2838 2044 2899 2098 in
2933 2044 3047 2098 ﬁne
3090 2044 3334 2098 dandam
3367 2044 3419 2097 ei
3449 2060 3567 2098 non

1877 2149 1998 2186 esse
2028 2134 2514 2187 communionem.

1877 2222 2002 2275 CAP.
2056 2221 2276 2275 CXCVI.
2326 2250 2395 2261 —
2443 2223 2509 2275 Ut
2555 2223 2875 2274 criminator
2912 2222 3111 2273 crimen
3146 2220 3444 2286 criminati,
3483 2220 3568 2272 lit-

1946 2292 2077 2345 teris
2149 2293 2603 2361 comprehensum,
2676 2297 2801 2344 ante
2873 2292 3265 2344 accusationem
3322 2292 3567 2358 episcopo

1947 2377 2042 2416 suo
2070 2366 2415 2431 representet.

1946 2450 2063 2519 (Ea;
2092 2453 2278 2505 concil.
2314 2451 2549 2517 Aureli.,
2594 2465 2713 2518 cap.
2768 2451 2871 2514 10.)
2906 2449 3052 2502 Illud
3093 2451 3373 2517 praeterea
3410 2447 3569 2501 omni

1877 2539 2255 2592 ecclesiastico
2286 2539 2476 2592 ordini
2510 2538 2860 2591 omnimodis
2906 2537 3325 2591 observandum
3373 2540 3476 2603 est,
3504 2540 3570 2589 ut

1875 2627 2203 2680 nullatenus
2229 2627 2440 2697 aliquis
2467 2631 2779 2697 praesumat
2814 2626 2873 2678 in
2913 2626 3155 2679 concilio
3188 2626 3274 2679 vel
3309 2624 3568 2695 synodali

1874 2723 2159 2768 conventu
2208 2716 2461 2785 aliquem
2508 2715 2861 2768 confratrum
2908 2714 3265 2767 accusatione
3314 2713 3563 2782 pulsare,

1874 2801 1983 2853 nisi
2028 2802 2187 2870 prius
2217 2802 2408 2870 ipsum
2449 2802 2822 2855 accusationis
2866 2801 3085 2854 crimen
3128 2806 3184 2853 et
3230 2799 3568 2869 litigationis

1875 2904 2091 2957 causas,
2128 2890 2332 2943 litteris
2379 2906 2482 2960 per
2530 2890 2791 2942 ordinem
2840 2890 3339 2958 comprehensum,
3392 2903 3563 2940 manu

1873 2978 2108 3047 propria
2151 2977 2569 3048 subscripserit,
2604 2984 2660 3030 et
2691 2977 2958 3047 episcopo
3008 2978 3097 3030 vel
3126 2992 3300 3029 sacrae
3345 2975 3564 3045 synodo

1874 3065 2209 3136 porrexerit,
2257 3072 2321 3119 ut
2350 3067 2505 3135 juste
2544 3072 2600 3119 et
2630 3066 2898 3119 canonice
2948 3065 3301 3135 litigantium
3341 3068 3567 3117 contro-

1874 3155 2071 3208 versia:
2106 3155 2400 3208 ﬁniantur.
2454 3156 2576 3208 Non
2607 3154 2759 3207 enin:
2810 3154 2961 3219 licet,
3004 3159 3065 3206 ut
3100 3152 3405 3206 auctoritas
3452 3152 3562 3204 Ro-

1873 3258 2045 3296 mana
2101 3247 2361 3309 testatur,
2438 3243 2548 3295 nisi
2614 3242 2988 3311 inscriptione
3047 3241 3330 3295 celebrata
3402 3254 3563 3293 reum

1874 3347 2226 3401 quemquam
2283 3331 2430 3391 fieri,
2484 3347 2586 3384 uec
2643 3332 2711 3383 ad
2766 3330 3049 3399 judicium
3099 3329 3378 3396 exhiberi,
3430 3328 3581 3397 quia

1875 3420 2020 3471 sicut
2068 3420 2386 3472 convictam
2443 3420 2512 3472 de
2567 3419 2809 3471 crimine
2859 3434 3030 3487 paena
3072 3417 3437 3487 constringit,
3488 3416 3567 3469 ita

1875 3511 2285 3571 accusatorem,
2314 3507 2361 3559 si
2386 3522 2501 3558 non
2529 3505 2853 3573 probaverit
2881 3505 3033 3575 quod
3058 3504 3281 3573 objecit.

1876 3594 2005 3646 CAP.
2040 3594 2287 3647 CXCVII.
2324 3620 2397 3633 —
2442 3594 2507 3646 Ut
2552 3592 2737 3646 nullus
2779 3607 2845 3644 ex
2884 3591 3152 3645 ordinatis
3182 3606 3236 3644 se
3275 3589 3567 3659 proclamet

2360 3664 2418 3715 in
2447 3663 2670 3727 synodo,
2702 3661 2812 3714 nisi
2836 3664 3072 3728 scriptis.

1948 3752 2058 3819 (Ea:
2092 3752 2280 3805 concil.
2331 3751 2405 3804 ad
2449 3755 2621 3804 sanct.
2671 3748 2942 3814 Medard.,
2977 3763 3097 3816 cap.
3163 3747 3239 3814 9.)
3293 3746 3564 3799 Hincma-

1876 3854 1995 3896 rus,
2074 3838 2535 3907 archiepiscopus
2585 3838 2913 3901 Remorum,
2966 3835 3082 3888 suis
3144 3833 3566 3887 accusatoribus

1877 3926 2052 3981 dixit:
2091 3928 2226 3987 Quae
2266 3932 2351 3979 est
2379 3925 2582 3995 petitio
2632 3930 2838 3989 vestra,
2874 3924 3113 3977 fratres?
3143 3955 3211 3962 ——
3259 3921 3569 3976 Misericor-

1880 4014 2055 4079 diam,
2088 4014 2379 4085 inquiunt,
2430 4014 2678 4085 petimus
2707 4012 2869 4066 nobis
2915 4028 2948 4064 a
2992 4016 3178 4065 vestra
3226 4009 3566 4081 paternitate

1878 4102 2154 4173 impendi,
2215 4102 2284 4156 de
2355 4101 2778 4156 ministratione
2834 4100 3094 4153 ordinem
3158 4096 3566 4153 ecclesiastico-

1880 4207 2028 4256 rum,
2069 4192 2139 4244 ad
2177 4208 2318 4261 quos
2348 4208 2381 4243 a
2413 4191 2649 4244 domino
2682 4190 2876 4243 Ebone
2908 4187 3199 4258 quondam
3230 4186 3501 4257 provecti,
3537 4204 3569 4240 a

1880 4285 2066 4332 vestra
2113 4278 2449 4332 auctoritate
2493 4278 2753 4348 suspensi
2800 4292 3017 4331 sumus.
3061 4278 3399 4331 Hincmarus
3445 4276 3567 4345 epi-

1882 4383 2085 4436 scopus
2140 4367 2314 4420 dixit:
2391 4366 2622 4422 Habetis
2676 4366 2935 4419 libellum
2988 4363 3409 4418 reclamationis
3468 4368 3570 4417 aut

1882 4454 2307 4524 postulationis,
2359 4454 2504 4508 sicut
2546 4452 2926 4508 ecclesiastica
2977 4469 3035 4505 se
3082 4452 3254 4505 habet
3299 4451 3570 4505 traditio?

1882 4542 1969 4595 Illi
2001 4547 2193 4596 autem
2228 4542 2650 4611 responderunt
2682 4558 2740 4593 se
2764 4556 2881 4610 prae
2912 4540 3178 4593 manibus
3210 4540 3434 4593 nullum
3466 4539 3570 4591 ha-

1883 4632 2014 4683 bere
2070 4630 2347 4685 libellum.
2396 4630 2734 4683 Hincmarus
2773 4628 3073 4698 episcopus
3123 4627 3302 4681 dixit:
3356 4627 3571 4695 Legum

1881 4718 2389 4772 ecclesiasticarum
2440 4717 2747 4771 auctoritas
2821 4716 2951 4768 talis
3006 4720 3091 4768 est
3148 4719 3207 4767 ut
3263 4713 3323 4766 in
3386 4713 3572 4766 causis

1882 4811 2172 4877 gestorum
2203 4822 2431 4876 semper
2474 4806 2814 4874 scripturam
2848 4803 3141 4873 requirat:
3177 4801 3319 4854 adeo
3359 4805 3425 4853 ut
3472 4800 3571 4869 qui

1885 4895 1951 4949 ad
1986 4911 2207 4949 sacrum
2246 4895 2464 4948 fontem
2502 4892 2740 4959 accedit,
2788 4907 2953 4945 suum
3000 4891 3134 4944 dare
3174 4904 3389 4943 nomen
3418 4903 3573 4957 pras-

1882 4983 2161 5052 cipiatur;
2214 4983 2313 5052 qui
2351 4982 2422 5034 ad
2456 4996 2747 5034 summum
2788 4979 3171 5033 sacerdotium
3218 4976 3570 5046 provehitur,

1883 5071 2109 5125 decreto
2134 5071 2399 5124 manibus
2416 5069 2677 5123 omnium
2703 5068 2966 5122 roborato
2988 5066 3248 5135 eligitur;
3277 5063 3574 5117 ordinatus

1885 5163 2075 5211 autem
2107 5174 2138 5210 a
2169 5158 2285 5210 suis
2319 5156 2745 5210 ordinatoribus
2775 5156 2992 5209 litteras
3023 5153 3281 5221 accipere
3305 5150 3570 5220 jubetur;

1886 5246 1985 5316 qui
2041 5245 2212 5299 etiam
2277 5246 2347 5298 ab
2404 5244 2781 5298 ecclesiastica
2847 5242 3112 5296 societate
3174 5239 3429 5309 quolibet
3486 5252 3576 5289 ex-

1886 5349 2047 5387 cessu
2100 5332 2465 5396 discinditur,
2516 5332 2764 5386 libellari
2804 5331 3110 5400 scriptione
3155 5332 3251 5381 aut
3298 5326 3577 5395 recipitur

1889 5426 1986 5475 aut
2024 5420 2317 5490 dejicitur;
2360 5421 2454 5474 sed
2496 5421 2596 5490 qui
2631 5425 2945 5485 accusatur,
2998 5419 3083 5471 vel
3126 5413 3579 5469 excommunica-

1888 5514 1984 5563 tur
2031 5525 2130 5563 seu
2177 5508 2598 5574 reconciliatur,
2649 5524 2753 5579 per
2801 5508 3141 5577 scripturam
3192 5502 3444 5559 accusari
3489 5500 3577 5554 vel
