4022 6190
472 347 578 400 659

1538 342 1938 399 BURCHARDI
1975 339 2514 399 WORMACIENSIS
2553 337 2886 394 EPISCOPI.
3823 347 3907 398 660

469 462 829 520 reconciliari
860 461 1112 534 jubetur.
1153 462 1222 516 Et
1250 460 1328 516 sic
1382 461 1443 515 in
1473 462 1693 516 cateris
1739 461 2070 532 hujusmodi
2099 461 2159 514 in
2189 461 2234 514 A
2271 459 2442 514 faciat
2465 458 2526 512 in
2547 456 2811 512 exsilium
2837 455 3148 526 deportari,
3179 460 3244 511 ut
3271 455 3440 511 unius
3459 471 3623 528 pana
3641 459 3908 517 multorum

470 557 698 608 tantum
745 551 1028 623 scriptura
1083 549 1431 621 depascitur,
1465 555 1548 614 ut,
1605 550 1751 604 sicut
1778 550 1976 604 beatus
2029 551 2165 604 Gre-

471 641 670 712 gorius
706 640 768 695 in
799 639 1251 696 Commonitorio
1282 639 1354 692 ad
1381 640 1662 693 Joannem
1693 638 2052 692 defensorem
2099 655 2167 692 ex

471 729 749 786 Romanis
803 729 1024 799 legibus
1078 743 1312 782 sumens
1368 727 1608 781 scribit:
1679 727 1975 782 Sententia
2035 743 2166 798 qua

472 819 595 872 sine
637 817 920 888 scriptura
966 816 1274 886 profertur,
1312 832 1415 868 nec
1460 831 1673 869 nomen
1710 815 2009 869 sententia
2057 816 2165 868 ha-

470 907 608 961 bere
634 909 941 959 mereatur.
968 904 1344 974 Quapropter,
1368 904 1570 956 fratres
1585 910 1641 958 et
1657 903 1781 969 ﬁlii,
1803 908 2030 973 oportet
2049 920 2165 968 vos,

471 994 789 1049 secundum
837 991 1273 1046 ecclesiasticam
1331 992 1747 1059 auctoritatem,
1805 993 2165 1046 reclamatio-

474 1098 606 1137 nem
645 1087 888 1134 vestram
921 1079 1100 1133 libelli
1137 1079 1284 1134 serie
1315 1080 1586 1151 allegare,
1618 1097 1860 1151 eamque
1901 1080 2168 1134 manibus

473 1171 675 1225 vestris
728 1169 1051 1222 roboratam
1087 1169 1302 1238 synodo
1351 1185 1525 1222 sacra
1574 1169 1889 1238 porrigere,
1941 1173 2004 1221 ut
2033 1185 2166 1221 con-

473 1258 771 1311 venienter
827 1262 883 1310 et
933 1256 1206 1310 canonice
1259 1257 1418 1310 vobis
1465 1257 1649 1310 valeat
1697 1255 2050 1326 responderi.
2106 1257 2172 1310 Et

474 1351 610 1400 tunc
649 1345 761 1416 ipsi
813 1346 1017 1399 fratres
1066 1343 1324 1398 libellum
1363 1345 1808 1409 conscribentes,
1857 1344 2024 1413 eique
2068 1360 2172 1397 sua

473 1434 710 1488 nomina
756 1432 1196 1499 subscribentes,
1260 1438 1643 1502 porrexerunt
1699 1433 1999 1485 I-lincmaro
2049 1431 2168 1500 epi-

475 1539 665 1592 scopo,
701 1522 800 1591 qui
829 1526 964 1574 tunc
988 1536 1103 1573 una
1131 1536 1262 1573 cum
1297 1521 1601 1586 Wevilone,
1636 1519 1949 1574 Senonensi
1985 1519 2168 1572 archi—

477 1610 765 1680 episcopo,
798 1613 853 1662 et
892 1624 1023 1661 cum
1067 1607 1374 1675 Amalrico,
1407 1609 1724 1662 Turonensi
1781 1623 1944 1676 aque
1977 1607 2168 1660 archi-

2276 549 2456 620 possit
2494 562 2614 601 esse
2645 545 2943 600 correctio.

2276 637 2406 691 Car.
2441 635 2596 688 CCII.
2627 663 2695 675 —
2731 635 2798 688 Ut
2841 636 2892 688 si
2923 635 3047 701 quis
3077 633 3326 687 clericum
3355 636 3696 700 accusauerit,
3726 642 3770 689 et
3793 641 3911 691 testi-

2346 708 2543 761 moniis
2607 705 2840 774 probare
2914 719 3020 758 non
3088 706 3347 772 potuerit,
3414 709 3688 760 accusator
3739 722 3910 776 panum

2347 778 2594 831 accusati
2620 778 2873 844 accipiat.

2347 866 2456 936 (Ea:
2487 864 2675 918 concil.
2704 861 3105 928 Βιηιαξιιτνιίθηη
3147 876 3269 930 cap.
3305 861 3377 930 8.)
3401 861 3618 915 Placuit
3647 867 3723 930 ut,
3751 864 3791 916 si
3816 867 3910 934 quis

2275 953 2524 1024 aliquem
2571 951 2907 1006 clericorum
2939 953 2999 1003 ω
3030 949 3384 1003 accusatione
3422 949 3796 1004 fornicationis
3834 954 3910 1007 im-

2274 1042 2435 1113 petit,
2487 1039 2801 1094 secundum
2848 1043 3195 1110 praeceptum
3227 1037 3388 1092 Pauli
3421 1038 3680 1108 apostoli,
3725 1039 3822 1093 duo
3847 1044 3907 1094 vel

2274 1126 2385 1180 tria
2435 1123 2766 1179 testimonia
2819 1123 3188 1192 requirantur
3248 1121 3317 1174 ab
3363 1122 3485 1175 illo.
3546 1121 3697 1186 Quod
3742 1123 3781 1176 si
3827 1141 3906 1178 non

2275 1213 2528 1285 potuerit
2603 1212 2750 1267 datis
2805 1209 3150 1266 testimoniis
3206 1210 3527 1280 approbare
3587 1210 3732 1280 quod
3787 1211 3908 1276 dixit,

2277 1302 2933 1357 excommunicationem
2964 1299 3213 1354 accusati
3235 1303 3530 1352 accusator
3554 1300 3788 1370 accipiat.

2277 1391 2410 1445 Car.
2460 1389 2638 1444 CCIII.
2681 1419 2749 1427 —
2804 1391 2868 1443 Ut
2914 1391 3054 1442 sicut
3102 1389 3231 1442 laici
3275 1389 3494 1442 clericos
3539 1390 3596 1440 in
3640 1389 3910 1442 secularibus

2349 1464 2408 1514 in
2459 1475 2560 1514 sua
2607 1461 2944 1514 accusatione
2990 1474 3097 1512 non
3147 1461 3442 1528 recipiunt,
3483 1460 3562 1512 ita
3616 1474 3703 1512 nec
3746 1461 3834 1528 ipsi
3869 1463 3909 1512 in

2349 1531 2688 1585 sacerdotum
2719 1533 3076 1599 recipiantur.

2353 1616 2460 1687 (Ea:
2517 1618 2705 1671 concil.
2759 1617 3163 1680 Aurelianensi,
3196 1632 3315 1684 cap.
3367 1616 3442 1684 5.)
3485 1615 3690 1670 Omnes
3719 1617 3909 1688 episcopi

476 1698 763 1768 episcopo,
841 1697 947 1750 sub
1028 1696 1332 1765 prasentia
1411 1696 1644 1765 gloriosi
1723 1694 1874 1764 regis
1959 1694 2163 1760 Caroli,

2298 1722 2342 1758 .n
2385 1705 2555 1760 tertia
2601 1705 2851 1759 sessione
2896 1706 3399 1759 acclamaverunt:
3447 1704 3595 1759 Sane
3623 1705 3830 1775 dignum
3853 1713 3910 1759 est

477 1786 692 1857 synodo
721 1784 1080 1855 prasidebat.

481 1893 608 1947 Car.
671 1891 938 1946 CXCVIII.
991 1920 1058 1930 —
1107 1893 1184 1944 De
1247 1891 1560 1944 clericorum
1615 1888 2062 1943 accusatoribus:
2123 1891 2173 1942 si

547 1978 715 2016 unum
749 1978 816 2014 ea:
845 1961 1066 2028 objectis
1109 1961 1344 2030 probare
1393 1976 1499 2013 non
1533 1962 1832 2029 potuerint,
1871 1959 1944 2012 ad
1979 1963 2172 2014 caetera

547 2049 654 2086 non
683 2032 1069 2086 admittantur.

549 2138 665 2208 (Ere
693 2137 880 2191 concil.
924 2136 1214 2204 Africano,
1243 2150 1362 2204 cap.
1397 2137 1513 2200 75.)
1558 2136 1702 2187 Item
1744 2134 1982 2204 placuit,
2036 2151 2174 2205 quo-

480 2226 839 2296 tiescumque
869 2223 1089 2277 clericis
1119 2224 1189 2277 ab
1229 2222 1657 2276 accusatoribus
1703 2223 1885 2276 multa
1933 2223 2176 2277 crimina

480 2313 845 2382 objiciuntur,
880 2317 936 2366 et
969 2328 1150 2366 unum
1183 2328 1249 2365 ex
1291 2311 1430 2380 ipsis
1463 2311 1532 2365 de
1567 2327 1682 2381 quo
1729 2310 1888 2381 prius
1929 2312 2172 2381 egerint,

479 2401 726 2472 probare
776 2416 890 2454 non
921 2399 1223 2465 valuerint,
1280 2399 1350 2452 ad
1397 2403 1604 2452 catera
1643 2399 1765 2469 jam
1799 2415 1918 2452 non
1966 2399 2175 2453 admit-

480 2494 693 2543 tantur.

481 2598 613 2653 Car.
647 2594 862 2650 CXCIX.
909 2623 978 2634 —
1016 2595 1096 2648 De
1142 2596 1388 2662 episcopo
1425 2597 1522 2648 aut
1544 2593 1882 2663 presbytero,
1917 2596 1969 2647 si
2013 2609 2179 2648 causa

551 2666 856 2721 criminalis
899 2668 976 2718 eis
1025 2670 1283 2734 reputata
1326 2666 1518 2732 fuerit,
1565 2664 1826 2734 quomodo
1881 2679 1937 2718 se
1974 2679 2176 2734 expur-

552 2752 683 2806 gare
713 2736 959 2790 debeant.

553 2843 663 2907 (Ea:
701 2841 885 2895 concil.
953 2841 1336 2906 Wormacien.,
1383 2855 1504 2910 cap.
1564 2842 1637 2907 8.)
1679 2839 1735 2894 Si
1775 2839 2042 2910 episcopo
2081 2843 2181 2894 aut

482 2931 812 3000 presbytero
862 2945 1032 2982 causa
1085 2929 1419 2994 criminalis,
1481 2928 1880 2993 homicidium,
1954 2927 2181 2982 adulte-

2281 1799 2368 1859 ut,
2408 1792 2552 1847 sicut
2599 1794 2920 1847 sacerdotes
2966 1793 3054 1846 vel
3095 1793 3332 1846 clericos
3374 1793 3438 1845 in
3470 1809 3572 1846 sua
3620 1795 3910 1847 accusatione

2278 1883 2369 1934 vel
2403 1881 2771 1935 sacularibus
2812 1881 3042 1951 judiciis
3078 1881 3206 1934 laici
3253 1897 3372 1934 non
3413 1881 3710 1950 recipiunt,
3740 1881 3804 1934 ita
3836 1882 3908 1951 ipsi

2280 1969 2342 2022 in
2391 1970 2748 2024 sacerdotum
2799 1970 2884 2023 vel
2942 1969 3281 2023 clericorum
3340 1969 3796 2030 accusationibus,
3839 1985 3910 2022 seu

2281 2057 2672 2110 ecclesiasticis
2703 2056 2964 2126 negotiis,
3005 2056 3114 2110 nisi
3163 2066 3367 2126 sponte
3399 2057 3793 2124 collaudentur,
3826 2073 3909 2110 non

2282 2145 2666 2216 recipiantur:
2717 2145 2986 2215 quoniam
3046 2145 3459 2200 inconveniens
3518 2151 3604 2200 est
3650 2151 3707 2199 ut
3755 2145 3804 2200 hi
3839 2146 3908 2215 qui

2284 2233 2389 2285 hos
2412 2237 2712 2303 respuunt,
2743 2232 2812 2286 ab
2843 2232 2932 2286 his
2951 2231 3324 2302 recipiantur.

2284 2321 2416 2376 Car.
2465 2321 2634 2375 CCIV.
2683 2349 2744 2360 —-
2798 2322 2864 2375 Ut
2912 2321 3275 2374 testimonium
3317 2320 3452 2375 laici
3499 2326 3682 2375 contra
3722 2321 3910 2374 cleriwm

2897 2406 3048 2444 nemo
3069 2393 3355 2460 suscipiat.

2355 2481 2464 2544 (Em
2524 2479 2712 2534 concil.
2791 2479 3148 2544 Triburiensi,
3221 2495 3342 2548 cap.
3425 2479 3508 2549 4.)
3572 2478 3914 2533 Testimonium

2285 2566 2416 2620 laici
2441 2567 2711 2620 adversus
2739 2567 3007 2620 clericum
3041 2583 3212 2621 nemo
3243 2567 3540 2638 suscipiat.

2287 2675 2417 2730 Car.
2469 2673 2618 2726 CCV.
2653 2702 2720 2714 —-
2748 2676 2824 2728 De
2861 2673 3150 2736 ordinatis,
3198 2676 3249 2728 si
3289 2677 3541 2728 accusati
3582 2675 3788 2741 fuerint,
3826 2679 3917 2742 quot

2678 2761 2900 2815 testibus
2930 2775 2985 2814 se
3005 2775 3266 2815 excusare
3285 2761 3593 2816 debuerint.

2361 2851 2471 2918 (Ea:
2512 2850 2700 2904 concil.
2734 2849 3145 2916 Carthaginen.,
3180 2864 3300 2917 cap.
3343 2850 3467 2918 20.)
3496 2848 3555 2903 Si
3600 2853 3772 2902 autem
3798 2863 3918 2918 pres-

2287 2937 2476 3009 byteri
2506 2939 2593 2991 vel
2624 2937 2848 2991 diaconi
2891 2936 3109 2990 fuerint
3141 2937 3412 3002 accusati,
3451 2937 3711 3006 adjuncto
3747 2936 3836 2989 sibi
3872 2951 3915 2986 ex

482 3017 634 3070 rium
681 3023 738 3070 et
790 3016 1134 3070 maleﬁcium
1183 3020 1516 3086 reputatum
1569 3015 1764 3081 fuerit,
1823 3015 1884 3068 in
1933 3015 2175 3084 singulis
2211 3018 2250 3072 C
2290 3025 2488 3079 vicinis
2546 3025 2679 3080 locis
2745 3025 3014 3096 proprius
3065 3025 3367 3096 episcopus
3428 3025 3688 3096 legitimo
3734 3040 3916 3079 numero

485 3105 710 3160 Missam
759 3108 1002 3158 tractare
1049 3104 1237 3169 debet,
1269 3107 1326 3158 et
1367 3103 1657 3158 Secretam
1686 3103 1917 3172 publice
1961 3102 2172 3168 dicere,

485 3197 542 3246 et
570 3191 1014 3254 communicare,
1046 3197 1102 3244 et
1139 3191 1209 3244 de
1259 3190 1500 3260 singulis
1533 3189 1638 3243 sibi
1683 3190 1960 3260 reputatis
2006 3191 2175 3244 inno-

487 3283 710 3332 centem
758 3293 817 3332 se
873 3277 1190 3331 ostendere.
1251 3277 1412 3340 Quod
1467 3276 1515 3329 si
1563 3292 1678 3330 non
1731 3277 1949 3346 fecerit,
2007 3277 2175 3349 quin-

479 3365 740 3436 quennio
774 3381 804 3419 a
835 3364 1131 3418 liminibus
1157 3364 1408 3418 ecclesia
1438 3368 1744 3417 extranens
1772 3364 2068 3419 habeatur.

630 3470 758 3525 CAP.
793 3469 896 3526 CC.
921 3499 988 3511 —-
1015 3472 1082 3525 Ut
1104 3470 1286 3523 clerici
1313 3469 1381 3522 ab
1403 3469 1597 3522 alienis
1620 3468 1903 3537 judicibus
1931 3485 2038 3524 non

1095 3541 1562 3607 constringuntur.

555 3632 666 3699 (Ea:
720 3630 863 3685 decr.
923 3628 1166 3683 Adriani
1191 3643 1372 3697 papa,
1419 3643 1538 3696 cap.
1583 3627 1697 3696 38.)
1729 3627 1792 3681 In
1838 3628 2178 3682 clericorum

485 3735 654 3773 causa
681 3717 1014 3789 hujusmodi
1044 3717 1227 3771 forma
1260 3720 1534 3780 servetur,
1567 3720 1632 3769 ut
1677 3731 2047 3788 nequaquam
2083 3733 2180 3772 eos

487 3808 772 3863 sententia
801 3823 916 3861 non
937 3823 971 3860 a
995 3822 1098 3861 suo
1121 3805 1314 3876 judice
1345 3804 1496 3858 dicta
1525 3805 1893 3876 constringat.

487 3913 616 3968 CAP.
653 3913 781 3966 CCI.
817 3942 886 3952 —
937 3911 1326 3967 Criminantem
1355 3910 1578 3978 injuste,
1615 3913 1665 3963 et
1693 3925 1800 3964 non
1841 3911 2178 3978 probantem,

555 3983 864 4038 verberibus
915 3982 1126 4050 publice
1175 3981 1572 4047 castigandum,
1619 3985 1670 4033 et
1718 3983 1774 4034 in
1822 3981 2049 4035 emilium
2093 3982 2181 4036 de-

551 4053 907 4124 portandum.

558 4158 668 4228 (Ea:
724 4172 874 4224 regn.
933 4156 1009 4210 ad
1067 4157 1385 4208 Antemium
1439 4154 1829 4209 subdiaconum
1891 4155 2180 4224 Campam,

487 4261 608 4314 cap.
658 4244 810 4312 20L)
856 4243 1001 4296 Cum
1042 4241 1244 4296 fortius
1287 4241 1582 4312 punienda
1629 4242 1742 4296 sint
1771 4242 2015 4297 crimina
2053 4259 2183 4313 qua

489 4331 813 4386 insontibus
843 4335 900 4384 et
942 4330 1192 4384 maxime
1226 4330 1458 4384 sacratis
1490 4329 1784 4384 ordinibus
1814 4330 2179 4401 ingeruntur,

491 4435 667 4489 quam
699 4418 822 4472 sitis
867 4418 1197 4488 culpabiles,
1230 4434 1430 4473 omnes
1483 4419 1582 4488 qui
1633 4417 1692 4470 in
1731 4434 1904 4472 causa
1950 4418 2186 4471 Joannis

493 4506 721 4562 diaconi
777 4506 1089 4571 resedistis,
1141 4507 1434 4573 attendite,
1483 4512 1548 4561 ut
1606 4507 1866 4561 Hilarum
1919 4505 2187 4559 crimina-

491 4598 678 4648 torem
710 4593 910 4663 ipsius,
966 4594 1122 4647 nulla
1156 4611 1224 4648 ex
1254 4593 1592 4666 deﬁnitione
1634 4599 1820 4647 vestra
1863 4609 2034 4663 pana
2081 4609 2186 4647 ve-

490 4682 653 4736 niens
701 4681 1022 4752 castigaret.
1059 4683 1172 4736 Nec
1202 4683 1344 4736 illud
1384 4682 1456 4736 ad
1487 4680 1913 4736 excusationem
1939 4685 2184 4735 vestram

490 4787 612 4825 esse
665 4771 906 4825 credatis
957 4771 1254 4836 idoneum,
1305 4771 1462 4840 quod
1500 4769 1660 4824 vobis
1715 4768 1880 4840 quasi
1923 4769 2184 4838 judicare

488 4858 814 4914 volentibus
863 4859 1020 4913 solns
1069 4857 1248 4913 frater
1292 4863 1348 4912 et
1389 4857 1758 4928 coepiscopus
1796 4862 1998 4911 noster
2045 4859 2184 4912 Pas-

487 4947 711 5001 chasius
743 4946 952 5001 dicitur
981 4946 1271 5001 detulisse.
1299 4947 1439 5001 Nam
1471 4946 1518 5000 si
1548 4945 1702 4999 zelus
1724 4945 1788 4999 in
1818 4944 1980 5000 vobis
2012 4945 2184 5000 recti-

484 5035 702 5090 tudinis
739 5035 1036 5105 viguisset,
1085 5034 1308 5089 facilius
1337 5035 1438 5088 uni
1473 5051 1504 5088 a
1539 5034 1736 5088 multis
1765 5033 2184 5088 rationabiliter

487 5123 737 5189 suaderi,
789 5138 966 5193 quam
1019 5123 1185 5176 multi
1242 5123 1315 5177 ab
1357 5139 1474 5177 uno
1526 5127 1796 5193 poterant
1835 5123 1960 5177 sine
2013 5139 2184 5177 causa

487 5210 726 5266 differri.
762 5210 908 5275 Quia
936 5227 1073 5282 ergo
1101 5215 1278 5266 tanta
1304 5211 1579 5281 nequitia
1608 5212 1826 5265 malum
1853 5211 1976 5265 sine
2008 5209 2183 5281 digna

489 5314 604 5353 non
650 5299 820 5354 debet
875 5300 1097 5354 ultione
1126 5299 1392 5366 transire,
1435 5299 1893 5369 suprascriptum
1946 5299 2182 5353 fratrem

489 5391 745 5442 nostrum
778 5387 1143 5442 Paschasium
1182 5387 1450 5442 volumus
1475 5386 1772 5442 admoneri
1801 5391 1866 5442 ut
1911 5387 2182 5442 eumdem

489 5475 748 5530 Hilarum
777 5476 939 5546 prius
959 5475 1417 5542 subdiaconatus,
1454 5491 1569 5546 quo
1596 5475 1872 5547 indignus
1895 5475 2176 5546 fungitur,

488 5563 677 5635 privet
722 5563 931 5631 ofﬁcio,
972 5568 1144 5634 atque
1187 5563 1522 5621 verberibus
1563 5564 1794 5636 publice
1836 5563 2178 5634 castigatum

2286 3114 2636 3184 collegarum
2665 3129 2808 3184 quos
2840 3113 2909 3166 ab
2939 3113 3145 3166 eodem
3176 3113 3430 3166 accusati
3467 3114 3742 3184 petierint,
3773 3112 3820 3165 id
3844 3119 3912 3170 est,

2287 3219 2403 3256 una
2453 3217 2646 3256 secum
2699 3201 2759 3255 in
2827 3200 3167 3271 presbyterii
3213 3202 3455 3255 nomine
3503 3203 3570 3256 VI
3620 3202 3679 3255 in
3728 3199 3914 3255 diaconii

2286 3290 2490 3357 tribus,
2523 3289 2780 3360 ipsorum
2833 3306 3031 3343 causas
3070 3289 3358 3354 discutiat,
3409 3290 3613 3344 eadem
3657 3290 3846 3344 dierum
3878 3291 3913 3337 et

2288 3379 2656 3446 dilationum,
2689 3383 2745 3432 et
2788 3394 2821 3432 a
2856 3378 3265 3432 communione
3310 3379 3716 3442 remotionum,
3761 3388 3806 3430 et
3835 3374 3912 3427 dis-

2286 3467 2548 3522 cussione
2597 3482 2975 3537 personarum
3028 3466 3180 3520 inter
3212 3472 3596 3533 accusatores,
3642 3473 3695 3521 et
3736 3482 3816 3520 eas
3847 3461 3912 3532 qui

2287 3559 2630 3608 accusantur
2659 3555 2844 3608 forma
2871 3559 3112 3611 servata.
3158 3555 3542 3625 Reliquorum
3589 3558 3767 3608 autem
3803 3550 3912 3605 cleri-

2287 3657 2486 3697 corum
2513 3658 2731 3712 causas,
2769 3643 2940 3698 etiam
2972 3643 3128 3697 solus
3161 3643 3466 3714 episcopus
3496 3643 3607 3698 loci
3631 3646 3857 3713 agnoscat
3877 3642 3910 3690 et

2288 3729 2474 3786 ﬁniat.

2290 3819 2419 3873 CAP.
2451 3819 2626 3874 CCVI.
2667 3850 2736 3858 —
2766 3821 2840 3873 De
2876 3818 3188 3873 substantia
3232 3819 3487 3884 defuncti
3519 3820 3815 3890 presbyteri,
3853 3832 3909 3868 cu-

2887 3890 2987 3957 jus
3025 3905 3137 3944 esse
3163 3891 3368 3944 debeat.

2363 3978 2472 4048 (Ea;
2495 3993 2639 4032 conc.
2693 3978 3046 4042 Triburiensi,
3080 3980 3170 4032 cui
3212 3980 3472 4045 interfuit
3503 3977 3797 4047 Arnolphus
3834 3988 3908 4033 rex.

2290 4079 2392 4132 cap
2439 4064 2552 4133 23.)
2613 4065 2820 4119 Sancto
2868 4065 3113 4120 concilio
3160 4066 3398 4119 allatum
3447 4071 3534 4120 est
3573 4067 3719 4137 quod
3745 4062 3909 4134 quidam

2290 4152 2424 4205 laici
2469 4153 2731 4223 improbe
2760 4159 2932 4223 agant
2977 4159 3175 4208 contra
3218 4155 3585 4226 presbyteros
3614 4169 3754 4220 suos,
3790 4153 3849 4204 ita
3875 4155 3910 4199 ni

2297 4241 2367 4294 de
2411 4241 2778 4295 morientium
2797 4241 3262 4312 presbyterorum
3300 4243 3620 4297 substantia
3653 4246 3813 4312 partes
3845 4234 3912 4289 sibi

2295 4327 2582 4384 vindicent
2610 4330 2780 4384 sicuti
2829 4331 2897 4384 de
2928 4331 3180 4401 propriis
3218 4331 3414 4384 servis.
3450 4326 3915 4385 Interdicimusita-

2295 4432 2406 4487 que
2437 4417 2708 4471 canonica
2755 4419 3092 4472 auctoritate
3142 4435 3212 4473 ne
3253 4419 3363 4472 hoc
3416 4420 3653 4473 ulterius
3691 4418 3806 4471 fiat:
3853 4410 3915 4464 sed

2293 4505 2460 4560 sicuti
2491 4506 2656 4560 liberi
2701 4507 2835 4560 facti
2879 4512 3016 4561 sunt
3055 4507 3130 4562 ad
3180 4508 3606 4577 suscipiendum
3641 4505 3847 4576 gradum
3882 4504 3918 4550 et

2294 4595 2580 4664 agendum
2611 4594 2867 4649 divinum
2913 4595 3189 4662 ofﬁcium,
3223 4597 3299 4650 ita
3333 4597 3478 4650 nihil
3519 4596 3591 4650 ab
3619 4596 3695 4648 eis
3721 4593 3923 4660 exigatur

2293 4688 2504 4753 prater
2535 4683 2792 4738 divinum
2819 4683 3094 4738 ofﬁcium.
3135 4687 3211 4739 De
3242 4684 3523 4754 peculiari
3555 4699 3680 4738 vero
3710 4678 3921 4734 δέρει-ὀο-

2292 4776 2416 4825 tum
2465 4771 2606 4824 nihil
2639 4771 2748 4826 sibi
2793 4777 3092 4842 usurpent,
3121 4773 3218 4827 sed
3250 4778 3434 4826 totum
3475 4773 3535 4826 in
3567 4775 3792 4842 quatuor
3815 4763 3921 4820 divi-

2292 4859 2461 4914 datur
2510 4865 2725 4930 partes,
2776 4875 2890 4913 una
2931 4861 3218 4930 episcopo,
3264 4860 3375 4914 alia
3418 4860 3607 4928 altari,
3638 4858 3786 4912 tertia
3817 4866 3919 4922 pau-

2293 4948 2547 5017 peribus,
2596 4952 2804 5018 quarta
2848 4949 3221 5018 parentibus:
3273 4954 3328 5002 et
3365 4949 3412 5002 si
3456 4963 3572 5002 non
3614 4951 3738 5000 sunt
3774 4935 3919 4996 idonei

2293 5040 2578 5106 parentes,
2613 5037 2916 5108 episcopus
2959 5052 3085 5090 eam
3118 5037 3375 5108 recipiat,
3406 5041 3465 5090 et
3491 5037 3552 5090 in
3592 5048 3747 5089 usum
3775 5027 3917 5084 Ecclec

2293 5123 2390 5177 sia
2424 5122 2730 5193 diligenter
2772 5122 3097 5176 distribuat.
3151 5124 3216 5176 Et
3253 5123 3300 5176 si
3347 5121 3472 5192 quis
3514 5126 3701 5176 contra
3727 5117 3829 5171 bac
3855 5111 3912 5164 fa-

2292 5226 2418 5265 cere
2448 5210 2902 5281 praesumpserit,
2933 5210 3466 5265 anathematizetur.

2294 5315 2422 5371 CAP.
2475 5314 2685 5373 CCVII.
2737 5345 2808 5358 —
2851 5318 2926 5371 De
2986 5315 3318 5382 presbyteris
3363 5315 3461 5384 qui
3505 5315 3620 5368 sine
3668 5303 3910 5365 testammlv

2954 5385 3324 5440 discesserint.

2363 5477 2472 5540 (Eo:
2499 5475 2700 5542 eodem,
2731 5490 2850 5544 cap.
2908 5473 3014 5543 14.)
3067 5473 3127 5527 Si
3158 5473 3509 5545 quiscunque
3547 5486 3608 5525 ex
3654 5464 3814 5538 gradu
3849 5471 3908 5512 ec-

2295 5563 2607 5618 clesiastico
2663 5563 2786 5618 sine
2846 5567 3190 5617 testamento
3246 5567 3302 5616 et
3347 5560 3465 5615 sine
3507 5555 3818 5628 cognatione
3853 5545 3913 5598 di-
