3976 6194
112 284 203 334 661
1056 281 1537 342 DECRETORUM
1578 286 1768 342 LIBRI
1806 289 1913 343 XX.
1955 317 2024 327 —
2064 288 2279 345 LIBER
2316 288 2683 344 SECUNDUS.

3506 300 3609 353 662

109 404 389 457 scesserit.
428 403 730 458 haereditas
777 405 901 475 ejus
941 404 1013 459 ad
1057 406 1374 473 ecclesiam,
1408 407 1507 462 ubi
1555 409 1801 479 servivit,
1833 412 1879 464 A
1918 416 2180 465 mutuam
2223 411 2440 465 caedem
2487 412 2875 482 proruperint,
2910 418 3083 484 prout
3112 415 3358 485 dignitas
3389 418 3610 472 ofticio—

110 492 467 546 devolvatur.
502 492 772 547 Similiter
802 494 871 548 de
900 494 1447 550 sanctimonialibus.

109 600 235 653 Cap.
273 598 503 654 CCVIII.
547 629 615 639 —
646 602 720 654 De
766 601 993 725 clmjcist
1016 603 1113 669 qui
1143 603 1428 657 Iaicalibus
1475 607 1803 660 vestimentis

834 688 870 725 ιι
896 688 967 725 un
996 688 1081 725 ur.

834 677 1081 725 utuntur.

172 760 287 825 (Ea:
318 759 525 825 eodem,
571 775 689 828 cap.
720 760 832 829 27.)
877 761 945 814 Ut
976 761 1269 815 laicalibus
1299 763 1649 818 vestimentis
1688 765 1801 818 cle-

107 848 207 900 rici
265 864 381 901 non
438 852 696 914 utantur,
751 848 810 902 id
859 853 964 915 est,
1014 850 1286 904 mantello
1334 852 1421 905 vel
1470 856 1635 916 cotto,
1684 852 1801 906 sive

100 952 296 1005 cappa,
368 952 471 990 nec
499 936 761 1006 pretiosis
792 943 849 991 et
892 937 1100 1008 ineptis
1130 939 1548 1006 calceamentis,
1590 946 1645 995 et
1675 941 1800 994 aliis

105 1023 422 1077 novitatum
472 1024 840 1090 vanitatibus,
889 1026 989 1079 sed
1020 1026 1289 1096 religioso
1336 1032 1392 1081 et
1434 1028 1657 1083 decenti
1703 1030 1800 1082 ha-

106 1112 229 1164 bitu
259 1112 452 1166 induti
482 1112 769 1166 incedant.

524 1202 653 1255 CAP.
698 1201 865 1256 CCIX.
897 1232 965 1241 ——
995 1206 1069 1258 De
1096 1203 1279 1258 eadem
1306 1220 1382 1258 re.

171 1288 281 1355 (Ea:
328 1289 515 1343 concil.
550 1290 959 1358 Carthaginem,
994 1308 1112 1359 cap.
1147 1292 1259 1362 45.)
1301 1293 1548 1348 Clericus
1578 1295 1795 1364 profes-

106 1375 327 1429 sionem
380 1392 541 1429 suam
602 1378 773 1432 etiam
829 1368 1133 1432 habitu'et
1179 1379 1402 1434 incessu
1459 1380 1679 1450 probet,
1742 1382 1797 1431 et

104 1462 313 1518 idoneo
391 1480 492 1518 nec
568 1465 817 1520 vestibus
892 1482 995 1520 nec
1059 1467 1456 1522 calceamentis
1530 1468 1792 1521 decorem

102 1558 342 1620 quaerat.

102 1641 224 1695 Cap.
263 1641 410 1696 CCX.
446 1672 509 1681 —
542 1645 615 1696 De
659 1644 867 1767 clerici;
911 1646 1026 1768 ἵκει
1058 1646 1227 1699 ociose
1256 1646 1313 1698 in
1358 1644 1621 1699 nundinis
1668 1660 1791 1699 am-

873 1730 904 1767 ιι
931 1730 1000 1767 an
1034 1756 1046 1766 .

873 1730 904 1767 ll
911 1730 1026 1767 ιαηι
1034 1756 1046 1766 .

165 1798 277 1867 (Ea:
306 1799 486 1853 eodem
524 1802 735 1865 concil.,
767 1816 886 1869 cap.
924 1802 1038 1869 48.)
1074 1799 1321 1854 Clericus
1358 1800 1477 1870 qui,
1523 1816 1638 1854 non
1686 1817 1790 1871 pro

105 1888 343 1940 emendo
373 1887 613 1958 aliquid,
646 1888 707 1941 in
736 1888 1008 1942 nundinis
1039 1889 1125 1942 vel
1177 1889 1235 1941 in
1265 1888 1390 1943 foro
1438 1888 1786 1958 deambulat,

106 1976 164 2029 ab
190 1976 383 2029 oﬂicio
414 1992 514 2029 suo
543 1976 908 2047 degradetur.

108 2080 223 2135 CAP.
280 2082 453 2137 CCXI.
504 2112 572 2122 —-
642 2084 708 2137 Ut
770 2082 971 2207 nullust
1004 2099 1079 2207 tea:
1138 2084 1275 2137 clero
1327 2099 1483 2137 arma
1519 2085 1791 2139 militaria

848 2170 946 2207 nor
974 2170 998 2205 e
1031 2193 1042 2205 .

847 2170 1042 2222 portet.

165 2240 273 2304 (Ea:
316 2239 494 2294 eodem
537 2242 723 2295 concil.
769 2258 891 2310 cap.
962 2241 1077 2309 48.)
1129 2241 1467 2312 Quicunque
1518 2256 1589 2295 ex
1636 2242 1787 2296 clero

105 2344 215 2381 esse
244 2328 533 2395 videntur,
567 2345 723 2383 arma
743 2328 1017 2384 militaria
1047 2346 1163 2383 non
1186 2335 1432 2397 sumant,
1459 2346 1562 2383 nec
1581 2333 1787 2385 armati

102 2417 378 2482 incedant,
426 2417 525 2471 sed
558 2418 928 2487 professionis
972 2436 1091 2473 suae
1128 2419 1471 2473 vocabulum
1504 2419 1786 2489 religiosis

103 2505 351 2559 moribus
381 2511 437 2560 et
466 2507 738 2576 religioso
770 2507 970 2560 habitu
1016 2508 1329 2577 praebeant.
1364 2508 1527 2572 Quod
1568 2509 1615 2561 si
1652 2525 1783 2562 con-

99 2593 448 2663 tempserint,
478 2597 753 2663 tanquam
784 2610 1076 2648 sacrorum
1108 2611 1394 2648 canonum
1425 2601 1784 2667 contempto-

96 2697 179 2734 res
228 2687 282 2735 et
327 2682 717 2735 ecclesiasticae
746 2683 1062 2737 sanctitatis
1108 2683 1518 2754 profanatores,
1564 2686 1783 2755 proprii

96 2770 304 2836 gradus
360 2770 668 2823 amissione
722 2773 1114 2825 mulctentur:
1176 2772 1310 2843 quia
1366 2789 1483 2826 non
1544 2779 1784 2843 possunt

94 2858 259 2911 simul
293 2859 407 2911 Deo
434 2861 492 2911 et
520 2859 729 2912 saeculo
756 2859 1027 2914 militare.

1916 515 2045 553 rum
2098 498 2158 553 in
2186 499 2284 552 tali
2311 515 2541 554 excessu
2572 501 2983 556 contumeliam
3028 504 3351 572 pertulerit,
3384 522 3418 559 a
3459 522 3607 576 pon-

1913 587 2065 641 tiﬁce
2093 587 2404 642 districtius
2433 587 2771 644 vindicetur.

2294 675 2422 730 CAP.
2454 676 2695 730 CCXVII.
2729 707 2797 716 ——
2830 680 2901 731 De
2929 678 3113 732 eadem
3144 694 3220 733 re.

1984 763 2093 835 (Ea:
2121 763 2322 831 eodem,
2346 779 2472 832 cap.
2503 764 2581 835 7.)
2616 765 2809 818 Frater
2838 766 2900 819 in
2934 767 3168 821 fratrem
3199 768 3245 820 si
3275 783 3447 822 ausus
3474 769 3607 824 tne—-

1911 852 1986 905 rit
2048 868 2285 907 manum
2352 852 2603 918 mittere,
2659 853 2976 923 legitimam
3035 854 3398 925 disciplinam
3467 858 3606 912 acci-

1910 941 2047 1012 piat.

1910 1030 2035 1084 CAP.
2073 1030 2336 1085 CCXVIII.
2370 1061 2436 1069 —
2469 1032 2551 1084 De
2577 1033 2774 1099 ofﬁciis
2804 1037 2853 1085 et
2894 1034 3213 1087 ministeriis
3250 1039 3449 1102 septem
3478 1036 3601 1088 dia-

1980 1117 2229 1155 conorum
2276 1118 2398 1156 cum
2460 1102 2878 1156 subdiaconibus
2936 1108 2985 1156 et
3049 1107 3383 1172 sequentium
3443 1106 3601 1161 ordi-

1977 1187 2104 1226 num
2138 1174 2407 1226 ministris
2437 1174 2808 1227 observandis.

1978 1261 2088 1328 (Ea:
2116 1276 2198 1330 ep.
2222 1261 2453 1314 Fabiani
2482 1276 2659 1330 papae,
2688 1278 2807 1330 cap.
2841 1261 2918 1332 2.)
2949 1263 3177 1332 Septem
3207 1279 3342 1334 ergo
3374 1264 3601 1318 diaconi

1905 1347 2019 1400 sint
2049 1348 2107 1401 in
2140 1349 2279 1402 urbe
2319 1350 2502 1403 Roma
2532 1365 2634 1418 per
2663 1356 2884 1419 septem
2922 1351 3186 1420 regiones
3224 1352 3491 1419 civitatis,
3522 1353 3598 1406 si-

1904 1440 2000 1489 cut
2029 1452 2061 1488 a
2094 1435 2353 1504 patribus
2400 1437 2746 1506 accepimus,
2793 1437 2892 1507 qui
2936 1453 3039 1507 per
3069 1437 3324 1506 singulas
3378 1440 3599 1494 hebdo-

1904 1527 2102 1576 madas
2134 1527 2189 1576 et
2204 1523 2517 1577 dominicos
2544 1524 2683 1590 dies,
2707 1530 2877 1595 atque
2898 1524 3271 1579 festivitatum
3296 1527 3595 1596 solemnia,

1903 1626 2034 1663 cum
2066 1610 2511 1664 subdiaconibus
2543 1615 2598 1664 et
2627 1612 2924 1681 acolythis,
2956 1627 3019 1664 ac
3048 1613 3411 1682 sequentium
3442 1614 3595 1667 ordi-

1823 1688 1863 1740 Β
1904 1715 2042 1753 num
2080 1698 2378 1765 ministris,
2413 1698 2670 1769 injuncta
2697 1699 2804 1753 sibi
2837 1699 3141 1754 observent
3168 1700 3507 1768 ministeria,
3540 1706 3597 1756 et

1901 1788 2085 1858 parati
2105 1788 2264 1842 omni
2286 1789 2427 1842 hora
2447 1788 2560 1841 sint
2583 1788 2652 1842 ad
2671 1788 2927 1841 divinum
2949 1788 3222 1855 ofﬁcium,
3243 1793 3298 1842 et
3318 1790 3596 1860 quidquid

1901 1877 1979 1930 eis
2009 1877 2332 1946 injungitur
2378 1877 2795 1946 peragendum.
2829 1876 3105 1931 Similiter
3135 1882 3190 1931 et
3235 1878 3395 1931 vobis
3426 1884 3603 1949 prout

1900 1970 2290 2036 Opportunum
2336 1964 2525 2032 fuerit,
2557 1981 2660 2035 per
2690 1965 2943 2035 singulas
2984 1965 3238 2019 civitates
3269 1971 3353 2020 est
3381 1967 3591 2022 facien-

1900 2053 2037 2107 dum
2067 2059 2131 2107 ut
2161 2052 2442 2118 divinum,
2491 2052 2706 2123 absque
2748 2054 2863 2105 ulla
2893 2069 3053 2106 mora
3083 2058 3182 2107 aut
3220 2055 3590 2125 negligentia,

1899 2141 2152 2196 studiose
2178 2157 2242 2194 ac
2272 2141 2606 2194 solemniter
2630 2146 2834 2211 agatur
2866 2141 3139 2195 ofﬁcium.

2040 2230 2165 2284 CAP.
2210 2228 2420 2284 CCXIX.
2458 2259 2524 2268 —
2554 2232 2626 2283 De
2654 2245 2874 2284 numero
2905 2235 3044 2284 certo
3075 2230 3444 2285 diaconorum.

1968 2318 2076 2388 (Ea:
2134 2318 2321 2373 concil.
2381 2319 2700 2383 Neocaesar.,
2758 2334 2878 2387 cap.
2942 2318 3047 2386 14.)
3094 2318 3330 2372 Diaconi
3370 2324 3589 2389 septem

1898 2405 2108 2460 debent
2139 2422 2258 2460 esse
2300 2406 2463 2475 juxta
2493 2406 2775 2477 regulam,
2815 2406 2948 2460 licet
2991 2412 3047 2461 et
3077 2406 3237 2460 valde
3266 2423 3477 2477 magna
3519 2409 3591 2463 sit

1896 2494 2112 2547 civitas.
2146 2494 2399 2565 Idipsum
2429 2498 2621 2548 autem
2650 2498 2702 2548 et
2732 2496 2975 2549 Actuum
3022 2496 3415 2565 apostolorum
3444 2496 3589 2551 liber

1894 2581 2169 2635 insinuat.

2312 2671 2439 2725 CAP.
2472 2670 2656 2724 CCXX.
2687 2701 2753 2710 —
2782 2673 2855 2725 De
2882 2670 3065 2726 eadem
3094 2687 3171 2725 re.

1966 2760 2070 2827 (Ea:
2112 2760 2301 2813 concil.
2348 2761 2737 2828 episcoporum,
2783 2762 2881 2827 qui
2917 2763 2976 2813 in
3015 2762 3230 2814 Ancira
3260 2765 3310 2814 et
3348 2762 3587 2817 Caesaria

1892 2852 2268 2916 convenerunt,
2319 2863 2439 2916 cap.
2502 2850 2580 2915 9.)
2642 2847 2875 2901 Diaconi
2932 2853 3148 2918 septem
3197 2865 3320 2903 esse
3378 2849 3586 2902 debent

95 2965 216 3018 Cap.
267 2964 461 3018 CCXII.
513 2994 582 3004 ~—
636 2968 702 3019 Ut
747 2981 923 3019 omnes
952 2967 1135 3020 clerici
1178 2969 1354 3031 magis
1401 2968 1672 3035 confidant
1722 2971 1781 3022 in
1813 2964 1852 3019 C
1891 2936 2207 3035 δθθῃξλόυω
2250 2935 2832 3035 .relil‘mm’fiflim‘”?
2877 2951 3088 3035 .magna
3117 2936 3187 2989 Sit
3214 2936 3443 3035 .CEVitas'
3482 2935 3585 2991 Gai

468 3036 775 3102 defensione
802 3039 899 3091 Dei
929 3052 1091 3106 quam
1120 3039 1178 3090 in
1208 3040 1395 3091 armis.

158 3125 267 3188 (Ex
320 3125 507 3177 concil.
568 3125 945 3189 Aurelianen.,
996 3140 1115 3192 cap.
1162 3124 1236 3194 9.)
1294 3126 1648 3180 Omnimodis
1694 3106 1778 3179 di-

94 3212 328 3264 cendum
370 3217 457 3265 est
501 3212 848 3283 presbyteris
895 3218 952 3266 et
988 3213 1319 3267 diaconibus
1366 3218 1427 3268 ut
1463 3231 1623 3269 arma
1662 3232 1778 3269 non

93 3305 333 3366 portent,
366 3301 466 3354 sed
488 3301 671 3371 magis
701 3300 992 3355 conﬁdant
1024 3301 1081 3353 in
1112 3301 1440 3356 defensione
1474 3304 1574 3357 Dei
1604 3319 1777 3373 quam

94 3402 145 3439 ΙΙ]
175 3403 368 3441 armis.

94 3475 218 3529 Cap.
254 3475 477 3530 CCXIII.
530 3506 602 3517 —
631 3478 713 3531 De
742 3479 852 3532 illis
897 3481 1011 3547 qui,
1053 3495 1121 3532 ea:
1167 3481 1519 3535 ecclesiastico
1566 3481 1772 3547 ordine,

243 3552 339 3599 aut
366 3553 653 3612 venantur,
689 3553 784 3601 aut
814 3565 932 3603 cum
957 3551 1315 3618 accipitribus
1337 3554 1613 3619 Joeantur.

158 3636 260 3699 (Ea:
294 3636 484 3688 concil.
509 3621 813 3702 'Meldensi,
849 3653 969 3706 cap.
1014 3638 1091 3707 8.)
1135 3638 1495 3708 Episcopum,
1543 3638 1777 3707 presby-

92 3726 268 3775 terum
296 3726 395 3775 aut
424 3722 723 3775 diaconem
752 3739 920 3777 canes
949 3724 1021 3777 ad
1054 3727 1401 3791 venandum,
1435 3730 1534 3777 aut
1564 3725 1772 3795 accipi-

90 3814 214 3874 tres,
269 3815 368 3863 aut
419 3810 751 3881 hujusmodi
784 3828 874 3865 res
921 3813 1131 3867 habere
1161 3830 1279 3867 non
1327 3813 1476 3867 licet.
1521 3813 1683 3877 Quod
1726 3814 1775 3867 si

91 3898 212 3965 quis
242 3898 443 3951 talium
474 3914 849 3970 personarum
886 3900 947 3954 in
974 3901 1077 3954 hac
1115 3903 1403 3954 voluntate
1434 3900 1642 3971 saapius
1670 3903 1772 3956 de-

89 3989 262 4039 tectus
316 3986 507 4053 fuerit,
551 3987 600 4040 si
654 3987 956 4059 episcopus
1004 3994 1108 4055 est,
1142 3988 1322 4042 tribus
1372 3989 1668 4044 mensibus
1715 4007 1773 4045 se

90 4090 119 4125 a
162 4076 563 4128 communione
604 4077 935 4145 suspendat,
981 4077 1276 4146 presbyter
1305 4076 1546 4142 duobus,
1580 4077 1771 4130 diaco-

90 4177 187 4213 nus
210 4180 320 4216 uno
343 4164 413 4217 ab
433 4163 592 4217 omni
612 4164 799 4217 ofﬁcio
825 4171 881 4217 et
902 4165 1305 4219 communione
1328 4166 1768 4235 suspendantur.

91 4268 207 4322 CAP.
260 4270 477 4325 CCXIV.
526 4303 594 4311 —-
652 4276 726 4327 De
789 4275 958 4326 servis
1024 4275 1141 4336 Dei,
1181 4278 1243 4325 ut
1281 4288 1456 4326 omnes
1495 4275 1772 4341 sylvaticae

152 4344 461 4463 vagptiones
529 4358 648 4397 cum
714 4343 940 4397 canibus
1012 4348 1061 4396 et
1121 4345 1472 4413 accipitribus
1540 4346 1772 4399 interdi-

155 4427 249 4463 can
277 4427 360 4463 ur.
570 4428 573 4429 ν

155 4427 360 4465 cantur.
570 4428 573 4429 ⁷

154 4498 259 4567 (Ea:
311 4502 498 4555 concil.
559 4503 934 4568 Aurelianen.,
994 4517 1113 4571 cap.
1155 4501 1227 4570 3.)
1279 4502 1558 4559 Omnibus
1596 4504 1770 4557 servis

96 4586 186 4639 Dei
212 4588 543 4642 venationes
574 4594 630 4643 et
658 4590 956 4661 sylvaticas
987 4591 1319 4660 vagationes
1349 4608 1479 4645 cum
1510 4591 1768 4656 canibus,

93 4676 143 4727 et
195 4681 257 4728 ut
305 4677 602 4747 accipitres
656 4684 709 4732 et
753 4678 1002 4732 falcones
1049 4695 1165 4732 non
1207 4680 1477 4741 habeant,
1527 4680 1765 4734 interdi-

92 4777 277 4818 ClmUS.

93 4852 207 4905 Cap.
258 4852 447 4909 CCXV.
516 4884 585 4892 —
657 4856 726 4909 Ut
792 4855 1007 4909 clericos
1064 4856 1435 4911 discordantes
1491 4859 1768 4927 episcopus

558 4939 658 4978 sua
687 4930 949 4993 potestate
967 4929 1288 4981 reconciliet.

155 5010 256 5077 (Ea:
282 5013 468 5066 concil.
502 5013 789 5079 Africano,
820 5029 940 5082 cap.
974 5016 1085 5080 59.)
1122 5015 1513 5069 Discordantes
1534 5015 1767 5069 clericos

89 5099 372 5170 episcopus
416 5101 507 5154 vel
563 5099 783 5155 ratione
827 5104 911 5155 vel
961 5107 1243 5171 potestate
1291 5103 1362 5156 ad
1403 5104 1765 5157 concordiam

88 5186 283 5253 trahat,
336 5188 730 5243 inobedientes
780 5191 1029 5259 synodus
1063 5208 1165 5262 per
1204 5192 1556 5246 audientiam
1605 5192 1763 5246 dam-

91 5277 199 5325 net.

58 5364 63 5371 ’
93 5360 212 5413 CAP.
245 5362 456 5417 CCXVI.
491 5394 559 5404 -—
588 5366 659 5417 De
695 5366 925 5488 clericisd
939 5369 1035 5434 qui
1067 5369 1418 5436 proruperint
1442 5370 1501 5420 in
1520 5371 1764 5421 mutuam

812 5451 885 5488 ca:
925 5453 1025 5488 em.

812 5451 1003 5490 οωαθην
1013 5477 1025 5489 .

1892 3023 2105 3092 regulae
2139 3022 2447 3075 auctoritas
2479 3023 2588 3076 erit
2618 3023 2762 3076 liber
2790 3027 3032 3077 Actuum
3066 3024 3473 3092 apostolorum.

1892 3112 2020 3165 CAP.
2080 3111 2294 3166 CCXXI.
2356 3142 2421 3150 —
2473 3113 2540 3165 Ut
2584 3110 3040 3234 diagonitcoram
3091 3112 3421 3180 presbyteris
3478 3128 3583 3167 non

2614 3197 2669 3234 se
2710 3197 2809 3234 ean
2842 3222 2855 3234 .

2614 3197 2855 3235 sedeant.

1960 3270 2068 3341 (Ea:
2105 3271 2293 3325 concil.
2344 3269 2687 3335 Laodicensi,
2730 3286 2851 3338 cap.
2897 3270 3009 3340 20.)
3045 3270 3204 3334 Quod
3236 3286 3349 3323 non
3405 3286 3583 3339 opor-

1886 3362 2003 3413 teat
2053 3358 2358 3413 diaconum
2413 3374 2607 3411 coram
2660 3358 2992 3428 presbytero
3042 3359 3259 3425 sedere,
3320 3359 3416 3412 sed
3458 3359 3581 3428 jus-

1886 3447 2042 3500 sione
2103 3447 2420 3518 presbyteri
2491 3447 2701 3500 sedeat.
2765 3447 3041 3500 Similiter
3094 3452 3286 3500 autem
3340 3451 3394 3499 et
3460 3447 3580 3500 dia-

1884 3534 2040 3587 conis
2088 3534 2275 3587 honor
2320 3534 2604 3587 habeatur
2650 3534 2721 3588 ab
2771 3534 3240 3604 obsequentibus,
3293 3533 3350 3586 id
3396 3538 3499 3603 est,
3549 3552 3581 3588 a

1884 3619 2245 3672 subdiaconis
2276 3623 2331 3672 et
2360 3619 2627 3673 omnibus
2654 3618 2891 3672 clericis.

1975 3709 2105 3762 CAP.
2137 3707 2378 3761 CCXXII.
2410 3738 2479 3746 ——
2510 3711 2582 3762 De
2608 3708 2924 3762 diaconibus
2962 3711 3058 3776 qui
3085 3723 3139 3762 se
3165 3708 3489 3777 presbyteris

2560 3782 2913 3846 anteponunt.

1956 3866 2072 3935 (Eae
2101 3866 2287 3920 concil.
2342 3866 2607 3931 Toletum,
2656 3881 2776 3934 cap.
2825 3867 2939 3934 39.)
2994 3865 3264 3919 Nonnulli
3310 3865 3576 3919 diaconos

1882 3954 1943 4008 in
1988 3958 2209 4007 tantam
2243 3958 2557 4024 erumpunt
2602 3952 2930 4023 superbiam
2966 3958 3027 4005 ut
3069 3969 3188 4006 sese
3234 3953 3577 4024 presbyteris

1883 4047 2258 4113 anteponant,
2307 4048 2477 4113 atque
2508 4042 2569 4096 in
2601 4042 2790 4112 primo
2821 4043 2995 4096 choro
3026 4041 3135 4111 ipsi
3176 4042 3399 4112 priores
3429 4046 3576 4096 stare

1880 4135 2233 4201 praesumant
2278 4131 2622 4201 presbyteris
2650 4129 2711 4183 in
2744 4130 2994 4183 secundo
3025 4130 3196 4183 choro
3229 4128 3569 4183 constitutis.

1888 4221 2003 4289 Ego
2034 4223 2098 4273 ut
2140 4220 2501 4273 sublimiores
2550 4218 2657 4281 sibi
2689 4219 3050 4289 presbyteros
3093 4223 3425 4288 agnoscant,
3457 4223 3574 4272 tam

1882 4308 1941 4362 hi
1968 4324 2141 4378 quam
2172 4308 2254 4360 illi
2279 4307 2339 4361 in
2372 4313 2615 4377 utroque
2642 4308 2819 4361 choro
2844 4306 3177 4361 consistant.

1881 4397 2013 4451 CAP.
2070 4396 2338 4450 CCXXIII.
2394 4427 2460 4435 —
2512 4398 2900 4520 Ut_eworcis:ae
2959 4398 3329 4464 energumenis
3380 4410 3572 4449 manus

2576 4482 2830 4520 imponan
2862 4507 2874 4520 .

2576 4482 2874 4536 imponant.

1952 4553 2062 4621 (Ea:
2111 4555 2297 4608 concil.
2361 4554 2644 4620 Carthag.,
2694 4570 2813 4622 cap.
2876 4552 2989 4623 90.)
3043 4554 3210 4609 Omni
3272 4553 3363 4607 die
3414 4571 3573 4608 exor-

1878 4642 2030 4696 cistae
2062 4642 2467 4712 energumenis
2499 4659 2700 4695 manus
2728 4643 3047 4711 imponant.

2012 4747 2139 4801 CAP.
2174 4748 2432 4802 CCXXIV.
2462 4777 2530 4786 —
2551 4750 2624 4800 De
2650 4748 2844 4799 honore
2869 4748 3137 4800 universis
3156 4746 3438 4801 ordinibus

2559 4821 2893 4884 competente.

1949 4905 2057 4975 (Ea:
2086 4906 2230 4959 decr.
2259 4906 2505 4961 Silvestr.
2545 4920 2724 4973 papae,
2775 4921 2893 4973 cap.
2927 4904 3007 4973 4.)
3040 4906 3122 4958 Ita
3164 4904 3366 4958 fratres
3405 4905 3572 4975 jubet

1877 4994 2183 5049 auctoritas
2217 4993 2429 5060 divina,
2459 4996 2516 5047 et
2548 4994 2813 5060 afﬁrmat,
2847 4998 2928 5057 ut,
2954 5011 2984 5047 a
3006 4993 3354 5047 subdiacono
3390 5011 3568 5064 usque

1876 5084 1946 5137 ad
1997 5085 2282 5146 lectorem,
2336 5099 2537 5137 omnes
2593 5083 2805 5137 subditi
2847 5083 2961 5137 sint
3002 5084 3241 5137 diacono
3294 5083 3568 5137 cardinali

1877 5172 2033 5226 urbis
2082 5174 2301 5239 Romae,
2350 5172 2411 5225 in
2464 5172 2706 5226 Ecclesia
2762 5172 3041 5226 honorem
3096 5176 3566 5242 repraesentantes

1875 5264 2119 5313 tantum.
2171 5259 2434 5335 Pontiﬁci
2466 5276 2621 5328 vero,
2653 5262 2968 5331 presbyter,
3008 5260 3298 5322 diaconus,
3334 5260 3565 5314 subdia-

1873 5364 2067 5415 conus,
2102 5349 2413 5419 acolythus,
2447 5349 2743 5413 exorcista,
2778 5350 2972 5417 lector,
3004 5348 3195 5413 abbas,
3229 5350 3561 5418 monachus,

1873 5438 1931 5491 in
1962 5437 2118 5491 omni
2147 5439 2267 5491 loco
2295 5442 2666 5507 repraesentet
2689 5438 3050 5507 obsequium,
3078 5438 3193 5492 sive
3224 5438 3284 5491 in
3311 5439 3564 5508 publico,

158 5521 270 5577 (Ea:
326 5523 511 5576 concil.
572 5524 866 5585 Hilerden.,
920 5540 1039 5593 cap.
1096 5524 1171 5594 6.)
1216 5524 1272 5579 Si
1318 5524 1418 5595 qui
1470 5525 1659 5579 clerici
1702 5527 1763 5579 in
1846 5526 1994 5585 .sive
2023 5526 2084 5579 in
2113 5526 2336 5596 gremio
2367 5525 2637 5580 ecclesias.
