4022 6190
435 223 539 275 663

437 345 566 401 Car.
636 343 872 399 CCXXV.
961 374 1029 383 —
1096 345 1170 398 De
1243 343 1612 397 sacerdotibus
1681 344 1778 412 qui
1845 343 2140 412 adimplere

505 429 666 474 suum
696 417 1062 468 ministerium
1090 415 1356 481 nesciunt,
1386 429 1480 468 nec
1509 412 1715 466 discere
1748 414 1934 467 uolunt
1956 429 1969 467 :
1994 413 2140 483 quod

507 493 577 545 ab
609 487 791 555 ofﬁcio
819 488 930 540 sint
955 484 1326 540 submovendi.

512 597 624 667 (Ea:
667 593 856 650 concil.
909 592 1316 654 Aurelianensi,
1355 604 1475 658 cap.
1525 588 1603 658 6.)
1655 588 1990 643 Sacerdotes
2038 589 2139 660 qui

439 684 548 738 rite
579 699 693 739 non
746 679 976 752 sapiunt
1018 677 1329 746 adimplere
1376 676 1756 730 ministerium
1801 693 1991 742 suum,
2035 695 2139 732 nec

437 773 654 828 discere
692 771 857 841 juxta
902 771 1249 837 praeceptum
1296 780 1532 817 suorum
1581 765 1984 834 episcoporum
2032 782 2136 835 pro

438 859 658 913 viribus
717 859 1006 925 satagunt,
1065 853 1154 905 vel
1211 856 1635 921 contemptores
1682 868 1970 906 canonum
2019 853 2138 906 exi-

439 951 613 1009 stunt,
651 945 719 999 ab
751 942 938 997 ofﬁcio
968 939 1202 1010 proprio
1234 943 1367 992 sunt
1404 940 1804 1008 submovendi,
1837 957 2138 1012 quousque

437 1035 562 1088 hac
590 1033 838 1104 pleniter
868 1029 1172 1083 emendata
1202 1028 1468 1081 habeant.

439 1140 570 1195 CAP.
620 1138 876 1192 CCXXV].
923 1166 992 1174 —
1038 1137 1104 1190 Ut
1149 1137 1291 1188 inter
1343 1136 1560 1189 clericos
1612 1150 1720 1188 non
1767 1140 2142 1204 computentur

571 1212 668 1279 qui
691 1209 789 1263 sub
819 1208 1026 1261 nullius
1053 1208 1293 1274 episcopi
1317 1206 1614 1274 disciplina
1638 1208 2005 1260 inveniuntur.

512 1299 617 1365 (Ex
644 1297 832 1351 concil.
881 1296 1202 1357 Parisiensi,
1248 1309 1367 1362 cap.
1405 1295 1512 1360 I0.)
1550 1294 1713 1346 Nulla
1757 1295 1979 1348 ratione
2027 1295 2139 1347 cle-

441 1403 545 1458 rici
605 1407 705 1456 aut
761 1401 1080 1455 sacerdotes
1132 1399 1382 1453 habendi
1430 1403 1563 1452 sunt
1613 1399 1712 1470 qui
1764 1401 1868 1454 sub
1929 1401 2138 1454 nullius

444 1491 694 1562 episcopi
726 1489 1025 1559 disciplina
1057 1493 1112 1541 et
1141 1487 1496 1558 providentia
1536 1487 1949 1557 gubernantur.
1979 1489 2140 1542 Tales

445 1580 598 1634 enim
642 1579 964 1648 acephalos,
999 1577 1054 1630 id
1086 1580 1189 1641 est,
1232 1576 1353 1629 sine
1403 1576 1607 1646 capite,
1647 1577 1849 1646 priscm
1881 1578 2139 1631 Ecclesiae

444 1668 800 1723 consuetudo
833 1664 1201 1734 nuncupavit.

447 1775 574 1830 CAP.
617 1772 906 1827 CCXXVII.
958 1800 1026 1810 —
1076 1770 1371 1838 Exemplar
1414 1771 1665 1836 formata:
1711 1772 1966 1838 epistola,
2025 1787 2144 1839 quae

515 1847 573 1898 in
617 1846 834 1899 Nica’na
864 1841 1069 1909 synodo
1109 1857 1143 1894 a
1172 1843 1373 1894 sanctis
1407 1841 1664 1908 patribus
1712 1845 1791 1894 est
1825 1843 2064 1908 formata
2094 1847 2145 1896 et

515 1914 845 1969 collaudata.

514 2021 629 2090 (Em
659 2019 802 2073 decr.
852 2019 1057 2072 Nicaeni
1085 2015 1336 2085 concilii.)
1386 2017 1452 2069 In
1495 2017 1731 2069 nomine
1780 2017 1959 2086 patris
1987 2037 2044 2085 π,
2089 2023 2147 2072 et

445 2108 550 2162 ﬁlii
582 2128 636 2178 γ,
679 2112 734 2160 et
783 2105 1016 2176 spiritus
1066 2105 1246 2157 sancti
1294 2123 1344 2156 α.
1393 2104 1663 2158 Walterio
1715 2104 1969 2176 Spirensi
2024 2105 2143 2176 epi-

446 2213 640 2266 sc0po,
705 2211 812 2265 ego
873 2192 1231 2248 Burchardus
1286 2197 1493 2246 sanctae
1540 2194 1980 2247 Wormaciensis
2034 2195 2147 2247 Ec-

446 2284 632 2340 clesiae
679 2284 916 2337 devotus
949 2280 1138 2351 gregis
1189 2280 1397 2334 Christi
1443 2280 1716 2347 famulus,
1761 2281 1819 2334 in
1855 2283 1968 2336 Deo
2009 2299 2144 2337 vero

447 2388 692 2428 summae
737 2369 1021 2423 felicitatis
1051 2367 1486 2421 beatitudinem.
1523 2368 1664 2421 Cum
1714 2373 1910 2423 sancta
1951 2371 2143 2423 catho-

444 2462 557 2514 lica
581 2457 830 2511 Ecclesia
849 2459 1116 2526 prompta
1137 2455 1209 2507 sit
1238 2455 1398 2525 sequi
1421 2456 1766 2510 documenta
1786 2458 2144 2527 Evangelica,

449 2564 578 2619 quas
602 2547 799 2600 dicunt
820 2560 832 2598 :
854 2544 960 2608 Qui
980 2543 1186 2612 recipit
1205 2545 1546 2613 prophetam
1570 2544 1628 2597 in
1649 2545 1880 2598 nomine
1901 2547 2146 2617 prophe-

446 2641 542 2702 tas,
575 2634 815 2704 accipiet
855 2632 1197 2695 mercedem,
1230 2632 1558 2701 prophetas;
1606 2636 1661 2685 et
1691 2633 1789 2702 qui
1820 2633 2024 2704 recipit
2046 2635 2142 2704 ju-

448 2727 601 2776 stum
659 2722 721 2774 in
787 2720 1020 2774 nomine
1081 2719 1242 2788 Justi,
1307 2725 1358 2773 et
1426 2724 1629 2773 caetera
1672 2725 1773 2774 :et
1837 2724 2144 2791 Apostolus

442 2810 644 2881 jubeat
673 2807 1123 2876 hospitalitatem
1154 2807 1374 2874 sectari,
1400 2812 1458 2861 et
1475 2808 1904 2861 necessitatibus
1926 2818 2144 2864 sancto-

1517 219 1920 276 BURCHARDI
1957 218 2493 276 WORMACIENSIS
2530 220 2863 277 EPISCOPI.

961 374 1029 383 —
1096 345 1170 398 De
1228 342 1612 416 sacerdotibus
1681 344 1778 412 qui
1820 341 2142 416 adimplere

2258 359 2392 396 men
2430 347 2742 399 conservet.
2774 363 2831 396 π.
2865 364 2915 414 γ.
2949 364 3001 396 α.
3041 364 3096 398 π.
3133 343 3190 416 β.
3225 363 3262 396 ε.
3301 350 3348 408 ζ.
3382 345 3428 408 ξ.
3464 366 3517 400 α.
3550 368 3596 401 κ.
3629 369 3679 405 η.
3711 352 3752 401 θ.
3784 353 3900 405 Data

3811 232 3902 284 66i

2247 431 2606 497 Wormaciae,
2658 431 2854 485 Idibus
2886 433 3080 500 Dartii,
3133 449 3285 488 anno
3333 435 3642 490 Dominicze
3676 437 3899 492 incarna-

2247 519 2424 573 tionis
2449 519 2756 574 millesimo
2785 521 3144 587 duodecimo,
3171 521 3481 575 indictione
3514 525 3571 578 X.

2249 625 2374 680 CAP.
2434 625 2750 680 CCXXVIII.
2796 657 2867 667 —-
2907 628 2990 680 De
3034 627 3154 751 illot
3176 629 3274 696 qui
3314 629 3511 694 fugam
3557 630 3745 694 fratris
3787 635 3897 685 cela-

3013 713 3126 751 veri
3160 738 3172 750 .

3013 713 3172 751 υωητ.

2317 785 2429 850 (Ea:
2455 783 2618 837 dictis
2648 785 2881 846 Bustiii.)
2913 784 2966 835 Si
2997 785 3125 854 quis
3149 801 3283 838 eum
3303 802 3501 856 quem,
3531 786 3897 844 districtionem

2246 869 2686 923 ecclesiasticam
2715 887 2827 924 non
2858 873 3154 938 ferentem,
3187 873 3384 942 fugam
3413 874 3672 928 meditari
3702 892 3897 945 agnove-

2247 956 2340 1022 rit,
2381 973 2497 1010 non
2557 959 2749 1011 statim
2787 959 3116 1028 prodiderit,
3172 961 3514 1030 perditionis
3570 963 3718 1016 illius
3751 968 3897 1033 parti-

2185 1063 2194 1068 ·
2247 1045 2432 1114 cipem
2465 1061 2524 1098 se
2575 1061 2701 1099 esse
2729 1062 2845 1100 non
2901 1047 3120 1101 dubitet
3155 1063 3168 1101 :
3204 1055 3262 1101 et
3288 1053 3406 1101 tam
3467 1050 3564 1103 diu
3610 1055 3689 1103 est
3737 1068 3767 1104 a
3792 1070 3895 1107 con-

2247 1139 2420 1186 ventu
2465 1133 2708 1187 fratrum
2757 1135 3216 1204 sequestrandus,
3270 1152 3446 1206 quam
3479 1137 3576 1192 diu
3621 1138 3710 1192 ille
3753 1143 3897 1195 valeat

2249 1235 2524 1274 revocarL

2249 1325 2376 1378 CAP.
2415 1325 2672 1380 CCXXIX.
2723 1357 2792 1365 —
2837 1329 2911 1380 De
2955 1330 3066 1383 illis
3118 1329 3219 1396 qui
3257 1332 3602 1399 presbyteros
3647 1346 3756 1386 suos
3788 1336 3894 1386 male

2910 1403 3284 1454 tractaverint.

2322 1484 2434 1549 (Ea:
2477 1486 2662 1539 concil.
2715 1486 3041 1554 Arvernen.,
3083 1504 3202 1556 cap.
3239 1491 3316 1554 7.)
3365 1487 3426 1541 Si
3471 1489 3600 1558 quis
3647 1491 3891 1560 presbyte-

2251 1586 2376 1623 rum
2413 1571 2711 1641 proprium
2755 1573 3084 1640 inhonorat,
3136 1580 3232 1627 aut
3278 1575 3455 1628 verbo
3488 1582 3586 1628 aut
3629 1576 3759 1630 facto
3789 1595 3892 1630 con-

2254 1660 2551 1714 tumeliam
2587 1661 2738 1727 facit,
2772 1667 2888 1715 tam
2937 1664 3033 1716 diu
3066 1679 3097 1716 a
3137 1663 3439 1717 liminibus
3472 1665 3719 1720 Ecclesiae
3746 1684 3889 1720 arcea-

2253 1751 2365 1814 tur,
2427 1764 2723 1818 quousque
2778 1765 2881 1817 per
2933 1749 3272 1819 condignam
3332 1751 3723 1820 paenitentiam
3770 1754 3892 1804 satis-

2254 1834 2443 1888 faciat.
2503 1836 2595 1890 Ait
2651 1836 2806 1890 enim
2862 1839 3168 1907 Apostolus
3219 1855 3232 1891 :
3274 1838 3603 1908 Presbyteri
3654 1839 3742 1908 qui
3782 1840 3888 1893 bene

2254 1929 2529 1993 praesunt,
2609 1925 2822 1994 duplici
2893 1926 3111 1980 honore
3165 1927 3325 1996 digni
3407 1927 3736 1980 habeantur.
3788 1929 3889 1981 Item

2255 2011 2391 2065 alibi
2421 2012 2556 2066 dicit
2590 2029 2602 2066 :
2638 2013 2876 2068 Obedite
2921 2014 3248 2084 praepositis
3302 2015 3534 2080 vestris,
3586 2014 3796 2086 subjecti
3829 2017 3888 2068 eis

2255 2106 2456 2167 estote,
2491 2105 2598 2154 etc.

2257 2204 2384 2258 CAP.
2433 2205 2660 2261 CCXXX.
2708 2235 2778 2248 —-
2834 2209 2900 2263 Ut
2924 2224 3113 2262 nomen
3161 2225 3320 2279 papae
3367 2209 3433 2264 in
3462 2210 3706 2264 Ecclesiis
3737 2210 3888 2262 sanctis

2963 2282 3073 2333 reci
3077 2285 3234 2333 tetur.

2326 2362 2434 2432 (Ea:
2463 2366 2650 2418 concil.
2692 2365 2938 2429 Vasensi,
2991 2383 3114 2435 cap.
3151 2370 3225 2433 3.)
3259 2368 3324 2421 Et
3376 2367 3488 2422 hoc
3521 2367 3725 2437 justum
3750 2367 3887 2418 visum

2254 2455 2338 2503 est
2381 2452 2548 2505 nobis
2595 2457 2660 2506 ut
2712 2469 2923 2507 nomen
2949 2454 3167 2508 domini
3219 2471 3405 2525 papae,
3462 2455 3767 2526 quicunque
3802 2454 3887 2505 sedi

2255 2539 2582 2607 apostolicae
2609 2542 2923 2609 prmfuerit,
2960 2542 3018 2595 in
3047 2543 3257 2596 nostris
3300 2544 3562 2597 Ecclesiis
3591 2545 3837 2597 recitetur.

2255 2627 2383 2680 CAP.
2427 2628 2680 2682 CCXXXI.
2731 2660 2799 2668 —
2840 2631 2906 2684 Ut
2931 2631 3212 2698 presbyter
3253 2636 3350 2685 aut
3399 2633 3658 2687 diaconus
3703 2635 3784 2700 qui
3819 2647 3888 2684 ca-

2323 2717 2544 2769 nonicus
2599 2731 2706 2771 non
2762 2722 2865 2782 est,
2922 2712 3018 2772 Sed
3070 2721 3129 2770 in
3182 2720 3330 2772 villis
3405 2720 3632 2783 habitat,
3676 2733 3892 2785 nusquam

2323 2818 2560 2859 summas
2588 2808 2913 2871 festivitates
2943 2807 3164 2860 celebret
3190 2811 3303 2861 nisi
3325 2811 3389 2861 in
3414 2809 3730 2862 civitatibus.

448 2915 581 2953 rum
610 2897 867 2950 virorum
905 2896 1360 2962 communicare;
1393 2900 1584 2949 tamen
1633 2899 1868 2965 propter
1898 2913 1995 2949 eos
2040 2898 2140 2968 qui
2179 2899 2221 2955 C
2323 2894 2430 2957 (Ea?
2459 2895 2647 2947 concil.
2681 2894 3006 2961 Arvernen.,
3034 2910 3155 2963 cap.
3185 2895 3256 2961 6.)
3285 2895 3344 2949 Si
3374 2895 3504 2966 quis
3536 2897 3800 2966 presbyter
3820 2898 3891 2945 aut

449 2986 824 3040 cauteriatam
865 2985 1078 3038 habent
1127 2999 1288 3036 suam
1321 2983 1747 3048 conscientiam,
1791 2982 2041 3037 dicentes
2090 3000 2147 3038 se

450 3088 572 3126 esse
620 3071 924 3140 simplices,
960 3087 1090 3124 cum
1123 3070 1238 3123 sint
1282 3071 1490 3123 astutia
1521 3070 1804 3123 diabolica
1833 3071 2060 3140 repleti,
2093 3076 2148 3125 et

453 3177 557 3230 pro
585 3176 762 3230 opere
780 3159 1009 3229 pietatis
1039 3158 1236 3212 dicunt
1261 3175 1319 3210 se
1346 3158 1414 3212 de
1437 3158 1558 3211 Ioco
1580 3159 1648 3211 ad
1673 3159 1858 3212 locum
1879 3160 2146 3227 transire,

451 3264 582 3303 cum
613 3248 726 3301 sint
749 3263 848 3300 sua
871 3246 1088 3299 malitia
1112 3246 1354 3298 faciente
1378 3245 1624 3315 fugitivi,
1649 3252 1706 3300 et
1729 3246 1926 3300 dicunt
1947 3263 2005 3300 se
2026 3264 2147 3302 esse

451 3337 771 3391 ministerio
821 3351 980 3388 sacro
1014 3334 1281 3398 insertos,
1332 3350 1461 3386 cum
1511 3350 1624 3386 non
1676 3334 1789 3387 sint
1821 3351 1834 3388 :
1872 3339 2147 3391 statutum

454 3432 538 3481 est
569 3443 600 3479 a
630 3424 836 3478 sanctis
866 3422 1126 3477 Patribus
1160 3421 1450 3475 neminem
1481 3423 1752 3477 clericum
1806 3424 2060 3478 alienum
2091 3430 2148 3480 et

453 3513 717 3584 ignotum
734 3512 911 3580 recipi
929 3511 998 3563 ab
1017 3510 1210 3580 aliquo
1231 3509 1500 3580 episcopo
1515 3515 1570 3563 et
1591 3511 2033 3565 inthronizariin
2045 3529 2148 3567 sua

451 3600 708 3666 ecclesia,
761 3599 868 3652 nisi
927 3599 1134 3652 habeat
1174 3615 1204 3651 a
1251 3599 1486 3668 proprio
1540 3598 1804 3669 episcopo
1848 3600 2144 3670 epistolam

448 3705 579 3759 quas
621 3688 682 3741 in
715 3687 1027 3741 canonibus
1072 3686 1402 3740 nominatur
1449 3687 1712 3741 formata.
1760 3688 1892 3742 Ideo
1942 3693 2143 3743 notum

444 3776 685 3830 facimus
731 3775 1060 3846 paternitati
1093 3783 1296 3829 vestrae
1330 3776 1482 3845 quod
1514 3791 1765 3846 praesens
1808 3776 1984 3829 frater
2011 3794 2141 3831 nos-

443 3871 533 3919 ter
548 3866 752 3919 harum
777 3863 1095 3918 litterarum
1126 3864 1369 3933 portitor
1396 3863 1627 3916 nomine
1657 3865 1994 3932 Ecmannus,
2023 3881 2142 3919 non

443 3969 547 4022 pro
587 3969 690 4006 sua
737 3953 994 4023 nequitia
1041 3953 1312 4020 expulsus
1362 3956 1449 4004 est
1477 3967 1510 4004 a
1540 3951 1705 4004 nobis
1738 3966 1750 4004 :
1783 3952 1904 4020 sed,
1939 3957 2138 4021 postu-

439 4041 693 4095 lantibus
738 4041 1011 4094 fratribus
1045 4040 1271 4105 nostris,
1327 4055 1394 4092 eo
1426 4039 1578 4108 quod
1609 4055 1670 4092 ex
1703 4040 1917 4093 familia
1949 4047 2138 4096 nostra

437 4129 548 4183 fuit
593 4134 649 4182 et
692 4135 885 4182 noster
914 4125 1257 4197 baptizatus,
1311 4126 1549 4179 fecimus
1584 4127 1637 4179 ei
1683 4128 2005 4182 libertatem
2043 4145 2136 4183 re-

437 4220 661 4286 ceptam
711 4232 744 4268 a
797 4231 978 4268 cornu
1036 4214 1230 4267 altaris
1291 4214 1579 4280 canonice,
1635 4219 1691 4267 et
1746 4215 2134 4271 ordinavimus

437 4319 572 4358 eum
603 4305 672 4358 ad
714 4305 957 4373 gradum
991 4303 1354 4373 presbyterii.
1390 4303 1491 4358 Cui
1533 4305 1706 4358 etiam
1735 4304 1836 4358 has
1866 4305 2136 4360 dimisso-

435 4393 549 4446 rias
574 4392 688 4445 sive
735 4391 1233 4445 commendatitias
1263 4391 1476 4445 litteras
1509 4393 1768 4458 fecimus,
1811 4397 1870 4448 et
1899 4410 2030 4447 eum
2063 4397 2134 4450 ad

434 4483 680 4532 vestram
742 4479 1011 4532 dilectam
1078 4478 1496 4533 fraternitatem
1555 4480 1888 4550 dirigimus,
1955 4487 2018 4536 ut
2073 4482 2136 4536 in

434 4573 624 4622 vestra
653 4567 923 4637 parochia
969 4567 1074 4620 sub
1105 4573 1288 4621 vestro
1321 4584 1480 4622 sacro
1517 4569 1823 4639 regimine,
1859 4573 1914 4623 et
1942 4569 2134 4624 defen-

435 4655 594 4709 sione
642 4654 950 4708 consistere
992 4655 1194 4709 valeat.
1254 4657 1392 4725 Ego,
1453 4655 1710 4726 inquam,
1772 4657 2131 4713 Burchardus

431 4743 668 4798 humilis
699 4743 1022 4814 episcopus,
1054 4743 1113 4796 in
1141 4743 1375 4798 nomine
1406 4743 1611 4809 Patris,
1642 4748 1700 4797 et
1740 4744 1888 4809 Filii,
1923 4748 1979 4798 et
2007 4745 2131 4816 Spi-

431 4830 573 4885 ritus
620 4831 820 4896 sancti,
854 4835 911 4884 et
954 4831 1012 4884 in
1055 4829 1273 4883 unitate
1323 4834 1533 4883 sanctae
1579 4829 1860 4896 Ecclesiae,
1921 4829 1984 4884 in
2015 4848 2130 4902 qua

429 4921 595 4975 Petro
624 4920 822 4974 datum
871 4923 955 4974 est
977 4919 1073 4989 jus
1115 4917 1328 4988 ligandi
1359 4923 1531 4988 atque
1580 4917 1860 4984 solvendi,
1895 4919 2125 4975 absolvo

431 5008 780 5062 Ecmannum
832 5007 1226 5077 presbyterum
1286 5007 1354 5060 de
1410 5006 1640 5060 civitate
1693 5007 2125 5079 Wormaciensi,

425 5095 736 5151 indictione
759 5097 831 5162 X;
855 5099 910 5150 et
935 5094 1227 5149 licentiam
1254 5094 1326 5148 do
1353 5095 1514 5148 vobis
1543 5094 1968 5150 inthronizandi
1991 5112 2125 5150 eum

425 5183 486 5238 in
527 5200 868 5256 quacunque
899 5183 1135 5238 ecclesia
1187 5183 1355 5236 vultis
1383 5190 1585 5236 vestrae
1617 5183 1923 5252 parochias.
1970 5185 2124 5238 Hanc

426 5288 561 5343 ergo
592 5273 891 5343 epistolam
941 5272 1148 5328 Graecis
1181 5271 1385 5325 litteris
1415 5271 1550 5324 hinc
1595 5271 1732 5326 inde
1763 5271 1990 5326 munire
2022 5273 2121 5327 de-

425 5360 726 5426 crevimus,
760 5364 816 5414 et
842 5361 1054 5414 annulo
1098 5359 1356 5414 Ecclesiae
1386 5365 1594 5413 nostra:
1643 5359 1873 5414 ﬁrmare
1903 5361 2123 5414 censui-

426 5463 571 5502 mus.
624 5449 1057 5504 Fraternitatem
1100 5452 1342 5503 vestram
1383 5447 1643 5503 Christus
1693 5448 1854 5503 nobis
1892 5448 2116 5504 incolu-

2259 2977 2550 3046 diaconus,
2585 2980 2684 3050 qui
2703 2997 2819 3034 non
2844 2980 2906 3034 in
2935 2981 3162 3035 civitate
3184 2983 3498 3037 canonicus
3526 3000 3641 3036 esse
3669 2982 3890 3052 dignosci-

2258 3073 2371 3137 tur,
2405 3068 2501 3122 sed
2527 3069 2585 3122 in
2615 3069 2824 3122 villulis
2850 3070 3132 3136 habitans,
3165 3071 3220 3124 in
3251 3072 3520 3126 oratoriis
3549 3071 3721 3126 ofﬁcio
3740 3077 3886 3123 sancto

2258 3155 2581 3209 deserviens
2660 3157 2910 3210 celebrat
2988 3157 3185 3211 divina
3252 3160 3544 3228 mysteria,
3617 3157 3884 3211 festivitates

2256 3244 2598 3314 praecipuas,
2643 3245 2869 3298 Domini
2923 3246 3202 3305 Natalem,
3263 3248 3502 3316 Pascha,
3555 3249 3879 3309 Pentecosten,

2257 3336 2313 3384 et
2369 3332 2416 3385 si
2475 3348 2602 3403 quae
2662 3333 3010 3402 principales
3077 3339 3212 3387 sunt
3281 3334 3616 3389 festivitates
3668 3334 3880 3403 reliqua,

2255 3419 2460 3473 dehinc
2497 3436 2570 3474 ne
2626 3420 2797 3474 faciat
2849 3436 3278 3475 commonemus
3313 3439 3325 3475 :
3364 3428 3423 3476 et
3471 3438 3737 3493 nusquam
3781 3419 3878 3472 alibi

2254 3507 2366 3561 nisi
2414 3525 2542 3563 cum
2587 3509 2855 3579 episcopo
2885 3525 2988 3562 suo
3019 3509 3077 3562 in
3113 3510 3338 3563 civitate
3379 3511 3693 3565 festivitates
3729 3521 3872 3576 supra-

2255 3595 2433 3650 dictas
2489 3597 2755 3651 celebret.
2813 3597 3149 3666 Quicunque
3207 3604 3339 3651 sunt
3392 3599 3542 3652 cives
3595 3596 3726 3661 laici,
3777 3602 3872 3647 natu

2254 3685 2521 3753 majores,
2552 3686 2680 3755 pari
2729 3686 2898 3739 modo
2929 3685 2988 3738 in
3021 3679 3258 3740 urbibus
3289 3687 3358 3741 ad
3392 3685 3684 3756 pontiﬁces
3709 3699 3813 3735 suos
3834 3680 3870 3732 in

2251 3775 2542 3842 praedictis
2583 3774 2983 3828 festivitatibus
3013 3776 3263 3838 veniant,
3312 3781 3372 3829 et
3402 3776 3479 3829 ibi
3506 3775 3686 3829 divina
3711 3775 3868 3841 mysteo

2251 3861 2334 3914 ria
2364 3863 2663 3916 cele‘briter
2707 3863 2960 3916 audiant.
2990 3862 3154 3927 Quod
3188 3863 3232 3915 si
3260 3863 3360 3933 qui
3405 3862 3657 3932 improba
3699 3856 3868 3913 temeri-

2250 3955 2362 4003 tate
2395 3951 2515 4004 heec
2545 3950 3015 4020 contempserint,
3050 3967 3082 4004 a
3115 3951 3521 4004 communione
3550 3950 3810 4020 pellantur.

2249 4056 2376 4110 CAP.
2426 4057 2710 4111 CCXXXII.
2743 4087 2810 4096 ——
2851 4059 2918 4111 Ut
2957 4057 3289 4128 presbyteris
3331 4063 3566 4125 potestas
3593 4049 3862 4126 przdiwndi

2671 4129 2729 4180 in
2766 4131 2879 4181 suis
2903 4128 3153 4196 plebibus
3181 4128 3522 4182 concedatur.

2322 4215 2428 4283 (Ea:
2457 4217 2642 4270 concil.
2702 4217 2949 4280 Vasensi,
2996 4231 3098 4284 cap
3167 4218 3242 4287 ϐ.)
3277 4219 3392 4271 Hoc
3436 4217 3602 4270 etiam
3645 4228 3733 4283 pro
3772 4208 3866 4263 adi-

2246 4301 2512 4356 ﬁcatione
2544 4304 2805 4358 omnium
2841 4304 3232 4374 ecclesiarum,
3264 4311 3321 4358 et
3361 4322 3466 4376 pro
3493 4304 3716 4359 utilitate
3740 4298 3864 4352 totius

2245 4393 2442 4461 populi
2489 4393 2654 4447 nobis
2699 4393 2932 4463 placuit,
2983 4397 3043 4446 ut
3089 4409 3206 4447 non
3251 4394 3438 4447 solum
3487 4393 3544 4446 in
3585 4386 3862 4447 civitatibus,

2244 4480 2338 4533 sed
2390 4479 2564 4534 etiam
2613 4481 2672 4534 in
2719 4480 2990 4535 omnibus
3038 4481 3342 4552 parochiis,
3396 4483 3624 4536 verbum
3672 4470 3864 4532 faciendi

2243 4566 2508 4622 daremus
2527 4568 2874 4639 presbyteris
2902 4572 3259 4639 potestatem,
3293 4570 3372 4624 ita
3397 4575 3462 4624 ut
3491 4570 3535 4622 si
3555 4566 3804 4640 presbyter
3816 4575 3860 4611 a-

2241 4655 2398 4726 liqua
2423 4655 2756 4711 infirmitate
2785 4656 3124 4727 prohibente
3147 4674 3251 4727 per
3269 4657 3522 4727 seipsum
3545 4671 3644 4710 non
3665 4645 3862 4723 potuerit

2239 4743 2574 4812 praedicare,
2613 4749 2937 4799 sanctorum
2967 4749 3197 4816 patrum
3230 4746 3502 4800 Homelias
3532 4762 3562 4798 a
3588 4737 3859 4798 diaconibus

2237 4831 2491 4900 probatis
2520 4833 2847 4887 recitentur.

2237 4937 2366 4992 CAP.
2425 4938 2734 4994 CCXXXIII.
2797 4970 2862 4980 —
2915 4941 2989 4994 De
3043 4941 3258 4995 clericis
3287 4943 3385 5010 qui
3433 4944 3491 4995 in
3525 4941 3641 4994 ripa
3691 4929 3852 4999 interﬁ-

2965 5012 3202 5065 ciuntur.

2307 5096 2416 5164 (Em
2442 5099 2632 5152 concil.
2670 5098 2910 5166 Tribur.,
2961 5101 3050 5153 cui
3075 5101 3343 5166 Arnollus
3370 5116 3468 5154 rea:
3495 5095 3738 5162 interfuit,
3761 5102 3847 5155 οαΡο

2235 5186 2348 5254 50.)
2402 5187 2739 5258 Quicunque
2785 5186 3023 5241 clericus
3079 5194 3180 5242 aut
3229 5189 3286 5242 in
3318 5189 3489 5253 bello,
3521 5189 3613 5240 aut
3651 5184 3700 5235 in
3741 5177 3845 5252 rixa.

2232 5278 2332 5327 aut
2359 5273 2665 5344 gentilium
2695 5273 2844 5329 ludis
2881 5280 3142 5328 mortuus
3186 5276 3380 5342 fuerit,
3413 5289 3590 5346 neque
3618 5265 3842 5324 oblatione

2231 5376 2419 5432 neque
2450 5362 2707 5416 oratione
2741 5379 2847 5432 pro
2897 5379 2965 5417 eo
2995 5364 3339 5432 postuletur,
3370 5364 3465 5417 sed
3509 5365 3562 5415 in
3591 5370 3762 5414 manus
3784 5351 3840 5403 in-

2229 5447 2378 5505 cidat
2399 5449 2612 5520 judicia
2639 5467 2651 5504 :
2687 5451 2976 5522 sepultura
3001 5455 3225 5505 tantum
3255 5467 3372 5505 non
3403 5451 3655 5522 privetur.
