4022 6190
208 265 322 316 665

1197 252 1689 313 DECRETORUM
1735 251 1925 308 LIBRI
1961 253 2074 311 ΧΧ.
2117 286 2189 300 -—
2227 262 2432 317 LIBER
2472 262 2793 317 TERTIUS.

3657 270 3761 323 666

208 387 349 441 CAP.
414 384 718 440 CCXXXIV.
780 383 987 459 ——___De
1029 383 1249 459 clericis
1295 384 1397 459 qui
1439 398 1473 435 α
1528 377 1774 434 dominis
1820 379 1933 430 suis
1963 379 2009 431 A
2049 395 2184 433 vero
2234 382 2543 436 fornicatus
2575 384 2769 450 fuerit,
2803 389 2901 437 aut
2930 385 3280 440 adulterium
3320 389 3757 459 perpetraverit,

829 454 986 508 liberi
1010 455 1155 519 facti
1176 458 1321 507 sunt.

293 548 409 609 (Em
438 544 623 599 concil.
678 542 829 611 apud
889 543 1039 595 Alth.
1094 540 1299 605 habito,
1350 543 1441 593 cui
1488 537 1755 601 interfuit
1806 536 1941 591 Con-

209 636 393 688 radus
424 650 542 697 rem,
578 648 700 700 cap.
736 633 843 697 38.)
880 631 1082 683 Nullus
1124 629 1363 682 clericus
1407 628 1475 681 ad
1508 626 1756 696 gradum
1792 640 1945 693 pres-

208 724 430 793 byterii
476 725 909 790 promoventur,
955 717 1066 770 nisi
1098 722 1161 768 ut
1207 717 1481 786 scriptum
1528 716 1587 767 in
1620 712 1944 766 canonibus

208 814 486 866 habetur.
534 809 592 862 Si
647 808 803 861 enim
837 813 1082 875 propter
1137 806 1236 857 Dei
1284 804 1653 857 dilectionem
1689 801 1824 871 quis
1873 802 1946 854 de

210 899 401 952 servis
450 899 565 951 suis
594 911 951 967 quemquam
1004 894 1261 962 elegerit,
1298 898 1351 945 et
1401 892 1660 945 docuerit
1692 890 1944 955 litteras,

208 995 271 1042 et
306 986 562 1041 libertati
594 983 1034 1047 condonaverit,
1078 988 1135 1034 et
1162 997 1267 1050 per
1296 979 1772 1034 intercessionem
1807 992 1950 1047 erga

208 1077 555 1145 episcopum
588 1073 998 1143 presbyterum
1032 1070 1304 1134 effecerit,
1332 1074 1389 1122 et
1410 1068 1725 1122 secundum
1772 1080 1951 1133 apos-

208 1165 372 1217 tolos
429 1163 636 1215 victum
668 1166 725 1213 et
778 1160 1058 1213 vestitum
1117 1158 1169 1210 ei
1220 1156 1517 1211 donaverit
1551 1173 1564 1209 :
1596 1155 1691 1209 ille
1742 1157 1952 1208 autem

212 1256 421 1322 postea
452 1251 509 1303 in
561 1248 896 1317 superbiam
934 1248 1118 1300 elatus
1164 1246 1398 1299 missam
1433 1243 1683 1299 dominis
1729 1238 1861 1293 suis
1898 1249 1955 1297 et

212 1340 525 1391 canonicas
574 1339 740 1390 horas
791 1337 1127 1402 observare,
1175 1339 1235 1388 et
1283 1334 1525 1403 psallere
1572 1326 1857 1393 renuerit,
1897 1336 1952 1386 et

212 1427 269 1478 ei
317 1426 477 1495 juste
522 1424 765 1486 obedire,
825 1424 1023 1476 dicens
1071 1440 1129 1476 se
1162 1422 1413 1476 liberum
1469 1438 1611 1489 esse,
1660 1419 1942 1485 noluerit,

214 1519 272 1565 et
306 1512 473 1581 quasi
523 1510 695 1564 libere
745 1511 915 1579 cujus
944 1511 1062 1564 vult
1107 1511 1287 1565 homo
1337 1512 1455 1577 fiat,
1489 1513 1597 1565 hoc
1626 1514 1828 1563 sancta
1859 1527 1945 1581 sy-

212 1602 407 1654 nodus
439 1599 909 1664 analhematizat,
939 1603 992 1650 et
1037 1599 1205 1652 illum
1239 1618 1272 1651 a
1303 1605 1498 1653 sancta
1528 1601 1938 1653 communione

208 1687 400 1743 arceri
426 1687 662 1757 judicat,
713 1686 902 1739 donec
941 1687 1242 1757 resipiscat
1296 1694 1352 1741 et
1382 1687 1615 1741 domino
1658 1704 1760 1740 suo
1796 1687 1935 1743 obe-
1971 1665 2010 1717 Β

208 1779 335 1831 diat
369 1776 680 1829 secundum
730 1774 1006 1828 canonica
1032 1782 1351 1846 praecepta.
1383 1776 1484 1830 Sin
1514 1781 1709 1829 autem
1760 1775 1939 1830 obsti-

207 1872 349 1919 nato
402 1865 592 1917 animo
652 1868 710 1915 et
772 1863 879 1915 hoc
929 1866 1372 1935 contempserit,
1435 1870 1739 1917 accusetur
1787 1866 1938 1932 apud

205 1955 545 2026 episcopum
577 1952 671 2023 qui
705 1968 842 2005 eum
872 1952 1181 2021 ordinavit,
1222 1960 1282 2008 et
1315 1954 1678 2025 degradetur
1707 1968 1721 2005 :
1755 1957 1809 2005 et
1838 1953 1939 2007 fiat

205 2060 412 2097 servus
459 2041 604 2096 illius
650 2042 811 2095 idem
864 2041 1086 2095 domini
1138 2044 1250 2107 sui,
1302 2043 1455 2096 sicut
1502 2050 1679 2095 natus
1731 2041 1934 2097 fuerat.

206 2132 481 2203 Quisquis
522 2148 649 2184 vero
707 2132 881 2184 talem
917 2147 1108 2184 secum
1156 2132 1449 2191 habuerit.
1505 2137 1721 2200 postea
1767 2145 1940 2199 quam

212 2238 340 2276 rem
387 2221 536 2274 illius
566 2220 904 2290 praedictam
954 2220 1221 2283 audierit,
1278 2226 1337 2273 et
1368 2220 1620 2274 domino
1676 2235 1781 2271 suo
1822 2234 1940 2274 non

216 2310 548 2375 reddiderit,
596 2310 752 2362 vela
801 2325 858 2361 se
890 2309 1213 2378 projecerit,
1260 2308 1379 2361 sive
1429 2309 1776 2380 episcopus,
1822 2308 1941 2362 sive

216 2415 435 2464 comes,
478 2397 590 2450 sive
632 2397 896 2463 clericus,
948 2396 1062 2449 sive
1092 2397 1290 2462 laicus,
1338 2398 1742 2452 anathematis
1787 2397 1943 2451 illius

219 2488 490 2541 societate
542 2486 811 2553 nodatus,
863 2500 1089 2554 poenam
1122 2484 1747 2539 excommunicationis
1799 2486 1937 2541 luet.

221 2578 356 2632 Car.
411 2576 682 2631 CCXXXV.
736 2603 807 2614 —
848 2576 918 2627 De
964 2574 1287 2641 presbyteris
1338 2574 1433 2639 qui
1485 2576 1792 2641 parochias
1840 2577 1941 2641 fu-

635 2648 820 2714 gerint
858 2647 917 2697 in
947 2644 1138 2711 quibus
1173 2645 1334 2697 locati
1369 2648 1514 2697 sunt.

302 2735 411 2805 (Ea:
435 2735 623 2790 concil.
676 2734 969 2797 Cabillon.,
1018 2747 1137 2800 cap.
1187 2730 1300 2799 41.)
1352 2729 1660 2800 Presbyter
1707 2735 1944 2803 proprio

224 2826 352 2879 loco
383 2823 614 2877 dimisso
650 2822 723 2875 ad
757 2820 940 2874 alium
972 2819 1230 2889 migrans
1275 2834 1645 2887 nequaquam
1697 2822 1939 2892 recipia-

224 2918 341 2977 tur,
373 2912 479 2963 nisi
523 2928 639 2964 suaa
674 2907 1041 2979 migrationis
1070 2923 1301 2961 causam
1346 2906 1571 2971 dixerit,
1601 2912 1658 2961 et
1688 2926 1747 2963 se
1778 2910 1941 2966 inno-
1973 2943 2013 2995 ρ

226 3005 423 3054 center
468 3000 676 3053 vixisse
728 2998 791 3050 in
823 2996 1093 3067 parochia
1122 2996 1182 3049 in
1226 3011 1340 3064 qua
1372 2994 1672 3048 ordinatus
1705 3003 1789 3051 est
1830 3002 1935 3054 sub

226 3089 470 3143 testibus
500 3086 838 3157 probaverit
867 3101 879 3138 :
911 3085 1131 3137 litteras
1172 3084 1346 3136 etiam
1380 3082 1609 3137 habebit
1637 3084 1695 3137 in
1729 3087 1937 3157 quibus

230 3177 352 3229 sint
389 3176 625 3229 nomina
651 3173 913 3245 episcopi
957 3180 1015 3225 et
1060 3172 1301 3225 civitatis
1351 3170 1591 3239 plumbo
1636 3172 1934 3243 impressa,

230 3265 443 3336 quibus
471 3265 740 3335 cognitis,
776 3268 833 3315 et
859 3261 1068 3314 talibus
1098 3260 1346 3315 inventis
1372 3259 1581 3328 quibus
1606 3260 1747 3315 ﬁdes
1772 3264 1937 3317 adhi-

228 3355 351 3409 beri
384 3348 582 3423 possif,
617 3352 946 3421 recipiatur.

232 3443 363 3495 CAP.
415 3440 720 3496 CCXXXVI.
773 3468 843 3477 ——-
880 3438 959 3490 De
1004 3438 1336 3504 presbyteris
1389 3437 1487 3503 qui
1533 3438 1757 3491 crimine
1786 3443 1937 3508 capi-

306 3512 413 3565 tali
441 3516 789 3573 accusantur,
833 3512 885 3562 et
914 3508 1141 3575 collegas
1190 3509 1387 3577 quibus
1414 3522 1472 3559 se
1503 3522 1766 3563 excusare
1811 3526 1937 3579 pos-

306 3586 418 3637 sint
448 3599 550 3635 non
580 3583 799 3635 habent.

310 3675 418 3736 (Ea:
468 3674 653 3726 concit.
695 3669 941 3735 Tribur.,
995 3670 1084 3722 cui
1127 3668 1384 3733 interfuit
1439 3667 1761 3734 Arnolphus
1814 3685 1932 3737 rem,

230 3778 353 3831 cap.
406 3764 484 3827 6.)
536 3762 614 3815 De
661 3755 1012 3829 presbyteris
1061 3757 1161 3827 qui
1220 3754 1460 3808 crimine
1517 3753 1932 3826 fornicationis,

229 3851 347 3905 sive
378 3850 573 3919 aliquo
622 3846 853 3918 capitali
900 3844 1118 3916 flagitio
1163 3848 1521 3908 accusantur,
1572 3848 1628 3896 et
1679 3861 1793 3900 non
1833 3846 1935 3900 ha-

228 3938 370 3992 bent
400 3938 644 4005 collegas
672 3950 806 3987 cum
837 3932 1045 4003 quibus
1092 3949 1149 3985 se
1182 3945 1451 3985 excusare
1484 3929 1729 4001 possint,
1757 3940 1857 3988 aut
1889 3935 1937 3987 si

230 4027 375 4080 forte
406 4024 551 4093 lapsi
591 4023 828 4088 fuerint,
865 4021 1153 4091 quomodo
1186 4018 1553 4074 satisfaciant.
1588 4019 1654 4073 In
1689 4038 1935 4092 quorum

223 4114 443 4184 judicio
490 4127 677 4181 neque
717 4111 786 4164 ad
820 4109 1133 4175 dexteram,
1166 4123 1354 4179 neque
1401 4106 1471 4160 ad
1502 4106 1791 4164 sinistram
1836 4111 1935 4164 de-

2054 466 2304 536 amplius
2339 468 2476 537 pelli
2502 468 2670 521 debet
2700 474 2756 522 et
2782 470 2851 522 ad
2886 470 3280 539 paenitentiam
3316 473 3518 544 redigi.

2118 572 2247 625 CAP.
2284 576 2618 630 CCXXXVII.
2652 607 2719 614 —
2752 580 2823 630 De
2848 578 3217 645 predicatione
3239 581 3695 648 presbyterorum.

2128 676 2246 743 (Ea:
2275 682 2464 733 concil.
2511 681 2865 745 Triburiensi,
2913 685 3001 735 cui
3052 685 3301 745 interfuit
3337 700 3434 737 rem
3465 686 3761 754 Arnolph.)

2130 766 2504 835 Praecipimus
2553 768 2710 821 vobis
2760 773 2821 821 ut
2850 771 3243 840 unusquisque
3293 778 3542 824 vestrum
3587 789 3762 841 super

2057 852 2201 907 duas
2262 871 2358 907 seu
2411 861 2526 908 tres
2583 857 2990 922 hebdomadas,
3045 858 3246 911 diebus
3304 859 3604 912 dominicis
3657 878 3756 914 seu

2057 941 2460 997 festivitatibus
2506 952 2854 1013 sanctorum,
2903 948 3184 1015 populum
3234 947 3340 1000 sibi
3387 949 3755 1003 commissum

2062 1028 2339 1085 doctrinis
2388 1033 2696 1086 salutiferis
2744 1050 2810 1086 ex
2864 1051 3022 1087 sacra
3070 1035 3363 1103 Scriptura
3393 1037 3640 1105 sumptis
3693 1037 3755 1089 in

2066 1120 2305 1173 Ecclesia
2353 1120 2461 1173 sibi
2509 1122 2812 1175 commissa
2849 1129 2981 1191 post
3020 1124 3385 1192 Evangelium
3440 1125 3752 1192 perlectum

2061 1205 2341 1260 instruere
2386 1209 2630 1275 studeat,
2665 1216 2721 1262 et
2756 1210 2959 1279 jubeat
3004 1211 3114 1262 illis
3149 1216 3209 1263 ut
3239 1212 3428 1263 nullus
3471 1212 3539 1263 de
3569 1212 3751 1265 eccle-

2061 1295 2143 1347 sia
2184 1301 2360 1357 exeat,
2411 1304 2714 1365 antequam
2753 1314 2785 1349 a
2814 1298 3147 1366 presbytero
3197 1298 3310 1349 sive
3342 1298 3581 1350 diacono
3616 1299 3749 1351 ulti-

2057 1398 2149 1435 ma
2189 1384 2331 1447 laus,
2367 1383 2425 1437 id
2475 1389 2559 1436 est
2592 1384 2998 1439 Benedicamus
3034 1384 3297 1449 Domino,
3344 1390 3435 1438 aut
3468 1387 3546 1437 Ite
3576 1385 3748 1438 missa

2053 1477 2154 1534 est,
2188 1472 2608 1539 pronuntietur.
3742 1538 3745 1539 ν

2052 1577 2179 1630 CAP.
2250 1576 2608 1630 CCXXXVIII.
2675 1606 2741 1615 —
2784 1580 2855 1630 De
2907 1578 3295 1639 ecclesiasticis,
3348 1578 3399 1629 si
3463 1578 3744 1630 saculares

2454 1652 2747 1714 potestates
2778 1648 2972 1699 habere
3003 1647 3333 1699 desiderant.

2119 1735 2226 1804 (Ea:
2255 1736 2411 1803 epist.
2469 1737 2588 1791 Gre.
2637 1751 2793 1803 papae
2844 1734 3149 1787 Secundino
3200 1750 3349 1787 servo
3397 1736 3495 1787 Dei
3538 1735 3742 1787 recluso

2045 1823 2292 1889 directa.)
2348 1824 2580 1876 Certum
2635 1839 2885 1891 namque
2943 1828 3026 1875 est
3073 1839 3189 1874 non
3250 1838 3344 1873 vos
3390 1830 3523 1874 ante
3576 1837 3741 1874 exer-

2046 1911 2181 1964 citui
2203 1912 2405 1964 ducem
2430 1927 2786 1981 przeponere,
2817 1910 2926 1964 nisi
2960 1911 3113 1963 vobis
3146 1910 3306 1963 labor
3335 1911 3457 1979 ejus
3486 1910 3743 1979 ﬁdesque

2047 1998 2445 2066 complaceret,
2478 2004 2531 2051 et
2562 1999 2673 2051 nisi
2701 2014 2832 2051 eum
2874 2002 3147 2051 anteactae
3177 1998 3307 2050 vita:
3338 1998 3514 2050 virtus
3545 2002 3601 2050 et
3631 1997 3742 2049 sol-

2048 2085 2281 2138 licitudo
2332 2090 2532 2154 aptum
2574 2102 2692 2139 esse
2735 2085 3154 2138 monstraverit.
3194 2085 3247 2138 Si
3292 2101 3423 2138 vero
3468 2101 3584 2137 non
3615 2084 3744 2136 aliis

2050 2174 2160 2226 nisi
2195 2174 2524 2242 bujusmodi
2558 2174 2691 2227 viris
2735 2173 3114 2227 committitur
3146 2173 3552 2242 gubernandus
3581 2187 3741 2225 exer-

2049 2263 2214 2329 citus,
2262 2262 2443 2331 qualis
2500 2263 2611 2315 dux
2663 2278 2783 2316 esse
2840 2262 3046 2314 debeat
3094 2260 3416 2313 animarum
3466 2276 3531 2312 ex
3577 2259 3744 2312 istius

2049 2352 2217 2405 bona:
2248 2350 2331 2403 rei
2375 2351 2801 2420 comparatione
2848 2348 3154 2417 colligitur.
3199 2348 3308 2401 Sed
3354 2347 3743 2401 verecundum

2050 2438 2214 2492 nobis
2244 2442 2347 2502 est,
2384 2444 2439 2491 et
2469 2438 2659 2491 dicere
2690 2439 2883 2507 pudet,
2918 2437 3053 2506 quia
3082 2436 3401 2489 sacerdotes
3430 2434 3538 2487 sibi
3569 2434 3743 2488 duca-

2052 2534 2176 2582 tum
2224 2527 2530 2595 arripiunt,
2582 2527 2681 2596 qui
2711 2526 3008 2580 exordium
3048 2525 3330 2595 religiosa
3362 2524 3585 2578 militias
3628 2541 3743 2578 non

2050 2615 2336 2668 viderunt.

2051 2718 2177 2791 Cie.
2220 2717 2520 2791 CCXXXIX.
2570 2747 2638 2758 —
2673 2720 2737 2771 Ut
2783 2719 2893 2791 viri
2927 2732 3139 2791 veraces
3183 2720 3233 2791 et
3267 2719 3429 2791 Deum
3478 2718 3743 2791 timentes,

2120 2787 2177 2842 in
2218 2789 2531 2842 civitatibus
2562 2794 2612 2842 et
2644 2792 2701 2841 in
2724 2790 2960 2857 publicis
2995 2790 3127 2841 vicis
3167 2787 3359 2841 decani
3402 2789 3746 2841 constituan-

2123 2864 2229 2913 tur.

2119 2965 2237 3035 (Ea:
2265 2965 2455 3018 concil.
2488 2965 2792 3027 Rothoma.,
2824 2980 2943 3033 cap.
2972 2967 3049 3030 9.)
3084 2966 3151 3018 Ut
3172 2950 3745 3034 populus‘admonea-

2047 3058 2143 3107 tur
2175 3058 2235 3106 ut
2265 3053 2324 3105 in
2372 3052 2676 3106 dominicis
2706 3058 2762 3107 et
2786 3053 2946 3107 festis
2974 3053 3176 3106 diebus
3208 3068 3407 3105 omnes
3437 3053 3505 3104 ad
3542 3068 3744 3121 vespe-

2047 3157 2159 3208 ras,
2194 3148 2252 3195 et
2303 3146 2606 3194 nocturnas
2636 3142 2882 3213 vigilias,
2930 3146 2987 3195 et
3017 3142 3085 3195 ad
3134 3141 3365 3193 missam
3398 3140 3746 3194 omnimodis

2049 3236 2372 3295 occurrant,
2404 3235 2460 3284 et
2500 3235 2559 3284 ut
2588 3230 2785 3285 decani
2835 3231 2895 3283 in
2926 3230 3249 3283 civitatibus
3278 3236 3335 3282 et
3364 3228 3425 3282 in
3470 3228 3605 3280 vicis
3636 3244 3743 3298 pu-

2048 3319 2212 3372 blicis
2254 3318 2359 3371 viri
2408 3334 2631 3373 veraces
2663 3323 2719 3373 et
2768 3320 2947 3373 Deum
2992 3317 3256 3372 timentes
3303 3318 3742 3384 constituantur,

2048 3406 2148 3475 qui
2196 3406 2419 3459 desides
2466 3412 2522 3460 et
2568 3407 2925 3478 negligentes
2973 3410 3376 3460 commoneant
3424 3410 3485 3458 ut
3529 3407 3597 3459 ad
3644 3406 3743 3459 Dei

2049 3494 2347 3547 servitium
2379 3495 2593 3565 absque
2634 3496 2931 3549 occasione
2961 3498 3294 3563 properent,
3326 3498 3382 3546 et
3409 3500 3472 3547 ut
3500 3494 3610 3563 ipsi
3639 3494 3743 3547 de-
3792 3516 3799 3523 ·

2048 3582 2174 3636 cani
2231 3590 2587 3637 sacramento
2645 3583 3076 3650 adstringantur
3143 3586 3219 3647 ut,
3284 3581 3443 3634 nulla
3498 3582 3744 3635 interve-

2047 3670 2243 3724 niente
2292 3685 2480 3735 causa,
2535 3670 2765 3737 scilicet,
2819 3676 2919 3721 aut
2948 3670 3181 3731 amoris,
3229 3674 3326 3723 aut
3355 3669 3595 3736 timoris,
3647 3676 3746 3723 aut

2047 3758 2517 3831 propinquitatis,
2566 3758 2842 3822 muneris,
2875 3758 3234 3828 negligentes
3275 3764 3332 3812 et
3355 3764 3742 3828 transgresso-

2046 3866 2139 3903 res
2181 3846 2477 3915 reticeant,
2510 3848 2649 3918 quin
2680 3845 3070 3901 sacerdotibus
3103 3848 3365 3916 proprias
3395 3864 3593 3901 eorum
3624 3848 3742 3900 cul-

2046 3953 2148 4007 pas
2179 3935 2565 3990 manifestent.
2600 3934 2992 3991 .Sacerdotum
3037 3942 3229 3990 autem
3277 3937 3385 3990 erit
3431 3936 3512 3989 ita
3539 3952 3739 3990 eorum

2046 4026 2199 4084 vitia,
2250 4026 2371 4078 zelo
2418 4030 2475 4079 et
2523 4041 2715 4079 amore
2763 4022 2980 4091 divino,
3023 4040 3153 4078 cum
3205 4025 3396 4078 debita
3440 4024 3742 4095 disciplina

2047 4115 2354 4183 corrigere,
2404 4113 2547 4167 sicut
2601 4113 2710 4184 ipsi
2759 4112 2965 4166 nolunt
3019 4129 3123 4183 pro
3176 4114 3418 4167 aliorum
3458 4114 3739 4168 erratibus

229 4200 563 4256 clinandum
615 4205 715 4262 est,
754 4198 851 4251 sed
894 4203 1047 4251 recta
1093 4197 1184 4250 via
1213 4194 1616 4268 gradiendum.
1650 4198 1712 4251 In
1747 4200 1931 4253 conci-
1967 4219 2009 4271 ι)
2052 4201 2395 4255 sententiam
2423 4202 2593 4270 justas
2618 4200 3005 4255 damnationis
3050 4202 3353 4273 suscipere.
3404 4204 3467 4256 Et
3515 4208 3577 4256 ut
3619 4202 3739 4256 dies

228 4292 306 4344 lio
354 4303 606 4358 namque
650 4285 1093 4341 Neocaasariensi
1123 4302 1247 4355 cap.
1295 4284 1571 4353 scriptum
1604 4290 1688 4338 est
1722 4303 1734 4339 :
1770 4289 1935 4341 Pres-

228 4380 394 4450 byter
441 4377 488 4430 si
529 4391 764 4429 uxorem
797 4374 1095 4444 acceperit,
1133 4375 1205 4429 ab
1256 4373 1458 4428 ordine
1490 4372 1830 4443 deponatur.
1880 4376 1936 4431 Si

2046 4289 2173 4343 festi
2204 4305 2237 4341 a
2266 4304 2501 4357 vespera
2536 4304 2720 4359 usque
2752 4289 2821 4341 ad
2853 4303 3149 4358 vesperam
3180 4291 3391 4362 absque
3420 4306 3590 4362 opere
3619 4307 3736 4344 ser-

2046 4377 2145 4430 vili
2176 4392 2306 4430 cum
2336 4376 2527 4431 debito
2560 4378 2778 4431 honore
2810 4376 3190 4434 celebrentur.

1615 4487 1792 4527 FINIS
1837 4490 2014 4530 LIBRI
2055 4490 2353 4529 SECUNDI.

1107 4710 1403 4784 INDEX
1460 4710 2147 4786 CAPITULORUM
2205 4714 2458 4786 LIBRI
2521 4713 2862 4786 TERTII.

230 4872 361 4925 CAP.
391 4868 435 4920 Ι.
470 4864 612 4929 Quid
638 4862 712 4916 sit
741 4861 1006 4915 Ecclesia.

229 4959 299 5011 II.
338 4958 419 5010 De
451 4952 741 5024 primitiva
774 4950 1030 5013 Ecclesia.

230 5047 325 5100 III.
358 5043 523 5108 Quod
558 5041 875 5095 sacerdotes
901 5055 1068 5108 agros
1095 5054 1236 5109 quos
1265 5037 1511 5093 vendere
1542 5038 1821 5107 solebant,
1854 5039 1925 5093 ad

302 5144 672 5186 communem
700 5128 1003 5181 utilitatem
1033 5127 1284 5180 ecclesiis
1313 5126 1637 5180 tradebant.

230 5222 320 5275 IV.
357 5220 480 5283 Quo
528 5223 787 5287 tempore
824 5216 931 5269 viri
979 5214 1227 5285 religiosi
1277 5214 1490 5284 seipsos
1524 5216 1759 5269 domino
1788 5232 1925 5269 con-

302 5311 618 5371 secrarunt,
650 5304 993 5358 aedificantes
1024 5303 1284 5357 basilicas
1314 5304 1372 5357 in
1400 5304 1517 5357 suis
1546 5304 1755 5357 fundis.

232 5399 292 5449 V.
347 5395 510 5460 Quod
560 5393 959 5447 Constantinus
1007 5392 1229 5462 primus
1286 5392 1699 5461 imperatorum
1746 5393 1921 5446 fabri-

302 5484 467 5539 candi
500 5482 759 5537 ecclesias
794 5481 1087 5543 licentiam
1110 5481 1333 5535 tribuit.

2037 4864 2127 4918 VI.
2170 4866 2239 4919 Ut
2270 4864 2461 4918 nullus
2508 4862 2802 4916 ecclesiam
2853 4862 3117 4931 aediﬁcet,
3169 4864 3280 4919 nisi
3328 4865 3424 4918 ille
3472 4866 3563 4920 cui
3610 4868 3730 4938 epi-

2106 4967 2311 5020 scopus
2344 4950 2449 5004 loci
2482 4950 2674 5004 locum
2706 4950 3110 5020 designaverit.

2034 5039 2146 5092 VII.
2202 5040 2277 5092 De
2312 5039 2410 5091 illo
2456 5038 2555 5108 qui
2610 5038 2668 5091 in
2702 5054 2803 5092 suo
2842 5039 3060 5109 praidio
3110 5041 3402 5093 ecclesiam
3451 5040 3735 5098 aediﬁcare

2104 5128 2412 5180 desiderat.

2034 5216 2174 5268 VIII.
2215 5216 2284 5269 Ut
2325 5230 2522 5268 omnes
2566 5214 2816 5268 ecclesiae
2846 5214 2906 5268 in
2956 5214 3111 5268 illius
3160 5214 3415 5286 episcopi
3452 5222 3733 5287 potestate

2106 5303 2217 5355 sint
2252 5303 2309 5355 in
2341 5303 2502 5372 cujus
2532 5303 2825 5356 territorio
2862 5302 3060 5373 positas
3086 5309 3238 5357 sunt.

2034 5394 2118 5446 IX.
2158 5393 2224 5445 Ut
2257 5392 2505 5460 antiquae
2547 5390 2798 5445 ecclesiae
2840 5392 3297 5461 possessionibus
3347 5400 3586 5465 propter
3626 5412 3730 5449 no-

2103 5496 2197 5533 vas
2230 5496 2345 5533 non
2376 5479 2716 5550 spolientur.
