3976 6194
298 306 400 357 667

1375 306 1700 364 BURCIIAR
1711 308 1778 362 DI
1821 306 2351 365 WORMACIENSIS
2392 307 2723 364 EPISCOPI.
3681 323 3776 377 668

300 427 359 481 X.
391 427 470 480 De
517 425 770 480 ecclesiis
798 433 854 481 et
893 427 1187 492 altaribus,
1227 428 1329 483 ubi
1357 429 1550 500 aliqua
1598 430 1878 486 dubitatio
1912 435 1995 486 est
2023 433 2070 486 A
2106 432 2276 486 XLVI.
2330 432 2400 486 Ut
2446 431 2843 504 unusquisque
2895 433 3190 506 presbyter
3234 451 3350 490 una
3387 438 3616 495 ecclesia
3657 459 3778 498 con-

371 514 440 568 de
472 514 924 574 consecratione.
959 520 1024 569 ut
1052 523 1480 572 consecrentur.

302 602 388 657 XI.
439 602 496 658 Si
536 603 716 657 altare
767 607 989 657 motum
1041 603 1231 671 fuerit,
1284 605 1473 660 denuo
1517 606 1753 660 ecclesia
1801 622 1996 662 conse-

373 696 578 746 cretur.
1735 691 1741 694 ’

301 781 415 834 XII.
447 780 504 834 Si
529 781 763 834 ecclesia
795 780 999 834 violata
1026 781 1216 847 fuerit,
1249 783 1458 837 iterum
1490 789 1871 839 consecretur.

302 869 444 922 XIII.
497 871 563 924 Ut
620 869 918 923 ecclesiam
969 869 1065 924 ubi
1113 886 1373 940 paganus
1423 873 1677 942 sepultus
1727 877 1828 940 est,
1882 889 1998 927 non

375 958 541 1010 liceat
565 957 835 1012 dedicari.

303 1047 436 1100 XIV.
487 1047 554 1100 Ut
598 1046 657 1099 in
711 1045 947 1100 ecclesia
997 1046 1056 1100 in
1089 1063 1202 1117 qua
1249 1048 1523 1102 cadavera
1571 1051 1796 1120 sepulta
1844 1055 1996 1115 sunt,

374 1134 550 1187 altare
579 1150 907 1188 consecrare
938 1152 1054 1188 non
1085 1137 1270 1190 liceat.

302 1222 408 1275 XV.
472 1222 541 1276 Ut
588 1223 712 1276 loca
768 1224 944 1277 semel
1016 1223 1220 1290 dicata,
1285 1231 1564 1296 perpetuo
1624 1227 1703 1280 sic
1769 1243 1997 1297 perma-

374 1316 566 1364 neant.

301 1399 434 1452 XVI.
472 1400 548 1453 De
579 1399 718 1453 locis
755 1400 978 1454 dudum
1025 1401 1279 1468 sacratis,
1325 1407 1380 1456 et
1409 1418 1563 1456 nunc
1605 1404 1904 1474 neglectis,
1938 1408 2001 1458 ut

371 1477 579 1541 iterum
607 1488 1012 1542 reformentur.

302 1576 462 1628 XVII.
501 1577 571 1630 Ut
599 1576 792 1630 nullus
839 1577 995 1632 aliud
1041 1579 1218 1632 altare
1265 1579 1484 1646 erigere
1523 1585 1852 1650 prasumat,
1885 1580 1997 1635 nisi

377 1664 527 1733 quod
566 1664 636 1718 ab
668 1665 936 1736 episcopo
969 1672 1360 1721 consecratum
1394 1673 1498 1723 est.

303 1752 487 1806 XVIII.
541 1754 611 1806 Ut
653 1755 1028 1825 energumeni
1075 1756 1440 1811 ecclesiarum
1495 1758 1821 1829 pavimenta
1868 1775 1996 1814 ver-

373 1845 522 1894 rant.

301 1929 428 1982 XIX.
464 1931 540 1984 De
570 1931 933 1985 monasteriis
962 1933 1138 1987 semel
1169 1933 1530 1990 consecratis.

301 2017 403 2072 XX.
440 2019 517 2072 De
549 2018 664 2072 illis
710 2019 808 2089 qui
842 2021 1034 2075 dotem
1065 2021 1317 2076 ecclesia
1366 2022 1476 2077 sibi
1506 2021 1794 2078 vindicare
1838 2040 1985 2096 pra-

372 2107 742 2176 sumpserint.

300 2194 426 2248 XXI.
459 2194 539 2248 De
577 2195 829 2249 ecclesiis
862 2195 1183 2268 destructis,
1231 2199 1522 2270 quomodo
1556 2200 1862 2254 restaurari
1895 2199 2016 2258 de-.

370 2282 561 2338 beant.

298 2372 453 2426 XXII.
484 2371 643 2435 Quod
687 2372 748 2426 in
778 2389 893 2428 una
940 2375 1346 2430 terminatione
1394 2377 1590 2447 plures
1628 2376 1993 2448 baptismales

371 2460 620 2515 ecclesia
649 2477 770 2516 esse
801 2478 918 2516 non
944 2464 1184 2533 possint.

298 2549 483 2603 XXIII.
519 2551 588 2604 Ut
627 2551 912 2620 regularia
959 2553 1305 2608 monasteria
1347 2569 1453 2607 nec
1493 2554 1660 2608 vendi
1707 2570 1811 2608 nec
1840 2571 1994 2609 com-

370 2637 581 2691 mutari
605 2638 827 2708 possint
856 2639 967 2694 nisi
994 2657 1124 2694 cum
1155 2642 1264 2694 alio
1296 2643 1666 2698 monasterio.

298 2725 475 2779 XXIV.
512 2726 580 2780 Ut
634 2742 752 2780 non
809 2727 977 2782 liceat
1017 2728 1185 2782 alicui
1237 2728 1408 2782 unius
1464 2729 1726 2785 Ecclesia
1755 2733 1986 2796 terram,

370 2814 480 2867 nisi
509 2815 847 2882 cambiatur,
879 2821 1096 2871 vertere
1126 2817 1196 2871 ad
1227 2817 1418 2873 aliam.

298 2903 453 2957 XXV.
505 2905 575 2958 Ut
617 2903 838 2971 altaria,
890 2904 1002 2958 nisi
1067 2905 1181 2959 sint
1219 2906 1464 2977 lapidea,
1526 2907 1830 2962 chrismate
1873 2924 1990 2961 non

369 2998 792 3046 consecrentur.

295 3080 475 3135 XXVI.
529 3081 600 3135 Ut
652 3081 1063 3136 monasterium
1115 3083 1187 3137 ad
1231 3083 1655 3139 meliorandum
1701 3083 1763 3138 in
1812 3082 1989 3138 alium

369 3168 536 3222 liceat
564 3185 780 3239 ponere
809 3169 1021 3224 locum.
1334 3173 1341 3184 '

296 3257 499 3310 XXVII.
535 3258 605 3311 Ut
627 3256 750 3311 sine
780 3258 954 3312 missa
983 3258 1220 3313 ecclesia
1244 3275 1360 3313 non
1391 3259 1596 3313 debeat
1624 3258 1892 3314 dedicari.

297 3345 520 3398 XXVIII.
559 3346 629 3399 Ut
659 3345 963 3416 episcopus
1007 3347 1301 3402 neminem
1345 3347 1648 3419 prohibeat
1695 3347 1990 3402 ecclesiam

368 3432 615 3502 ingredi,
644 3438 700 3486 et
728 3434 926 3488 audire
956 3436 1196 3490 verbum
1227 3436 1349 3490 Dei.

270 3522 472 3576 'XXIX.
523 3523 588 3576 Ut
616 3523 866 3594 populus
915 3523 1015 3594 qui
1042 3524 1370 3579 convenerit
1418 3525 1490 3580 ad
1535 3524 1797 3593 Missam,
1832 3535 1990 3580 ante-

369 3625 542 3680 quam
574 3610 813 3664 ﬁniatur
841 3627 959 3666 non
991 3611 1257 3666 discedat.

296 3700 443 3754 XXX.
481 3700 560 3753 De
588 3699 700 3753 illis
732 3700 833 3771 qui
866 3701 1244 3756 ecclesiastica
1273 3701 1488 3757 habent
1514 3702 1810 3758 beneﬁcia.

295 3788 468 3843 XXXI.
505 3788 582 3842 De
613 3789 863 3844 ecclesiis
892 3790 1044 3860 apud
1074 3791 1348 3846 barbaros
1374 3792 1722 3848 constitutis.

294 3878 489 3932 XXXII.
529 3879 607 3931 De
633 3878 885 3932 ecclesiis
912 3879 1279 3935 Arianorum.

295 3967 520 4020 XXXIII.
555 3968 632 4021 De
665 3967 1000 4022 dioecesanis
1030 3968 1283 4022 ecclesiis
1311 3967 1620 4022 destitutis.

294 4055 511 4109 XXXIV.
574 4055 828 4120 Qualiter
895 4056 1226 4110 destitutam
1281 4056 1580 4110 ecclesiam
1655 4055 1824 4110 alteri
1897 4071 1986 4110 ec-

368 4143 556 4197 clesia
587 4149 738 4198 recte
767 4143 1116 4214 conjungere
1147 4144 1328 4198 valeat
1353 4144 1670 4214 episcopus.

296 4232 484 4286 XXXV.
518 4233 588 4286 Ut
614 4232 854 4302 pictura
883 4231 944 4285 in
977 4232 1214 4286 ecclesia
1243 4230 1367 4286 ﬁeri
1395 4248 1512 4285 non
1543 4231 1810 4288 debeant.

296 4319 510 4373 XXXVI.
546 4320 688 4373 Item
719 4319 788 4373 de
816 4320 1056 4390 pictura.

297 4407 538 4462 XXXVII.
588 4408 656 4462 Ut
683 4423 800 4461 non
829 4423 933 4478 pro
959 4407 1151 4462 debito
1182 4407 1481 4479 episcopus
1509 4408 1579 4463 de
1608 4407 1992 4463 consecranda

368 4495 606 4549 ecclesia
634 4511 847 4550 munus
877 4496 1110 4568 aliquod
1140 4497 1412 4568 requirat.

297 4584 566 4639 XXXVIII.
625 4586 694 4639 Ut
731 4585 1027 4640 ecclesiam
1073 4585 1135 4639 in
1183 4602 1298 4656 qua
1354 4585 1630 4640 cadavera
1667 4585 1989 4642 inﬁdelium

365 4675 589 4744 sepulta
617 4678 751 4728 sunt
779 4675 1130 4730 sanctiﬁcare
1161 4691 1278 4729 non
1304 4674 1492 4731 liceat.

296 4764 508 4818 XXXIX.
555 4764 636 4818 De
676 4763 848 4834 lignis
893 4764 1168 4819 dedicata
1213 4763 1482 4832 ecclesia,
1536 4763 1606 4818 ad
1645 4762 1798 4834 quod
1852 4779 1990 4817 usus

365 4852 510 4906 verti
538 4851 798 4906 debeant.

295 4942 396 4996 XL.
439 4941 588 5007 Quid
635 4941 904 5012 episcOpo
954 4942 1237 5012 agendum
1281 4941 1376 5011 sit,
1424 4940 1471 4995 si
1503 4941 1697 5012 plures
1735 4940 1991 4996 haredes

366 5031 434 5084 de
465 5046 582 5084 una
611 5030 1016 5086 contenderint
1045 5029 1299 5085 ecclesia.

296 5118 426 5172 XLI.
464 5120 540 5172 De
571 5119 772 5174 eadem
798 5135 876 5173 re.

295 5207 449 5260 XLII.
489 5209 564 5262 De
593 5208 840 5262 ecclesiis
871 5207 1021 5262 inter
1048 5206 1306 5262 haredes
1339 5207 1550 5262 divisis.

296 5295 480 5349 XLIII.
515 5295 586 5349 Ut
625 5296 838 5366 singuli
880 5295 1199 5367 presbyteri
1231 5295 1486 5366 singulas
1533 5295 1784 5351 habeant
1821 5296 1991 5350 eccle-

368 5397 497 5436 818.3.

296 5470 472 5526 XLIV.
511 5471 587 5523 De
614 5470 815 5524 eadem
843 5487 923 5525 re.

296 5559 445 5615 XLV.
479 5559 558 5614 De
586 5559 786 5614 eadem
816 5574 896 5612 re.

2181 524 2371 574 tentus
2403 519 2494 574 sit.

2107 609 2307 664 XLVII.
2347 611 2423 664 De
2450 609 2649 664 eadem
2678 624 2760 664 re.

2107 699 2338 752 XLVIII.
2370 699 2446 751 De
2476 698 2678 752 eadem
2709 713 2792 752 re.

2106 786 2279 840 XLIX.
2318 786 2395 839 De
2429 785 2628 840 eadem
2655 802 2737 840 re.

2108 874 2166 928 L.
2203 876 2281 929 De
2310 874 2609 928 ordinibus
2641 874 2834 928 sacris.

2108 962 2194 1016 LI.
2229 962 2307 1016 De
2339 961 2590 1016 ecclesiis
2621 978 2716 1015 seu
2749 962 2956 1016 sanctis
2983 963 3207 1016 noviter
3236 964 3504 1020 inventis.

2109 1051 2216 1105 LII.
2254 1052 2323 1105 Ut
2354 1066 2716 1121 unaquaque
2767 1050 3004 1104 ecclesia
3046 1067 3311 1108 mansum
3364 1053 3657 1125 integrum
3699 1058 3788 1112 ha-

2178 1139 2308 1192 beat
2340 1139 2460 1192 sine
2495 1139 2748 1192 servitio.

2110 1229 2243 1282 LIII.
2289 1229 2357 1282 Ut
2384 1228 2576 1281 nullus
2623 1228 2692 1281 de
2739 1227 2868 1281 dote
2898 1227 3172 1293 ecclesia,
3205 1229 3292 1282 vel
3336 1229 3406 1284 de
3441 1247 3644 1286 manso
3675 1250 3786 1304 pre-

2177 1316 2539 1386 sbyterorum
2568 1331 2802 1369 censum
2837 1316 3160 1385 persolvere
3187 1322 3375 1387 cogat.

2109 1404 2238 1458 LIV.
2276 1405 2352 1458 De
2382 1403 2656 1458 altaribus
2687 1420 2817 1474 qua
2847 1404 3056 1474 passim
3088 1405 3238 1459 ﬁunt
3266 1423 3367 1476 per
3396 1423 3586 1477 agros.

2107 1493 2210 1546 LV.
2265 1494 2334 1547 Ut
2382 1497 2700 1562 martyrum
2748 1491 3088 1561 dignitatem
3144 1493 3336 1548 nullus
3383 1497 3668 1566 profanus
3721 1499 3790 1552 in-

2177 1582 2371 1635 famet.

2109 1671 2240 1726 LVI.
2276 1672 2343 1725 Ut
2373 1669 2680 1724 missarum
2731 1669 3014 1723 solemnia
3061 1686 3178 1724 non
3207 1671 3444 1743 ubique,
3497 1673 3602 1728 sed
3636 1673 3692 1728 in
3718 1675 3789 1729 lo-

2177 1759 2256 1813 cis
2282 1759 2350 1813 ab
2378 1758 2644 1829 episcopo
2673 1757 3013 1812 consecratis
3035 1758 3196 1813 ﬁant.

2105 1844 2264 1898 LVII.
2331 1844 2410 1897 De
2469 1843 2644 1897 missa
2698 1858 2817 1897 non
2873 1842 3240 1912 celebranda,
3293 1845 3407 1900 nisi
3463 1846 3525 1901 in
3585 1852 3789 1902 sacrato

2174 1933 2315 1986 loco.

2106 2021 2285 2075 LVIII.
2323 2021 2401 2074 De
2431 2019 2634 2074 eadem
2662 2034 2746 2073 re.

2103 2110 2230 2164 LIX.
2261 2109 2426 2173 Quod
2478 2123 2597 2162 non
2635 2106 2804 2161 liceat
2847 2106 3048 2162 missas
3097 2109 3406 2179 celebrare,
3455 2110 3571 2166 nisi
3622 2111 3787 2168 inlo-

2172 2197 2251 2252 cis
2284 2198 2354 2251 ab
2385 2197 2652 2267 episcopo
2679 2196 2922 2251 civitatis
2950 2199 3313 2254 consecratis.

2103 2287 2204 2341 LX.
2237 2287 2316 2340 De
2342 2285 2544 2340 eadem
2575 2301 2655 2338 re.

2104 2373 2229 2426 LXI.
2259 2374 2336 2428 De
2365 2372 2568 2427 eadem
2597 2387 2682 2426 re.

2102 2461 2257 2514 LXII.
2291 2461 2371 2514 De
2399 2459 2764 2531 reparatione
2796 2460 3076 2515 Ecclesia.

2101 2550 2282 2603 LXIII.
2320 2549 2386 2603 Ut
2415 2553 2548 2603 ante
2588 2548 2790 2603 horam
2853 2548 2968 2603 diei
3030 2538 3257 2604 tertiam
3320 2566 3437 2605 non
3483 2551 3602 2606 sint
3662 2554 3790 2607 cele-

2172 2636 2404 2689 branda
2430 2636 2640 2690 missa.

2102 2725 2276 2779 LXIV.
2329 2725 2401 2779 Ut
2454 2741 2558 2795 pro
2624 2724 2889 2779 ﬁdelibus
2954 2725 3236 2780 defunctis
3301 2726 3542 2798 singulis
3596 2728 3789 2784 diebus

2171 2813 2372 2866 missas
2401 2813 2689 2867 celebrare
2721 2813 2908 2869 liceat.

2098 2901 2244 2956 LXV.
2279 2902 2350 2955 Ut
2378 2901 2552 2955 missa
2597 2906 2959 2956 mortuorum
2987 2918 3093 2974 pro
3143 2902 3410 2957 omnibus
3456 2904 3788 2960 Christianis

2023 2981 2062 3036 C
2171 2990 2245 3043 sit
2268 2990 2568 3044 cantanda.

2099 3078 2277 3133 LXVI.
2314 3079 2382 3133 Ut
2425 3077 2815 3134 institutiones
2857 3079 3162 3134 missarum
3193 3080 3338 3134 sicut
3383 3081 3446 3134 in
3490 3081 3787 3151 metropoli

2169 3167 2332 3231 ﬁunt,
2363 3167 2441 3220 sic
2471 3171 2528 3221 et
2556 3167 2789 3238 reliquis
2817 3168 3391 3238 comprovincialibus
3423 3170 3702 3225 Ecclesiis.

2101 3255 2301 3312 LXVII.
2359 3257 2427 3310 Ut
2471 3271 2669 3326 preces
2716 3260 2774 3309 et
2827 3255 3214 3326 prafationes,
3265 3274 3393 3329 qua
3447 3259 3506 3312 in
3556 3259 3784 3314 concilio

2171 3345 2425 3414 probata
2455 3360 2573 3398 non
2603 3343 2838 3411 fuerint,
2870 3361 2986 3399 non
3018 3346 3398 3401 celebrentur.

2101 3434 2327 3488 LXVIII.
2367 3434 2435 3487 Ut
2476 3432 2669 3488 nullus
2730 3433 3026 3504 presbyter
3087 3436 3241 3488 solus
3289 3435 3522 3489 missam
3564 3442 3779 3491 cantare

2170 3526 2499 3591 prasumat.

2100 3611 2268 3664 LXIX.
2323 3612 2400 3664 De
2443 3609 2882 3665 Prafationibus
2929 3626 3057 3681 qua
3097 3615 3293 3665 sancta
3335 3613 3594 3666 Romana
3637 3617 3780 3668 tenet

2173 3698 2433 3752 Ecclesia.
2753 3683 2761 3691 ’

2102 3787 2243 3842 LXX.
2289 3787 2366 3840 De
2415 3787 2825 3854 sacerdotibus,
2872 3787 3178 3841 missarum
3227 3792 3488 3859 tempore
3535 3789 3582 3842 si
3626 3789 3776 3859 agri-

2171 3875 2389 3929 tudinis
2415 3874 2621 3945 aliquis
2643 3879 2849 3929 eventu
2881 3875 2964 3929 eis
2992 3875 3304 3929 accesserit.

2101 3963 2264 4017 LXXI.
2300 3965 2379 4017 De
2405 3963 2606 4017 eadem
2639 3979 2718 4017 re.

2102 4053 2296 4107 LXXII.
2332 4054 2408 4107 De
2436 4051 2782 4123 presbyteris
2811 4038 2911 4122 qui
2959 4050 3318 4106 damonibus
3347 4054 3637 4124 variisque
3665 4070 3772 4125 pas-

2171 4140 2425 4195 sionibus
2469 4144 2766 4208 vexantur,
2831 4141 2984 4211 quod
3029 4139 3141 4194 illis
3190 4155 3347 4193 sacra
3394 4145 3640 4196 tractare
3678 4158 3774 4195 non

2172 4229 2360 4283 liceat.

2103 4318 2321 4373 LXXIII.
2355 4317 2430 4372 De
2461 4317 2663 4372 eadem
2693 4333 2775 4370 re.

2101 4405 2314 4460 LXXIV.
2371 4407 2448 4459 De
2498 4404 2844 4477 presbyteris
2875 4404 2975 4476 qui
3022 4405 3131 4458 soli
3172 4405 3370 4458 missas
3413 4405 3601 4459 solent
3648 4405 3774 4459 cele-

2169 4493 2358 4547 brare.

2100 4582 2290 4636 LXXV.
2338 4583 2415 4635 De
2449 4580 2562 4636 illis
2593 4581 2696 4651 qui
2754 4580 3048 4652 conjugati
3089 4580 3409 4651 presbyteri
3477 4580 3773 4636 oblationes

2170 4669 2506 4740 spreverint.

2100 4760 2312 4815 LXXVI.
2376 4761 2447 4814 Ut
2496 4758 2814 4831 presbyteri
2868 4757 3292 4813 communicent
3339 4757 3772 4827 quotiescunque

2170 4849 2372 4902 missas
2398 4848 2834 4903 celebraverint.

2101 4938 2334 4992 LXXVII.
2374 4938 2451 4991 De
2482 4937 2683 4991 eadem
2706 4953 2786 4991 re.

2101 5027 2365 5080 LXXVIII.
2404 5027 2482 5079 De
2514 5026 2715 5080 eadem
2747 5040 2828 5080 re.

2100 5115 2314 5171 LXXIX.
2352 5116 2427 5168 De
2457 5114 2656 5168 eadem
2685 5129 2767 5168 re.

2103 5204 2286 5258 LXXX.
2334 5204 2404 5258 Ut
2461 5202 2524 5255 in
2585 5201 2824 5256 ecclesia
2863 5200 3007 5256 nihil
3068 5200 3224 5256 aliud
3272 5205 3495 5272 agatur,
3564 5198 3669 5254 nisi
3724 5195 3774 5248 id

2171 5293 2242 5346 ad
2271 5292 2426 5362 quod
2458 5292 2605 5346 facta
2633 5295 2734 5345 est.

2102 5381 2311 5436 LXXXI.
2346 5381 2422 5434 De
2457 5380 2657 5435 eadem
2691 5395 2772 5434 re.

2102 5471 2339 5525 LXXXII.
2377 5471 2455 5524 De
2489 5470 2686 5524 eadem
2721 5485 2800 5524 re.

2102 5559 2360 5614 LXXXIII.
2391 5559 2460 5613 L't
2487 5559 2680 5612 nullus
2704 5558 2766 5612 in
2792 5557 3029 5613 ecclesia
3056 5556 3405 5611 convivetur.
