3976 6194
207 336 313 389 669

1184 331 1657 387 DECRETORUM
1700 332 1885 388 LIBRI
1920 333 2029 387 XX.
2059 362 2129 371 —
2171 333 2379 387 LIBER
2417 332 2729 387 TERTIUS.

3605 334 3708 387 670

207 457 471 512 LXXXIV.
524 455 595 510 Ut
640 454 836 509 nullus
878 454 939 508 in
992 454 1227 509 ecclesia
1272 454 1538 508 tabernas
1582 455 1906 509 constituat.
1939 458 1985 509 A
2024 457 2191 511 CXIX.
2227 456 2305 509 De
2330 455 2528 509 eadem
2558 471 2637 509 re.

206 548 443 601 LXXXV.
479 546 555 599 De
586 544 787 598 eadem
818 560 899 597 re.

209 644 470 698 LXXXVI.
510 643 579 696 Ut
609 642 918 711 unicuique
948 640 1011 693 in
1046 640 1219 694 domo
1253 656 1354 693 sua
1385 656 1547 693 orare
1578 639 1761 693 liceat.

208 733 502 785 LXXXVII.
553 731 621 784 Ut
651 724 931 783 canticdtn
965 734 1133 798 turpe
1162 729 1313 782 circa
1350 727 1613 782 ecclesias
1645 743 1758 781 non
1785 724 1903 780 ﬁat.

209 820 526 874 LXXXVIII.
566 820 634 873 Ut
662 823 989 871 sanctorum
1034 816 1294 888 reliquia
1326 817 1385 869 in
1434 816 1697 870 oratoriis
1744 815 1907 868 villa-

280 909 439 962 ribus
470 923 588 960 non
618 911 931 976 ponantur.

210 996 470 1050 LXXXIX.
510 996 579 1048 Ut
627 994 789 1047 sedes
837 991 1196 1062 episcopalis,
1248 991 1293 1044 si
1330 1006 1561 1045 necesse
1605 990 1798 1059 fuerit,
1846 989 1907 1044 in

280 1085 462 1138 alium
491 1084 683 1136 locum
714 1082 1107 1134 transferatur.

208 1172 314 1226 XC.
348 1172 427 1224 De
461 1170 750 1223 mutandis
778 1168 987 1222 sanctis
1018 1167 1181 1223 locis.

208 1260 341 1313 XCI.
397 1258 577 1324 Quod,
624 1257 910 1310 translatis
956 1254 1323 1324 martyribus,
1374 1255 1559 1309 honor
1614 1255 1905 1309 interdum

281 1363 413 1400 cum
444 1346 559 1399 illis
586 1345 817 1415 migret,
851 1343 1139 1397 interdum
1162 1342 1223 1396 in
1254 1344 1375 1396 loco
1407 1351 1759 1413 permaneat.

212 1435 369 1489 XCII.
410 1434 565 1498 Quod
613 1432 843 1503 sanguis
874 1437 1193 1501 martyrum
1224 1436 1517 1486 consecret
1545 1432 1754 1499 locum,
1787 1448 1905 1486 non

279 1524 439 1576 locus
474 1522 836 1591 sanguinem.

208 1612 396 1666 XCIII.
431 1610 578 1674 Quid
609 1610 679 1665 sit
709 1609 962 1663 basilica.

208 1700 383 1754 XCIV.
459 1700 535 1752 De
596 1698 711 1751 illis
771 1698 872 1769 qui
943 1698 1178 1752 domum
1246 1696 1347 1751 Dei
1414 1697 1977 1787 contemptibilemB

276 1789 516 1842 faciunt.

208 1878 355 1932 XCV.
396 1878 472 1930 De
503 1876 699 1930 eadem
733 1892 814 1930 re.

209 1964 386 2018 XCVI.
432 1964 501 2016 Ut
552 1962 695 2016 calix
742 1967 798 2016 et
850 1967 1059 2032 patena
1107 1979 1176 2017 ex
1208 1978 1349 2017 auro
1396 1968 1495 2017 aut
1546 1981 1614 2018 ex
1665 1968 1905 2036 argento

281 2048 403 2102 ﬁat.

211 2137 415 2192 XCVII.
454 2138 532 2189 De
566 2135 919 2189 observanda
944 2150 1143 2189 mensa
1170 2135 1400 2189 Christi.

210 2225 441 2279 XCVIII.
478 2226 546 2279 Ut
575 2224 870 2293 corporale
896 2239 962 2277 ex
996 2224 1306 2294 purissimo
1335 2224 1511 2278 linteo
1544 2224 1630 2287 sit,
1655 2229 1711 2278 et
1737 2226 1909 2280 unius

282 2311 567 2365 materiai.

208 2400 383 2453 XCIX.
442 2400 512 2453 Ut
558 2397 901 2452 sacriﬁcium
955 2398 1150 2453 altaris
1193 2415 1309 2453 non
1356 2399 1416 2453 in
1471 2400 1652 2455 serico
1692 2418 1905 2472 panno,

282 2492 381 2540 aut
409 2487 581 2540 tincto
613 2486 949 2541 celebretur.

212 2576 271 2629 C.
334 2577 403 2629 Ut
436 2575 705 2628 mulieres
758 2576 827 2629 ad
869 2575 1044 2629 altare
1094 2592 1211 2629 non
1259 2575 1550 2643 accedant,
1602 2582 1659 2631 et
1706 2578 1907 2633 ofﬁciis

281 2664 537 2717 virorum
565 2679 622 2716 se
653 2679 771 2716 non
800 2663 1209 2717 intromittant.

209 2753 297 2806 CI.
335 2753 412 2805 De
441 2752 641 2805 eadem
672 2767 754 2806 re.

209 2841 325 2896 CII.
362 2841 433 2894 Ut
463 2840 593 2893 laici
618 2840 781 2908 juxta
810 2839 986 2893 altare
1016 2854 1134 2893 non
1163 2839 1419 2894 sedeant.

210 2928 345 2983 CIII.
400 2929 477 2981 De
541 2927 657 2980 illis
719 2927 1108 2981 sacerdotibus
1174 2928 1274 2998 qui
1324 2928 1383 2981 in
1451 2928 1715 2995 Ecclesia,
1766 2928 1904 2983 dum

281 3016 586 3084 Evangelia
612 3016 904 3086 leguntur,
940 3016 1136 3070 sedere
1168 3021 1546 3086 prasumunt.

210 3106 344 3159 CIV.
384 3106 452 3159 Ut
485 3107 675 3159 nullus
723 3105 975 3169 calicem,
1022 3111 1314 3175 patenam,
1364 3107 1450 3159 vel
1496 3107 1903 3163 vestimentum

281 3195 627 3248 sacerdotale
667 3194 728 3248 in
773 3194 1003 3248 vadium
1054 3194 1377 3248 tabernario
1432 3199 1704 3266 prastare
1759 3213 1905 3267 pra-

280 3287 491 3335 sumat.

210 3369 315 3423 CV.
367 3371 436 3423 Ut
483 3371 676 3424 nnllus
727 3370 982 3432 calicem,
1037 3374 1327 3441 patenam,
1380 3375 1480 3425 aut
1526 3371 1720 3443 aliqua
1772 3390 1905 3428 vasa

280 3472 439 3511 sacra
470 3459 538 3511 ad
567 3458 705 3511 alios
734 3474 867 3512 usus
898 3459 1082 3513 facere
1114 3464 1439 3529 prasumat.

208 3545 341 3599 CVI.
399 3545 558 3608 Quod
610 3546 829 3600 licitum
880 3546 954 3600 sit
1004 3547 1287 3617 episcOpis
1319 3563 1451 3601 cum
1476 3547 1713 3601 consilio
1766 3547 1904 3601 cleri

280 3634 351 3687 de
398 3635 665 3688 thesauro
711 3635 961 3689 ecclesia
1008 3652 1127 3690 sua
1179 3635 1413 3689 familia
1458 3636 1521 3689 in
1569 3636 1902 3691 necessitate

276 3738 626 3776 succurrere.

204 3811 359 3865 CVII.
396 3812 476 3865 Ne
502 3810 775 3864 cadavera
804 3810 979 3882 pallio
1007 3811 1200 3866 altaris
1226 3811 1653 3883 cooperiantur.

202 3899 391 3953 CVIII.
427 3900 505 3953 Ne
556 3900 624 3954 ad
656 3902 993 3971 nuptiarum
1043 3905 1309 3955 ornatum
1342 3898 1536 3954 divina
1582 3898 1901 3954 ministeria

272 3992 637 4057 prastentur.

200 4074 328 4130 CIX.
392 4076 461 4129 Ut
510 4072 742 4130 ecclesia
788 4076 1046 4131 saculari
1091 4076 1351 4146 potentia
1400 4074 1642 4130 minime
1695 4091 1897 4146 perva-

272 4164 461 4217 datur.

2017 546 2159 600 CXX.
2193 546 2269 599 De
2302 545 2501 598 eadem
2530 560 2612 597 re.

2016 634 2187 687 CXXI.
2224 635 2299 686 De
2330 633 2530 687 eadem
2562 649 2640 686 re.

2017 722 2217 775 CXXII.
2256 722 2331 774 De
2363 721 2563 774 eadem
2598 738 2677 774 re.

2017 808 2239 863 CXXIII.
2304 809 2378 862 De
2428 807 2771 878 presbyteris
2836 808 2934 879 qui
2986 825 3053 863 ex
3115 810 3393 863 reditibus
3455 808 3706 863 ecclesia

2087 895 2196 949 sibi
2230 911 2320 948 res
2370 896 2843 966 comparaverint,
2880 902 2931 951 et
2979 903 3291 952 structuras
3319 898 3396 951 ibi
3444 898 3703 963 fecerint,

2087 989 2142 1037 et
2170 984 2441 1037 mulieres
2471 984 2551 1038 ibi
2585 984 2903 1054 posuerint.

2017 1072 2231 1126 CXXIV.
2296 1073 2373 1125 De
2433 1072 2847 1127 consuetudine
2902 1073 3177 1127 servanda
3246 1089 3375 1142 qua
3441 1088 3557 1127 non
3625 1076 3709 1126 est

2086 1166 2280 1214 contra
2308 1160 2501 1214 fidem.

2015 1248 2220 1304 CXXV.
2274 1250 2345 1302 Ut
2391 1247 2765 1301 ecclesiastica
2810 1252 3041 1313 statuta,
3088 1249 3157 1302 ab
3201 1248 3469 1319 apostolis
3515 1254 3571 1302 et
3618 1265 3705 1302 re-

2085 1336 2261 1406 liquis
2294 1337 2581 1406 magistris
2609 1335 2867 1390 Ecclesia
2886 1336 3114 1400 tradita,
3146 1336 3369 1408 integra
3388 1342 3703 1390 serventur.

2018 1426 2235 1479 CXXVI.
2301 1427 2371 1479 Ut
2440 1424 2880 1479 consuetudines
2946 1426 3337 1479 ecclesiastica
3412 1441 3515 1496 pro
3583 1426 3708 1495 lege

2088 1513 2202 1565 sint
2231 1514 2511 1569 tenenda.

2018 1600 2260 1656 CXXVII.
2313 1603 2454 1655 Item
2503 1602 2570 1656 de
2612 1601 3117 1655 consuetudinibus
3166 1600 3557 1655 ecclesiasticis
3603 1600 3707 1654 ob-

2088 1690 2399 1743 servandis.
2924 1680 2925 1683 X

2017 1780 2286 1833 CXXVIII.
2356 1779 2501 1843 Quid
2567 1778 2851 1847 agendum
2922 1778 2995 1832 sit
3042 1778 3101 1831 in
3168 1776 3353 1831 causis
3390 1776 3458 1830 de
3500 1776 3710 1847 quibus

2087 1871 2240 1921 certa
2268 1869 2326 1920 in
2360 1868 2672 1920 canonibus
2702 1884 2819 1919 non
2850 1866 3226 1920 inveniuntur
3257 1865 3494 1934 judicia.

2018 1956 2232 2011 CXXIX.
2296 1958 2362 2011 Ut
2413 1962 2615 2011 cuncta
2672 1973 2802 2027 qua
2852 1959 2965 2011 Deo
3020 1956 3339 2011 offeruntur
3385 1958 3710 2009 consecrata

2086 2044 2427 2099 habeantur.

2017 2134 2203 2187 CXXX.
2238 2134 2315 2186 De
2345 2133 2543 2186 eadem
2575 2149 2655 2187 re.

2017 2222 2231 2275 CXXXI.
2267 2222 2336 2275 Ut
2365 2221 2585 2274 decima
2614 2220 2774 2274 nullo
2813 2220 2985 2273 modo
3016 2220 3364 2290 negligatur.

2016 2308 2253 2363 CXXXII.
2294 2310 2369 2363 De
2401 2309 2512 2362 illis
2544 2309 2645 2379 qui
2680 2309 2927 2363 decimas
2957 2309 3089 2362 dare
3122 2310 3343 2362 nolunt.

2016 2397 2281 2452 CXXXIII.
2325 2397 2488 2461 Quod
2541 2397 2780 2451 decima
2827 2397 2898 2451 ab
2942 2397 3208 2451 omnibus
3258 2396 3593 2452 Christianis
3642 2413 3709 2449 ex

2087 2485 2277 2539 debito
2309 2487 2530 2557 reposci
2561 2486 2830 2541 debeant.

2017 2572 2278 2629 CXXXIV.
2333 2574 2409 2627 De
2460 2574 2575 2628 illis
2624 2574 2726 2645 qui
2760 2574 3011 2628 decimas
3054 2574 3190 2628 dare
3237 2573 3546 2640 noluerint,
3598 2572 3709 2627 nisi

2084 2662 2271 2731 pretio
2304 2663 2716 2717 conducantur.

2016 2749 2249 2805 CXXXV.
2286 2753 2353 2805 Ut
2381 2752 2602 2805 decima
2635 2752 2735 2805 Dei
2767 2766 2970 2805 census
3001 2755 3383 2819 nuncupatur.

2017 2838 2275 2893 CXXXVI.
2326 2841 2401 2893 De
2446 2840 2834 2894 oblationibus
2871 2839 3295 2909 parochitarum
3329 2855 3341 2892 :
3377 2838 3538 2908 cujus
3587 2854 3708 2892 esse

2084 2927 2348 2981 debeant.

1939 3004 1978 3060 Ο
2017 3014 2303 3071 CXXXVII.
2357 3015 2517 3080 Quod
2552 3015 2611 3069 in
2660 3031 3008 3086 unaquaque
3056 3014 3290 3069 ecclesia
3330 3020 3445 3068 tam
3495 3015 3563 3068 de
3610 3030 3707 3067 re-

2084 3104 2298 3157 ditibus
2341 3120 2515 3175 quam
2559 3103 2946 3158 oblationibus
2998 3109 3245 3174 quatuor
3291 3104 3536 3157 debeant
3582 3102 3707 3156 ﬁeri

2085 3193 2393 3262 portiones.

2014 3280 2330 3334 CXXXVIII.
2374 3282 2513 3335 Item
2567 3280 2721 3352 quod
2770 3281 2839 3335 de
2887 3280 3123 3335 decimis
3171 3285 3419 3351 quatuor
3465 3279 3709 3334 debeant

2085 3369 2211 3421 fieri
2246 3369 2557 3438 portiones.

2013 3457 2272 3511 CXXXIX.
2338 3457 2441 3511 Ubi
2490 3457 2786 3511 terminari
2838 3458 3083 3511 debeant
3127 3457 3519 3512 contentiones
3562 3462 3704 3511 orta

2080 3544 2232 3597 inter
2262 3545 2631 3599 Christianos.

2011 3631 2158 3687 CXL.
2214 3634 2291 3686 De
2334 3633 2423 3686 his
2482 3633 2580 3702 qui
2638 3633 2953 3687 oblationes
3010 3639 3331 3704 parentum,
3384 3640 3483 3687 aut
3530 3638 3705 3688 testa-

2082 3725 2296 3787 menta,
2340 3721 2426 3773 vel
2489 3720 2642 3790 quod
2704 3721 2815 3791 ipsi
2864 3722 3197 3776 donaverint
3248 3722 3518 3786 ecclesiis,
3572 3722 3703 3776 reti-

2078 3825 2214 3862 nere
2247 3814 2345 3862 aut
2370 3808 2596 3862 auferre
2622 3815 2922 3862 conantur.

2009 3897 2179 3952 CXLI.
2216 3898 2293 3950 De
2325 3896 2436 3950 illis
2465 3896 2565 3967 qui
2597 3898 2777 3950 Deum
2810 3896 3101 3950 haredem
3132 3896 3368 3950 faciunt.

2008 3985 2206 4040 CXLII.
2258 3986 2335 4039 De
2367 3985 2456 4039 his
2502 3986 2602 4055 qui
2653 3985 2970 4039 oblationes
3018 3984 3427 4039 defunctorum
3478 3988 3575 4037 aut
3606 4000 3705 4037 ue-

2077 4078 2215 4144 gant
2244 4078 2343 4128 aut
2372 4073 2680 4128 difficulter
2713 4074 2980 4129 reddunt.

2009 4162 2233 4217 CXLIII.
2271 4164 2347 4216 De
2380 4162 2581 4216 eadem
2614 4179 2692 4217 re.

199 4252 301 4306 CX.
333 4253 412 4306 De
458 4251 806 4323 presbyteris
854 4253 954 4324 qui
1003 4252 1267 4307 ecclesias
1308 4269 1439 4307 suas
1486 4269 1591 4325 per
1644 4252 1897 4324 pretium
1938 4284 1980 4337 Β
2013 4251 2230 4305 CXLIV.
2262 4252 2338 4305 De
2370 4252 2567 4305 eadem
2601 4267 2682 4304 re.

272 4339 662 4409 acquisierint.

200 4428 332 4482 CXI.
382 4428 451 4481 Ut
500 4429 691 4481 nullus
734 4428 912 4483 laicus
949 4428 1019 4483 ab
1068 4427 1304 4482 ecclesia
1346 4444 1449 4483 sua
1500 4430 1897 4500 presbyterum

272 4516 480 4586 ejicere
505 4518 733 4571 audeat.
1570 4582 1581 4591 δ

201 4605 357 4659 CXII.
414 4605 556 4658 Item
622 4606 692 4660 de
738 4604 853 4659 illis
901 4605 1001 4677 qui
1061 4606 1413 4677 presbyteris
1461 4606 1727 4660 ecclesias
1792 4622 1900 4659 au-

272 4692 485 4747 ferunt.

202 4781 390 4834 CXIII.
428 4782 496 4834 Ut
527 4781 715 4835 nullus
755 4781 990 4851 aliquod
1020 4797 1228 4838 munus
1258 4787 1496 4854 propter
1543 4782 1838 4838 ecclesiam
1869 4800 1901 4837 a

274 4869 612 4939 presbytero
642 4871 917 4941 requirat.

201 4958 377 5012 CXIV.
410 4960 487 5013 De
518 4958 719 5012 eadem
752 4976 832 5013 re.

202 5047 351 5101 CXV.
392 5047 458 5101 Ut
488 5046 811 5117 presbyteri
852 5047 1048 5118 plebes
1076 5048 1428 5102 admoneant
1459 5054 1519 5103 ut
1564 5047 1901 5103 linteamina

272 5135 466 5188 altaris
493 5139 839 5205 praparent.

202 5224 383 5278 CXVI.
440 5224 512 5277 Ut
541 5224 793 5294 episcopi
842 5224 1195 5292 pravideant
1232 5225 1372 5295 quid
1421 5224 1739 5295 presbyteri
1791 5224 1896 5279 do-

276 5311 449 5364 minis
480 5311 595 5365 suis
622 5327 728 5382 pro
756 5312 1007 5367 ecclesiis
1030 5313 1213 5368 facere
1244 5314 1505 5368 debeant.

202 5399 405 5453 CXVII.
440 5400 519 5454 De
554 5400 752 5455 eadem
783 5416 864 5455 re.

202 5487 433 5541 CXVIII.
504 5489 582 5542 De
640 5489 989 5561 presbyteris
1052 5488 1197 5543 nihil
1262 5489 1602 5543 habentibus
1668 5490 1898 5560 quando

279 5576 639 5631 ordinantur.

2012 4340 2201 4395 CXLV.
2239 4340 2313 4393 De
2344 4340 2543 4393 eadem
2574 4355 2656 4393 re.

2008 4429 2225 4483 CXLVI.
2286 4429 2355 4482 Ut
2404 4444 2602 4481 omnes
2655 4427 2911 4482 ecclesia
2955 4430 3042 4482 vel
3100 4426 3339 4482 decima
3387 4426 3446 4480 in
3497 4425 3710 4497 episco-

2078 4532 2286 4586 porum
2319 4521 2599 4585 potestate
2627 4517 2959 4571 consistant.

2009 4606 2251 4660 CXLVII.
2288 4604 2448 4668 Quod
2477 4605 2807 4659 tricennalis
2834 4604 3115 4674 possessio
3143 4605 3309 4658 firma
3329 4604 3422 4657 sit.

2009 4694 2275 4749 CXLVIII.
2313 4694 2379 4748 Ut
2423 4694 2783 4764 singularum
2830 4692 3209 4746 Ecclesiarum
3262 4689 3567 4744 rusticana
3608 4707 3707 4759 pa-

2077 4782 2290 4836 rochia
2323 4797 2551 4851 semper
2577 4787 2851 4834 maneant
2880 4780 3250 4833 inconcussa.

2009 4871 2223 4925 CXLIX.
2270 4870 2428 4934 Quod
2478 4868 2814 4923 tricennalis
2858 4868 3164 4937 possessio,
3209 4867 3255 4921 si
3315 4867 3524 4920 intacta
3577 4882 3707 4936 pcr-

2080 4959 2312 5024 mansit,
2348 4957 2559 5011 mutari
2586 4974 2702 5011 non
2734 4957 2957 5012 debeat.

2009 5048 2114 5102 CL.
2152 5048 2293 5101 Item
2324 5047 2392 5100 de
2421 5046 2591 5100 rebus
2619 5047 2748 5101 XXX
2779 5045 2947 5099 annis
2977 5043 3273 5115 possessis.

2010 5136 2137 5189 CLI.
2174 5137 2250 5189 De
2282 5135 2397 5188 illis
2431 5136 2529 5205 qui
2559 5135 2628 5188 de
2655 5134 2905 5189 ecclesiis
2935 5130 3263 5187 cametaria
3287 5128 3521 5183 faciunt.

2009 5223 2163 5277 CLII.
2200 5225 2276 5277 De
2308 5224 2418 5277 illis
2449 5224 2548 5294 qui
2578 5224 2638 5278 in
2668 5224 2843 5277 sacris
2872 5222 3009 5277 locis
3040 5238 3098 5275 se
3140 5219 3371 5290 sepeliri
3410 5217 3702 5290 petierint.

2009 5312 2191 5366 CLIII.
2230 5313 2307 5365 De
2338 5312 2539 5365 eadem
2574 5328 2654 5366 re.

2008 5400 2180 5454 CLIV.
2216 5401 2295 5454 De
2326 5401 2525 5454 eadem
2557 5416 2639 5455 re.

2008 5490 2158 5544 CLV.
2192 5489 2269 5541 De
2301 5489 2497 5542 eadem
2524 5504 2605 5542 re.

2010 5577 2178 5632 CLVI.
2207 5577 2287 5632 De
2319 5577 2519 5632 eadem
2551 5592 2634 5631 re.
