4022 6190
272 235 367 286 671
1347 225 1753 282 BURCHARDI
1791 222 2326 281 WORMACIENSIS
2364 222 2702 280 EPISCOPI.

3673 231 3778 282 672

277 355 476 410 CLVII.
511 355 582 408 Ut
629 367 874 424 corpora
921 351 1323 406 defunctorum
1353 349 1414 404 in
1444 347 1682 403 ecclesia
1719 364 1833 402 non
1883 364 1970 401 se-
2009 349 2054 402 Α
2087 349 2274 403 CXCV.
2315 350 2390 403 De
2422 347 2620 402 eadem
2655 363 2734 400 re.

345 443 652 512 peliantur.

272 531 499 586 CLVIII.
535 531 612 584 De
643 529 842 583 eadem
879 543 955 580 re.

269 619 443 673 CLIX.
498 620 570 672 Ut
607 633 780 671 nemo
822 631 924 686 pro
974 613 1317 684 sepeliendis
1364 619 1724 667 mortuorum
1774 629 1970 683 corpo-

339 707 496 760 ribus
526 705 740 776 aliquid
777 703 1032 757 muneris
1063 702 1267 770 exigat.

271 794 416 848 CLX.
455 795 528 847 De
557 793 852 862 sepultura
878 791 1319 860 conjugatorum
1341 788 1401 842 in
1419 787 1622 858 primis
1643 788 1964 843 connubiis.

269 880 440 934 CLXI.
478 883 552 934 De
585 880 784 933 eadem
818 895 899 931 re.

269 970 464 1024 CLXII.
502 970 578 1022 De
620 968 820 1021 eadem
858 983 936 1019 re.

269 1057 494 1111 CLXIII.
552 1057 808 1120 Quorum
856 1070 1018 1107 mens
1058 1069 1172 1106 una
1218 1052 1423 1117 fuerat,
1492 1052 1787 1121 sepultura
1848 1067 1967 1105 non

338 1150 581 1214 separet.

267 1234 484 1287 CLXIV.
522 1233 598 1286 De
627 1230 795 1284 rebus
827 1228 1220 1283 immobilibus
1249 1227 1520 1282 ecclesia.

267 1321 459 1376 CLXV.
499 1322 575 1374 De
607 1320 804 1372 eadem
840 1335 918 1371 re.

264 1409 484 1464 CLXVI.
559 1410 634 1461 De
711 1404 1023 1476 prastariis
1089 1404 1455 1458 viduatarum
1504 1403 1870 1458 ecclesiarum
1902 1408 1967 1458 ut

338 1512 453 1549 non
484 1496 731 1548 valeant.

267 1584 514 1638 CLXVII.
553 1585 631 1636 De
664 1583 862 1636 eadem
890 1598 971 1635 re.
1042 1615 1054 1624 ρ

269 1672 542 1725 CLXVIII.
583 1673 656 1724 De
685 1671 882 1724 eadem
913 1686 993 1725 re.

268 1758 481 1812 CLXIX.
519 1760 596 1812 De
627 1759 827 1812 eadem
857 1774 936 1810 re.

269 1847 460 1902 CLXX.
514 1848 591 1900 De
640 1847 972 1912 donatione,
1026 1847 1111 1900 vel
1159 1845 1511 1915 venditione,
1570 1846 1655 1899 vel
1713 1861 1969 1900 commu-

340 1936 557 1989 tatione
587 1935 670 1988 rei
701 1934 1113 1988 ecclesiastica.

268 2026 484 2080 CLXXI.
561 2027 636 2079 De
688 2023 1236 2078 commutationibus
1301 2022 1811 2078 ecclesiasticarum
1874 2040 1964 2078 re-

336 2130 487 2168 rum.

267 2201 511 2256 CLXXII.
548 2201 625 2254 De
656 2200 854 2254 eadem
885 2215 966 2254 re.

266 2289 536 2346 CLXXIII.
576 2290 653 2342 De
680 2287 1074 2341 ecclesiasticis
1103 2286 1422 2358 mancipiis.

266 2377 527 2433 CLXXIV.
565 2377 642 2430 De
670 2376 868 2429 eadem
899 2392 979 2429 re.

268 2467 504 2522 CLXXV.
538 2467 616 2518 De
639 2464 923 2535 regalibus
953 2463 1253 2535 praceptis
1284 2479 1458 2533 super
1485 2463 1801 2534 prastaria.

268 2554 524 2608 CLXXVI.
615 2554 690 2606 De
767 2552 1034 2622 episcopo
1111 2552 1213 2624 qui
1287 2552 1642 2622 mancipium
1705 2551 1968 2606 Ecclesia

341 2641 675 2695 manumitti
705 2640 1004 2694 desiderat.

269 2731 554 2786 CLXXVII.
622 2731 700 2784 De
763 2728 1149 2784 sacerdotibus
1215 2729 1312 2799 qui
1377 2745 1469 2784 res
1529 2745 1654 2782 suas
1717 2729 1967 2783 ecclesia

339 2817 694 2888 relinquunt.

2081 437 2314 492 CXCVI.
2350 439 2429 490 De
2456 435 2817 490 immunitate
2848 435 3120 490 ecclesia.

2082 525 2333 578 CXCVII.
2371 527 2448 579 De
2476 525 2826 595 fugientibus
2853 524 2922 578 ad
2953 525 3266 579 ecclesiam.

2081 613 2364 667 CXCVIII.
2398 613 2544 677 Quid
2567 613 2627 665 in
2650 613 2886 666 ecclesia
2911 613 3023 683 legi
3054 613 3275 681 (kbeat.

2081 702 2313 757 CXCIX.
2351 703 2419 756 Ut
2449 701 2984 756 excommunicandi
3029 701 3142 755 siut
3172 702 3270 773 qui
3300 702 3477 757 libros
3533 702 3782 756 famosos

2151 791 2414 858 legerint.

2079 878 2180 932 CC.
2219 879 2294 932 De
2328 878 2440 931 illis
2470 879 2571 949 qui
2605 879 2752 932 clam
2781 877 3130 948 concipiunt.

2079 965 2205 1019 CCI.
2246 967 2320 1018 De
2369 965 2683 1019 infantibus
2713 965 2774 1018 in
2822 965 3099 1018 adulterio
3148 964 3320 1033 natis,
3371 973 3430 1019 et
3477 965 3552 1019 ad
3607 965 3781 1020 eccle-

2149 1053 2290 1106 siam
2317 1053 2606 1123 expositis.

2079 1141 2230 1196 CCII.
2270 1143 2344 1195 De
2379 1142 2580 1195 eadem
2612 1157 2692 1195 re.

2078 1229 2262 1283 CCIII.
2301 1231 2376 1283 De
2409 1230 2649 1282 avaritia
2681 1229 3058 1282 sacerdotum.

2079 1317 2255 1370 CCIV.
2291 1318 2368 1370 De
2401 1317 2514 1371 illis
2544 1317 2640 1388 qui
2673 1316 2936 1370 ecclesias
2966 1316 3342 1370 incenderint.

2077 1406 2224 1460 CCV.
2258 1407 2332 1460 De
2363 1407 2612 1477 quodam
2645 1407 2849 1460 clerico
2880 1423 2913 1460 a
2941 1406 3167 1461 diabolo
3194 1411 3411 1460 vexato.

2077 1494 2252 1548 CCVI.
2306 1495 2384 1548 De
2453 1495 2621 1548 rebus
2669 1495 2919 1548 ecclesia
2980 1511 3108 1564 qua
3157 1499 3386 1548 mortuo
3435 1494 3713 1565 episcopo
3747 1511 3778 1548 ει

2149 1583 2494 1653 presbyteris
2525 1583 2767 1637 vendita
2798 1583 3031 1636 fuerint.

2081 1669 2280 1724 CCVII.
2314 1672 2392 1724 De
2437 1688 2504 1724 eo
2537 1671 2635 1741 qui
2664 1670 2882 1741 spernit
2925 1670 3275 1724 oblationem
3306 1670 3642 1742 presbyteri
3685 1672 3778 1742 qui

2151 1774 2388 1812 uxorem
2421 1759 2640 1813 habuit.

2078 1846 2304 1900 CCVIII.
2372 1847 2532 1911 Quod
2597 1862 2715 1900 non
2794 1846 3207 1916 permittantur
3271 1845 3653 1901 ecclesiastici
3713 1847 3776 1901 ad

2148 1935 2473 1990 coemeteria
2506 1935 2906 1990 haereticorum
2937 1936 3223 1990 accedere.

2078 2023 2262 2078 CCIX.
2295 2025 2456 2088 Quod
2500 2040 2613 2078 non
2646 2028 2907 2095 oporteat
2957 2023 3029 2078 ab
3059 2023 3342 2077 bareticis
3376 2023 3650 2094 eulogias
3691 2038 3776 2076 ac-

2147 2129 2350 2183 cipere.

2079 2199 2231 2255 CCX.
2291 2200 2453 2264 Quod
2506 2201 2698 2254 nullus
2752 2199 3105 2255 Christianus
3154 2199 3224 2254 ad
3271 2199 3777 2271 pseudomartyres

2148 2287 2230 2340 ire
2263 2287 2490 2342 debeat.

2077 2375 2258 2429 CCXI.
2291 2376 2453 2440 Quod
2499 2392 2620 2430 non
2673 2379 2934 2447 oporteat
2985 2375 3238 2445 plebeios
3286 2375 3564 2447 psalmos‘
3592 2375 3652 2429 in
3692 2391 3778 2429 ec-

2147 2464 2320 2517 clesia
2348 2465 2583 2518 cantari.

2076 2551 2283 2606 CCXII.
2320 2553 2396 2606 De
2444 2552 2558 2605 illis
2609 2551 2703 2622 qui
2765 2555 3077 2606 conventus
3115 2551 3215 2622 qui
3253 2551 3324 2606 ad
3387 2551 3777 2606 confessiones

2151 2646 2465 2712 martyrum
2492 2641 2639 2694 ﬁunt
2667 2641 3092 2695 abominantur.

2077 2727 2312 2782 CCXIII.
2349 2730 2419 2783 Ut
2464 2728 2648 2782 victus
2695 2729 2764 2782 ab
2794 2727 3087 2782 exorcistis
3133 2729 3544 2799 energumenis
3577 2727 3641 2781 in
3671 2727 3778 2782 do-

2151 2833 2242 2870 mo
2279 2815 2375 2870 Dei
2414 2815 2747 2870 sedentibus
2779 2815 3224 2870 administretur.

269 2905 584 2960 CLXXVIII.
622 2906 692 2960 Ut
738 2904 1054 2977 presbyteri
1099 2921 1224 2959 rem
1271 2904 1521 2959 ecclesia
1553 2905 1802 2959 vendere
1850 2920 1967 2959 non
1998 2921 2039 2977 C
2078 2904 2302 2960 CCXIV.
2357 2907 2427 2960 Ut
2472 2921 2631 2959 sacra
2679 2921 2809 2959 vasa
2864 2921 2984 2959 non
3027 2905 3097 2958 ab
3146 2905 3270 2959 aliis
3321 2921 3497 2975 quam
3529 2922 3565 2958 a
3608 2904 3777 2959 sacris

340 2997 713 3064 prasumant.

269 3082 508 3136 CLXXIX
585 3082 654 3136 Ut
703 3081 894 3135 nullus
944 3080 1240 3136 ordinatus
1291 3081 1362 3135 de
1407 3079 1741 3134 ministeriis
1797 3082 1968 3136 eccle-

339 3170 436 3224 sia
468 3169 684 3240 aliquid
716 3169 962 3223 vendere
992 3173 1324 3239 prasumat.

271 3259 503 3312 CLXXX.
560 3258 635 3311 De
702 3257 1051 3327 presbyteris
1097 3256 1198 3326 qui
1243 3256 1313 3310 de
1355 3256 1485 3326 jure
1539 3255 1627 3309 sui
1675 3256 1828 3309 tituli
1869 3256 1967 3310 ali-

342 3347 479 3417 quid
512 3345 853 3399 distrahunt.
1315 3341 1328 3347 ’

271 3434 529 3488 CLXXXI.
564 3433 642 3486 De
674 3434 870 3487 eadem
903 3448 980 3486 re.

272 3522 561 3576 CLXXXII.
612 3521 773 3586 Quod
829 3525 1108 3592 quantum
1161 3519 1480 3575 remedium
1527 3519 1711 3574 venia
1755 3519 1966 3575 oblatio

342 3608 719 3662 ecclesiastica
776 3607 979 3662 tribuit
1030 3607 1364 3675 conferenti,
1416 3611 1638 3661 tantum
1688 3607 1964 3662 damnum

342 3703 628 3768 praparat
656 3695 992 3750 fraudatori.

272 3785 586 3840 CLXXXIII.
653 3785 730 3839 De
790 3784 1008 3839 clericis
1074 3783 1174 3856 qui
1227 3785 1572 3840 documenta
1624 3784 1836 3855 quibus
1873 3801 1964 3840 ec-

341 3873 526 3928 clesia
558 3874 837 3943 possessio
866 3873 1128 3927 ﬁrmatur
1155 3873 1502 3927 distrahunt.

272 3962 570 4017 CLXXXIV.
639 3962 714 4016 De
779 3962 999 4016 libertis
1068 3961 1170 4032 qui
1235 3978 1264 4015 a
1329 3960 1649 4031 patrocinio
1714 3960 1964 4016 ecclesia

341 4051 744 4105 discesserunt.

273 4137 544 4192 CLXXXV.
582 4139 659 4191 De
693 4137 912 4191 libertis
937 4134 1208 4190 ecclesia.

2147 2994 2284 3046 viris
2309 2994 2539 3047 tractari
2563 2993 2828 3047 debeant.

2076 3082 2280 3137 CCXV.
2313 3083 2393 3136 De
2435 3083 2668 3135 sacratis
2715 3081 2944 3135 feminis
2988 3097 3117 3152 qua
3148 3098 3306 3135 sacra
3348 3098 3481 3134 vasa
3514 3087 3574 3134 et
3605 3082 3779 3152 pallas

2147 3171 2342 3224 altaris
2372 3175 2613 3224 tractare
2644 3170 3137 3240 prasumpserint.

2077 3258 2303 3314 CCXVI.
2360 3260 2433 3312 De
2477 3258 2624 3312 vasis
2671 3259 2862 3325 sacris,
2908 3258 2976 3311 de
3031 3257 3218 3328 palliis
3271 3259 3482 3324 altaris,
3540 3263 3599 3311 et
3640 3259 3777 3311 velis

2147 3347 2433 3414 ecclesia;
2466 3346 2512 3400 si
2543 3351 2818 3400 vetustate
2847 3352 3186 3416 consumpta
3216 3346 3454 3411 fuerint,
3473 3346 3621 3417 quid
3643 3347 3774 3401 inde

2145 3435 2469 3490 faciendum
2498 3435 2590 3490 sit.

2075 3523 2330 3578 CCXVII.
2393 3525 2472 3578 De
2525 3523 2724 3577 ordine
2789 3523 3070 3578 librorum
3133 3523 3344 3578 Veteris
3395 3525 3768 3579 Testamenti.

2077 3612 2354 3666 CCXVIII.
2392 3613 2469 3665 De
2501 3611 2701 3666 ordine
2727 3612 3159 3683 prophetarum.

2075 3701 2306 3755 CCXIX.
2342 3702 2419 3754 De
2461 3700 2663 3754 ordine
2708 3700 2984 3754 librorum
3020 3700 3160 3753 Novi
3203 3701 3577 3762 Testamenti.
3631 3716 3774 3770 quos

2147 3793 2340 3842 sancta
2388 3789 2648 3842 Romana
2697 3789 2939 3842 Ecclesia
2981 3793 3157 3853 tenet,
3189 3793 3246 3842 et
3293 3789 3482 3842 omnis
3539 3789 3774 3843 univer-

2149 3876 2281 3930 salis
2316 3876 2560 3929 Ecclesia
2586 3875 2868 3932 observat.

2077 3964 2283 4020 CCXX.
2309 3965 2460 4020 Ordo
2494 3969 2714 4035 septem
2755 3964 3128 4036 epistolarum
3159 3963 3592 4018 canonicarum.

2077 4053 2310 4108 CCXXI.
2362 4054 2439 4107 De
2495 4052 2703 4107 notitia
2751 4054 3029 4108 librorum
3081 4053 3547 4124 apocryphorum
3597 4053 3700 4124 qui
3747 4070 3776 4106 a

2151 4141 2358 4194 sanctis
2393 4141 2651 4210 patribus
2681 4146 2897 4196 aterna
2927 4141 3298 4195 damnatione
3328 4141 3592 4195 damnati
3624 4148 3772 4196 sunt.

275 4225 575 4280 CLXXXVI.
647 4226 724 4278 De
797 4223 1020 4278 libertis
1084 4222 1184 4293 qui
1248 4239 1283 4278 a
1347 4221 1786 4296 quibuscunque
1841 4241 1962 4280 ma-
1995 4194 2040 4248 Β
2081 4229 2334 4284 CCXXII.
2393 4194 2635 4293 Quando
2689 4194 2904 4301 etﬁquo
2970 4234 3231 4300 tempore
3279 4194 3412 4283 libri
3461 4194 3774 4284 Veteriswet

344 4312 583 4366 numissi
609 4316 760 4366 sunt.

273 4400 610 4455 CLXXXVII.
647 4401 722 4453 De
752 4397 1119 4454 manumissis
1149 4397 1209 4452 in
1241 4399 1494 4454 ecclesia.

274 4488 625 4543 CLXXXVIII.
664 4489 738 4544 De
767 4487 1022 4558 fugitivis
1053 4489 1363 4544 ecclesiast.
1400 4488 1593 4544 servis.

273 4576 570 4633 CLXXXIX.
606 4577 684 4631 De
735 4577 1018 4649 episcopis
1052 4576 1151 4649 qui
1197 4577 1339 4632 nihil
1370 4578 1491 4632 suis
1537 4577 1786 4634 ecclesiis
1829 4594 1966 4633 con-

342 4665 556 4734 ferunt,
605 4670 662 4720 et
704 4671 899 4721 tamen
944 4683 1011 4721 ex
1060 4667 1277 4721 familia
1325 4667 1536 4722 liberos
1583 4667 1768 4722 facere
1815 4683 1966 4738 pra-

342 4759 594 4811 sumunt.

274 4846 416 4900 CXC.
462 4847 540 4900 De
587 4845 700 4899 illis
755 4845 857 4917 qui
911 4860 1016 4915 pro
1053 4843 1248 4916 aliquo
1296 4849 1457 4900 reatu
1507 4843 1737 4915 fugiunt
1766 4844 1837 4899 ad
1877 4860 1967 4898 ec-

341 4935 592 4989 clesiam.

272 5023 444 5077 CXCI.
480 5024 557 5076 De
604 5028 853 5094 raptore,
904 5021 953 5076 si
981 5037 1110 5076 cum
1159 5026 1322 5094 rapta
1361 5021 1428 5075 ad
1480 5019 1775 5075 ecclesiam
1827 5037 1968 5076 con-

343 5101 569 5181 fugerit.

275 5200 469 5254 CXCII.
521 5201 598 5254 De
662 5217 847 5267 servo,
897 5200 945 5254 si
991 5217 1096 5272 pro
1148 5200 1403 5271 qualibet
1455 5201 1624 5272 culpa
1669 5200 1966 5255 dominum

345 5303 514 5341 suum
545 5289 612 5342 ad
645 5290 943 5345 ecclesiam
968 5287 1199 5360 fugerit.

274 5377 500 5432 CXCIII.
538 5377 614 5431 De
640 5379 839 5433 eadem
870 5393 951 5432 re.

277 5466 490 5521 CXCIV.
528 5467 605 5520 De
635 5467 834 5521 eadem
861 5482 941 5520 re.

2153 4315 2291 4369 Novi
2321 4315 2669 4370 Testamenti
2698 4315 2928 4387 legendi
2959 4315 3092 4372 sint.

2077 4403 2361 4459 CCXXIII.
2413 4406 2492 4458 De
2538 4405 2777 4459 vasculis
2825 4404 3035 4476 quibus
3095 4402 3369 4474 mysteria
3428 4420 3592 4458 sacra
3636 4420 3769 4458 con-

2147 4490 2440 4546 ﬁciuntur.

2077 4577 2353 4634 CCXXIV.
2416 4580 2492 4634 De
2549 4579 2782 4634 ecclesia
2837 4595 2870 4633 a
2926 4578 3318 4648 compluribus
3378 4577 3768 4633 coharedibus

2150 4667 2399 4722 obsessa.

2077 4755 2329 4810 CCXXV.
2381 4757 2456 4810 De
2501 4755 2779 4810 altaribus
2808 4754 2869 4809 in
2897 4754 3104 4826 quibus
3136 4769 3310 4808 sacra
3357 4753 3621 4826 reliquia
3653 4769 3769 4808 non

2149 4843 2536 4898 inveniuntur.

2079 4933 2358 4988 CCXXVI.
2393 4935 2456 4987 In
2483 4932 2648 4986 altari
2677 4932 2738 4986 in
2768 4947 2882 5003 quo
2913 4931 3213 5003 episcopus
3243 4930 3476 4986 missam
3502 4930 3767 4995 celebrat,

2150 5038 2222 5075 ne
2251 5038 2319 5076 eo
2348 5021 2440 5075 die
2469 5021 2766 5092 presbyter
2795 5020 2965 5074 aliam
2991 5020 3197 5074 iterare
3225 5024 3557 5089 prasumat.

2079 5109 2388 5165 CCXXVII.
2429 5110 2498 5164 Ut
2539 5109 2602 5162 in
2633 5109 2921 5164 oblatione
2954 5108 3208 5178 corporis
3239 5112 3295 5162 et
3327 5105 3626 5178 sanguinis
3657 5106 3770 5159 Do-

2153 5198 2296 5251 mini
2326 5197 2625 5251 incensum
2658 5197 2878 5268 imponi
2905 5196 3125 5251 debeat.

2082 5285 2414 5340 CCXXVII].
2450 5286 2520 5339 Ut
2557 5285 2784 5355 quoties
2824 5285 3114 5338 basilicam
3146 5284 3215 5338 ad
3261 5299 3436 5354 quam
3478 5283 3595 5336 itur
3621 5295 3768 5350 pra-

2153 5375 2334 5429 sentia
2379 5389 2542 5427 nova
2592 5374 2776 5443 plebis
2822 5373 3168 5444 impleverit,
3214 5373 3384 5428 toties
3432 5370 3768 5426 sacrificium

2154 5463 2508 5534 subsequens
2537 5461 2831 5516 offeratur.
