4022 6190
217 298 325 350 673

1218 278 1699 349 DECRETORUM
1742 292 1929 348 LIBRI
1966 294 2074 350 XX.
2118 322 2185 335 —-
2224 293 2434 348 LIBER
2470 293 2787 349 TERTIUS.

3655 300 3759 353 674

214 418 483 475 CCXXIX.
540 418 609 470 Ut
641 414 841 469 nullus
877 414 1180 484 presbyter
1221 414 1458 469 titulum
1501 432 1679 486 super
1706 416 1937 471 titulum
1977 420 2023 471 A
2054 416 2361 472 CCXXXIV.
2392 416 2556 480 Quod
2578 433 2776 471 omnes
2806 416 3003 471 ﬁdeles
3042 416 3103 469 in
3134 418 3374 472 ecclesia
3406 421 3555 475 nihil
3592 437 3757 491 agere

295 521 581 576 usurpare
613 507 963 574 praesumat.

215 614 454 670 CCXXX.
513 612 581 666 Ut
620 609 931 679 episcopus
963 611 1061 659 aut
1104 606 1404 676 presbyter
1448 612 1754 678 postquam
1804 608 1943 662 mis-

294 716 416 754 sam
461 696 764 767 incmperit
825 700 884 747 et
933 693 1256 746 orationem
1312 694 1539 759 dixerit,
1591 695 1703 748 nisi
1758 696 1947 764 passio

295 790 493 859 aliqua
534 782 941 848 intervenerit,
976 787 1293 851 antequam
1342 783 1657 851 inemptum
1684 782 1946 838 ministe-

298 880 449 931 rium
481 874 821 943 adimpleat,
866 870 938 923 ab
970 870 1172 922 altario
1211 869 1318 923 Dei
1357 872 1518 925 nullo
1552 872 1723 926 modo
1765 872 1948 927 disce-

301 966 436 1020 dere
469 964 697 1019 audeat.

228 1082 495 1138 CCXXXI.
534 1080 603 1133 Ut
642 1076 838 1131 nullus
889 1074 1197 1144 episcopus
1236 1042 1323 1127 vel
1356 1075 1657 1145 presbyter
1698 1076 1766 1130 ad
1800 1077 1946 1130 cele-

301 1169 520 1225 branda
570 1167 879 1221 missarum
930 1162 1217 1215 solemnia
1267 1178 1396 1215 cum
1448 1163 1655 1218 baculo
1706 1164 1810 1231 ire,
1853 1170 1951 1219 aut

304 1260 489 1313 velato
520 1256 703 1326 capite
726 1252 931 1309 altario
963 1251 1061 1305 Dei
1086 1250 1352 1306 assistere
1386 1252 1622 1307 audeat.

231 1373 523 1430 CCXXXII.
577 1371 657 1424 Ne
716 1384 962 1438 corpora
1017 1371 1348 1419 sanctorum
1405 1368 1838 1423 transferantur
1881 1368 1951 1423 de

312 1464 435 1516 loco
466 1462 535 1514 ad
568 1462 779 1513 locum.

235 1568 548 1623 CCXXXIII.
583 1565 689 1629 Qui
716 1563 934 1617 mortui
966 1562 1024 1614 in
1055 1558 1294 1613 ecclesia
1326 1559 1713 1626 sepeliantur.

2133 505 2402 571 debeant,
2434 504 2547 558 nisi
2577 522 2763 559 orare.
2802 536 2809 543 ο

2058 594 2337 649 CCXXXV.
2414 594 2574 658 Quod
2632 594 2824 647 divina
2892 593 3199 647 clementia
3256 594 3379 648 ﬁxis
3432 595 3493 649 in
3543 600 3753 651 terram

2130 682 2378 753 genibus
2422 682 2711 736 exoranda
2750 683 2843 751 sit,
2887 682 2996 735 nisi
3045 682 3106 735 in
3138 683 3451 753 majoribus
3490 685 3762 739 solemni-

2130 770 2364 823 tatibus.

2058 858 2364 913 CCXXXVI.
2394 858 2551 922 Quod
2582 875 2694 912 non
2721 859 2887 913 liceat
2912 858 3154 912 mortuis
3184 860 3442 915 osculum
3475 861 3630 917 dare.

2060 946 2390 1001 CCXXXVII.
2436 948 2504 1001 Ut
2533 946 2729 1001 ﬁdeles
2760 947 2992 1018 sepeliri
3024 948 3292 1002 debeant.

2060 1034 2418 1089 CCXXXVIlI.
2494 1036 2561 1089 Ut
2628 1037 2948 1089 sacerdotes
3010 1035 3078 1088 ad
3124 1040 3354 1107 tempus
3402 1037 3759 1092 orationibus

2131 1128 2332 1177 vacent
2361 1128 2669 1194 antequam
2702 1122 3042 1177 sacriﬁcent.

2061 1210 2363 1266 CCXXXIX.
2409 1212 2484 1265 De
2518 1211 2672 1264 laicis
2702 1211 2803 1282 qui
2832 1211 3097 1265 ecclesias
3129 1213 3387 1283 proprias
3416 1213 3649 1269 habent.

2063 1299 2253 1354 CCXL.
2290 1300 2366 1353 De
2402 1299 2651 1352 ecclesiis
2678 1300 3115 1354 monachorum.

2063 1387 2280 1442 CCXLI.
2322 1389 2396 1440 De
2426 1387 2539 1439 illis
2564 1387 2684 1457 qui,
2718 1386 2988 1442 dumsuze
3004 1388 3366 1458 proprietatis
3397 1391 3519 1443 loca
3552 1390 3761 1446 alicubi

2134 1475 2269 1529 dare
2298 1474 2603 1540 voluerint,
2635 1476 2918 1529 decimam
2952 1479 3483 1548 nusquamtradere
3515 1495 3572 1532 se
3593 1497 3761 1550 posse

2136 1568 2501 1634 cognoscant.

1630 1669 1831 1723 Indicis
1854 1670 2226 1738 Capitulorum
2250 1669 2401 1741 ﬁnis.

1503 1972 2509 2095 BURCHABDI

1135 2181 1599 2267 ECCLESIAE
1677 2184 2387 2278 WORMACIENSIS
2454 2185 2877 2252 EPISCOPI

447 2377 1810 2532 DECRETOBUM
1939 2379 2533 2523 LIBER
2661 2383 3559 2530 TERTIUS.

1770 2619 1860 2672 DE
1897 2618 2271 2675 ECCLESIlS.

724 2884 1213 2941 ARGUMENTUM
1247 2883 1471 2938 LIBRI.

320 2979 485 3032 Liber
536 2977 627 3031 hic
682 2977 750 3030 de
811 2974 1136 3029 divinarum
1190 2973 1520 3027 domorum
1575 2972 1956 3039 institutione,

247 3069 401 3122 cultu
444 3073 499 3121 et
547 3068 781 3131 honore,
824 3065 891 3117 de
937 3062 1172 3116 decimis
1202 3064 1264 3113 et
1296 3062 1721 3129 oblationibus,
1774 3062 1959 3132 deque

242 3155 484 3226 jnstitiis
523 3154 877 3223 singulorum
932 3154 1178 3202 tractat:
1229 3149 1458 3220 quique
1507 3149 1638 3202 libri
1687 3150 1747 3202 in
1799 3165 1957 3202 sacro

250 3245 510 3313 catalogo
563 3242 795 3311 recepti,
839 3239 942 3310 qui
989 3238 1187 3308 rejecti
1238 3242 1298 3290 et
1331 3237 1654 3308 apocryphi
1701 3239 1836 3305 sint,
1873 3255 1961 3291 os-

252 3332 456 3387 tendit.

661 3400 787 3454 CAP.
822 3399 864 3451 Ι.
901 3428 968 3436 —
998 3396 1142 3462 Quid
1168 3398 1239 3449 sit
1272 3396 1549 3452 Ecclesia.

325 3494 437 3557 (Ea:
488 3490 630 3543 decr.
685 3490 823 3541 Julii
865 3501 1042 3556 papae,
1091 3500 1209 3553 cap.
1269 3486 1347 3555 5.)
1407 3484 1656 3539 Ecclesia
1701 3485 1962 3538 Graecum

257 3585 362 3646 est,
405 3579 554 3650 quod
602 3579 658 3631 in
691 3576 959 3631 Latinum
991 3574 1233 3627 vertitur
1274 3576 1607 3637 convocatio,
1656 3579 1962 3642 propterea

259 3670 413 3738 quod
467 3684 665 3720 omnes
715 3665 779 3719 ad
832 3680 890 3717 se
940 3666 1118 3716 vocet.
1154 3662 1463 3724 Catholica,
1509 3662 1565 3716 id
1614 3667 1697 3713 est
1738 3661 1961 3713 univer-

261 3758 413 3821 salis,
463 3757 592 3811 ideo
622 3756 831 3809 dicitur
862 3757 997 3823 quia
1036 3768 1137 3821 per
1170 3752 1504 3805 universum
1557 3750 1833 3803 mundum
1882 3754 1966 3803 est

262 3847 589 3909 constituta,
640 3844 723 3897 vel
759 3841 1029 3913 quoniam
1067 3839 1363 3907 catholica,
1399 3841 1505 3894 hoc
1549 3844 1634 3891 est
1682 3838 1964 3908 generalis

261 3937 325 3990 in
358 3935 555 3990 eadem
589 3932 847 3986 doctrina
879 3934 963 3982 est
992 3929 1060 3982 ad
1093 3928 1551 3982 instructionem.

582 4023 707 4074 CAP.
741 4020 809 4072 II.
847 4048 914 4056 —
946 4020 1022 4071 De
1054 4018 1344 4085 primitiva
1370 4017 1639 4073 Ecclesia.

335 4114 447 4179 (Ea:
475 4110 617 4163 decr.
652 4106 939 4162 Melchiad.
973 4120 1150 4173 papze,
1185 4120 1304 4173 cap.
1340 4106 1416 4176 8.)
1448 4107 1648 4167 Nemo,
1683 4101 1781 4173 qui
1812 4101 1959 4155 Scri-

263 4203 462 4271 pturas
505 4197 725 4250 divinas
757 4194 912 4263 legit,
950 4194 1178 4263 ignorat
1217 4194 1390 4262 quod,
1426 4198 1485 4246 in
1516 4190 1802 4261 principio
1852 4207 1961 4244 na-

264 4287 472 4343 scentis
504 4284 786 4348 Ecclesiae,
838 4281 1104 4350 discipuli
1148 4280 1209 4332 in
1237 4297 1417 4334 unum
1448 4281 1782 4349 congregati
1830 4284 1963 4332 sunt

264 4388 396 4425 cum
450 4370 823 4424 multitudine
877 4367 1254 4432 credentium,
1312 4366 1375 4420 in
1426 4367 1632 4436 quibus
1678 4370 1802 4418 erat
1864 4381 1963 4417 cor

266 4474 448 4512 unum
495 4464 551 4511 et
589 4457 782 4510 anima
819 4470 956 4521 una,
1002 4454 1239 4523 quique,
1290 4454 1601 4507 vendentes
1645 4452 1857 4521 praedia
1906 4458 1963 4505 et

264 4547 646 4618 possessiones
694 4560 844 4608 suas,
898 4542 1235 4597 adferebant
1263 4543 1470 4611 pretia,
1511 4546 1567 4594 et
1603 4540 1964 4595 dividebatur

266 4633 512 4703 singulis
556 4636 731 4701 prout
778 4631 984 4700 cuique
1029 4645 1175 4697 opus
1214 4635 1356 4683 erat.
1404 4630 1675 4682 Futuram
1713 4643 1962 4698 namque

264 4721 574 4777 Ecclesiam
621 4721 681 4773 in
720 4719 985 4785 gentibus
1027 4718 1271 4785 apostoli
1322 4717 1732 4786 praevidebant,
1782 4716 1963 4770 maxi-

264 4827 474 4881 meque
520 4810 653 4878 quia
696 4807 972 4861 Dominus
1016 4806 1130 4857 illis
1160 4805 1547 4873 praadixerat:
1595 4826 1621 4853 ‹‹
1654 4806 1862 4858 Euntes
1902 4804 1962 4858 in

264 4900 550 4956 mundum
570 4897 901 4952 universum
924 4893 1230 4964 praedicate
1257 4894 1642 4963 Evangelium,
1673 4915 1692 4941 ιο
1721 4895 1807 4947 vel
1828 4894 1963 4964 quia

265 4987 636 5058 expellendos
674 5001 795 5038 esse
829 5001 860 5036 a
898 4982 1093 5036 Judaza
1129 4986 1404 5034 noverant
1433 4998 1492 5034 se
1519 4987 1576 5034 et
1608 4981 1667 5033 in
1695 4982 1962 5049 gentibus

266 5075 701 5147 dispergendos,
745 5071 1170 5139 Ecclesiamque
1211 5069 1676 5137 congregandam
1726 5085 1791 5122 ex
1833 5071 1963 5124 rudi

265 5167 502 5238 populo,
532 5162 742 5217 idcirco
772 5158 992 5230 praedia
1022 5158 1081 5211 in
1112 5158 1306 5210 Iudaea
1329 5157 1568 5212 minime
1594 5164 1729 5211 sunt
1750 5159 1957 5229 adepti,

269 5257 366 5310 sed
420 5254 605 5325 pretia
670 5247 1071 5325 tantummodo
1131 5247 1199 5299 ad
1250 5247 1521 5300 fovendos
1576 5253 1829 5318 egentes.
1891 5252 1961 5302 At

267 5324 439 5410 vero,
474 5356 603 5395 cum
648 5340 796 5391 inter
828 5324 1083 5389 turbines
1113 5339 1171 5387 et
1211 5333 1447 5387 adversa
1494 5335 1697 5388 mundi
1736 5352 1959 5389 succre-

1998 2888 2038 2940 B
2080 2885 2238 2939 orbis
2283 2886 2673 2940 monarchiam
2724 2888 3014 2955 tenebant,
3045 2888 3115 2943 ad
3155 2888 3329 2943 ﬁdem
3360 2889 3566 2944 Christi
3614 2894 3671 2943 et
3701 2890 3774 2943 ad

2070 2974 2349 3044 baptismi
2380 2981 2737 3030 sacramenta
2767 2985 3193 3031 concurrerent.

2070 3081 2200 3135 CAP.
2252 3082 2345 3135 III.
2392 3112 2459 3120 —
2508 3083 2661 3148 Quod
2712 3084 3013 3138 sacerdotes
3054 3099 3212 3152 agros
3252 3100 3383 3152 quos
3428 3085 3654 3138 vendere
3698 3099 3775 3139 so-

2143 3153 2341 3277 2ebatnt,
2401 3154 2476 3207 ad
2542 3168 2870 3209 communem
2915 3158 3209 3210 utilitatem
3258 3157 3520 3210 Ecclesiis
3589 3156 3769 3209 trade-

2178 3240 2250 3276 an
2281 3264 2293 3277 .

2178 3240 2293 3277 am.

2144 3313 2267 3378 (Em
2297 3312 2491 3366 decret.
2532 3314 2735 3367 Urban.
2784 3331 2962 3385 papae,
3003 3330 3126 3383 cap.
3158 3315 3235 3384 2.)
3266 3314 3534 3369 Videntes
3580 3318 3773 3368 autem

2071 3401 2398 3454 sacerdotes
2439 3407 2495 3454 et
2541 3401 2722 3454 levitas
2768 3410 2825 3456 et
2854 3404 3059 3472 reliqui
3092 3402 3311 3467 ﬁdeles,
3345 3403 3474 3472 plus
3512 3401 3774 3456 utilitatis

2070 3501 2237 3554 posse
2279 3489 2501 3541 adferre
2542 3488 2588 3540 si
2640 3490 3002 3544 hiereditates
3042 3496 3098 3543 et
3128 3506 3318 3559 agros,
3366 3507 3512 3560 quos
3562 3490 3773 3543 vende-

2070 3572 2231 3639 bant,
2286 3575 2562 3639 Ecclesiis,
2602 3576 2813 3644 quibus
2843 3578 3228 3647 praesidebant
3258 3578 3531 3648 episcopi,
3582 3579 3772 3632 trade-

2072 3667 2221 3726 rent,
2251 3677 2317 3714 eo
2348 3662 2503 3730 quod
2533 3678 2598 3715 ex
2625 3666 2950 3734 sumptibus
2989 3680 3211 3728 eorum,
3245 3672 3360 3719 tam
3393 3668 3773 3736 praesentibus

2074 3762 2248 3816 quam
2278 3748 2487 3801 futuris
2526 3752 2905 3817 temporibus,
2947 3751 3115 3819 plura
3145 3758 3200 3804 et
3232 3752 3587 3821 elegantiora
3635 3769 3773 3822 pos-

2074 3841 2202 3889 sent
2277 3835 2605 3889 ministrare
2662 3837 2849 3891 fidelis
2904 3854 3274 3893 communem
3350 3840 3523 3892 vitam
3592 3840 3770 3894 dedu-

2073 3924 2353 3989 centibus,
2405 3940 2578 3994 quam
2628 3941 2693 3977 ex
2743 3926 2928 3995 pretio
2978 3926 3256 3996 ipsorum,
3290 3933 3587 3997 coeperunt
3624 3944 3769 3999 prte-

2074 4012 2166 4064 dia
2214 4016 2271 4064 et
2301 4029 2467 4081 agros
2515 4028 2658 4082 quos
2689 4015 2935 4068 vendere
2985 4015 3245 4069 solebant
3293 4016 3626 4071 matricibus
3674 4019 3771 4070 Ec-

2074 4100 2256 4153 clesiis
2278 4101 2525 4167 tradere,
2561 4105 2619 4154 et
2648 4118 2716 4155 ex
2745 4103 3068 4173 sumptibus
3096 4119 3297 4157 eorum
3326 4104 3530 4159 vivere.

2074 4206 2201 4259 CAP.
2238 4206 2324 4259 IV.
2374 4237 2441 4246 —
2470 4207 2582 4272 Quo
2613 4212 2846 4277 tempore
2880 4211 2992 4263 viri
3021 4211 3265 4275 religiosi
3304 4213 3502 4279 seipsos
3550 4212 3769 4264 Domino

2155 4284 2555 4343 consecrarunt,
2592 4280 2919 4348 aediﬁcantes
2948 4282 3201 4335 basilicus
3232 4284 3288 4334 in
3325 4284 3437 4335 suis
3469 4282 3680 4346 fundis.

2143 4374 2251 4437 (Ea:
2299 4372 2490 4426 decret.
2534 4375 2787 4429 Melchia.
2818 4391 2998 4445 papae,
3033 4392 3152 4443 cap.
3205 4376 3313 4446 l2.)
3347 4376 3428 4429 Ab
3474 4376 3572 4430 illo
3614 4377 3769 4431 enim

2071 4466 2331 4530 tempore
2380 4467 2434 4514 et
2477 4462 2746 4533 deinceps
2793 4465 2899 4517 viri
2948 4464 3200 4534 religiosi
3237 4481 3351 4518 non
3404 4466 3591 4519 solum
3644 4482 3770 4535 pos-

2073 4550 2351 4602 sessiones
2380 4555 2436 4602 et
2486 4552 2703 4619 praedia
2733 4569 2858 4623 quae
2898 4553 3285 4621 possederant,
3328 4554 3423 4607 sed
3468 4555 3643 4608 etiam
3690 4572 3772 4608 se-

2073 4637 2344 4707 metipsos
2389 4639 2636 4692 Domino
2694 4646 3123 4704 consecrarunt,
3174 4642 3524 4696 aediﬁcantes
3574 4643 3767 4697 basili-

2072 4740 2164 4778 cas
2211 4726 2272 4780 in
2315 4725 2430 4779 suis
2479 4726 2675 4780 fundis
2705 4726 2763 4780 in
2822 4728 3043 4780 honore
3087 4735 3418 4782 sanctorum
3454 4736 3767 4800 martyrum

2071 4830 2176 4883 per
2223 4815 2492 4878 civitates,
2546 4832 2610 4868 ac
2673 4816 3018 4869 monasteria
3079 4817 3382 4870 innumera
3444 4819 3505 4870 in
3558 4819 3768 4888 quibus

2072 4910 2248 4957 coetus
2321 4902 2564 4957 Domino
2640 4904 3015 4958 servientium
3092 4906 3446 4959 conveniret.
3508 4908 3767 4977 Denique

2070 5004 2235 5057 reges
2269 4994 2324 5040 et
2383 4987 2657 5056 praesides
2699 5003 2763 5040 ac
2792 4989 3161 5057 magistratus
3211 5006 3326 5042 non
3375 4990 3564 5043 solum
3620 4992 3769 5045 hanc

2072 5075 2361 5127 licentiam
2413 5074 2687 5140 tribuere,
2738 5076 2838 5129 sed
2890 5077 3063 5129 etiam
3121 5077 3233 5145 ipsi
3292 5077 3526 5147 propria
3575 5078 3769 5150 largiti

2073 5167 2203 5213 sunt
2250 5178 2354 5230 per
2389 5162 2657 5215 universa
2702 5178 2883 5232 regna
2934 5169 3237 5230 terrarum,
3281 5164 3433 5218 unde
3480 5166 3770 5220 alerentur

2073 5256 2306 5318 egentes
2338 5250 2436 5320 qui
2462 5251 2602 5304 nihil
2633 5250 2692 5304 in
2725 5250 2941 5304 mundo
2974 5252 3356 5320 possidebant,
3394 5254 3768 5325 Ecclesizeque

2071 5336 2489 5392 fabricarentur
2536 5344 2706 5408 atque
2746 5344 3223 5406 restaurarentur,
3286 5342 3519 5413 Deoque
3563 5350 3617 5398 et
3667 5345 3768 5397 Ec-

270 5436 452 5485 sceret
498 5427 767 5492 Ecclesia,
810 5425 951 5479 adeo
988 5439 1171 5493 usque
1218 5423 1476 5493 pervenit
1516 5428 1581 5477 ut
1610 5440 1726 5477 non
1774 5425 1960 5479 solum
1995 5444 2039 5497 1)
2078 5425 2266 5479 clesiaa
2319 5426 2442 5496 ejus
2494 5427 2602 5480 rite
2664 5426 3090 5495 famulantium,
3146 5444 3559 5503 servorumque
3615 5432 3770 5487 illius

272 5524 493 5592 gentes,
526 5517 625 5572 sed
656 5515 832 5572 etiam
862 5512 1109 5568 Romani
1136 5510 1446 5582 principes,
1481 5511 1583 5584 qui
1609 5511 1758 5568 bene
1790 5514 1963 5569 totius

2073 5515 2474 5587 supplementa
2501 5514 2718 5587 absque
2750 5514 3087 5573 necessitate
3127 5518 3537 5578 tribuerentur.
