4022 6190
219 258 323 308 675

1281 248 1696 307 BURCHARDI
1736 247 2271 306 WORMACIENSIS
2309 249 2640 307 EPISCOPI.
2719 295 2724 297 _

3625 254 3738 305 676

219 378 347 432 CAP.
399 377 458 430 V.
507 404 580 417 -
632 375 787 440 Quod
833 375 1213 431 Constantinus
1271 375 1484 442 primus
1521 374 1918 444 imperatorum
1947 375 1994 428 A
2033 372 2161 428 CAP.
2195 373 2345 427 XIII.
2384 404 2444 411 —
2502 374 2570 426 Ut
2599 373 2898 428 Ecclesiam
2922 372 3018 444 ubi
3041 388 3294 442 paganus
3332 375 3574 444 sepultus
3629 379 3737 438 est,

496 445 820 513 fabricandi
843 447 1110 500 Ecclesias
1137 445 1411 497 licentium
1434 442 1648 496 tribuit.

293 535 403 603 (Ea:
432 535 631 597 eodem,
670 550 791 604 cap.
836 535 964 599 l0.).
1000 525 1040 586 E
1070 521 1280 602 quibus
1328 530 1415 584 vir
1453 530 1918 600 religiosissimus

221 624 628 679 Constantinus
671 624 910 695 primus,
959 622 1130 676 ﬁdem
1180 620 1436 673 veritatis
1473 626 1739 691 patenter
1782 620 1914 673 ade-

219 718 371 784 ptus.
411 713 699 767 licentiam
749 711 904 765 dedit
947 727 1050 780 per
1090 709 1419 762 universum
1465 709 1666 762 orbem
1710 708 1769 762 in
1811 726 1915 761 sun

219 801 492 870 degentes
540 799 790 868 Imperio
842 813 962 852 non
1000 797 1183 850 solum
1237 795 1362 850 ﬁeri
1403 793 1774 860 Christianos,
1817 792 1917 846 sed

219 890 392 943 etiam
462 887 816 942 fabricandas
872 884 1174 949 Ecclesias,
1225 887 1280 937 et
1343 883 1561 955 pradia
1613 882 1917 936 tribuenda

218 975 532 1031 constituit.
582 973 842 1043 Denique
881 971 1033 1025 idem
1073 971 1348 1041 praefatus
1375 970 1643 1042 princeps
1674 970 1915 1024 donaria

217 1065 520 1129 immensa,
563 1066 619 1116 et
662 1061 936 1114 fabricam
969 1059 1172 1129 templi
1208 1059 1412 1128 prima:
1442 1059 1590 1114 sedis
1620 1058 1772 1114 beati
1805 1061 1913 1112 Pe-

217 1153 292 1207 tri
338 1150 614 1222 principis
659 1149 1053 1218 apostolorum
1096 1148 1369 1214 instituit,
1417 1147 1560 1201 adeo
1607 1153 1672 1201 ut
1719 1148 1916 1202 sedem

216 1239 578 1310 imperialem
609 1254 720 1309 qua
768 1236 1012 1292 Romani
1055 1237 1346 1307 principes
1387 1236 1794 1308 prmsidebant,
1823 1252 1916 1291 re-

217 1329 521 1398 linqueret,
566 1331 622 1380 et
669 1329 724 1380 Β.
763 1329 928 1380 Petro
974 1325 1208 1396 suisque
1242 1324 1662 1380 successoribus
1707 1325 1913 1396 profu-

215 1422 403 1470 turam
436 1415 789 1469 concederet.

217 1506 345 1561 CAP.
398 1506 486 1558 VI.
545 1532 610 1544 —
668 1505 734 1557 Ut
777 1503 958 1556 nullus
1006 1503 1296 1556 Ecclesiam
1359 1501 1602 1569 wdiﬁcet,
1663 1503 1774 1555 nisi
1821 1503 1912 1555 ille

501 1575 588 1628 cui
613 1577 892 1642 episcopus
915 1575 1015 1627 loci
1036 1576 1205 1627 locum
1235 1573 1619 1637 designaverit.

2580 459 2686 497 non
2713 445 2870 497 liceat
2897 443 3159 497 dedicari.

2101 532 2208 597 (Ea:
2239 533 2424 586 concil.
2481 533 2802 597 Aureliano,
2853 548 2973 602 cap.
3005 532 3084 601 7.)
3129 532 3438 586 Ecclesiam
3474 533 3578 586 ubi
3625 550 3736 602 pa-

2028 636 2210 690 ganus
2263 623 2523 690 sepultus
2573 625 2678 686 est,
2749 637 2865 674 non
2925 621 3089 674 liceat
3135 638 3492 690 consecrare,
3534 638 3738 692 neque

2031 709 2221 762 Missas
2263 708 2324 762 in
2355 726 2422 762 ea
2453 708 2763 775 celebrare,
2817 710 2913 764 sed
2942 708 3146 779 jactari
3175 710 3329 763 foras
3359 715 3414 764 et
3454 711 3738 764 mundari

2027 800 2274 869 oportet.

2026 906 2156 960 CAP.
2208 905 2340 960 XIV.
2376 935 2446 945 ——
2477 907 2544 960 Ut
2573 907 2631 959 in
2669 907 2910 960 Ecclesia
2959 907 3018 958 in
3047 921 3156 973 qua
3194 904 3464 959 cadavera
3511 907 3739 976 sepulta

2363 980 2492 1029 sunt
2524 977 2698 1030 altare
2723 991 3032 1030 consecrare
3058 992 3165 1029 non
3197 977 3377 1029 liceat.

2095 1069 2203 1131 (Ea:
2256 1064 2456 1131 eodem,
2513 1081 2629 1134 cap.
2681 1067 2753 1133 6.)
2799 1066 2861 1119 In
2893 1066 3138 1122 Ecclesia
3181 1064 3244 1118 in
3284 1081 3398 1135 qua
3445 1065 3736 1119 cadavera

2021 1157 2382 1208 mortuorum
2436 1153 2810 1223 sepeliuntur,
2873 1153 3227 1208 sanctiﬁcare
3270 1154 3450 1208 altare
3491 1170 3611 1208 non
3660 1155 3735 1210 li-

2021 1245 2164 1297 ceat.
2204 1241 2262 1296 Si
2306 1245 2495 1294 autem
2528 1247 2921 1296 consecratum
2967 1241 3128 1312 prius
3177 1242 3304 1307 fuit,
3345 1241 3544 1296 Missas
3594 1242 3737 1296 licet

2020 1330 2308 1384 celebrare
2337 1329 2397 1382 in
2429 1345 2515 1383 ea.

2021 1434 2152 1488 CAP.
2183 1436 2293 1488 XV.
2335 1465 2403 1475 -
2439 1437 2505 1490 Ut
2543 1435 2657 1490 loca
2680 1436 2838 1490 semel
2868 1435 3140 1559 dedticata,
3170 1441 3431 1506 perpetuo
3475 1439 3556 1491 sic
3603 1453 3734 1508 per-

2733 1521 2962 1559 manean
2993 1549 3004 1559 .

2733 1521 3004 1559 maneant.

2098 1597 2203 1656 (Ea:
2242 1593 2432 1648 concil.
2481 1593 2632 1662 apud
2661 1597 3030 1663 Aquisgran.,
3063 1611 3183 1663 cap.
3219 1595 3298 1665 4.)
3331 1596 3401 1649 Ut
3440 1596 3566 1650 loca
3598 1611 3735 1665 quae

289 1665 392 1725 (Em
421 1663 609 1717 concil.
662 1663 1034 1727 Aurelianen,
1077 1677 1198 1729 cap.
1253 1663 1330 1727 3.)
1377 1662 1554 1714 Nemo
1606 1660 1890 1714 Ecclesiam

2090 1683 2199 1735 mel
2260 1683 2372 1735 Deo
2425 1659 2685 1735 dedicata
2727 1659 2881 1750 sunt,
2920 1659 3021 1737 aut
3063 1659 3411 1736 monasteria
3461 1659 3730 1747 fuerunt,

217 1750 461 1804 mdilicet
499 1754 802 1819 antequam
836 1749 1078 1802 civitatis
1123 1748 1424 1818 episcopus
1456 1749 1662 1809 veniat,
1696 1754 1751 1802 et
1798 1748 1909 1802 ibi-

215 1838 343 1891 dem
401 1852 627 1890 crucem
681 1836 820 1906 ligat
867 1835 1112 1906 publice,
1169 1841 1226 1890 et
1272 1836 1483 1890 atrium
1523 1836 1803 1906 designet,
1858 1841 1914 1891 et

214 1931 350 1980 ante
389 1925 673 1995 praeliniat
719 1925 819 1994 qui
867 1925 1148 1978 aediﬁcare
1198 1924 1337 1991 vult,
1381 1940 1510 1994 quas
1541 1925 1610 1978 ad
1660 1925 1911 1978 Iumina-

214 2014 320 2082 ria,
381 2019 439 2067 et
475 2014 545 2066 ad
605 2012 924 2066 custodiam
974 2017 1025 2066 et
1071 2012 1356 2082 stipendia
1404 2013 1706 2066 custodum
1759 2013 1912 2067 suffi-

213 2102 384 2168 ciant,
419 2106 474 2156 et
513 2106 740 2155 ostensa
777 2101 1086 2154 donatione
1133 2101 1212 2154 sic
1251 2101 1487 2154 domum
1529 2101 1792 2155 aediﬁcet.
1847 2102 1915 2155 Et

213 2195 518 2260 postquam
559 2194 886 2243 consecrata
920 2189 1144 2254 fuerit,‘
1164 2189 1372 2243 atrium
1422 2189 1682 2260 ejusdem
1723 2190 1912 2244 Eccle-

212 2280 310 2333 siae
332 2282 528 2332 sancta
555 2294 702 2348 aqua
729 2282 1090 2348 conspergat.

212 2368 338 2422 CAP.
404 2368 514 2421 VII.
568 2395 641 2406 —
687 2369 767 2422 De
814 2367 908 2420 illo
958 2369 1055 2434 qui
1100 2369 1158 2419 in
1217 2381 1312 2420 suo
1358 2366 1567 2436 praedio
1615 2367 1912 2423 Ecclesiam

757 2437 1026 2506 aediﬁcare
1054 2437 1347 2491 desiderat.

282 2528 391 2595 {Ex
438 2526 624 2580 concil.
677 2525 1090 2591 Wormaciensi,
1124 2540 1244 2593 cap.
1304 2526 1382 2594 6.)
1421 2524 1758 2594 Quicunque
1809 2541 1907 2579 vo-

213 2615 386 2670 luerit
454 2615 515 2668 in
563 2630 666 2668 sua
713 2614 1068 2684 pr0prietate
1129 2613 1436 2667 Ecclesiam
1489 2614 1796 2679 aediﬁcare,
1855 2617 1911 2666 et

210 2720 552 2760 consensum
597 2709 653 2757 ct
688 2703 1037 2756 voluntatem
1072 2701 1327 2772 episcopi
1373 2702 1604 2756 habebit
1647 2703 1705 2756 in
1746 2703 1908 2771 cujus

210 2792 480 2864 parochia
534 2791 731 2859 fuerit,
791 2790 1009 2844 licitum
1061 2791 1151 2844 sit.
1203 2791 1613 2844 Verumtamen
1672 2791 1907 2843 omnino

210 2881 644 2953 praevidendum
695 2883 778 2933 est
824 2879 1114 2949 episcopo,
1167 2883 1231 2932 ut
1275 2879 1402 2933 alia;
1444 2878 1706 2932 Ecclesias
1757 2879 1904 2932 anti-

211 2970 464 3040 quiores,
508 2971 747 3038 propter
780 2982 954 3020 novas
981 2982 1140 3021 suam
1183 2966 1468 3036 justitiam
1499 2971 1598 3019 aut
1623 2966 1903 3020 decimam

211 3075 328 3113 non
386 3056 648 3127 perdant,
703 3054 800 3109 sed
842 3070 1069 3126 semper
1116 3055 1187 3108 ad
1225 3054 1581 3125 antiquiores
1630 3055 1904 3109 Ecclesias

208 3147 586 3218 persolvatur.

213 3237 342 3291 CAP.
405 3234 542 3287 VIII.
598 3261 664 3273 —
723 3233 791 3286 Ut
830 3245 1008 3284 omnes
1065 3231 1315 3285 Ecclesia
1360 3232 1419 3284 in
1462 3231 1611 3284 illius
1669 3233 1907 3300 episcopi

357 3309 624 3374 potestate
652 3304 783 3368 sint,
811 3303 872 3354 in
903 3302 1058 3369 cujus
1090 3303 1362 3355 territorio
1386 3304 1579 3370 positae
1607 3308 1750 3356 sunt.

285 3393 390 3462 (Ea
438 3390 627 3446 concil.
679 3391 1057 3454 Aurelianen.,
1106 3404 1226 3458 cap.
1282 3389 1353 3459 ί.)
1400 3390 1612 3445 Omnes
1655 3389 1905 3443 basilicm

213 3497 344 3553 quas
399 3495 504 3551 per
545 3479 767 3533 diversa
806 3478 932 3532 loca
963 3481 1302 3532 constructae
1352 3481 1485 3530 sunt
1521 3479 1610 3531 vel
1651 3477 1906 3548 quotidie

213 3569 660 3634 constituuntur,
711 3567 949 3638 placuit,
980 3567 1294 3622 secundum
1332 3567 1588 3637 priorum
1620 3582 1904 3620 canonum

211 3657 486 3728 regulam,
531 3661 596 3710 ut
640 3657 699 3709 in
733 3657 857 3726 ejus
887 3655 1144 3726 episcopi
1172 3655 1232 3708 in
1279 3657 1439 3724 cujus
1468 3655 1758 3710 territorio
1801 3671 1904 3725 po-

214 3745 336 3799 sitae
361 3749 514 3810 sunt,
549 3747 828 3814 potestate
859 3743 1192 3797 consistant.

213 3834 340 3888 CAP.
395 3833 482 3886 IX.
527 3864 595 3872 —
649 3835 714 3886 Ut
765 3835 1008 3900 antiquas
1049 3832 1296 3886 Ecclesia
1329 3832 1753 3900 possessionibus
1791 3835 1906 3887 suis

607 3909 832 3972 propter
858 3917 1025 3956 novas
1054 3918 1160 3956 non
1188 3903 1503 3970 spolientur.

280 3991 389 4061 (Ea:
439 3992 625 4045 concil.
683 3992 964 4057 Meldensi,
1017 4006 1136 4060 cap.
1190 3993 1266 4056 8.)
1322 3991 1391 4044 Ut
1448 3988 1708 4044 Ecclesiae
1763 3990 1907 4045 anti-

211 4079 406 4150 quitus
436 4081 780 4146 constitutas,
825 4096 932 4134 nec
962 4079 1222 4145 decimis,
1255 4094 1358 4132 nec
1400 4079 1520 4132 ulla
1549 4080 1905 4149 possessione

210 4168 528 4237 priventur,
560 4167 640 4221 ita
670 4173 734 4222 ut
765 4168 928 4222 novis
959 4166 1228 4221 oratoriis
1255 4167 1560 4221 tribuatur.

327 4276 457 4330 CAP.
491 4276 552 4330 X.
584 4278 749 4329 —De
776 4275 1030 4329 Ecclesiis
1068 4277 1118 4326 et
1146 4273 1433 4340 altaribus,
1475 4275 1571 4328 ubi
1598 4275 1790 4344 aliqua

343 4347 616 4400 dubitatio
645 4351 723 4400 est
755 4346 821 4398 de
851 4346 1264 4412 consecratione,
1295 4347 1356 4398 ut
1381 4351 1772 4400 consecrentur.

281 4433 389 4504 (Em
435 4433 613 4487 eodem
650 4433 861 4498 concil.,
909 4447 1027 4500 cap.
1076 4430 1191 4503 45.)
1236 4433 1304 4486 Ut
1347 4433 1609 4487 Ecclesiae
1641 4433 1728 4488 vel
1759 4434 1900 4488 alta-

209 4521 294 4575 ria
341 4537 471 4592 qua:
501 4520 770 4588 ambigua
812 4525 946 4574 sunt
977 4520 1045 4575 de
1089 4522 1530 4589 consecratione,
1576 4537 1905 4577 consecren-

209 4613 324 4675 tur,
352 4613 410 4662 et
433 4613 497 4662 ut
521 4608 812 4679 superflua
836 4607 1038 4662 altaria
1064 4609 1452 4664 destruantur.

211 4715 340 4770 CAP.
393 4715 478 4769 XI.
526 4745 595 4754 -—
653 4717 716 4771 Si
758 4716 934 4769 altare
971 4719 1173 4769 motum
1216 4717 1403 4781 fuerit,
1455 4715 1625 4770 denuo
1667 4716 1906 4769 Ecclesia

882 4791 1233 4841 consecretur.

281 4875 390 4940 (Ea:
435 4872 577 4927 decr.
624 4875 786 4941 Ygini
823 4889 1007 4943 papae,
1059 4889 1181 4944 cap.
1233 4874 1314 4944 4.)
1356 4874 1414 4929 Si
1459 4877 1682 4928 motum
1731 4873 1906 4927 fuerit

208 4961 408 5030 altare,
457 4961 645 5016 denuo
692 4967 1057 5017 consecretur
1104 4963 1376 5029 Ecclesia;
1415 4963 1464 5016 si
1493 4961 1742 5032 parietes
1771 4978 1904 5016 mu-

209 5053 421 5117 tantur,
459 5055 515 5105 et
541 5067 659 5106 non
691 5052 890 5117 altare,
925 5051 1137 5106 salibus
1158 5057 1384 5107 tantum
1411 5049 1782 5106 exorcizetur.

210 5155 339 5210 CAP.
367 5157 484 5211 XII.
528 5187 598 5198 —
647 5157 712 5213 Si
753 5159 992 5213 Ecclesia
1036 5159 1246 5282 violata
1285 5159 1476 5226 fuerit,
1532 5159 1731 5211 iterum
1785 5171 1904 5212 con-

923 5245 1066 5282 secre
1091 5245 1176 5282 ur.

923 5245 1066 5284 secre
1071 5245 1176 5282 tur.

277 5317 387 5382 (Ea.-
428 5315 628 5384 eodem,
679 5332 799 5388 cap.
860 5318 937 5388 6.)
986 5318 1044 5372 Si
1103 5315 1417 5371 homicidio
1474 5315 1564 5371 vel
1616 5316 1900 5372 adulterio

206 5403 454 5460 Ecclesia
508 5403 682 5460 fuerit
736 5406 967 5476 violata,
1025 5405 1466 5478 diligentissime
1527 5410 1898 5477 expurgetur,

205 5496 262 5547 et
287 5491 478 5549 denuo
507 5498 886 5552 consecretur.

2025 1775 2295 1824 maneant
2323 1775 2600 1840 perpetuo
2633 1770 2732 1835 sic,
2785 1787 2892 1824 nec
2936 1775 3180 1841 possunt
3209 1771 3360 1826 ultra
3399 1771 3524 1826 ﬁeri
3571 1788 3735 1826 secu-

2022 1857 2167 1912 laria
2201 1858 2542 1912 habitacula.

2024 1963 2152 2017 CAP.
2185 1963 2313 2016 XVI.
2346 1992 2415 2002 —-
2449 1963 2529 2016 De
2566 1963 2694 2015 locis
2727 1961 2933 2014 dudum
2973 1964 3227 2031 sacratis,
3273 1967 3324 2016 et
3352 1978 3496 2017 nunc
3533 1962 3731 2031 negle-

2447 2035 2568 2100 ctis,
2599 2037 2660 2085 ut
2690 2035 2885 2085 iterum
2905 2034 3286 2098 reformentur.

2094 2120 2202 2191 (Ea:
2228 2119 2426 2185 eodem,
2459 2135 2575 2189 cap.
2603 2117 2680 2189 6.)
2713 2119 2932 2173 Placuit
2962 2125 3027 2173 ut
3052 2120 3175 2173 loca
3202 2120 3544 2190 jamdudum
3579 2137 3734 2176 con-

2021 2214 2255 2275 secrata,
2299 2213 2354 2262 et
2396 2223 2550 2261 nunc
2599 2207 2889 2276 spurcitiis
2943 2207 3172 2273 foedata,
3231 2210 3396 2278 juxta
3433 2209 3736 2279 possibili-

2018 2301 2192 2352 tatem
2226 2297 2285 2349 in
2318 2297 2620 2367 antiquum
2653 2300 2862 2349 statum
2895 2296 3304 2350 reformentur.

2021 2387 2148 2440 CAP.
2198 2386 2360 2440 XVII.
2395 2414 2464 2423 -—
2509 2387 2577 2438 Ut
2619 2385 2802 2438 nullus
2846 2384 3003 2438 aliud
3039 2387 3215 2438 altare
3257 2388 3462 2452 erigere
3502 2401 3727 2454 presu-

2195 2462 2328 2522 mat,
2360 2457 2472 2509 nisi
2502 2455 2647 2523 quod
2675 2455 2743 2508 ab
2773 2459 3017 2524 episcopo
3046 2462 3411 2510 consecratum
3440 2463 3537 2510 est.

2090 2544 2195 2615 (Ea.
2236 2544 2380 2598 decr.
2425 2543 2723 2597 Hormisdx
2767 2559 2925 2612 pap.,
2955 2559 3074 2612 cap.
3113 2544 3217 2612 10.)
3247 2546 3318 2598 Ut
3356 2545 3552 2598 nullus
3597 2561 3735 2614 pre-

2019 2632 2210 2702 sbyter
2259 2633 2319 2685 in
2387 2632 2633 2686 Ecclesia
2683 2637 3010 2685 consecrata
3063 2631 3219 2686 aliud
3271 2633 3448 2686 altare
3508 2634 3727 2703 erigat,

2017 2721 2128 2774 nisi
2160 2721 2314 2792 quod
2344 2720 2414 2774 ab
2465 2721 2735 2790 episcopo
2784 2720 2891 2773 loci
2923 2721 3010 2773 vel
3055 2721 3178 2790 ejus
3217 2721 3503 2790 permissu
3546 2737 3730 2775 sanc-

2016 2815 2294 2868 titicatum
2325 2818 2411 2868 est
2445 2831 2458 2867 :
2501 2818 2564 2867 ut
2593 2813 2665 2867 sit
2695 2812 2962 2866 discretio
3002 2812 3155 2866 inter
3185 2818 3464 2867 sacratum
3501 2819 3558 2866 et
3602 2831 3728 2868 non

2017 2907 2323 2968 sacratum,
2359 2918 2464 2955 nec
2510 2900 2929 2956 dedicationem
2963 2900 3162 2970 ﬁngat,
3194 2901 3303 2954 nisi
3341 2902 3434 2956 sit.
3470 2901 3638 2965 Quod
3672 2902 3729 2955 si

2015 2993 2234 3058 fecerit,
2269 2992 2319 3044 si
2352 2989 2592 3045 clericus
2620 2994 2725 3056 est,
2759 2989 3126 3060 degradetur,
3169 2990 3216 3043 si
3244 2989 3440 3057 laicus,
3476 2991 3724 3045 anathe-

2017 3081 2340 3135 matizetur.

2016 3171 2145 3225 CAP.
2188 3169 2377 3223 XVIII.
2420 3197 2488 3207 —
2523 3169 2591 3222 Ut
2622 3169 2963 3291 energumen:
2990 3167 3352 3222 Ecclesiarum
3393 3169 3726 3236 pavimenta

2744 3253 2938 3291 verran
2968 3279 2980 3291 .

2744 3253 2980 3292 verram.

2085 3328 2202 3400 (Ea:
2239 3328 2431 3384 concil.
2479 3327 2764 3394 Carthag.,
2811 3342 2930 3395 cap.
2968 3326 3077 3394 91.)
3124 3325 3453 3380 Pavimenta
3501 3326 3726 3381 domo-

2015 3434 2144 3473 rum
2176 3417 2276 3470 Dei
2295 3415 2676 3486 energumeni
2713 3419 2963 3468 verrant.

2157 3503 2286 3555 CAP.
2318 3500 2445 3555 XIX.
2481 3528 2546 3541 --
2576 3502 2649 3554 De
2672 3499 3015 3554 monasteriis
3035 3499 3193 3552 semel
3223 3499 3564 3554 consecratis.

2087 3589 2192 3656 (Ea;
2229 3589 2415 3643 concil.
2449 3588 2723 3656 Chalced.,
2758 3603 2876 3657 cap.
2923 3586 3038 3656 24.)
3073 3587 3210 3650 Quae
3241 3589 3417 3641 semel
3449 3587 3726 3641 dedicata

2015 3681 2148 3730 sunt
2179 3681 2314 3730 sunt
2343 3676 2690 3730 monasteria
2721 3675 2960 3729 consilio
2996 3675 3397 3746 episcoporum
3451 3677 3548 3747 qui
3581 3676 3726 3730 civi-

2015 3770 2158 3819 tates
2215 3767 2432 3830 tenent,
2489 3780 2722 3818 manere
2782 3768 3061 3834 perpetuo
3104 3763 3470 3828 monasteria,
3516 3770 3575 3817 et
3621 3780 3726 3818 res

2015 3869 2146 3925 quas
2201 3852 2270 3906 ad
2317 3868 2384 3906 ea
2425 3851 2718 3921 pertinent
2745 3850 3106 3905 monasteriis
3155 3850 3437 3904 reservari
3478 3851 3715 3916 debere,

2015 3958 2120 3996 nec
2166 3957 2336 4011 posse
2384 3957 2449 3994 ea
2497 3940 2646 3994 ultra
2694 3939 2819 3995 ﬁeri
2867 3939 3162 3992 saecularia
3207 3938 3547 3993 habitacula.
3602 3939 3722 4003 Qui

2013 4047 2148 4084 vero
2179 4030 2288 4084 hoc
2317 4028 2443 4083 ﬁeri
2485 4028 2871 4099 permiserint,
2907 4043 3194 4082 canonum
3221 4027 3523 4081 sententiis
3570 4028 3722 4082 sub-

2009 4119 2302 4191 jacebunt.

1934 4211 1978 4265 D
2017 4209 2144 4264 CAP.
2195 4207 2299 4262 XX.
2345 4235 2414 4248 —-
2463 4208 2538 4261 De
2573 4205 2685 4259 illis
2728 4206 2824 4274 qui
2854 4203 3028 4258 dotem
3066 4204 3324 4259 Ecclesiae
3359 4205 3466 4260 sibi
3511 4206 3715 4260 vendi-

2551 4291 2674 4330 care
2701 4277 3161 4344 praesumpserint.

2082 4366 2199 4433 (Ea:
2229 4365 2414 4419 concil.
2451 4364 2714 4430 Toletan.,
2745 4378 2864 4431 cap.
2912 4363 3022 4434 t9.)
3067 4362 3244 4431 Multi,
3279 4367 3480 4417 contra
3530 4378 3716 4418 cano-

2008 4469 2151 4507 num
2221 4453 2550 4510 constituta,
2612 4450 2691 4504 sic
2745 4450 3019 4504 Ecclesias
3075 4467 3218 4522 quas
3295 4449 3717 4507 tediﬁcaverint

2007 4541 2302 4612 postulant
2330 4540 2666 4606 consecrari,
2703 4545 2765 4593 ut
2793 4540 3008 4606 dotem,
3055 4555 3225 4609 quam
3262 4540 3527 4594 Ecclesias
3562 4556 3713 4594 con-

2007 4629 2264 4695 tulerint,
2298 4631 2568 4682 censeant
2592 4628 2662 4681 ad
2691 4626 2942 4698 episcopi
2969 4626 3396 4681 ordinationem
3427 4643 3542 4681 non
3573 4645 3716 4698 per—

2007 4717 2214 4772 tinere.
2272 4716 2434 4780 Quod
2477 4715 2692 4769 factum
2739 4719 2793 4768 et
2822 4715 2881 4768 in
2928 4711 3289 4785 prmtéritum
3331 4715 3615 4786 displicet,
3652 4720 3716 4770 et

2008 4806 2069 4860 in
2098 4806 2288 4860 futuro
2327 4803 2694 4875 prohibetur;
2748 4803 2845 4857 sed
2879 4803 3094 4872 omnia,
3125 4803 3443 4858 secundum
3476 4819 3715 4858 consue-

2009 4895 2273 4949 tudinem
2303 4892 2623 4963 antiquam,
2656 4891 2726 4946 ad
2756 4891 3009 4963 episcopi
3048 4891 3472 4946 ordinationem
3502 4898 3558 4947 et
3595 4909 3713 4964 po-

2007 4986 2272 5037 testatem
2304 4980 2653 5052 pertineant.

2008 5070 2137 5125 CAP.
2170 5071 2300 5125 XXI.
2334 5099 2404 5109 ——-
2436 5069 2516 5123 De
2542 5069 2795 5124 Ecclesiis
2823 5067 3132 5136 destructis,
3172 5067 3434 5136 quomodo
3479 5072 3709 5124 restau-

2650 5142 2771 5193 rari
2808 5139 3051 5193 debeant.

2081 5227 2189 5299 (Ea:
2237 5227 2381 5282 decr.
2441 5228 2602 5293 Ygini
2655 5241 2834 5296 papa,
2885 5241 3002 5295 cap.
3052 5227 3123 5291 5.)
3182 5227 3250 5280 Ut
3301 5226 3565 5281 Ecclesias
3612 5227 3711 5282 de-

2008 5321 2260 5383 structaa,
2313 5315 2408 5371 ubi
2457 5320 2557 5370 aut
2584 5315 2776 5386 plures
2806 5319 2941 5368 sunt
2978 5329 3154 5384 quam
3196 5330 3426 5369 necesse
3459 5315 3552 5381 sit,
3609 5320 3712 5370 aut

2006 5405 2242 5474 majoris
2291 5402 2725 5474 magnitudinis,
2782 5415 2956 5474 quam
3004 5405 3071 5455 ut
3127 5417 3196 5456 ex
3251 5402 3421 5456 rebus
3473 5403 3547 5456 ad
3609 5418 3711 5456 eas

2006 5491 2433 5563 pertinentibus
2504 5490 2815 5548 restaurari
2872 5489 3118 5562 possint,
3195 5489 3450 5562 episcopi
3514 5491 3711 5560 provi-
