3976 6194
242 266 309 315 77
1174 262 1655 321 DECRETORUM
1698 264 1879 321 LIBRI
1920 266 2025 321 XX.
2070 296 2139 305 —
2179 267 2387 322 LIBER
2426 267 2747 323 TERTIUS.

3608 281 3710 332 678

204 385 403 439 dentia
463 385 666 438 modus
723 383 1050 438 inveniatur
1107 385 1354 455 qualiter
1405 386 1717 442 consistere
1772 391 1980 457 pos-A
2020 388 2173 443 cium
2222 390 2676 445 Ecclesiasticum
2726 392 2959 460 habent,
3006 395 3075 448 ad
3128 400 3273 451 tecta
3323 399 3578 454 Ecclesia
3624 418 3721 455 re-

202 473 342 527 sint.

205 564 339 617 CAP.
382 562 541 617 XXII.
590 592 657 600 -ο
710 561 863 627 Quod
911 563 969 615 in
1013 579 1124 616 una
1167 567 1545 619 terminatione
1589 567 1773 635 plures
1826 566 1915 619 ba-

505 636 788 702 ptismales
820 635 1066 687 Ecclesia
1095 650 1205 688 esse
1238 652 1343 689 non
1370 640 1601 705 possint.

281 722 389 791 (Ea:
413 722 600 775 concil.
633 722 782 790 apud
811 723 1178 790 Aquisgran.,
1214 740 1334 793 cap.
1370 728 1399 777 5
1430 725 1453 795 )
1483 727 1679 778 Plures
1704 724 1915 794 baptis-

205 810 391 864 males
430 811 691 864 Ecclesia
734 810 794 863 in
844 827 958 863 una
996 813 1405 867 terminatione
1455 830 1575 868 esse
1627 831 1737 868 non
1780 830 1914 883 pos-

207 904 365 961 sunt,
418 900 514 953 sed
567 916 679 953 una
727 901 1130 954 tantummodo
1175 918 1305 956 cum
1365 903 1610 957 subditis
1653 902 1906 972 capellis.

209 988 281 1040 Et
310 986 357 1039 si
405 986 695 1040 contentio
741 986 916 1040 fuerit
941 988 1013 1041 de
1061 989 1476 1043 terminatione
1509 990 1754 1044 duarum
1793 1006 1915 1043 ma-

212 1075 450 1141 tricum,
508 1075 706 1143 plebes
757 1080 1135 1146 utrarumque
1193 1078 1539 1147 discernant,
1592 1082 1648 1131 et
1701 1078 1747 1131 si
1800 1094 1916 1131 non

212 1165 585 1233 conveniunt,
622 1164 691 1217 lis
724 1165 823 1218 Dei
847 1164 1058 1234 judicio
1084 1166 1459 1221 discernatur.

213 1254 344 1308 CAP.
398 1254 588 1308 XXIII.
630 1284 697 1291 —
753 1256 819 1306 Ut
882 1255 1162 1320 regularia
1227 1256 1557 1309 monasteria
1607 1271 1701 1309 nec
1756 1254 1919 1309 vendi

710 1340 803 1378 nec
837 1328 1159 1379 commutari
1187 1329 1416 1394 possint.

288 1414 401 1480 (Ea:
451 1412 601 1467 decr.
652 1412 878 1466 Silverii
921 1429 1122 1481 papa,
1175 1429 1293 1481 cap.
1334 1413 1405 1481 t.)
1441 1413 1667 1467 Nemini
1714 1429 1915 1482 regum

218 1506 320 1554 aut
350 1500 621 1569 cuiquam
665 1500 963 1553 hominum
997 1501 1056 1553 in
1096 1503 1393 1571 proprium
1424 1502 1589 1556 liceat
1636 1508 1919 1555 monaste-

213 1589 367 1642 rium
398 1589 646 1653 tradere,
693 1589 801 1642 nisi
834 1590 899 1643 ad
949 1589 1104 1643 aliud
1139 1590 1551 1643 monasterium
1597 1607 1609 1644 :
1647 1592 1733 1644 vel
1763 1606 1916 1643 com-

215 1682 463 1741 mutare,
512 1677 622 1730 nisi
673 1694 803 1731 cum
834 1678 947 1731 alio
1001 1679 1392 1732 monasterio:
1434 1680 1523 1732 vel
1572 1694 1917 1748 quocunque
1951 1671 1990 1723 Β

215 1770 546 1820 commento
600 1767 869 1820 vendere.
908 1768 1026 1821 Hoc
1060 1767 1231 1820 etiam
1282 1766 1477 1820 divina
1520 1771 1577 1820 et
1609 1767 1921 1837 apostolica

219 1862 393 1926 atque
424 1856 699 1908 canonica
747 1856 851 1909 sub
883 1856 1260 1909 anathematis
1292 1872 1459 1926 pana
1509 1857 1694 1908 sanxit
1732 1861 1921 1908 aucto-

218 1946 378 1998 ritas.
426 1944 585 2007 Quod
621 1944 667 1997 si
701 1944 909 1998 factum
943 1944 1133 2011 fuerit,
1168 1961 1282 1997 non
1326 1944 1556 2007 valebit,
1589 1944 1687 1997 sed
1730 1944 1920 2013 ipsum

217 2033 635 2086 monasterium
671 2032 733 2086 in
760 2033 1068 2102 pristinum
1102 2034 1447 2086 reformetur
1474 2036 1703 2085 statum.

222 2122 351 2176 CAP.
409 2123 585 2176 XXIV.
640 2150 713 2161 —
768 2124 833 2175 Ut
872 2137 978 2174 non
1037 2122 1193 2175 liceat
1244 2123 1414 2175 alicui
1458 2123 1620 2174 unius
1670 2121 1922 2174 Ecclesia

474 2198 688 2251 terram.
723 2195 833 2246 nisi
860 2193 1117 2258 cambiat,
1152 2200 1355 2245 vertere
1383 2192 1456 2245 ad
1481 2192 1670 2244 aliam.

295 2284 408 2348 (Ea:
454 2282 639 2335 concil.
690 2281 969 2349 Lugdun.,
1021 2297 1141 2350 cap.
1192 2281 1263 2343 5.)
1312 2281 1437 2333 Non
1490 2279 1620 2333 licet
1658 2278 1921 2349 episcOpo

222 2387 329 2425 nec
360 2371 552 2424 abbati
591 2373 804 2423 terram
836 2369 1096 2423 Ecclesia
1126 2374 1344 2423 vertere
1386 2368 1456 2421 ad
1492 2368 1684 2433 aliam,
1718 2382 1921 2437 quam-

218 2460 304 2513 vis
350 2461 537 2513 amba
582 2460 699 2533 sint
740 2460 801 2513 in
844 2460 967 2528 ejus
997 2463 1297 2528 potestate.
1332 2459 1547 2511 Tamen
1580 2456 1626 2508 si
1663 2471 1919 2509 commu-

220 2554 344 2605 tare
392 2549 681 2603 voluerint
726 2555 908 2603 terras
956 2564 1175 2613 earum,
1227 2562 1358 2599 cum
1402 2560 1685 2598 consensu
1717 2544 1922 2596 ambo-

221 2655 352 2693 rum
382 2639 611 2693 faciant.

222 2728 352 2782 CAP.
393 2730 551 2785 XXV.
584 2759 652 2767 —
684 2729 750 2782 Ut
781 2725 1011 2787 altaria,
1053 2724 1165 2775 nisi
1192 2724 1303 2775 sint
1351 2720 1592 2789 lapidea,
1630 2720 1923 2772 chrismate

810 2811 915 2848 non
944 2798 1334 2847 consecrentur.

297 2883 409 2949 (Ea:
466 2879 652 2933 concil.
713 2881 1038 2947 Epaonensi,
1095 2895 1215 2948 cap.
1289 2878 1393 2947 lO.)
1451 2876 1669 2930 Altaria
1716 2875 1762 2928 si
1806 2890 1923 2929 non

225 2976 364 3024 sunt
408 2969 651 3039 lapidea,
687 2966 1005 3022 chrismatis
1036 2968 1293 3036 unguine
1338 2982 1453 3019 non
1496 2967 1918 3021 consecrentur.
1955 2944 1995 2998 C

225 3060 313 3115 Ad
357 3058 697 3112 celebranda
745 3063 937 3111 autem
981 3056 1173 3109 divina
1220 3052 1409 3109 cilicia
1447 3053 1710 3107 ordinem
1753 3066 1926 3122 quem

229 3147 661 3218 metropolitani
704 3150 924 3213 tenent,
957 3143 1464 3214 comprovinciales
1494 3156 1692 3195 eorum
1726 3144 1784 3193 et
1825 3139 1926 3193 ob-

231 3253 460 3291 servare
496 3235 797 3291 debebunt.

156 3360 163 3365 —
231 3328 365 3382 CAP.
408 3326 590 3382 XXVI.
623 3354 692 3363 ——
767 3326 831 3378 Ut
869 3322 1252 3377 monasterium
1305 3319 1378 3373 ad
1438 3317 1832 3373 meliorandum
1869 3319 1929 3370 in

690 3396 860 3449 alium
889 3396 1045 3445 liceat
1066 3406 1261 3461 ponere
1292 3391 1478 3443 locum.

304 3488 415 3555 (Ea:
440 3486 581 3539 decr.
615 3485 890 3549 Bonifacii
914 3496 1089 3551 papa,
1122 3495 1241 3548 cap.
1286 3480 1363 3547 6.)
1394 3479 1451 3532 Si
1484 3478 1613 3547 quis
1644 3477 1765 3529 vult
1806 3490 1927 3528 mo-

236 3575 553 3628 nasterium
602 3588 771 3626 suum
819 3571 887 3625 ad
940 3568 1363 3623 meliorandum
1416 3566 1477 3618 in
1515 3565 1690 3617 alium
1740 3565 1928 3616 locum

230 3679 470 3733 ponere,
517 3662 616 3716 tiat
654 3677 784 3715 cum
833 3658 1073 3713 consilio
1121 3655 1374 3727 episcopi
1419 3658 1473 3707 et
1514 3653 1757 3706 fratrum
1795 3667 1925 3703 suo-

231 3768 385 3819 rum,
427 3756 484 3805 et
511 3750 758 3804 dimittat
786 3748 1185 3819 presbyterum
1230 3744 1289 3797 in
1321 3741 1500 3813 priori
1533 3742 1680 3806 loco,
1719 3738 1788 3793 ad
1819 3737 1927 3791 mi-

228 3839 469 3893 nisteria
504 3838 784 3892 Ecclesia.

230 3930 363 3983 CAP.
408 3928 614 3983 XXVII.
674 3957 741 3965 —
802 3927 869 3979 Ut
914 3922 1245 4047 sziedlllissa
1292 3919 1533 3973 Ecclesia
1588 3930 1695 3969 non
1742 3914 1930 3968 debeat

989 4010 1015 4046 e
1057 4008 1214 4046 ccam.

989 4008 1214 4046 eaicari.

301 4088 410 4155 (Ea:
442 4085 586 4139 decr.
638 4085 877 4138 Evarist.
923 4096 1105 4151 papa,
1152 4095 1272 4147 cap.
1318 4076 1395 4145 4.)
1427 4076 1639 4130 Omnes
1678 4072 1928 4128 basilica

230 4191 361 4229 cum
396 4174 560 4228 Missa
588 4188 816 4242 semper
845 4168 1055 4225 debent
1079 4165 1418 4221 consecrari.

230 4264 360 4318 CAP.
395 4262 623 4318 XXVIII.
656 4291 725 4299 —
772 4263 839 4314 Ut
883 4256 1463 4328 episcopusrneminem
1490 4251 1778 4328 prohibeat
1822 4252 1925 4304 Ec-

487 4334 705 4387 clesium
735 4325 970 4396 ingredi,
1003 4325 1274 4383 et’audire
1301 4325 1528 4379 verbum
1554 4325 1665 4377 Dei.

302 4425 413 4493 (Ea
462 4422 649 4476 concil.
702 4419 852 4490 apud
910 4418 1187 4473 Valentias
1246 4414 1449 4479 habito,
1512 4428 1631 4481 cap.
1692 4410 1802 4479 16.)
1858 4410 1929 4462 Ut

226 4512 532 4582 episcopus
589 4509 816 4562 nullum
868 4506 1171 4576 prohibeat
1225 4501 1451 4571 ingredi
1510 4498 1820 4554 Ecclesiam
1873 4501 1931 4549 et

224 4600 429 4654 audire
472 4597 713 4651 verbum
761 4596 880 4660 Dei,
926 4595 1042 4648 sive
1085 4590 1380 4664 gentileni,
1414 4590 1531 4643 sive
1565 4587 1925 4652 hareticum,

224 4686 344 4741 sive
375 4686 660 4751 Judaum,
693 4700 874 4755 usque
904 4684 977 4737 ad
1007 4683 1228 4737 Missam
1256 4680 1818 4734 catecliumeuorum.

226 4776 361 4829 CAP.
400 4775 578 4830 XXIX.
630 4804 698 4812 —
748 4776 816 4828 Ut
867 4774 1099 4843 populus
1142 4773 1238 4841 qui
1281 4767 1629 4843 convenitad
1678 4767 1925 4830 Missam,

589 4840 882 4912 antequam
912 4840 1277 4912 ﬁniatur’non
1307 4840 1571 4893 discedat.

301 4936 420 4999 (Ea:
449 4935 637 4988 concil.
673 4934 1003 4997 Arelatensi,
1048 4946 1167 5000 cap.
1207 4928 1281 4997 l.)
1318 4930 1479 4992 Item,
1514 4942 1643 4980 cum
1678 4924 1749 4978 ad
1780 4924 1925 4978 cele-

230 5024 511 5076 brandam
558 5022 780 5076 Missam
819 5022 878 5074 in
913 5020 1010 5074 Dei
1056 5018 1292 5073 nomine
1341 5015 1607 5071 convenit
1654 5014 1924 5084 populus,

227 5127 348 5165 non
396 5115 529 5164 ante
563 5111 815 5165 discedat
859 5126 1032 5180 quam
1068 5109 1246 5163 Missa
1282 5104 1609 5160 solemnitas
1646 5102 1930 5171 complea-

227 5206 345 5267 tur,
385 5204 463 5265 et,
495 5200 595 5253 ubi
637 5199 940 5269 episcopus
986 5196 1253 5263 defuerit,
1286 5193 1746 5250 benedictionem
1776 5189 1929 5244 acci-

226 5289 349 5357 piat
376 5288 706 5342 sacerdotis.

226 5378 358 5432 CAP.
393 5378 549 5433 XXX.
585 5407 654 5416 ——
702 5379 776 5430 De
812 5376 923 5430 illis
972 5372 1495 5458 qui.Ecclesiastica
1528 5369 1725 5423 habent
1772 5367 1929 5421 bene-

305 5521 410 5587 (Ea:
450 5518 638 5573 concil.
685 5519 953 5585 Mogunt.,
1178 5513 1292 5585 42.)
1325 5512 1661 5582 Quicunque
1701 5506 1927 5565 beneﬁ-

2024 477 2335 531 stauranda
2382 480 2468 532 vel
2518 480 2668 549 ipsas
2720 482 2992 537 Ecclesias
3047 485 3434 540 emendandas
3485 490 3721 543 omnino

2026 564 2314 633 adjuvent,
2349 571 2405 620 et
2435 582 2646 621 nonam
2677 572 2732 621 et
2756 570 3037 624 decimam
3069 573 3329 627 reddant.

2027 673 2156 727 CAP.
2216 674 2393 727 XXXI.
2453 705 2521 712 —
2565 678 2639 728 De
2689 678 2943 801 Ecclestiis
3004 679 3154 747 apud
3211 681 3471 735 barbaros
3525 685 3721 736 consti-

2822 764 2948 801 uis.

2822 764 2948 802 uns.

2096 833 2215 896 (Ea'
2243 833 2429 887 concil.
2465 834 2789 901 Constanti.,
2820 852 2941 905 cap.
2978 838 3055 905 6.)
3091 839 3365 893 Ecclesias
3397 845 3590 893 autem
3625 840 3725 895 Dei

2024 919 2084 972 in
2116 920 2371 973 barbaris
2400 922 2669 991 gentibus
2714 926 3052 979 constitutas
3102 927 3413 996 gubernari
3444 934 3501 983 et
3544 929 3726 983 admi-

2024 1008 2257 1062 nistrari
2306 1015 2532 1079 oportet
2578 1013 2893 1067 secundum
2937 1016 3411 1071 consuetudinem
3462 1034 3590 1089 qua
3637 1022 3725 1072 est

2026 1112 2058 1150 a
2086 1097 2344 1167 patribus
2375 1098 2694 1153 observata.

2248 1206 2376 1258 CAP.
2409 1206 2613 1261 XXXII.
2645 1237 2712 1245 —
2747 1207 2827 1260 De
2855 1209 3108 1263 Ecclesiis
3140 1210 3492 1266 Arianorum.

2098 1292 2210 1361 (Ea:
2236 1292 2378 1347 decr.
2429 1296 2585 1348 Joan.
2626 1298 2645 1348 t
2688 1312 2868 1365 papae.
2915 1300 3177 1366 episcopis
3222 1314 3322 1367 per
3368 1301 3588 1353 Italiam
3633 1300 3723 1354 di—

2025 1380 2231 1450 rectis.)
2278 1381 2550 1435 Ecclesias
2600 1399 2735 1436 vero
2794 1384 3138 1438 Arianorum
3190 1387 3517 1458 ubicunque
3562 1388 3721 1441 inve-

2031 1468 2247 1530 neritis,
2307 1470 2615 1523 catholicas
2661 1487 2756 1524 eas
2800 1472 3005 1525 divinis
3052 1474 3315 1541 precibus
3361 1480 3417 1528 et
3457 1476 3723 1545 operibus

2030 1556 2243 1627 absque
2291 1558 2408 1610 ulla
2454 1574 2608 1611 mora
2643 1564 3011 1613 consecrate:
3048 1562 3183 1630 quia
3227 1566 3282 1615 et
3325 1579 3447 1629 nos,
3496 1565 3722 1633 quando

2029 1644 2242 1698 fuimus
2288 1645 2810 1717 Constantinopoli,
2842 1652 2957 1701 tam
2990 1665 3094 1717 pro
3138 1650 3415 1719 religione
3447 1652 3726 1705 catholica

2030 1750 2203 1804 quam
2236 1738 2292 1787 et
2320 1751 2423 1804 pro
2453 1735 2605 1805 regis
2634 1736 2969 1790 Theodorici
2996 1753 3163 1790 causa
3199 1739 3415 1807 negotii
3448 1740 3723 1793 suadente

2030 1827 2202 1892 atque
2266 1823 2553 1891 hortante,
2630 1825 2987 1895 Arianosque
3053 1827 3403 1895 exstirpante
3464 1827 3723 1896 piissimo

2030 1916 2202 1981 atque
2253 1911 2733 1966 Christianissimo
2779 1915 3002 1967 Iustino
3051 1915 3366 1968 orthodoxo
3418 1915 3723 1985 imperato-

2030 2016 2111 2065 re,
2171 2015 2543 2070 quascunque
2598 2001 2708 2053 illis
2762 2001 2822 2054 in
2872 2002 3131 2071 partibus
3189 2019 3391 2057 eorum
3448 2004 3724 2058 Ecclesias

2030 2088 2281 2157 reperire
2330 2088 2645 2157 potuimus,
2697 2090 3001 2143 catholicas
3048 2107 3142 2143 eas
3173 2091 3415 2145 Domino
3449 2109 3617 2163 opem
3648 2093 3725 2147 fe-

2031 2181 2190 2229 rente
2218 2178 2694 2230 consecravimus.

2030 2283 2160 2336 CAP.
2209 2283 2440 2337 XXXIII.
2496 2314 2564 2320 —
2627 2284 2707 2335 De
2754 2283 3068 2338 diacesanis
3127 2286 3375 2339 Ecclesiis
3425 2286 3720 2339 destitutis.

2101 2371 2209 2441 (Em
2256 2372 2441 2425 concil.
2506 2373 2905 2437 Terraconensi,
2961 2388 3081 2441 cap.
3141 2374 3220 2441 9.)
3268 2374 3579 2427 Multorum
3640 2391 3727 2428 ca-

2030 2476 2196 2513 suum
2229 2460 2579 2530 experientia
2614 2461 3005 2529 magistraute,
3054 2461 3375 2531 reperimus
3420 2463 3725 2516 nonnullas

2032 2547 2375 2602 diacesanas
2414 2548 2687 2601 Ecclesias
2727 2548 3047 2603 destitutas.
3091 2552 3198 2603 Pro
3248 2566 3361 2620 qua
3395 2567 3453 2603 re
3484 2550 3538 2604 id
3588 2568 3723 2604 con-

2032 2634 2330 2688 stitutione
2364 2634 2717 2687 decrevimus
2746 2639 2810 2687 ut
2834 2636 3085 2706 antiqua
3120 2638 3547 2691 consuetudinis
3588 2638 3726 2691 ordo

2033 2728 2307 2789 servetur,
2354 2728 2409 2776 et
2452 2723 2615 2776 annis
2644 2723 2885 2793 singulis
2929 2725 2999 2778 ab
3033 2726 3302 2795 episcopo
3336 2726 3607 2780 diaceses
3642 2727 3728 2779 vi-

2035 2810 2297 2875 sitentur,
2371 2816 2447 2875 et,
2509 2810 2554 2863 si
2609 2828 2722 2881 qua
2778 2810 2924 2865 forte
2980 2812 3212 2866 basilica
3270 2819 3496 2884 reperta
3552 2814 3729 2867 fuerit

2034 2898 2325 2963 destituta,
2386 2899 2747 2953 ordinatione
2795 2900 2974 2971 ipsius
3022 2907 3319 2971 reparetur
3351 2919 3363 2954 :
3394 2903 3528 2972 quia
3561 2902 3728 2956 tertia

2035 3004 2167 3057 pars
2216 3003 2280 3040 ex
2329 2988 2595 3042 omnibus
2644 3004 2748 3057 per
2788 2989 3084 3060 antiquam
3132 2990 3500 3044 traditionem
3532 2996 3595 3044 ut
3637 3007 3727 3044 ac-

2037 3075 2286 3145 cipiatur
2337 3075 2408 3129 ab
2462 3074 2769 3146 episcopis,
2807 3092 2874 3130 ex
2920 3076 3276 3147 principibus
3323 3077 3583 3131 novimus
3613 3081 3728 3131 sta-

2036 3168 2245 3220 tutum.

2037 3272 2168 3325 CAP.
2225 3271 2467 3324 XXXIV.
2522 3301 2590 3309 ——
2644 3272 2887 3338 Qualiter
2942 3272 3257 3326 destitutam
3305 3272 3606 3327 Ecclesium
3657 3273 3731 3327 al-

2171 3345 2274 3396 teri
2300 3343 2548 3395 Ecclcsia
2574 3348 2711 3396 recte
2741 3358 3060 3411 conjungere
3092 3345 3269 3397 valeat
3298 3347 3597 3413 episcopus.

2108 3431 2218 3497 (Em
2265 3433 2451 3497 regist.
2499 3434 2654 3496 Grcg.
2704 3430 2778 3483 ad
2817 3430 3137 3484 Bacaudam
3170 3434 3534 3486 Formiensem
3565 3434 3726 3501 episc.

2036 3518 2184 3587 mis.)
2236 3519 2299 3571 Et
2325 3518 2655 3587 temporalis
2701 3519 3002 3571 necessitas
3050 3535 3156 3572 nos
3204 3526 3493 3588 perurget,
3546 3528 3601 3575 et
3632 3520 3734 3573 im-

2039 3606 2281 3660 minutio
2330 3606 2505 3674 exigit
2558 3622 2952 3676 personarum,
3013 3612 3074 3660 ut
3131 3608 3418 3662 destitutis
3471 3609 3733 3663 Ecclesiis

2039 3695 2253 3749 salubri
2306 3710 2371 3747 ac
2426 3693 2665 3764 provida
2721 3694 3028 3747 debeamus
3086 3694 3457 3765 dispositione
3505 3712 3732 3749 succur-

2039 3798 2185 3836 rere.
2242 3782 2307 3835 Et
2362 3781 2512 3843 ideo,
2578 3780 2854 3852 quoniam
2912 3782 3217 3835 Ecclesiam
3284 3782 3731 3837 Minturnensem

2038 3870 2295 3925 funditus
2326 3876 2442 3923 tam
2492 3869 2625 3922 cleri
2659 3885 2833 3940 quam
2888 3869 3071 3939 plebis
3131 3870 3458 3923 destitutam
3509 3872 3734 3925 desola-

2038 3959 2193 4013 tione
2226 3958 2618 4028 cognovimus,
2666 3962 2939 4028 tuamque
2985 3975 3090 4028 pro
3122 3974 3187 4011 ea
3224 3959 3562 4029 petitionem
3594 3976 3733 4030 qua-

2038 4053 2207 4101 tenus
2240 4046 2559 4101 Formiana
2580 4045 2853 4112 Ecclesia,
2882 4045 2942 4098 in
2974 4061 3086 4116 qua
3108 4062 3316 4116 corpus
3336 4047 3487 4100 beati
3518 4046 3735 4100 Erasmi

2038 4137 2305 4207 martyris
2348 4135 2671 4206 requiescit,
2722 4134 2931 4205 cuique
2962 4135 3283 4189 fraternitas
3313 4140 3412 4190 tua
3442 4136 3732 4206 prasidet,

2039 4226 2276 4296 adjungi
2320 4225 2539 4289 debeat,
2575 4229 2632 4279 et
2678 4224 2833 4294 piam
2865 4240 2985 4278 esse
3018 4240 3081 4278 ac
3106 4224 3483 4293 justissimam
3534 4224 3736 4295 pravi-

2039 4315 2257 4380 dentes,
2296 4313 2681 4367 necessarium
2730 4312 3018 4381 duximus,
3072 4314 3437 4367 consulentes
3468 4318 3585 4367 tam
3636 4314 3734 4367 de-

2039 4401 2307 4457 solationi
2340 4401 2450 4455 loci
2494 4401 2647 4454 illius
2693 4417 2866 4472 quam
2918 4406 3030 4455 tua
3076 4402 3335 4456 Ecclesia
3387 4401 3733 4473 paupertati,

2037 4490 2256 4545 reditus
2304 4490 2646 4559 supradicta
2678 4489 2940 4543 Ecclesia
2974 4490 3399 4558 Minturnensis,
3436 4492 3523 4545 vel
3575 4490 3739 4562 quid-

2040 4580 2174 4651 quid
2206 4579 2257 4632 ei
2301 4579 2537 4650 antiquo
2565 4579 2959 4648 modernoque
2987 4580 3137 4649 jure,
3188 4580 3277 4632 vel
3308 4580 3612 4651 privilegio
3642 4596 3740 4649 po-

2037 4669 2149 4722 tuit
2195 4672 2453 4738 potestve
2510 4667 2767 4738 qualibet
2820 4666 3045 4720 ratione
3100 4673 3446 4737 competere,
3499 4668 3572 4721 ad
3621 4672 3737 4721 tua

2040 4756 2300 4811 Ecclesia
2324 4756 2418 4825 jus
2447 4760 2905 4825 potestatemque
2938 4755 3042 4807 hac
3085 4755 3361 4824 pracepti
3391 4755 3571 4808 nostri
3602 4770 3735 4807 auc-

2037 4846 2270 4899 toritate
2328 4842 2712 4907 concedimus,
2763 4846 2889 4895 uta
2919 4841 3187 4912 prasenti
3235 4845 3518 4911 tempore,
3571 4840 3737 4893 sicuti

2038 4952 2068 4987 e
2116 4933 2351 5004 propria
2405 4929 2921 5002 quippeEcclesia
2978 4930 3185 4984 debeas
3244 4930 3517 4999 cogitare,
3568 4928 3737 4999 eique

2038 5021 2437 5093 competentia
2505 5024 2619 5074 tua
2685 5018 3008 5090 provisione
3064 5020 3390 5088 disponere,
3453 5020 3737 5088 quatenus

2038 5111 2323 5180 deinceps,
2358 5108 2514 5180 quod
2539 5108 2726 5178 perire
2770 5123 2923 5161 nunc
2951 5123 3131 5177 usque
3170 5106 3379 5178 potuit,
3412 5120 3733 5176 pauperum

2041 5200 2300 5254 Ecclesia
2331 5204 2445 5253 tua
2473 5196 2833 5264 utilitatibus,
2868 5196 3117 5266 clerique
3147 5194 3428 5265 proﬁciat.

2040 5327 2167 5382 CAP.
2200 5324 2417 5378 XXXV.
2453 5353 2521 5361 —
2567 5323 2636 5376 Ut
2673 5323 2905 5445 picata?
2948 5322 3007 5445 ip
3054 5320 3304 5373 Ecclesia
3345 5320 3467 5387 ﬁeri
3506 5333 3614 5372 non
3644 5318 3731 5372 de.

2868 5406 2968 5445 ean
2999 5430 3011 5443 .

2868 5406 2993 5445 eam
2999 5430 3011 5443 .

2111 5504 2219 5574 (Ea:
2247 5516 2390 5558 conc.
2450 5499 2780 5567 Elibertan.,
2826 5512 2949 5569 cap.
3003 5496 3082 5569 2.)
3114 5493 3335 5551 Placuit
3379 5493 3631 5567 picturas
3679 5492 3741 5547 in
