4028 6190
325 289 427 341 679

1401 286 1809 343 BURCHARDI
1850 287 2385 345 WORMACIENSIS
2425 289 2466 343 E
2479 287 2759 342 PISCOPI.
3697 302 3787 353 680

326 408 571 464 Ecclesia
619 406 743 462 ﬁeri
773 424 891 462 non
935 407 1162 474 debere,
1199 425 1269 462 ne
1301 409 1454 479 quod
1499 409 1706 463 colitur
1736 415 1792 464 et
1822 411 2020 465 adora-
2049 413 2099 468 Α
2139 427 2244 464 nec
2276 410 2570 464 communi
2613 426 2891 464 consensu
2929 414 2986 464 et
3014 411 3249 465 consilio
3283 412 3527 484 episcopi
3566 421 3792 474 statuant

322 503 435 565 tur,
467 498 528 551 in
555 497 874 568 parietibus
904 497 1271 567 depingatur.

656 603 785 657 CAP.
816 602 1058 656 XXXVI.
1091 634 1160 643 ——
1189 605 1320 657 Item
1355 603 1421 656 de
1446 606 1685 672 pictura.

393 710 500 778 (Ea:
563 711 722 778 epist.
786 709 1034 774 Gregorii
1089 709 1392 764 Secundino
1445 725 1596 764 servo
1644 713 1745 765 Dei
1817 713 2022 764 recluso

322 796 573 867 directa.)
635 796 798 850 Aliud
867 801 950 849 est
1002 797 1155 849 enim
1214 796 1498 866 picturam
1549 797 1807 862 adorare,
1865 799 2022 853 aliud

322 901 427 956 per
452 885 685 956 picturas
716 885 1012 938 historiam
1045 883 1186 954 quid
1215 885 1287 936 sit
1316 885 1676 940 adorandum
1706 886 2018 940 addiscere.

327 976 467 1028 Nam
497 973 653 1043 quod
700 971 1024 1042 legentibus
1053 971 1364 1042 Scriptura,
1402 973 1511 1026 hoc
1560 973 1752 1027 idiotis
1788 980 2023 1044 praestat

322 1063 547 1133 pictura
576 1061 941 1115 cernentibus
972 1075 985 1113 :
1023 1060 1157 1130 quia
1197 1061 1256 1113 in
1287 1061 1411 1130 ipsa
1453 1061 1782 1131 ignorantes
1826 1062 2023 1116 vident

325 1150 476 1221 quod
515 1149 678 1220 sequi
727 1148 992 1212 debeant,
1042 1147 1101 1201 in
1132 1147 1256 1218 ipsa
1285 1149 1487 1218 legunt
1533 1149 1634 1220 qui
1669 1150 1885 1204 litteras
1913 1167 2020 1203 ne-

325 1238 530 1291 sciunt.
581 1238 740 1290 llnde
769 1244 826 1289 et
870 1236 1160 1306 praecipue
1206 1237 1472 1305 gentibus
1516 1253 1621 1307 pro
1668 1238 1911 1292 lectione
1940 1239 2024 1309 pi-

323 1331 483 1380 ctura
515 1330 618 1378 est.
654 1325 813 1388 Quod
863 1340 1234 1394 magnopere,
1269 1329 1332 1377 tu
1365 1325 1462 1394 qui
1513 1326 1665 1378 inter
1693 1332 1890 1394 gentes
1919 1327 2020 1380 ha-

322 1414 490 1478 bitas,
527 1415 816 1468 attendere
839 1414 1146 1479 debueras;
1182 1430 1272 1478 ne,
1297 1413 1432 1467 dum
1465 1422 1619 1468 recto
1649 1418 1771 1469 zelo
1795 1415 2021 1470 incaute

324 1501 764 1565 succendereris,
818 1501 1098 1554 ferocibus
1144 1501 1350 1554 animis
1405 1504 1732 1557 scandalum
1783 1520 2020 1573 genera-

321 1606 431 1644 res.
491 1589 695 1656 Frangi
731 1605 864 1659 ergo
917 1605 1028 1642 non
1075 1590 1270 1643 debuit
1304 1591 1459 1660 quod
1507 1607 1622 1644 non
1657 1592 1724 1645 ad
1775 1593 2020 1645 adoran-

2135 500 2215 554 ibi
2243 499 2664 570 presbyterum,
2694 505 2750 552 et
2782 499 2931 553 unde
2963 499 3128 554 vivat.

2561 588 2691 642 CAP.
2725 588 2870 643 XLI.
2902 620 2969 628 —
3005 592 3076 643 De
3112 590 3295 643 eadem
3325 606 3400 644 re.

2210 678 2321 746 (Ea:
2353 677 2496 730 decr.
2548 677 2709 744 Greg.
2763 693 2944 746 papa,
3003 694 3122 746 cap.
3167 681 3241 743 5.)
3276 679 3350 731 De
3398 679 3641 733 Ecclesiis
3680 699 3794 753 qua:

2133 767 2286 820 inter
2347 765 2674 819 cohaeredes
2741 770 2877 818 sunt
2941 765 3130 819 divisae
3196 767 3660 823 considerandum
3722 782 3793 825 est

2133 859 2416 925 quatenus
2463 853 2510 906 si
2557 853 2872 906 secundum
2919 853 3334 923 providentiam
3383 861 3440 909 et
3485 856 3795 913 admonitio-

2131 958 2264 996 nem
2297 940 2553 1011 episcopi
2601 940 2711 1010 ipsi
2757 942 3078 996 cohaaredes
3127 959 3222 996 eas
3272 943 3554 997 voluerint
3597 950 3792 1013 tenere,

2131 1035 2187 1085 et
2219 1031 2500 1085 honorare
2549 1031 2777 1084 faciant.
2818 1031 2918 1084 Sin
2965 1036 3153 1085 autem
3205 1032 3311 1085 hoc
3356 1034 3793 1101 contradixerint,

2129 1118 2191 1172 in
2232 1119 2482 1189 episcopi
2533 1123 2818 1189 potestate
2869 1124 3115 1184 maneat,
3169 1125 3362 1173 utrum
3397 1137 3490 1174 eas
3533 1122 3612 1202 ita
3636 1126 3796 1178 consi-

2130 1213 2278 1262 stere
2304 1207 2616 1278 permittat,
2648 1212 2746 1260 aut
2774 1208 3046 1278 reliquias
3071 1208 3202 1262 inde
3230 1209 3454 1262 auferre
3481 1210 3628 1266 velit.

2239 1294 2368 1349 CAP.
2401 1295 2566 1350 XLII.
2596 1326 2664 1334 —-
2699 1299 2770 1350 De
2797 1297 3049 1350 Ecclesiis
3080 1299 3219 1350 inter
3239 1297 3471 1351 heredes
3502 1298 3703 1353 divisis.

2204 1383 2325 1452 (E1:
2364 1385 2548 1437 concil.
2613 1384 3056 1449 Mediomatricis,
3111 1401 3230 1454 cap.
3284 1383 3357 1456 t.)
3410 1386 3688 1440 Perlatum
3727 1393 3797 1441 est

2132 1469 2202 1524 ad
2235 1478 2488 1524 sanctam
2515 1473 2820 1542 synodum
2867 1473 3019 1544 quod
3069 1473 3218 1527 inter
3257 1475 3516 1528 hazredes
3566 1476 3798 1531 Ecclesiae

2129 1560 2189 1613 in
2247 1559 2417 1613 rebus
2463 1562 2710 1630 propriis
2765 1563 3088 1616 constitutas
3150 1562 3499 1628 dividantur,
3554 1568 3609 1617 et
3662 1570 3797 1619 tanta

323 1679 460 1733 dum
513 1678 571 1732 in
625 1649 903 1743 Ecclesiis,
955 1676 1049 1729 sed
1109 1678 1177 1730 ad
1237 1649 1602 1732 instruendus
1659 1679 2019 1734 solummodo
2051 1696 2092 1749 Β
2129 1664 2234 1749 βέῃ
2263 1649 2525 1749 eamdan
2560 1649 3189 1749 divi5i9ne"‘,_5i‘9“”?5
3213 1651 3480 1749 ,Oria_mr’
3515 1657 3576 1706 ui
3603 1652 3669 1706 de
3703 1669 3800 1749 uim

321 1771 542 1821 mentes
584 1765 692 1818 fuit
723 1765 1099 1818 nescientium
1147 1767 1509 1819 collocatum.
1565 1768 1629 1820 Et
1671 1767 1806 1838 quia
1845 1768 1902 1820 in
1935 1769 2016 1820 lo-

321 1858 400 1909 cis
439 1854 859 1908 venerabilibus
907 1860 1234 1907 sanctorum
1295 1854 1530 1925 depingi
1580 1855 1846 1908 historias
1901 1872 2018 1909 non

321 1943 444 1996 sine
475 1943 696 1996 ratione
744 1947 993 1995 vetustas
1051 1941 1304 2009 admisit,
1339 1942 1386 1994 si
1441 1943 1627 1995 zelum
1673 1943 2017 1996 discretione

319 2031 685 2097 condidisses,
733 2030 855 2083 sine
903 2029 1075 2083 dubio
1107 2035 1162 2082 et
1192 2046 1255 2082 ea
1307 2046 1436 2100 quae
1484 2030 1817 2084 intendebas
1865 2033 2016 2084 salu-

319 2121 499 2174 briter
532 2119 808 2184 obtinere,
843 2123 898 2172 et
923 2119 1220 2172 collectum
1251 2135 1485 2190 gregem
1514 2136 1631 2172 non
1664 2120 2014 2190 dispergere,

321 2210 417 2264 sed
451 2209 642 2279 potius
693 2211 922 2278 poteras
963 2223 1333 2277 congregare,
1386 2213 1446 2261 ut
1479 2209 1722 2278 pastoris
1771 2209 2018 2262 inteme-

318 2303 508 2352 ratum
552 2313 764 2350 nomen
818 2297 1139 2364 excelleret,
1177 2313 1294 2351 non
1338 2297 1504 2368 culpa
1553 2296 1890 2367 dispersoris
1921 2299 2016 2350 in-

316 2387 629 2442 cumberet.

319 2493 444 2548 CAP.
473 2491 745 2545 XXXVII.
775 2520 844 2530 —
893 2493 957 2545 Ut
984 2507 1089 2544 non
1118 2506 1220 2558 pro
1261 2491 1440 2544 debito
1469 2493 1751 2560 episcopus
1789 2491 1855 2545 de
1882 2506 2014 2545 con-

499 2562 764 2616 secranda
793 2563 1030 2615 Ecclesia
1062 2577 1258 2616 munus
1292 2563 1517 2630 aliquod
1550 2566 1824 2630 requirat.

389 2666 500 2736 (Ea:
546 2668 733 2722 concil.
791 2667 1175 2732 Wormacien.,
1228 2683 1347 2735 cap.
1402 2666 1477 2736 1.)
1512 2667 1732 2721 Placuit
1772 2673 1833 2720 ut
1863 2684 2014 2738 quo-

318 2755 420 2808 ties
464 2756 536 2809 ab
589 2756 782 2825 aliquo
841 2754 1096 2808 ﬁdelium
1146 2756 1213 2809 ad
1271 2755 1686 2809 consecrandus
1740 2757 2013 2810 Ecclesias

313 2844 614 2914 episcopus
669 2844 961 2911 invitatur,
1027 2859 1141 2896 non
1202 2843 1366 2913 quasi
1426 2860 1493 2896 ex
1551 2844 1743 2897 debito
1803 2860 2012 2896 munus

313 2932 549 3002 aliquod
581 2949 614 2985 a
659 2931 966 2985 fundatore
1017 2931 1292 3001 requirat,
1358 2931 1454 2984 sed
1489 2931 1536 2984 si
1602 2932 1724 3000 ipse
1773 2932 2008 3002 quidem
2044 2977 2081 3002 ρ

311 3020 529 3090 aliquid
563 3036 626 3072 ex
676 3036 778 3072 suo
810 3025 938 3072 voto
970 3019 1262 3082 obtulerit,
1309 3035 1423 3071 non
1468 3024 1788 3089 respuatur.
1821 3022 1892 3072 At
1924 3026 2007 3073 ta-

310 3123 442 3161 men
475 3107 871 3177 unusquisque
912 3106 1213 3176 episcopus
1245 3107 1573 3160 meminerit
1613 3114 1677 3160 ut
1708 3125 1820 3160 non
1850 3108 2009 3176 prius

311 3195 534 3248 dedicet
597 3195 920 3258 Ecclesiam,
989 3194 1100 3246 nisi
1161 3200 1328 3247 antea
1397 3195 1593 3248 dotem
1649 3195 1896 3249 basilicae
1955 3200 2009 3249 et

309 3281 651 3351 obsequium
701 3281 880 3349 ipsius
913 3297 1018 3349 per
1061 3281 1426 3334 donationem
1485 3283 1760 3336 chartulas
1805 3283 2011 3336 contir-

309 3374 530 3423 matum
583 3368 839 3436 accipiat.
871 3369 1010 3420 Nam
1061 3384 1179 3420 non
1226 3368 1407 3422 levior
1434 3373 1518 3422 est
1567 3369 1673 3424 ista
1715 3372 2008 3425 temeritas

307 3457 356 3511 si
399 3458 522 3510 sine
583 3455 962 3510 luminaribus
995 3457 1083 3509 vel
1133 3456 1255 3508 sine
1306 3457 1670 3510 substantiali
1729 3463 2006 3513 sustenta-

306 3545 462 3598 tione
491 3549 578 3598 est
625 3560 826 3598 eorum
875 3545 975 3614 qui
1016 3543 1230 3598 ibidem
1279 3545 1543 3599 servituri
1572 3553 1723 3614 sunt,
1756 3565 1929 3618 quam
1959 3549 2006 3602 si

306 3633 511 3686 domus
540 3633 764 3702 privata
789 3637 1156 3686 consecretur
1191 3633 1455 3688 Ecclesia.

306 3740 436 3794 Car.
469 3739 766 3793 XXXVIII.
819 3769 887 3777 ——
940 3741 1004 3793 Ut
1047 3739 1336 3792 Ecclesiam
1381 3741 1440 3792 in
1471 3755 1580 3808 qua
1620 3740 1888 3795 cadavera
1926 3745 2007 3796 in-

480 3811 722 3878 ﬁdelium
751 3811 961 3878 sepulta
992 3815 1119 3862 sunt
1147 3812 1487 3876 sanctiﬁcare
1511 3826 1615 3864 non
1647 3812 1823 3865 liceat.

375 3920 484 3988 (Ea:
524 3916 711 3970 concil.
746 3919 1066 3984 Agrippin.,
1118 3931 1237 3984 cap.
1286 3917 1400 3985 23.)
1452 3917 1752 3971 Ecclesiam
1802 3918 1860 3971 in
1892 3935 2006 3990 qua

304 4011 665 4059 mortuorum
713 4006 987 4057 cadavera
1019 4003 1342 4056 inﬁdelium
1393 4005 1750 4074 sepeliuntur
1793 4007 2001 4060 sancti-

301 4093 474 4147 ﬁcare
506 4110 622 4146 non
667 4093 818 4159 licet,
851 4092 948 4145 sed
999 4097 1132 4161 apta
1162 4091 1386 4144 videtur
1417 4093 1486 4145 ad
1532 4096 2000 4160 consecrandum,

309 4179 522 4253 [modo]
553 4181 683 4233 inde
705 4180 912 4232 evulsis
936 4179 1292 4250 corporibus,
1317 4184 1372 4232 et
1395 4180 1533 4233 rasis
1555 4184 1888 4252 parietibus,
1913 4184 1999 4236 vel

302 4252 432 4322 lotis
482 4269 652 4338 lignis
704 4267 1102 4321 reaediﬁcetur.
1170 4267 1226 4320 Si
1282 4267 1402 4321 haec
1443 4277 1768 4325 consecrata
1839 4271 1998 4342 prius
2037 4252 2081 4306 D

302 4356 432 4421 fuit,
489 4356 679 4408 Missas
726 4354 787 4406 in
831 4371 896 4407 ea
951 4354 1239 4408 celebrare
1299 4354 1444 4421 licet,
1478 4356 1523 4409 si
1557 4362 1748 4411 tamen
1805 4358 2001 4412 fideles

305 4443 520 4497 fuerint
541 4445 640 4512 qui
672 4442 732 4495 in
764 4458 828 4495 ea
854 4443 1062 4512 sepulti
1089 4446 1237 4496 sunt.

304 4551 432 4605 CAP.
494 4548 742 4602 XXXIX.
809 4580 874 4588 —
932 4553 1007 4603 De
1058 4551 1224 4617 lignis
1281 4551 1542 4606 dedicata:
1600 4553 1866 4620 Ecclesiae,
1927 4554 2002 4606 ad

785 4635 916 4688 quos
943 4635 1070 4674 usus
1102 4623 1242 4674 verti
1273 4622 1517 4676 debeant.

375 4708 483 4778 (Ea:
528 4707 672 4762 decr.
728 4708 892 4774 Ygini
943 4723 1122 4778 papa,
1189 4724 1309 4776 cap.
1359 4708 1435 4779 3.)
1498 4708 1674 4779 Ligna
1739 4708 2001 4764 Ecclesiae

299 4797 576 4852 dedicatae
630 4812 745 4850 non
791 4796 1000 4850 debent
1047 4797 1115 4848 ad
1167 4797 1321 4850 aliud
1375 4813 1517 4867 opus
1557 4797 1725 4866 jungi
1768 4797 1876 4850 nisi
1928 4800 2002 4852 ad

300 4887 469 4940 aliam
506 4884 831 4950 Ecclesiam,
885 4885 971 4939 vel
1017 4885 1136 4956 igni
1180 4885 1588 4950 comburenda,
1635 4886 1722 4937 vel
1763 4885 1832 4939 ad
1863 4903 2000 4956 pro-

298 4974 514 5029 fectum
561 4973 620 5026 in
655 4973 1002 5027 monasterio
1047 4973 1352 5042 fratribus;
1405 4973 1463 5027 in
1510 4973 1783 5028 laicorum
1826 4991 2002 5046 opera

300 5079 416 5116 non
447 5061 658 5116 debent
687 5061 933 5116 admitti.

299 5167 428 5222 CAP.
479 5166 594 5238 XL.
645 5197 714 5206 —
761 5165 904 5238 Quid
957 5168 1204 5235 episcopo
1257 5167 1527 5234 agendum
1573 5170 1663 5234 sit,
1718 5171 1769 5222 si
1811 5171 1998 5238 plures

571 5237 804 5291 hazredes
834 5237 899 5290 de
929 5253 1040 5291 una
1068 5239 1438 5292 contenderint
1469 5241 1726 5293 Ecclesia.

372 5344 481 5415 (Ea:
535 5346 722 5399 concil.
780 5345 1023 5413 Tribur.,
1078 5362 1198 5414 cap.
1251 5346 1364 5414 20.)
1399 5346 1456 5400 Si
1499 5347 1694 5416 plures
1741 5346 2000 5402 haeredes

298 5431 700 5488 contenderint
754 5433 825 5488 de
871 5433 1166 5488 communi
1216 5433 1480 5501 Ecclesia,
1534 5434 1749 5488 auferri
1797 5435 2000 5505 jubcat

298 5521 600 5594 episcOpus
644 5521 918 5596 reliquias
964 5538 1150 5579 sacras
1189 5527 1248 5579 et
1293 5521 1602 5578 Ecclesiam
1650 5523 1857 5593 claudi,
1892 5523 1994 5580 do-

2130 1736 2299 1790 altari
2347 1743 2593 1807 quatuor
2641 1743 2831 1807 partes
2884 1738 3046 1805 ﬁant,
3086 1744 3140 1792 et
3181 1740 3425 1810 singulae.
3481 1747 3664 1809 partes
3707 1742 3802 1795 sin-

2129 1827 2298 1895 gulos
2349 1826 2597 1879 habeant
2655 1827 3034 1896 presbyteros,
3084 1827 3234 1898 quod
3269 1828 3392 1882 sine
3443 1828 3715 1882 discordia
3755 1835 3800 1884 et

2128 1911 2420 1965 simultate
2453 1912 2607 1965 nullo
2637 1912 2805 1966 modo
2849 1913 2974 1967 ﬁeri
3009 1920 3214 1984 potest.
3253 1916 3411 1970 Unde
3445 1917 3612 1970 nobis
3640 1918 3799 1970 visum

2129 2003 2213 2052 est
2244 2000 2398 2069 quod
2443 1999 2839 2070 hujuscemodi
2874 2001 3129 2056 Ecclesia:
3169 2003 3321 2056 inter
3351 2005 3606 2059 haeredes
3649 2005 3798 2059 dividi

2127 2101 2248 2140 non
2293 2087 2558 2156 debeant,
2620 2094 2675 2142 et
2731 2088 2775 2142 si
2831 2089 2890 2142 in
2945 2092 3377 2146 contentionem
3435 2094 3709 2159 venerint,
3755 2100 3800 2149 et

2129 2173 2443 2228 simultates
2489 2175 2638 2229 inter
2683 2191 2783 2230 eos
2837 2179 3207 2245 surrexerint,
3240 2196 3342 2250 per
3390 2198 3536 2251 quas
3568 2182 3800 2235 sacerdos

2129 2279 2230 2316 suo
2263 2263 2341 2316 ibi
2375 2263 2561 2317 ofﬁcio
2610 2265 2884 2318 canonice
2914 2266 3076 2337 fungi
3119 2283 3238 2320 non
3267 2270 3472 2338 possit,
3521 2271 3802 2339 praecipia-

2127 2355 2221 2404 tur
2249 2351 2317 2404 ab
2349 2351 2617 2422 episcopo
2647 2353 2891 2408 civitatis
2923 2360 2983 2407 ut
3013 2357 3172 2409 nullo
3213 2358 3386 2410 modo
3416 2357 3500 2412 ibi
3531 2359 3798 2412 Missaruni

2127 2439 2406 2492 solemnia
2448 2441 2829 2508 celebrentur,
2865 2443 3042 2497 donec
3088 2444 3172 2496 illi
3206 2445 3271 2498 ad
3323 2447 3685 2500 concordiam
3732 2463 3802 2500 re-

2125 2527 2318 2595 deant,
2349 2533 2405 2582 et
2456 2529 2582 2598 pari
2632 2536 2763 2584 voto
2812 2535 2983 2601 atque
3013 2533 3255 2586 concilio
3312 2534 3560 2588 Ecclesia
3603 2536 3696 2587 illa
3721 2551 3803 2588 sa-

2123 2616 2412 2670 cerdotem
2441 2618 2714 2671 canonice
2753 2618 2978 2686 habeat,
3015 2621 3114 2690 qui
3146 2620 3324 2675 libere
3357 2638 3530 2676 suum
3563 2622 3802 2676 ministe-

2123 2705 2274 2757 rium
2303 2704 2383 2757 ibi
2414 2721 2687 2775 peragere
2717 2707 2910 2777 possit.

2123 2811 2251 2866 CAP.
2285 2812 2478 2866 XLIII.
2510 2842 2578 2851 —
2612 2815 2679 2866 Ut
2709 2814 2917 2881 singuli
2961 2814 3266 2882 presbyteri
3292 2818 3545 2884 singulas
3592 2818 3803 2871 habeant

2826 2885 3110 2938 Ecclesias.

2194 2971 2314 3038 (Ea:
2345 2970 2488 3024 decr.
2524 2973 2772 3040 Dionysii
2795 2988 2978 3041 papae,
3020 2988 3140 3042 cap.
3173 2975 3250 3041 4.)
3285 2976 3361 3028 De
3399 2976 3655 3030 Ecclesiis
3681 2993 3801 3047 ergo

2120 3058 2502 3125 parochianis,
2551 3061 2705 3113 unde
2739 3061 3108 3129 apostolicam
3148 3062 3344 3116 sedem
3385 3066 3681 3118 consulere
3720 3081 3803 3118 vo-

2119 3146 2298 3214 luisti,
2343 3148 2590 3216 qualiter
2620 3147 2733 3201 sint
2760 3149 3150 3203 custodienda:
3181 3167 3245 3204 ac
3278 3151 3604 3207 dividenda:
3633 3169 3801 3207 sacer-

2118 3233 2370 3300 dotibus,
2427 3235 2569 3289 nihil
2618 3241 2731 3289 tuaa
2777 3236 3038 3290 charitati
3107 3239 3313 3292 melius
3360 3241 3533 3294 nobis
3598 3243 3804 3296 videtur

2118 3321 2407 3389 intimare,
2461 3341 2633 3395 quam
2663 3329 2727 3378 ut
2777 3326 3034 3395 sequaris
3091 3326 3243 3395 quod
3299 3343 3402 3380 nos
3446 3328 3509 3381 in
3564 3329 3802 3382 Romana

2119 3411 2361 3464 Ecclesia
2419 3428 2604 3482 nuper
2660 3413 2841 3483 egisse
2893 3413 3258 3483 cognoscitur
3303 3431 3316 3467 :
3363 3415 3644 3469 Ecclesias
3687 3431 3803 3468 vero

2119 3498 2373 3568 singulas
2421 3500 2662 3570 singulis
2705 3501 3054 3571 presbyteris
3100 3502 3380 3568 dedimus,
3415 3509 3473 3557 et
3509 3504 3802 3573 unicuique

2108 3586 2205 3656 jus
2239 3589 2540 3658 proprium
2570 3589 2780 3642 habere
2825 3590 3153 3653 statuimus,
3187 3590 3266 3643 ita
3294 3591 3562 3645 videlicet
3605 3599 3665 3646 ut
3691 3591 3807 3652 nul—

2117 3675 2204 3727 lus
2238 3677 2472 3729 alterius
2514 3677 2796 3747 parochias
2845 3677 3125 3730 terminos
3167 3679 3385 3748 autjus
3434 3680 3686 3746 invadat,
3715 3681 3802 3734 sed

2117 3765 2512 3834 unusquisque
2562 3765 2677 3817 suis
2728 3767 2992 3819 terminis
3040 3767 3113 3819 sit
3159 3773 3488 3834 contentus,
3531 3776 3587 3823 et
3629 3770 3802 3823 taliter

2118 3851 2421 3906 Ecclesiam
2470 3859 2527 3906 et
2578 3854 2804 3923 plebem
2845 3855 2952 3907 sibi
2997 3855 3362 3908 commissam
3413 3858 3716 3923 custodiat,
3749 3862 3802 3909 ut

2117 3944 2246 3993 ante
2278 3941 2525 3994 tribunal
2581 3943 2778 3996 interni
2820 3942 3042 4011 judicis
3089 3959 3154 3997 ex
3186 3944 3452 3998 omnibus
3510 3945 3619 3999 sibi
3664 3961 3798 3999 com-

2115 4027 2304 4081 missis
2351 4029 2635 4082 rationem
2684 4030 2904 4098 reddat,
2953 4035 3010 4083 et
3063 4047 3176 4084 non
3201 4032 3508 4101 judicium,
3561 4035 3656 4088 sed
3686 4035 3798 4103 glo-

2112 4116 2256 4169 riam
2289 4133 2392 4186 pro
2442 4118 2560 4172 suis
2618 4119 2837 4172 actibus
2883 4119 3140 4189 accipiat.
3200 4121 3353 4174 Hanc
3401 4138 3633 4194 quoque
3669 4137 3798 4175 nor-

2115 4221 2288 4270 mam,
2351 4205 2724 4272 charissima,
2778 4212 2831 4261 te
2889 4212 2946 4260 et
3003 4223 3202 4261 omnes
3277 4209 3577 4280 episcopos
3650 4209 3799 4279 sequi

2113 4294 2396 4359 convenit,
2448 4299 2506 4347 et
2549 4295 2702 4364 quod
2756 4295 2861 4349 tibi
2915 4295 3202 4361 scribitur,
3253 4297 3525 4352 omnibus
3570 4299 3798 4369 quibus-

2113 4396 2337 4450 cunque
2370 4382 2626 4450 potueris
2675 4387 2878 4436 notum
2906 4382 3102 4450 facias,
3132 4389 3194 4438 ut
3223 4401 3335 4439 non
3384 4387 3668 4457 specialis,
3711 4385 3799 4438 sed

2112 4469 2396 4539 generalis
2428 4470 2527 4523 ﬁat
2555 4469 2664 4524 ista
2693 4471 3022 4542 praeceptio.

2529 4557 2660 4613 CAP.
2693 4559 2876 4615 XLIV.
2909 4590 2976 4598 —
3008 4562 3081 4615 De
3105 4560 3289 4614 eadem
3317 4578 3393 4616 re.

2185 4647 2296 4716 (Ea:
2351 4649 2539 4702 concil.
2596 4651 2862 4715 Remensi,
2917 4665 3038 4718 cap.
3087 4648 3164 4719 2.)
3225 4651 3630 4723 Unusquisque
3679 4666 3797 4722 pre-

2113 4733 2305 4804 sbyter
2334 4737 2575 4790 Ecclesia
2622 4753 2738 4792 una
2767 4739 2836 4792 ad
2871 4754 3044 4809 quam
3092 4739 3392 4794 ordinatus
3442 4747 3528 4796 est
3575 4746 3797 4796 conten-

2114 4826 2203 4874 tus
2235 4821 2326 4888 sit,
2355 4827 2411 4876 et
2440 4825 2632 4877 nullus
2657 4825 2716 4878 in
2748 4826 2968 4880 duabus
2991 4826 3256 4881 Ecclesiis
3295 4827 3624 4883 ministrare
3662 4844 3797 4900 pra:-

2113 4913 2316 4962 sumat.

2538 4999 2665 5054 CAP.
2697 5001 2858 5055 XLV.
2893 5031 2961 5042 —
2995 5005 3070 5056 De
3088 5002 3272 5056 eadem
3302 5020 3377 5058 re.

2185 5084 2302 5155 (Ea:
2335 5086 2515 5141 eodem
2561 5090 2774 5154 concil.,
2825 5105 2944 5158 cap.
3001 5090 3080 5160 8.)
3132 5089 3292 5144 Sicut
3343 5091 3403 5144 in
3462 5106 3796 5162 unaquaque

2112 5174 2358 5227 Ecclesia
2397 5177 2695 5246 presbyter
2726 5178 2893 5231 debet
2921 5193 3062 5240 esse,
3097 5179 3173 5230 ita
3220 5180 3344 5250 ipsa
3377 5181 3642 5244 Ecclesia,
3676 5193 3797 5250 qum

2111 5278 2319 5332 sponsa
2345 5264 2432 5317 vel
2468 5280 2609 5318 uxor
2636 5266 2760 5334 ejus
2793 5266 3020 5334 dicitur,
3054 5283 3170 5320 non
3216 5275 3398 5337 potest
3435 5269 3608 5323 dividi
3657 5269 3797 5320 inter

2110 5352 2304 5421 plures
2352 5353 2733 5423 presbyteros,
2767 5355 2866 5408 sed
2899 5371 3078 5409 unum
3129 5357 3528 5411 tantummodo
3573 5355 3796 5409 habebit

2111 5441 2483 5507 sacerdotem,
2516 5442 2616 5512 qui
2662 5458 2790 5496 eam
2819 5448 2968 5498 caste
3007 5448 3058 5498 et
3089 5443 3386 5498 sinceriter
3429 5450 3605 5514 regat.
3643 5441 3794 5498 Unde

2109 5525 2509 5584 interdicimus
2563 5533 2629 5584 ut
2674 5531 2866 5586 nullus
2920 5532 3234 5604 praesumat
3292 5533 3594 5588 Ecclesiam
3650 5533 3796 5587 inter
