3976 6194
96 260 184 309 681

1063 259 1537 316 DECRETORUM
1582 261 1763 316 LIBRI
1807 262 1914 317 XX.
1959 292 2023 300 —
2066 261 2275 317 LIBER
2314 260 2636 318 TERTIUS.

3494 272 3596 323 68?.

92 384 237 436 duos
281 384 372 436 vel
401 382 596 453 plures
637 382 913 448 dividere,
946 384 1083 453 quia
1118 383 1363 438 Ecclesia
1394 384 1603 439 Christi
1649 400 1792 437 uxor
1828 395 1874 446 Α
1908 384 2320 438 subdiaconum
2366 384 2619 453 pertinet
2646 383 2879 437 calicem
2910 389 2965 438 et
2994 390 3260 455 pateuam
3302 389 3371 442 ad
3420 391 3598 443 altare

94 476 143 523 et
199 486 415 540 sponsa
476 470 644 524 debet
691 487 813 525 esse
862 487 979 525 non
1022 477 1298 539 scortum,
1349 472 1495 527 sicut
1548 474 1793 528 Calistus

94 575 242 629 papa
272 563 532 613 testatur.

96 666 219 719 Car.
258 665 433 719 XLVI.
478 696 546 705 -—
592 667 659 720 Ut
686 667 1059 734 unusquisque
1085 666 1367 737 presbyter
1400 683 1509 721 una
1545 669 1794 723 Ecclesia

748 742 1023 791 contentus
1049 742 1139 792 sit.

161 828 279 891 (Enr
318 826 518 889 eodem,
568 840 689 893 cap.
744 825 853 893 11.)
902 826 1189 879 Statutum
1222 830 1305 879 est
1336 832 1397 880 ut
1436 844 1793 898 unaquaeque

98 914 344 967 Ecclesia
389 930 556 967 suum
587 913 988 983 presbyterum
1038 914 1264 980 habeat,
1298 915 1398 969 ubi
1449 916 1507 970 id
1556 917 1680 969 ﬁeri
1712 917 1794 969 fa-

98 1000 276 1051 cultas
309 998 646 1069 providente
678 997 946 1068 episcopo
981 999 1324 1068 permiserit.

498 1086 629 1140 CAP.
662 1086 862 1140 XLVII.
896 1117 963 1124 —
998 1087 1078 1140 De
1102 1087 1288 1140 eadem
1318 1103 1394 1141 re.

163 1175 291 1242 (Em
339 1176 526 1229 concil.
576 1176 928 1240 Nannetensi,
960 1190 1079 1244 cap.
1126 1176 1207 1244 8.)
1251 1175 1407 1229 Sicut
1436 1174 1591 1228 enim
1642 1174 1796 1244 epis-

99 1279 278 1332 copus
311 1279 426 1317 non
454 1263 583 1333 plus
614 1268 803 1333 potest
836 1263 1046 1317 habere
1076 1280 1254 1334 quam
1282 1280 1459 1317 uuam
1488 1264 1792 1327 civitatem,

99 1357 149 1405 et
200 1350 293 1403 vir
341 1367 512 1405 unam
563 1367 824 1416 uxorem,
878 1351 956 1404 ita
1010 1352 1309 1421 presbyter
1356 1368 1527 1405 unam
1575 1356 1797 1404 tantum

100 1440 431 1493 Ecclesiam.
482 1440 681 1510 Itaque
715 1441 904 1493 nullus
935 1440 1233 1509 presbyter
1262 1442 1453 1509 plures
1483 1446 1799 1509 praisumat

98 1529 310 1582 habere
345 1528 637 1591 Ecclesias,
670 1527 717 1580 si
750 1528 819 1580 de
870 1533 1020 1581 statu
1067 1544 1168 1581 suo
1208 1528 1457 1597 gaudere
1492 1527 1791 1581 desiderat.

503 1616 631 1669 CAP.
665 1617 888 1670 XLVIII.
914 1646 980 1653 —
1007 1618 1076 1669 De
1105 1616 1291 1669 eadem
1321 1630 1394 1669 re.

167 1707 290 1773 (Ex
335 1706 522 1760 concil.
558 1705 837 1769 Meldensi,
871 1720 991 1773 cap.
1058 1704 1167 1772 10.)
1198 1704 1253 1758 Si
1299 1704 1426 1773 quis
1476 1704 1544 1757 de
1593 1703 1794 1756 ordine

99 1794 438 1847 sacerdotali
494 1798 828 1862 contemptu
883 1793 1123 1846 minoris
1185 1792 1441 1846 Ecclesiae
1498 1793 1795 1845 ambitiose

99 1888 153 1936 et
199 1880 468 1951 improbe
500 1881 565 1933 ad
617 1881 899 1950 potiorem
944 1880 1299 1949 aspiraverit,
1346 1881 1614 1933 canonica
1662 1896 1797 1949 erga

100 1986 230 2023 eum
255 1968 516 2022 deﬁnitio
538 1972 924 2033 conservetur,
944 1967 1052 2020 hoc
1075 1972 1159 2020 est
1187 1972 1267 2031 ut,
1301 1967 1558 2037 utrisque
1584 1974 1792 2021 careat.

521 2056 647 2109 CAP.
688 2056 863 2111 XLIX.
895 2087 963 2094 —
992 2059 1063 2109 De
1087 2056 1269 2109 eadem
1300 2072 1375 2108 re.

170 2146 293 2213 (Ea:
334 2146 477 2199 decr.
518 2146 704 2201 Calist.
734 2161 913 2213 papae,
958 2161 1077 2213 cap.
1120 2147 1194 2210 4.)
1224 2144 1506 2208 Quoniam
1538 2144 1682 2197 sicut
1713 2145 1795 2198 al-

100 2235 278 2287 terius
334 2251 493 2299 uxor,
545 2250 649 2287 nec
696 2234 1007 2288 adulterari
1054 2234 1124 2287 ab
1154 2234 1368 2303 aliquo,
1421 2233 1507 2285 vel
1550 2233 1798 2302 judicari

97 2328 193 2374 aut
222 2321 477 2391 disponi,
511 2321 620 2374 nisi
666 2338 698 2374 a
728 2323 964 2392 proprio
996 2321 1117 2373 viro
1157 2337 1223 2373 eo
1254 2322 1479 2373 vivente
1514 2321 1797 2391 permitti-

99 2417 210 2475 tur,
258 2411 340 2463 sic
392 2427 495 2463 nec
523 2426 665 2463 uxor
696 2410 967 2480 episcopi,
1004 2410 1091 2463 vel
1123 2409 1460 2480 presbyteri,
1497 2426 1625 2478 quae
1676 2410 1797 2479 ejus

100 2500 349 2552 Ecclesia
396 2501 477 2552 vel
528 2498 796 2569 parochia
844 2499 1246 2552 indubitanter
1308 2499 1670 2568 intelligitur,
1730 2516 1796 2552 eo

100 2589 348 2653 vivente,
417 2588 485 2640 ab
532 2589 711 2640 altero
748 2586 1049 2657 dijudicari
1098 2588 1183 2639 vel
1234 2587 1482 2654 disponi,
1530 2592 1628 2639 aut
1675 2588 1798 2656 ejus

100 2676 411 2729 concubitu
476 2675 589 2728 frui
648 2675 1018 2744 permittitur.
1084 2675 1241 2728 Unde
1313 2674 1391 2726 ait
1452 2674 1794 2743 Apostolus:

105 2786 125 2811 ι
178 2767 429 2832 Alligata
458 2769 543 2816 est
572 2780 717 2816 uxor
764 2764 898 2833 legi,
931 2762 1205 2833 quamdiu
1238 2762 1323 2814 vir
1366 2763 1489 2829 ejus
1519 2761 1654 2813 vivit
1687 2777 1699 2813 :
1732 2777 1797 2813 eo

100 2870 235 2906 vero
270 2854 558 2917 defuncto,
592 2854 775 2906 soluta
818 2855 903 2904 est
949 2868 982 2904 a
1027 2852 1152 2921 lege
1192 2849 1315 2902 viri.
1352 2871 1377 2897 ››
1426 2848 1698 2903 Similiter
1745 2853 1801 2901 et

1904 472 2105 525 Christi
2137 472 2380 537 deferre,
2430 475 2487 523 et
2513 470 2697 524 levitis
2738 473 2983 538 tradere,
3017 474 3213 544 eisque
3242 476 3597 541 ministrare;

1905 560 2196 612 urceolum
2220 574 2451 628 quoque
2482 562 2537 610 et
2564 560 2949 628 aquamanile,
2980 566 3036 614 et
3067 563 3489 632 manutergium
3523 569 3602 615 te-

1905 664 2057 710 nere,
2084 648 2375 718 episcopo,
2410 648 2742 717 presbytero
2775 656 2830 702 et
2851 650 3033 702 levitis
3058 667 3161 719 pro
3194 652 3449 705 lavandis
3472 657 3600 703 ante

1902 736 2081 788 altare
2126 736 2390 788 manibus
2420 752 2609 788 coram
2642 737 2918 804 praebere.
2960 738 3041 790 Ad
3072 739 3376 791 diaconum
3424 739 3600 808 perti-

1903 830 2002 877 net
2041 824 2304 876 assistere
2345 825 2757 889 sacerdotibus,
2788 830 2843 878 et
2876 826 3200 879 ministrare
3240 828 3295 879 in
3333 828 3602 879 omnibus

1904 927 2032 981 quae
2086 916 2335 981 aguntur
2390 912 2451 964 in
2500 913 2869 966 sacramentis
2915 914 3143 979 Christi,
3203 915 3264 967 in
3311 916 3599 984 baptismo

1904 1000 2135 1060 sciﬁcet.
2186 1002 2245 1053 in
2285 1000 2611 1065 chrismate,
2653 1007 2709 1054 et
2741 1006 2967 1071 patena,
3018 1008 3073 1055 et
3115 1003 3307 1067 calice,
3359 1004 3600 1057 oblatio-

1903 1104 2005 1141 nes
2050 1104 2281 1159 quoque
2329 1088 2539 1142 inferre
2585 1094 2638 1142 et
2676 1090 2983 1160 disponere
3020 1090 3082 1144 in
3127 1093 3321 1158 altari;
3366 1109 3600 1163 compo-

1903 1192 2041 1229 nere
2085 1178 2257 1230 etiam
2303 1193 2561 1231 mensam
2608 1179 2832 1232 Domini
2881 1185 3053 1249 atque
3095 1182 3321 1245 vestire,
3376 1197 3600 1234 crucem

1904 1264 2074 1329 ferre,
2126 1270 2181 1317 et
2212 1266 2528 1333 praedicare
2562 1267 2927 1336 Evangelium
2962 1274 3017 1321 et
3049 1270 3411 1338 Apostolum.
3462 1271 3597 1322 Nam

1905 1352 2051 1405 sicut
2098 1353 2407 1405 lectoribus
2441 1355 2610 1406 Vetus
2641 1356 3093 1420 Testamentum,
3142 1357 3218 1409 ita
3268 1358 3600 1409 diaconibus

1908 1443 2132 1493 Novum
2186 1441 2498 1510 praedicare
2542 1447 2891 1511 praeceptum
2942 1449 3046 1496 est.
3097 1446 3179 1496 Ad
3220 1445 3404 1513 ipsum
3456 1462 3599 1514 quo-

1904 1545 2016 1599 que
2078 1530 2329 1598 pertinet
2393 1530 2645 1583 ofﬁcium
2704 1547 2938 1599 precum
2998 1538 3054 1583 et
3108 1533 3365 1585 recitatio
3417 1533 3601 1585 nomi-

1907 1634 2067 1670 num.
2123 1619 2245 1687 Ipse
2278 1624 2595 1687 przemonet
2624 1635 2791 1672 aures
2832 1620 2902 1672 ad
2942 1621 3269 1685 Dominum,
3308 1620 3426 1689 ipse
3470 1621 3600 1672 lior-

1908 1710 2063 1759 tatur
2102 1722 2285 1769 orare,
2342 1706 2461 1781 ipse
2510 1707 2738 1771 clamat,
2789 1712 2845 1759 et
2878 1708 2999 1776 ipse
3049 1724 3246 1777 pacem
3279 1708 3601 1760 annuntiat.

1908 1795 1989 1848 Ad
2044 1794 2439 1864 presbyterum
2491 1795 2738 1864 pertinet
2776 1800 3199 1849 sacramentum
3244 1795 3497 1864 corporis
3551 1801 3605 1848 et

1907 1882 2205 1951 sanguinis
2240 1882 2465 1935 Domini
2499 1883 2559 1935 in
2607 1883 2773 1936 altari
2822 1884 2919 1936 Dei
2945 1884 3244 1948 conﬁcere,
3292 1890 3349 1937 et
3391 1884 3603 1936 oratio-

1909 1986 2041 2023 nem
2074 1970 2281 2033 dicere,
2326 1975 2382 2023 et
2427 1970 2765 2024 benedicere
2806 1971 2954 2023 dona
2988 1971 3106 2024 Dei.
3157 1971 3241 2024 Ad
3274 1971 3605 2041 episc0pum

1906 2058 2161 2128 pertinet
2211 2057 2579 2111 basilicarum
2628 2059 2998 2121 consecratio,
3056 2060 3251 2111 unctio
3304 2060 3499 2111 altaris
3550 2064 3605 2112 et

1909 2147 2186 2200 confectio
2226 2146 2565 2199 chrismatis.
2610 2148 2734 2215 Ipse
2770 2148 3042 2215 praedicta
3069 2147 3256 2200 ofﬁcia
3288 2152 3345 2200 et
3376 2149 3605 2201 ordines

1910 2233 2315 2287 ecclesiasticos
2370 2233 2678 2298 distribuit,
2726 2234 2847 2302 ipse
2897 2250 3082 2286 sacras
3132 2233 3381 2303 virgines
3430 2234 3604 2288 bene-

1910 2322 2089 2387 dicet;
2143 2326 2199 2374 et
2250 2321 2388 2375 dum
2434 2321 2723 2391 praecessit
2783 2321 3180 2392 unusquisque
3229 2322 3289 2374 in
3341 2322 3601 2392 singulis,

1908 2410 2001 2464 hic
2051 2416 2244 2463 tamen
2297 2415 2383 2463 est
2453 2410 2871 2478 praeordinator
2931 2410 2989 2462 in
3049 2410 3285 2463 cunctis.
3349 2409 3414 2463 Ili
3476 2414 3608 2463 sunt

1910 2500 2141 2552 ordines
2217 2514 2279 2551 ac
2367 2498 2687 2551 ministeria
2755 2499 3115 2560 clericorum,
3206 2515 3333 2568 quae
3410 2503 3606 2552 tamen

1909 2586 2247 2640 auctoritate
2294 2586 2608 2655 pontiﬁcali
2657 2586 2714 2639 in
2764 2586 3153 2639 archidiaconi
3196 2603 3330 2639 cura
3377 2592 3433 2640 et
3482 2588 3603 2657 pri-

1911 2674 2149 2739 micerii,
2209 2691 2273 2727 ac
2325 2675 2601 2727 thesaurii
2651 2675 3036 2729 sollicitudine
3096 2675 3451 2729 dividuntur.
3500 2680 3605 2729 Ar-

1910 2764 2276 2817 chidiaconus
2320 2763 2473 2815 enim
2510 2762 2755 2832 imperat
2800 2762 3168 2816 subdiaconis
3202 2767 3257 2815 et
3286 2764 3487 2829 levitis,
3538 2765 3606 2817 ad

1911 2868 2085 2921 quem
2126 2851 2233 2904 ista
2281 2850 2598 2904 ministeria
2636 2850 2942 2920 pertinent.
2995 2851 3289 2904 Ordinatio
3332 2852 3607 2905 vestiendi

106 2943 375 3006 Ecclesia,
426 2958 553 3011 quae
586 2957 731 2994 uxor
760 2940 1065 2993 sacerdotis
1113 2938 1340 3003 dicitur,
1374 2954 1441 2990 eo
1480 2938 1704 2990 vivente
1748 2936 1799 2989 ei
1834 2949 1873 3003 ί]
1912 2941 2091 2993 altare
2146 2939 2217 2993 ad
2265 2938 2482 3005 levitas,
2518 2955 2654 2991 cura
2692 2938 2930 3005 incensi,
2966 2943 3023 2991 et
3061 2939 3322 2992 sacriﬁcii
3354 2956 3608 2993 necessa-

100 3032 339 3102 alligata
380 3037 481 3083 est.
520 3031 595 3083 Eo
644 3046 777 3083 vero
823 3029 1091 3083 defuncto
1131 3028 1307 3080 nubat
1336 3027 1395 3079 in
1428 3026 1694 3091 Domino,
1737 3030 1803 3079 ut

102 3126 185 3174 est
244 3120 607 3188 regulariter.
642 3118 701 3173 Si
747 3118 903 3171 enim
947 3134 1013 3171 eo
1054 3116 1277 3169 vivente
1312 3114 1477 3168 alteri
1520 3112 1797 3183 nupserit,

103 3210 371 3263 adultera
392 3207 760 3277 judicabitur.

480 3297 608 3350 CAP.
652 3296 703 3349 L.
738 3326 806 3334 —
832 3297 905 3348 De
931 3293 1213 3347 ordinibus
1238 3293 1428 3346 sacris.

170 3388 295 3455 (Ea:
338 3386 564 3454 epistola
612 3384 851 3449 Isidori.)
904 3381 1144 3435 Domino
1191 3384 1407 3446 sancto,
1460 3377 1798 3448 meritisque

98 3477 271 3529 beato
313 3474 475 3527 fratri
523 3472 825 3526 Lantfredo
858 3471 1148 3541 episcopo,
1196 3469 1448 3522 Isidorus
1478 3467 1799 3536 episcopus.

100 3563 379 3617 Perlectis
423 3559 739 3613 sanctitatis
788 3563 901 3611 tua}
934 3556 1160 3622 litteris,
1213 3555 1439 3625 gavisus
1486 3570 1613 3607 sum
1646 3553 1802 3622 quod

100 3659 362 3722 optatam
395 3650 637 3702 salutem
667 3652 824 3701 tuam
855 3662 1053 3700 earum
1088 3644 1273 3698 relatu
1302 3642 1563 3713 cognovi.
1606 3642 1682 3695 De
1715 3640 1802 3693 his

101 3741 301 3789 autem
329 3752 459 3805 quae
488 3737 548 3789 in
578 3735 947 3805 sequentibus
990 3734 1281 3787 insinuare
1314 3730 1532 3800 eloquii
1572 3729 1653 3782 tui
1686 3743 1801 3781 ser-

102 3841 200 3878 mo
233 3825 474 3887 studuit,
507 3826 718 3893 gratias
734 3840 843 3892 ago
874 3824 1009 3887 Deo,
1044 3822 1197 3892 quod
1224 3819 1665 3873 sollicitudinem
1687 3816 1807 3870 offi-

104 3914 181 3965 cii
232 3914 535 3982 pastoralis
566 3913 669 3966 tibi
699 3912 1004 3981 impendis,
1034 3910 1396 3981 qualiterque
1429 3905 1806 3961 ecclesiastica

106 4002 300 4055 officia
330 4002 674 4055 ordinentur
703 4000 1004 4072 perquiris.
1037 4002 1101 4053 Et
1122 3996 1465 4052 licetomnia
1487 3994 1805 4066 prudentia:

108 4096 227 4145 tuae
280 4090 392 4143 sint
436 4091 694 4160 cognita:
750 4095 943 4144 tamen
972 4088 1107 4159 quia
1155 4088 1356 4141 atl'ectu
1403 4085 1655 4139 fraterno
1716 4098 1807 4135 me

105 4182 382 4245 consulis,
420 4196 487 4232 ex
531 4184 693 4249 parte
724 4195 837 4249 qua
881 4178 1065 4244 valeo,
1098 4174 1395 4246 expediam
1430 4190 1443 4227 :
1480 4177 1535 4226 et
1565 4172 1634 4225 de
1678 4187 1805 4224 om-

104 4270 283 4323 nibns
310 4268 574 4322 Ecclesiae
626 4268 916 4338 gradibus,
975 4265 1115 4335 quid
1161 4264 1226 4317 ad
1260 4260 1579 4333 quemlibet
1622 4259 1806 4329 perti-

104 4364 271 4420 neat,
320 4359 577 4427 eloquar.
629 4356 711 4409 Ad
745 4355 1102 4409 Psalmistam
1149 4352 1398 4422 pertinet
1443 4349 1693 4403 ofﬁcium
1726 4364 1813 4400 ca-

105 4446 310 4511 nendi,
362 4447 550 4499 dicere
582 4445 797 4509 laudes,
847 4440 1229 4512 responsoria,
1267 4442 1323 4491 et
1356 4437 1635 4508 quidquid
1680 4451 1811 4505 per-

102 4536 263 4589 tinet
311 4536 380 4587 ad
430 4534 699 4588 cantandi
748 4532 1033 4603 peritiam.
1088 4529 1175 4583 Ad
1214 4527 1515 4581 ostiarium
1561 4541 1812 4595 namque

105 4625 413 4694 pertinent
442 4625 626 4677 claves
656 4621 934 4684 Ecclesiae,
973 4625 1035 4673 ut
1064 4618 1291 4671 claudat
1324 4621 1381 4669 et
1411 4614 1632 4684 aperiat
1660 4618 1813 4667 tem-

106 4714 281 4783 plum
318 4713 439 4775 Dei,
472 4716 528 4765 et
574 4710 769 4765 omnia
797 4725 925 4780 qua:
958 4713 1092 4761 sunt
1120 4706 1294 4765 intus.
1330 4708 1602 4773 extraque
1634 4706 1816 4755 custo-

108 4804 259 4868 diat,
318 4802 516 4855 ﬁdeles
564 4800 824 4870 recipiat,
880 4794 1401 4852 excommunicatos
1456 4798 1513 4847 et
1557 4790 1817 4845 inﬁdeles

110 4888 387 4958 excipiat.

186 4978 276 5031 Ad
331 4978 602 5030 lectorem
635 4974 885 5045 pertinet
907 4973 1181 5027 lectiones
1213 4968 1614 5041 pronuntiare,
1656 4971 1713 5020 et
1754 4982 1820 5019 ea

111 5082 251 5137 quae
299 5066 595 5135 prophetae
646 5062 1012 5116 vaticinarint
1058 5059 1286 5130 populis
1330 5056 1661 5126 praedicare.
1731 5053 1819 5107 Ad

112 5155 464 5207 exorcistam
507 5152 760 5222 pertinet
783 5150 1125 5205 exorcismos
1174 5145 1510 5200 memoriter
1553 5142 1818 5201 retinere,

114 5258 449 5311 manusque
494 5257 668 5311 super
708 5253 1129 5309 energumeuos
1177 5241 1233 5288 et
1279 5233 1723 5287 catechumenos
1764 5230 1824 5283 in

116 5330 505 5385 exorcizando
540 5328 859 5397 imponere.
903 5326 989 5379 Ad
1028 5323 1354 5394 acolythum
1393 5320 1642 5390 pertinet
1676 5334 1824 5389 prte-

111 5419 352 5491 paratio
383 5418 829 5472 luminariorum
860 5415 920 5467 in
957 5412 1226 5467 sacrario.
1262 5411 1387 5479 Ipse
1429 5422 1660 5462 cereum
1690 5422 1826 5477 por-

110 5515 231 5577 tat,
262 5508 386 5579 ipse
411 5510 679 5577 suggesta
698 5520 803 5576 pro
829 5501 1173 5558 eucharistia
1193 5496 1384 5554 calicis
1402 5498 1710 5569 praeparat.
1740 5494 1827 5549 Ad

492 5613 772 5679 PATROL.
825 5610 1003 5677 CXL.

1910 3028 1995 3081 ria
2044 3026 2368 3080 sollicitudo
2422 3026 2551 3097 quis
2602 3026 2905 3080 levitarum
2945 3027 3284 3096 Apostolum
3331 3033 3386 3081 et
3425 3030 3607 3081 Evan-

1910 3116 2126 3187 gelium
2176 3116 2349 3184 legat,
2396 3114 2525 3185 quis
2562 3131 2759 3184 preces
2809 3115 2976 3179 dicat,
3030 3130 3132 3168 seu
3182 3117 3607 3185 responsorium

1909 3204 1969 3257 in
2001 3204 2309 3258 Dominicis
2341 3203 2542 3257 diebus
2570 3208 2668 3256 aut
2712 3203 3145 3256 solemnitatum
3176 3205 3459 3269 decantet,
3494 3206 3609 3259 sol-

1910 3293 2144 3346 licitudo
2182 3307 2413 3362 quoque
2447 3290 2927 3360 parochianorum
2970 3296 3025 3344 et
3054 3291 3365 3357 ordinatio,
3392 3297 3449 3345 et
3482 3292 3601 3361 jur-

1910 3382 2024 3451 gia,
2076 3381 2144 3434 ad
2177 3382 2298 3449 ejus
2347 3380 2641 3448 pertinent
2699 3396 2917 3433 curam.
2952 3380 3361 3449 Praeparandas
3400 3380 3607 3434 dicace-

1910 3485 2075 3521 sanas
2106 3469 2366 3522 basilicas
2412 3468 2531 3537 ipse
2574 3468 2831 3537 suggerit
2878 3469 3173 3521 sacerdoti.
3206 3469 3328 3536 lpse
3369 3469 3611 3538 inquirit

1909 3555 2210 3625 parochias
2254 3571 2384 3608 cum
2428 3554 2687 3623 jussione
2720 3554 2991 3623 episcopi,
3026 3559 3082 3607 et
3109 3561 3469 3621 ornamenta,
3520 3556 3607 3609 vel

1910 3659 2000 3696 res
2078 3642 2442 3696 basilicarum
2498 3641 3003 3711 parochianarum,
3061 3646 3219 3710 gesta
3274 3642 3605 3697 libertatum

1911 3729 2418 3784 ecclesiasticarum
2496 3728 2761 3798 episcopo
2832 3729 2982 3781 idem
3050 3730 3243 3791 refert,
3310 3730 3606 3785 collectam

1915 3818 2217 3889 pecuniam
2266 3819 2334 3871 de
2385 3817 2791 3870 communione
2824 3817 2943 3885 ipse
2982 3817 3206 3886 accipit,
3237 3822 3293 3870 et
3341 3818 3606 3889 episcopo

1914 3907 2117 3971 defert,
2150 3912 2207 3959 et
2236 3905 2455 3959 clericis
2486 3909 2678 3975 partes
2710 3906 2975 3974 proprias
3003 3905 3157 3959 idem
3185 3906 3495 3960 distribuit.

1951 4050 2079 4103 CAP.
2118 4049 2199 4102 LI.
2227 4080 2296 4087 —
2328 4051 2398 4102 De
2423 4049 2699 4109 Ecclesiis,
2730 4062 2822 4101 seu
2850 4050 3054 4102 sanctis
3084 4051 3293 4102 nouiter
3320 4051 3570 4103 inventis.

1990 4156 2099 4225 (Ea:
2166 4156 2351 4209 concil.
2412 4156 2828 4222 Agrippinensi,
2881 4169 3001 4223 cap.
3056 4154 3137 4221 5.)
3199 4154 3275 4207 De
3326 4155 3607 4221 Ecclesiis,

1921 4259 2019 4297 seu
2050 4243 2259 4296 sanctis
2290 4242 2509 4295 uoviter
2538 4242 2657 4295 sine
2691 4241 3026 4294 auctoritate
3058 4240 3322 4307 inventis,
3357 4241 3465 4295 nisi
3496 4243 3613 4312 epi-

1921 4347 2091 4400 scopo
2162 4331 2460 4400 probante,
2527 4330 2586 4381 in
2644 4329 2808 4397 cujus
2858 4328 3147 4381 territorio
3200 4333 3303 4395 est,
3375 4330 3613 4384 minime

1922 4424 2288 4483 venerentur,
2348 4418 2501 4470 salva
2550 4417 2723 4471 etiam
2764 4416 2833 4471 de
2880 4418 2987 4470 hoc
3024 4422 3081 4471 et
3111 4416 3181 4470 de
3212 4418 3478 4473 omnibus
3522 4420 3616 4474 Ec-

1922 4506 2109 4561 clesiis
2140 4505 2415 4559 canonica
2450 4504 2812 4557 auctoritate.

1924 4612 2056 4667 CAP.
2105 4612 2219 4666 LII.
2269 4641 2335 4650 —
2386 4612 2453 4665 Ut
2493 4625 2830 4677 unaquaeque
2885 4610 3136 4663 Ecclesia
3183 4626 3431 4667 mansum
3476 4616 3616 4669 inte-

2372 4696 2529 4747 grum
2560 4681 2755 4733 habeat
2784 4682 2900 4733 sine
2932 4683 3169 4734 servitio.

1997 4789 2116 4860 (Ea:
2172 4787 2366 4841 concit.
2415 4787 2798 4845 Womarcien.,
2852 4801 2974 4854 cap.
3030 4786 3137 4856 18.)
3197 4786 3488 4842 Sancitum
3535 4795 3621 4843 est

1925 4881 1991 4931 ut
2031 4875 2338 4945 unicuique
2379 4873 2637 4927 Ecclesia:
2666 4890 2812 4926 unus
2860 4890 3090 4926 mansus
3137 4874 3360 4943 integer
3405 4877 3645 4947 absque,

1926 4964 2046 5017 ullo
2102 4961 2331 5015 servitio
2387 4961 2751 5026 attribuatur,
2802 4966 2857 5014 et
2901 4961 3221 5030 presbyteri
3260 4962 3318 5014 in
3364 4963 3444 5015 eis
3483 4980 3618 5017 cou-

1930 5052 2108 5117 stitui,
2158 5067 2273 5103 non
2304 5050 2375 5105 de
2414 5049 2669 5116 decimis,
2712 5066 2899 5120 neque
2933 5050 3002 5103 de
3060 5049 3447 5104 oblationibus
3489 5052 3623 5107 fide-

1932 5140 2095 5207 lium,
2148 5155 2263 5191 non
2318 5138 2386 5191 de
2442 5137 2727 5203 domibus,
2777 5154 2962 5208 neque
3009 5136 3078 5191 de
3124 5138 3284 5189 atriis
3315 5139 3401 5191 vel
3441 5139 3625 5195 hortis

1927 5230 2087 5299 juxta
2127 5227 2430 5281 Ecclesiam
2478 5226 2696 5295 positis,
2728 5243 2915 5296 neque
2946 5226 3014 5279 de
3044 5227 3381 5297 praescripto
3429 5244 3627 5284 manso

1935 5316 2167 5386 aliquod
2225 5315 2522 5369 servitium
2596 5314 2808 5368 faciant
2868 5319 3078 5384 praeter
3150 5315 3625 5385 ecclesiasticum;

1936 5411 1993 5459 et
2020 5404 2068 5457 si
2091 5402 2311 5474 aliquid
2349 5403 2599 5472 amplius
2634 5402 2961 5469 habuerint,
2991 5402 3124 5457 inde
3152 5404 3477 5460 senioribus
3511 5408 3629 5460 suis

1938 5492 2198 5549 debitum
2223 5492 2517 5546 servitium
2546 5491 2904 5563 impendant.

3240 5604 3321 5661 22
