4028 6190
403 246 504 296 683

1481 235 1883 292 BURCHARDI
1925 234 2458 292 WORMACIENSIS
2499 233 2834 290 EPISCOPI.

3771 244 3859 296 685

406 368 533 419 CAP.
589 365 721 418 LIII.
779 394 846 401 —-
907 366 971 418 Ut
1036 363 1218 416 nullus
1276 361 1341 412 de
1398 361 1522 414 dote
1560 362 1839 424 Ecclesiae,
1893 361 1976 413 vel
2050 359 2116 413 de
2153 362 2197 414 A
2230 359 2534 425 adfuerint,
2569 359 2872 411 missarum
2906 357 3188 410 solemnia
3213 357 3489 410 celebrare
3514 361 3858 427 concedimus,

568 451 755 490 manso
791 435 1166 504 presbyterum
1191 447 1402 486 censum
1431 433 1730 501 persolvere
1769 437 1940 500 cogat.

479 525 589 592 (Em
645 525 832 577 concil.
891 521 1169 588 Meldensi,
1230 537 1351 589 cap.
1413 520 1489 589 8.)
1561 520 1726 573 Juxta
1781 519 2110 589 synodalica

407 617 696 684 praecepta
745 610 1102 664 decrevimus
1155 614 1218 662 ut
1257 608 1449 662 nullus
1482 607 1813 660 mortalium
1859 609 1928 661 de
1972 623 2110 677 agro

412 701 808 764 ecclesiastico,
859 704 915 752 et
947 714 1145 750 manso
1177 713 1238 750 ac
1279 696 1600 766 mancipiis,
1638 697 1724 750 vel
1772 695 1818 748 si
1869 695 2113 766 quilibet

412 805 516 860 pro
569 789 693 841 loco
732 788 1043 856 sepultura:
1073 785 1292 855 aliquid
1345 785 1584 854 largitus
1623 784 1797 838 fuerit
1827 783 2110 850 Ecelesiaa,

415 893 600 948 neque
626 877 695 930 de
713 875 946 929 decimis
974 879 1028 927 et
1053 873 1438 927 oblationibus
1470 873 1729 927 ﬁdelium
1760 887 2110 942 quemquam

415 965 878 1036 presbyterorum
933 962 1183 1032 aliquem
1247 977 1482 1014 censum
1542 961 1867 1031 persolvere
1921 964 2107 1031 cogat,

419 1069 522 1106 nec
563 1053 867 1122 quisquam
915 1050 1220 1120 cujuslibet
1264 1049 1482 1102 ordinis
1530 1054 1626 1102 aut
1665 1049 1964 1120 dignitatis
2013 1063 2115 1102 ex-

419 1141 550 1195 inde
601 1140 916 1211 quidquam
951 1139 1266 1200 subtrahat,
1318 1143 1375 1190 et
1420 1138 1870 1192 redhibitionem
1910 1152 2112 1207 quam-

418 1244 644 1298 cunque
674 1227 863 1298 exigat
889 1227 1288 1296 temporalem.
1323 1226 1479 1289 Quod
1521 1225 1566 1278 si
1606 1226 1824 1293 fecerit,
1854 1239 2115 1279 commu-

421 1317 594 1371 nione
626 1333 808 1387 usque
838 1316 906 1369 ad
938 1315 1378 1368 satisfactionem
1409 1314 1687 1383 privetur.

421 1407 550 1461 CAP.
613 1405 741 1458 LIV.
801 1433 870 1443 —
926 1405 1005 1456 De
1071 1402 1358 1468 altaribus,
1416 1419 1534 1471 quze
1582 1403 1790 1471 passim
1841 1403 1978 1470 ﬁunt
2021 1415 2118 1467 per

495 1546 616 1611 (Em
671 1546 856 1598 concil.
919 1488 1364 1611 Africamigggg.
1424 1543 1546 1611 50.)
1594 1545 1736 1596 Item
1787 1540 2003 1612 placuit
2053 1543 2120 1593 ut

2221 445 2384 500 aliter
2417 447 2654 500 omnino
2687 444 3104 498 interdicimus.

2219 519 2346 572 CAP.
2404 518 2562 571 LVII.
2607 546 2674 555 —
2722 520 2800 570 De
2832 518 2995 569 missu
3036 531 3143 568 non
3191 515 3525 583 celebranda,
3553 520 3656 571 nisi
3701 521 3753 572 in
3789 535 3864 573 sa-

2912 591 3060 639 crato
3091 589 3222 639 loco.

2291 659 2401 728 (Em
2432 659 2572 712 decr.
2625 659 2821 711 Felicis
2853 658 2949 722 IV,
2995 672 3175 725 papas,
3209 655 3450 708 omnibus
3487 659 3730 726 episcopis
3765 663 3866 712 mis-

2219 749 2338 814 sis.)
2396 746 2613 815 Scripta
2662 743 2974 797 sanctitatis
3005 749 3227 807 vestras,
3262 759 3388 811 quas
3419 745 3485 796 ad
3529 746 3707 798 sedem
3749 764 3858 816 apo-

2221 833 2480 888 stolicam
2526 831 2759 886 misistis
2799 848 2970 902 super
3017 832 3360 902 quibusdam
3409 833 3688 898 consultis,
3733 836 3867 904 quasi

2222 923 2291 976 ad
2325 928 2514 991 caput,
2566 926 2629 974 ut
2677 921 2808 974 inde
2841 919 3175 990 acciperetis
3222 935 3512 988 responsa,
3547 922 3685 975 unde
3713 923 3870 976 omnis

2227 1011 2469 1064 Ecclesia
2502 1009 2678 1062 totius
2725 1007 3022 1078 religionis
3053 1007 3298 1076 sumpsit
3330 1008 3637 1074 exordium,
3668 1014 3865 1077 gratan-

2224 1103 2312 1152 ter
2357 1098 2598 1167 suscepi,
2632 1103 2690 1150 et
2737 1097 2983 1150 breviter
3031 1095 3184 1149 vobis
3215 1097 3561 1166 respondere
3590 1099 3778 1152 curavi.
3808 1100 3869 1152 De

2226 1186 2602 1240 Ecclesiarum
2656 1185 2809 1238 enim
2866 1184 3316 1248 consecratione,
3375 1189 3430 1237 et
3494 1185 3561 1238 de
3611 1187 3870 1240 missarum

2225 1274 2704 1328 celebrationibus
2735 1289 2851 1326 non
2881 1272 3078 1338 aliubi,
3121 1289 3291 1342 quam
3330 1273 3388 1325 in
3421 1275 3645 1327 sacratis
3671 1275 3873 1328 Domino

2228 1364 2365 1416 locis
2416 1364 2630 1434 absque
2685 1377 2890 1432 magna
2944 1362 3276 1414 necessitate
3333 1362 3459 1415 ﬁeri
3506 1363 3684 1428 debet,
3731 1364 3874 1433 liquet

2229 1451 2495 1505 omnibus
2553 1451 2761 1521 quibus
2809 1457 2942 1503 sunt
2988 1454 3124 1502 nota
3180 1450 3319 1504 Novi
3371 1457 3428 1503 et
3478 1451 3679 1504 Veteris
3721 1452 3876 1505 Tesla-

2231 1541 2413 1593 menti
2446 1546 2751 1609 praecepta.
2783 1539 3236 1592 Tabernaculum
3275 1555 3408 1592 vero
3443 1541 3648 1604 Mosen,
3677 1541 3873 1592 Domino

425 1630 624 1683 altaria
655 1645 784 1699 quas
830 1628 1040 1697 passim
1094 1643 1194 1696 per
1226 1643 1393 1697 agros
1443 1631 1497 1679 et
1528 1644 1628 1696 per
1672 1626 1791 1679 vias
1841 1630 2116 1694 tanquam
2153 1639 2190 1692 Β
2228 1631 2622 1700 praecipiente,
2655 1628 2872 1693 fecisse,
2908 1634 2963 1680 et
2987 1644 3233 1680 sacrasse
3275 1644 3404 1681 cum
3440 1645 3630 1681 mensa
3659 1635 3709 1682 et
3745 1630 3873 1682 altari

423 1718 715 1772 memoriae
776 1722 1092 1786 martyrum
1141 1716 1583 1781 constituuntur,
1636 1715 1693 1767 in
1732 1713 1940 1784 quibus
1989 1712 2117 1766 nul-

424 1807 542 1860 lum
602 1822 807 1875 corpus
857 1810 956 1858 aut
1003 1803 1261 1873 reliquias
1315 1810 1632 1872 martyrum
1690 1803 1932 1855 conditae
1985 1817 2119 1872 pro-

424 1895 657 1961 bantur,
703 1895 773 1946 ab
823 1892 1124 1962 episcopis,
1167 1891 1264 1961 qui
1319 1891 1454 1943 locis
1503 1892 1721 1944 eisdem
1754 1896 2032 1960 praesunt,
2075 1888 2122 1941 si

426 1983 552 2037 ﬁeri
592 1986 798 2052 potest,
839 1984 1186 2034 avertantur.
1239 1979 1295 2033 Si
1327 1985 1516 2032 autem
1563 1979 1667 2032 hoc
1707 1994 1811 2048 per
1841 1978 2123 2030 tumultus

425 2072 734 2142 populares
780 2085 895 2123 non
935 2069 1165 2133 sinitur,
1216 2067 1410 2138 plebes
1440 2073 1630 2120 tamen
1681 2068 2122 2129 admoneantur,

427 2176 498 2213 ne
531 2159 625 2212 illa
672 2159 794 2212 loca
825 2157 1213 2226 frequentent,
1245 2160 1308 2209 ut
1340 2155 1438 2225 qui
1481 2161 1632 2208 recte
1680 2155 1925 2225 sapiunt,
1969 2155 2126 2206 nulla

427 2248 505 2302 ibi
585 2245 994 2316 superstitione
1047 2244 1294 2298 devincti
1368 2250 1704 2309 teneantur;
1770 2246 1827 2296 et
1887 2243 2124 2295 omnino

431 2336 588 2390 nulla
641 2333 920 2388 memoria
986 2337 1301 2402 martyrum
1357 2332 1734 2402 probabiliter
1793 2331 2125 2400 accipiatur,

432 2425 536 2478 nis‘
587 2429 684 2478 aut
718 2423 816 2476 ubi
862 2437 1091 2491 corpus,
1127 2425 1224 2474 aut
1251 2420 1459 2490 aliquae
1491 2419 1746 2489 reliquiae
1772 2425 1940 2472 certa:
1972 2423 2124 2479 sunt,

434 2517 530 2566 aut
569 2512 728 2580 origo
771 2509 1012 2578 alicujus
1051 2507 1442 2572 habitationis,
1477 2507 1563 2560 vel
1605 2505 1996 2576 possessionis,
2040 2506 2128 2559 vel

430 2600 735 2670 passionis,
769 2598 1104 2651 ﬁdelissima
1136 2596 1358 2666 origine
1388 2595 1651 2650 traditur.
1692 2597 1834 2648 Nam
1863 2610 1992 2665 quas
2027 2610 2131 2664 per

430 2687 671 2753 somnia,
708 2691 764 2739 et
812 2701 916 2754 per
955 2684 1156 2738 inanes
1187 2683 1352 2754 quasi
1399 2683 1778 2737 revelationes
1810 2683 2128 2753 quorumli-

430 2777 526 2830 bet
554 2776 860 2829 hominum
890 2773 1236 2843 ubicumque
1267 2773 1693 2826 constituuntur
1719 2771 1942 2833 altaria,
1970 2771 2129 2824 omni

431 2865 602 2918 modo
629 2862 1030 2932 reprobentur.

430 2953 558 3004 CAP.
627 2951 729 3004 LV.
781 2978 849 2988 ——
917 2949 984 3002 Ut
1034 2951 1340 3014 martyrum
1388 2946 1709 3012 dignitatem
1765 2947 1949 3000 nullus
2000 2960 2126 3014 pro-

1051 3021 1218 3084 fanus
1252 3020 1500 3084 infamet.

502 3110 620 3168 (Ea:
644 3109 832 3164 concil.
875 3108 1222 3174 Carthagin.,
1263 3121 1382 3174 cap.
1417 3108 1494 3172 3.)
1541 3105 1849 3173 Martyrum
1877 3103 2125 3173 dignita-

433 3205 549 3253 tem
603 3213 775 3252 nemo
811 3195 1084 3266 profanus
1131 3194 1392 3260 infamet,
1427 3209 1614 3262 neque
1665 3192 1884 3261 passiva
1928 3208 2126 3262 corpo-

428 3303 512 3353 ra,
564 3301 693 3357 qua:
741 3285 1050 3355 sepulturas
1120 3287 1343 3335 tantum
1393 3286 1628 3350 propter
1673 3280 2126 3334 misericordiam

431 3374 869 3430 ecclesiasticam
919 3370 1314 3423 commendari
1348 3370 1682 3422 mandatum
1715 3375 1800 3422 est
1842 3369 2122 3436 redigant,

429 3471 492 3520 ut
536 3469 636 3518 aut
680 3461 904 3515 insania
935 3458 1341 3528 prascipitatos,
1385 3460 1484 3509 aut
1514 3455 1613 3509 tali
1653 3461 1882 3526 peccato
1913 3455 2124 3509 discre-

429 3557 536 3617 tos,
569 3565 686 3604 non
725 3548 950 3601 ratione
981 3547 1067 3598 vel
1097 3550 1354 3614 tempore
1384 3543 1733 3614 competenti
1763 3558 1876 3613 quo
1910 3549 2122 3613 marty-

429 3641 514 3694 ria
562 3638 948 3700 celebrantur,
993 3639 1308 3704 martyrum
1359 3649 1569 3686 nomen
1617 3633 1926 3701 appellent.
1978 3634 2049 3684 At
2077 3631 2126 3685 si

428 3724 528 3800 qui
584 3727 643 3780 in
693 3723 964 3792 injuriam
1015 3727 1353 3792 martyrum,
1388 3720 1634 3774 claritati
1679 3735 1882 3772 eorum
1914 3719 2124 3788 adjun-

429 3821 568 3886 gant
614 3810 920 3875 insaniam,
971 3811 1159 3880 placet
1209 3826 1308 3863 eos
1352 3809 1400 3862 si
1455 3808 1582 3862 laici
1633 3812 1765 3860 sunt
1817 3806 1889 3860 ad
1938 3807 2126 3876 poeni-

428 3903 664 3958 tentiam
720 3899 926 3969 redigi,
993 3899 1040 3952 si
1087 3903 1278 3952 autem
1337 3901 1470 3949 sunt
1522 3895 1731 3958 clerici,
1783 3898 1914 3964 post
1971 3910 2126 3948 com-

429 3991 807 4046 monitionem
890 3990 1107 4042 honore
1196 3985 1426 4056 privari.
1491 3983 1748 4039 Universi
1817 3984 2120 4038 dixerunt:

431 4082 598 4135 Recte
647 4079 821 4131 stabit
859 4076 1128 4130 sanctitas
1162 4081 1370 4126 vestra.
1416 4074 1534 4125 Hoc
1563 4077 1618 4125 et
1661 4072 1903 4142 singulis
1941 4073 2128 4126 conci-

427 4167 518 4220 liis
549 4172 826 4220 statutum
858 4169 958 4217 est.

429 4257 557 4309 CAP.
614 4255 746 4307 LVI.
785 4281 853 4290 —-
895 4252 960 4304 Ut
991 4253 1283 4303 missarum
1313 4249 1573 4302 solemnia
1619 4264 1723 4302 non
1770 4250 1987 4318 ubique,
2029 4250 2122 4304 sed

720 4327 778 4375 in
811 4324 934 4375 locis
966 4321 1034 4374 ab
1059 4322 1302 4388 episcopo
1331 4323 1649 4373 consecratis
1678 4323 1832 4388 ﬁant.

496 4415 616 4478 (Ea:
646 4412 833 4465 concil.
894 4410 1250 4473 Triburiensi,
1301 4425 1420 4477 cap.
1468 4408 1542 4475 4.)
1584 4407 1876 4462 Missarum
1909 4409 2119 4462 solem-

425 4502 539 4567 nia,
578 4517 687 4553 non
723 4499 958 4568 ubique,
991 4497 1087 4551 sed
1120 4497 1177 4550 in
1210 4498 1348 4552 locis
1379 4496 1448 4550 ab
1495 4497 1765 4566 episcopo
1814 4513 2118 4550 consecra—

424 4590 515 4653 tis,
553 4589 638 4642 vel
689 4587 788 4640 ubi
838 4588 958 4656 ipse
1009 4585 1355 4656 permiserit,
1401 4585 1742 4638 celebrauda
1773 4601 1891 4638 esse
1927 4601 2120 4640 cense-

424 4693 570 4732 mus.
635 4675 1012 4731 Concedimus
1071 4674 1241 4728 etiam
1316 4679 1376 4727 ut
1428 4672 1628 4739 sicubi,
1697 4673 1846 4742 quod
1909 4673 2116 4727 nostris

423 4765 666 4838 peccatis
732 4763 1092 4834 exigentibus
1170 4761 1591 4832 perplurimum
1645 4765 1731 4814 est
1789 4760 2022 4827 factum,
2084 4778 2118 4815 a

417 4855 823 4922 Nordmannis,
871 4861 926 4906 et
955 4869 988 4906 a
1017 4851 1217 4917 Slavis,
1269 4855 1324 4904 et
1369 4850 1438 4903 ab
1473 4848 1734 4919 Ungaris,
1783 4854 1838 4903 et
1877 4865 1910 4903 a
1951 4849 2114 4903 malis

420 4943 778 5011 Christianis,
838 4957 938 4995 seu
996 4941 1108 4994 alio
1166 4940 1569 5010 qualicumque
1632 4937 1798 4991 modo
1856 4938 2114 4992 Ecclesiaa

414 5031 631 5084 fuerint
685 5031 928 5083 incensas
977 5032 1033 5080 et
1072 5028 1404 5091 combustae,
1447 5026 1504 5078 in
1537 5025 1810 5094 cappellis
1857 5041 1987 5079 cum
2033 5031 2114 5079 ta-

414 5119 549 5172 bula
595 5122 924 5171 consecrata
969 5115 1169 5168 missas
1215 5114 1446 5166 interim
1497 5113 1784 5166 celebrare
1831 5112 2113 5182 permitti-

416 5221 565 5270 mus,
615 5207 796 5260 donec
851 5205 990 5274 ipsae
1062 5202 1323 5256 Ecclesia:
1392 5201 1700 5254 restaurari
1757 5207 1988 5272 queant.
2046 5202 2112 5254 In

413 5294 621 5348 itinere
656 5309 787 5347 vero
834 5291 1056 5364 positis,
1113 5291 1160 5344 si
1192 5290 1437 5345 Ecclesia
1477 5289 1741 5356 defuerit,
1773 5295 1835 5344 ut
1865 5290 1968 5344 sub
2012 5290 2108 5344 dio

411 5397 515 5436 seu
566 5381 628 5436 in
673 5381 939 5436 tentoriis
987 5380 1127 5434 item
1171 5379 1217 5434 si
1271 5378 1466 5432 tabula
1519 5377 1714 5432 altaris
1756 5383 2105 5445 consecrata,

411 5473 732 5542 caeteraque
762 5485 922 5525 sacra
952 5467 1222 5540 mysteria
1259 5467 1330 5523 ad
1363 5466 1422 5522 id
1454 5466 1708 5521 ofﬁcium
1757 5466 2106 5536 pertinentia

2233 1720 2376 1788 ejus,
2410 1723 2464 1770 et
2508 1717 2672 1770 aereis
2709 1717 2852 1770 vasis
2897 1722 2952 1770 et
2997 1717 3354 1782 utensilibus,
3394 1717 3466 1768 ad
3497 1716 3737 1770 divinum
3778 1717 3872 1770 cul-

2232 1811 2357 1860 tum
2398 1806 2744 1876 explendum
2781 1807 3043 1876 legimus,
3078 1810 3134 1858 et
3180 1821 3295 1857 non
3329 1805 3510 1857 solum
3546 1804 3734 1858 divinis
3772 1821 3871 1874 pre-

2233 1895 2394 1948 cibus
2449 1911 2513 1948 ea
2576 1911 2843 1961 sacrasse,
2895 1895 2991 1947 sed
3047 1894 3216 1946 etiam
3251 1893 3432 1946 sancti
3481 1892 3588 1945 olei
3635 1893 3870 1955 unctione,

2236 1983 2482 2036 Domino
2508 1983 2768 2052 jubente,
2801 1982 3102 2052 perlinisse
3136 1981 3421 2034 novimus.
3457 1981 3698 2044 Qualiter
3723 1986 3870 2032 autem

2237 2072 2358 2125 hinc
2404 2071 2549 2124 facta
2587 2077 2737 2136 sunt,
2785 2075 2840 2123 et
2885 2087 3001 2125 non
3048 2069 3146 2122 alii
3173 2070 3296 2138 ipsa
3336 2085 3497 2123 sacra
3539 2085 3698 2139 quam
3736 2084 3872 2121 sacer-

2239 2161 2399 2213 dotes
2440 2176 2598 2212 sacra
2631 2159 2899 2212 unctione
2931 2158 3185 2216 delibuti,
3242 2158 3597 2228 Dominoque
3628 2173 3741 2210 cum
3781 2173 3872 2207 ves-

2236 2248 2391 2300 tibus
2423 2249 2629 2300 sanctis
2679 2247 2881 2300 sacrati
2935 2252 2990 2300 et
3043 2247 3228 2299 levitas
3264 2246 3602 2311 tractabant,
3648 2244 3874 2307 ferebant,

2241 2337 2555 2407 erigebant,
2620 2341 2676 2389 et
2727 2336 3110 2406 deponebant,
3173 2336 3233 2388 in
3283 2334 3425 2405 ipsis
3486 2333 3878 2388 institutionibus

2243 2441 2391 2495 quae,
2421 2425 2663 2494 jubente
2697 2425 2957 2488 Domino,
2992 2439 3096 2493 per
3123 2423 3311 2476 Mosen
3346 2423 3674 2492 conscripta:
3698 2420 3880 2474 suntin

2241 2512 2365 2580 lege
2415 2511 2645 2563 Domini
2688 2512 2990 2580 reperitur.
3043 2510 3301 2573 Qualiter
3332 2526 3471 2580 ergo
3517 2509 3680 2563 David
3720 2522 3882 2576 regum

2242 2599 2534 2667 piissimus
2579 2599 2952 2667 ampliaverat
2984 2600 3201 2650 cultum
3245 2598 3366 2664 Dei,
3419 2604 3474 2650 et
3505 2597 3756 2667 templum
3800 2596 3881 2647 Do-

2243 2686 2388 2740 mini
2434 2686 2718 2740 aediﬁcare
2768 2687 2966 2750 voluit,
3017 2686 3118 2739 sed
3159 2692 3399 2756 propter
3433 2687 3666 2740 multum
3702 2683 3886 2752 sangui-

2242 2789 2376 2826 nem
2408 2790 2580 2844 quem
2630 2774 2923 2838 effuderat,
2966 2773 3290 2843 prohibitus
3336 2779 3442 2839 est,
3492 2780 3548 2826 et
3595 2773 3702 2842 ipse
3747 2771 3884 2823 colle-

2242 2865 2408 2930 gerat
2435 2877 2714 2931 expensas
2769 2861 3039 2914 Salomon
3067 2876 3298 2931 quoque
3347 2862 3503 2915 ﬁlius
3535 2861 3650 2930 ejus
3679 2860 3884 2928 idipsum

2242 2949 2397 3020 quod
2446 2949 2566 3018 ipse
2614 2948 2798 3002 facere
2854 2953 3168 3018 optaverat,
3225 2948 3467 3018 jubente
3527 2954 3581 3001 et
3625 2948 3883 3000 auxiliante

2236 3037 2496 3099 Domino,
2532 3036 2790 3106 perfecit,
2821 3042 2877 3090 et
2907 3038 3186 3107 templum
3218 3053 3345 3090 cum
3386 3037 3570 3100 altari,
3603 3041 3654 3089 et
3695 3033 3877 3104 reliqua

2235 3126 2305 3178 ad
2343 3125 2600 3178 divinum
2633 3125 2849 3178 cultum
2878 3126 3271 3195 peragendum
3303 3126 3666 3179 consecravit.

2661 3196 2792 3249 CAP.
2829 3197 3006 3248 LVIII.
3034 3225 3103 3233 —
3122 3199 3193 3249 De
3218 3197 3403 3250 eadem
3425 3213 3500 3249 re.

2308 3266 2430 3332 (Ea:
2466 3268 2625 3334 epist.
2676 3265 2874 3320 Felicis
2943 3268 3036 3331 IV,
3100 3283 3278 3335 papa,
3328 3268 3574 3320 omnibus
3635 3265 3877 3333 Episcopi:

2234 3353 2460 3421 missa.)
2508 3353 2693 3406 Judaei
2755 3369 2892 3422 ergo
2937 3355 3058 3407 loca
3084 3355 3140 3406 in
3186 3355 3396 3425 quibus
3446 3354 3679 3408 Domino
3713 3350 3878 3405 sacriﬁ-

2235 3441 2439 3494 cabant
2469 3441 2676 3494 divinis
2705 3441 2994 3496 habebant
3035 3443 3552 3512 supplicationibus
3581 3448 3876 3503 consecrata,

2235 3544 2340 3582 nec
2370 3528 2432 3582 in
2469 3529 2614 3591 aliis,
2649 3545 2824 3599 quam
2856 3531 2971 3584 Deo
3011 3530 3211 3584 dicatis
3241 3531 3378 3584 locis
3420 3546 3654 3586 munera
3679 3529 3876 3584 Domino

2235 3617 2568 3670 offerebant.
2611 3617 2668 3671 Si
2705 3617 2860 3671 enim
2908 3618 3112 3685 Judaei,
3163 3620 3264 3689 qui
3307 3621 3528 3674 umbras
3567 3621 3701 3690 legis
3726 3619 3876 3673 deser-

2234 3705 2484 3771 viebant,
2520 3707 2641 3759 haec
2685 3705 2990 3772 faciebant,
3027 3708 3210 3760 multo
3252 3708 3438 3778 magis
3469 3709 3672 3780 quibus
3715 3707 3876 3759 veritas

2235 3793 2520 3863 patefacta
2566 3798 2670 3860 est,
2722 3798 2779 3847 et
2836 3795 3019 3864 gratia
3066 3800 3124 3848 et
3165 3797 3370 3849 veritas
3415 3813 3519 3866 per
3562 3798 3739 3850 Jesum
3780 3794 3877 3847 data

2235 3886 2338 3948 est,
2386 3882 2599 3952 templa
2651 3883 2891 3936 Domino
2923 3883 3206 3938 aediﬁcare
3256 3889 3312 3938 et
3348 3889 3524 3954 prout
3555 3885 3743 3938 melius
3775 3898 3872 3951 pos-

2236 3987 2434 4024 sumus
2512 3986 2740 4046 ornare,
2798 3988 2978 4043 eaque
3028 3973 3236 4026 divinis
3293 3975 3560 4043 precibus
3609 3980 3662 4027 et
3711 3971 3874 4026 sanctis

2236 4059 2602 4113 unctionibus
2632 4060 2748 4113 suis
2778 4076 2908 4114 cum
2933 4061 3208 4114 altaribus
3238 4066 3295 4114 et
3315 4062 3480 4128 vasis,
3505 4061 3740 4116 vestibus
3765 4074 3873 4128 quo-

2235 4163 2346 4217 que
2379 4152 2434 4200 et
2466 4147 2706 4218 reliquis
2735 4148 2804 4202 ad
2839 4147 3097 4202 divinum
3131 4149 3349 4203 cultum
3380 4150 3718 4220 explendum
3747 4153 3874 4200 uten-

2231 4235 2432 4289 silibus
2471 4237 2672 4290 devote
2703 4241 2759 4290 et
2801 4237 3139 4291 solemniter
3167 4255 3408 4304 sacrare,
3457 4244 3513 4292 et
3543 4255 3653 4293 non
3686 4239 3739 4290 in
3781 4235 3875 4288 aliis

2231 4324 2390 4388 locis,
2443 4339 2616 4394 quam
2646 4325 2705 4377 in
2757 4325 3001 4378 Domino
3030 4327 3262 4380 sacratis
3291 4327 3361 4380 ab
3392 4328 3687 4398 episcopis,
3716 4330 3764 4378 et
3789 4335 3876 4376 non

2231 4429 2261 4465 a
2311 4413 2752 4482 cborepiscopis,
2810 4415 2910 4483 qui
2962 4430 3112 4484 saepe
3152 4415 3430 4484 prohibiti
3480 4422 3629 4481 sunt,
3677 4413 3791 4477 nisi,
3829 4414 3875 4461 ut

2226 4501 2565 4570 prazdictum
2605 4507 2708 4566 est,
2763 4518 2988 4556 summa
3023 4504 3286 4573 exigente
3321 4506 3674 4568 necessitate,
3714 4501 3873 4554 missas

2227 4590 2537 4654 celebrare,
2589 4606 2694 4644 nec
2743 4591 3017 4644 sacriﬁcia
3073 4592 3320 4647 Domino
3373 4593 3576 4648 offerre
3622 4591 3871 4646 debemus.

2229 4677 2291 4730 Et
2336 4677 2464 4741 hoc,
2530 4677 2640 4731 nisi
2689 4694 2916 4732 summa
2973 4681 3276 4734 necessitas
3331 4697 3501 4751 agere
3553 4675 3870 4750 compulerit,

2226 4781 2344 4819 non
2393 4766 2452 4820 in
2484 4766 2771 4832 domibus,
2804 4768 2939 4838 quia
2978 4768 3037 4822 in
3076 4770 3251 4823 sacris
3281 4771 3594 4824 canonibus
3638 4763 3873 4823 sacriﬁcia

2224 4853 2284 4906 in
2313 4853 2577 4909 domibus
2606 4855 2796 4909 offerri
2827 4857 3117 4926 prohibita
3136 4863 3288 4927 sunt,
3322 4859 3418 4912 sed
3448 4859 3508 4912 in
3540 4849 3872 4912 tabernaculis

2225 4942 2436 4996 divinis
2477 4944 2742 5013 precibus
2785 4962 2818 4999 a
2857 4945 3230 5015 pontiﬁcibus
3260 4947 3480 5011 dicatis,
3529 4946 3667 5001 etin
3693 4937 3869 4998 mensis

2225 5027 2468 5082 Domino
2499 5030 2754 5095 sacratis,
2786 5034 2843 5082 et
2875 5045 3030 5083 sacra
3060 5031 3330 5085 unctione
3361 5049 3388 5085 a
3419 5029 3768 5102 pontiﬁcibus
3799 5024 3871 5077 de-

2220 5112 2442 5181 libutis,
2503 5131 2608 5183 pro
2657 5132 2902 5180 summa,
2955 5122 3015 5171 ut
3056 5117 3355 5187 praeﬁxum
3407 5124 3510 5186 est,
3562 5113 3864 5171 necessitate,

2224 5206 2280 5254 et
2327 5218 2444 5256 non
2478 5220 2579 5272 pro
2634 5204 2794 5257 lihitu
2827 5204 3163 5274 cujusquam
3196 5213 3254 5260 et
3286 5207 3516 5278 pigritia
3546 5211 3750 5274 agatur.
3793 5199 3864 5251 Sa-

2222 5289 2334 5344 tius
2365 5296 2448 5344 est
2494 5291 2722 5345 missam
2769 5309 2883 5346 non
2923 5299 3172 5360 cantare,
3205 5302 3307 5350 aut
3335 5312 3447 5349 non
3487 5294 3698 5358 audire,
3727 5300 3863 5360 quam

2217 5377 2278 5432 in
2312 5378 2400 5433 his
2426 5379 2586 5447 locis,
2620 5380 2718 5434 ubi
2752 5382 2877 5436 ﬁeri
2903 5399 3019 5436 non
3049 5388 3273 5453 oportet
3319 5384 3458 5450 fore,
3494 5383 3619 5448 nisi,
3651 5386 3710 5434 ut
3741 5388 3860 5445 sirpe

2217 5465 2433 5523 dictum
2474 5472 2578 5539 est,
2607 5485 2713 5540 pro
2761 5485 2985 5526 summa
3023 5471 3321 5543 contingat
3365 5471 3706 5534 necessitate,
3752 5477 3861 5536 quo-
