3976 6194
57 311 150 362 685

55 432 203 484 niam
235 432 545 486 necessitas
564 433 749 503 legem
769 449 887 488 non
912 434 1098 489 habet.
1138 436 1298 490 Unde
1324 436 1600 506 scriptum
1623 440 1738 489 est:
1780 438 1821 491 Α

55 520 182 574 Vide
212 537 287 575 ne
323 522 528 575 offeras
554 521 887 576 holocausta
918 528 1018 576 tua
1039 523 1099 577 in
1131 524 1290 578 omni
1313 526 1436 577 loco
1469 540 1641 594 quem
1667 524 1751 576 vi-

52 609 215 676 deris,
250 610 355 663 sed!
380 610 439 663 in
472 611 592 663 loco
623 626 798 681 quem
824 611 1061 681 elegerit
1100 613 1376 666 Dominus
1416 614 1563 667 Deus
1593 618 1745 667 tuus.

54 698 111 751 Et
143 697 203 750 in
237 698 424 751 Exodo
456 697 702 767 legitur:
735 699 844 751 Vos
883 698 1104 753 vidistis
1135 700 1270 770 quia
1308 700 1376 755 de
1414 701 1557 755 coelo
1589 701 1747 754 Iocu-

54 793 138 839 tus
179 804 306 840 sum
335 786 535 841 vobis:
569 788 691 840 Non
718 788 935 842 facietis
967 790 1102 843 deos
1132 792 1453 859 argenteos,
1488 807 1590 844 uec
1611 791 1749 845 deos

54 892 248 929 aureos
280 876 495 929 facietis
537 876 714 930 vobis.
748 876 943 931 Altare
979 878 1048 931 de
1096 882 1251 932 terra
1303 879 1522 932 facietis
1585 879 1747 947 mihi,

57 970 106 1017 et
162 963 413 1017 oﬁ‘eretis
453 980 623 1033 super
668 980 735 1017 eo
790 965 1119 1019 holocausta
1167 971 1224 1020 et
1262 966 1498 1036 paciﬁca
1540 973 1746 1022 vestra.

58 1054 193 1107 Oves
226 1057 440 1106 vestras
484 1053 546 1106 in
580 1052 740 1106 omni
790 1054 933 1119 loco,
984 1054 1044 1107 in
1096 1070 1210 1125 quo
1258 1056 1539 1109 memoria
1578 1056 1753 1111 fuerit

57 1142 303 1195 nominis
335 1140 467 1195 mei.
500 1142 569 1195 Et
598 1141 743 1195 sicut
775 1158 893 1196 non
919 1142 1039 1209 alii,
1071 1159 1244 1213 quam
1271 1144 1475 1197 sacrati
1508 1145 1752 1199 Domino

57 1230 371 1283 sacerdotes
418 1229 630 1284 debent
672 1230 875 1284 missas
914 1235 1166 1297 cantare,
1209 1247 1314 1285 nec
1346 1232 1622 1286 sacriﬁcia
1650 1249 1753 1287 su-

54 1335 153 1388 per
183 1319 363 1372 altare
392 1317 618 1385 offerre,
669 1318 749 1372 sic
788 1335 892 1373 nec
942 1320 1001 1372 in
1048 1319 1193 1385 aliis,
1231 1335 1405 1390 quam
1436 1320 1496 1373 iu
1538 1321 1752 1390 przrfa-

55 1408 118 1459 tis
174 1406 418 1459 Domino
450 1407 683 1460 sacratis
728 1407 865 1460 locis
912 1407 1103 1461 Missas
1142 1412 1393 1474 cantare,
1435 1413 1535 1462 aut
1580 1409 1750 1462 sacri-

54 1496 180 1548 ﬁcia
218 1495 424 1551 offerre
448 1495 599 1549 licet.
641 1495 699 1550 Si
725 1502 917 1550 autem
946 1497 1155 1567 legitur
1184 1497 1244 1551 in
1283 1497 1525 1551 concilio
1553 1498 1750 1553 Laodi-

53 1584 203 1637 censi
262 1584 445 1654 capite
496 1585 679 1649 XXVI,
713 1585 865 1655 quod
912 1584 971 1637 hi
1020 1585 1120 1655 qui
1166 1602 1283 1639 non
1344 1590 1480 1639 sunt
1518 1587 1589 1641 ab
1637 1587 1753 1658 epi-

52 1672 232 1744 scopis
276 1673 542 1739 ordinati,
590 1678 708 1726 tam
759 1673 819 1726 in
868 1674 1129 1727 Ecclesiis
1181 1690 1352 1744 quam
1397 1674 1457 1728 in
1487 1675 1752 1730 domibus

53 1762 366 1815 exorcizare
406 1777 521 1814 non
559 1766 818 1831 possunt,
863 1762 1042 1815 multo
1072 1762 1255 1830 magis
1279 1762 1510 1832 majoris
1540 1763 1751 1833 gradus

52 1850 390 1916 ministeria,
434 1849 544 1902 nisi
589 1850 660 1903 ab
692 1849 794 1916 eis,
830 1849 928 1920 qui
974 1851 1041 1902 ad
1102 1867 1200 1902 eos
1256 1856 1470 1920 gradus
1500 1857 1633 1905 sunt
1663 1868 1751 1905 sa-

53 1938 205 2005 crati,
263 1936 468 2007 quibus
516 1936 681 2007 fungi
722 1937 952 2003 debent,
996 1937 1083 1991 vel
1125 1936 1314 1990 ofﬁcia
1365 1938 1477 2008 agi,
1524 1938 1613 1992 vel
1663 1955 1751 1991 sa-

56 2026 266 2078 criﬁcia
297 2024 492 2079 offerri
540 2041 658 2078 non
692 2024 838 2079 licet.
884 2026 1042 2089 Quod
1094 2031 1307 2093 autem,
1359 2031 1423 2080 ut
1461 2028 1631 2097 paulo
1658 2043 1751 2081 su-

58 2114 248 2183 perius
327 2112 693 2183 praelibatum
765 2117 868 2177 est,
952 2112 1270 2167 oblationes
1347 2113 1408 2168 in
1490 2114 1754 2169 domibus

57 2200 245 2254 offerri
277 2217 391 2254 non
430 2201 643 2255 debent
687 2202 747 2255 iu
782 2201 980 2256 eodem
1023 2201 1283 2265 concilio,
1321 2218 1444 2272 cap.
1488 2203 1599 2258 LIX
1626 2219 1756 2272 pro-

59 2289 305 2343 hibitum
336 2290 580 2343 habetur
610 2289 689 2342 ita
721 2306 733 2342 :
770 2290 897 2343 Non
934 2294 1161 2359 oportet
1190 2290 1249 2343 in
1292 2289 1555 2344 domibus
1590 2291 1754 2344 obla-

56 2379 237 2431 tiones
264 2376 541 2431 celebrari
586 2378 655 2431 ab
685 2378 966 2449 episcopis
1010 2379 1098 2431 vel
1128 2378 1493 2449 presbyteris.
1545 2379 1758 2434 Solem-

54 2467 264 2537 ωιλλεδ
311 2481 445 2519 vero
492 2466 915 2520 dedicationum
965 2466 1345 2520 Ecclesiarum
1396 2471 1452 2521 et
1494 2468 1753 2522 sacerdo-

60 2560 202 2621 tum,
236 2569 340 2624 per
368 2554 627 2625 singulos
657 2570 833 2608 annos
865 2555 1194 2609 solemniter
1223 2560 1354 2608 sunt
1379 2555 1753 2622 celebrandas,

58 2644 179 2713 ipso
231 2643 476 2697 Domino
524 2643 782 2713 exempla
836 2643 1029 2709 dante,
1080 2644 1179 2714 qui
1225 2643 1297 2697 ad
1344 2644 1551 2698 festum
1590 2645 1755 2698 dedi-

60 2732 301 2785 cationis
357 2731 600 2802 Templi,
648 2730 915 2785 omnibus
959 2731 1014 2785 id
1074 2731 1399 2786 faciendum
1453 2733 1594 2786 dans
1640 2733 1754 2787 for-

59 2830 240 2887 mam,
275 2835 403 2873 cum
437 2818 677 2889 reliquis
718 2818 945 2890 populis
975 2820 1238 2874 eamdem
1272 2820 1635 2875 festivitatem
1664 2837 1754 2875 ce-

58 2908 384 2962 lebraturus
431 2908 604 2975 venit,
673 2906 818 2961 sicut
877 2908 1153 2977 scriptum
1213 2912 1338 2962 est:
1402 2910 1567 2963 Facta
1623 2914 1759 2964 sunt

1015 311 1483 370 DECRETORUM
1528 314 1717 369 LIBRI
1756 313 1860 368 XX.
1906 344 1973 351 ——
2014 312 2226 370 LIBER
2265 314 2584 371 TERTIUS.

3451 328 3554 378 686

2318 438 2443 492 CAP.
2474 437 2596 491 LXI.
2630 468 2695 478 —
2719 441 2787 492 De
2811 440 2994 493 eadem
3016 456 3093 493 re.

1932 524 2038 594 (Ea:
2060 527 2246 580 concil.
2276 527 2613 595 Laodicensi,
2638 543 2761 597 cap.
2794 529 2919 597 58.)
2948 530 3110 593 Quod
3138 546 3258 583 non
3292 537 3560 600 oporteat

1860 610 1919 665 in
1962 613 2225 667 domibus
2271 614 2591 669 oblationes
2657 616 2952 684 celebrari,
3013 619 3083 672 ab
3131 618 3413 689 episcopis
3472 620 3558 674 vel

1858 700 2224 772 presbyteris.

2286 790 2421 845 CAP.
2457 792 2581 845 LXI.
2616 822 2681 830 —
2716 795 2786 846 De
2825 793 3011 848 eadem
3048 811 3124 848 re.

1931 880 2035 947 (Ea:
2086 879 2273 933 concil.
2328 880 2642 948 Aureliam,
2700 896 2820 948 cap.
2877 882 2950 952 4.)
3010 883 3352 938 Audivimus
3396 886 3553 956 quod

1858 966 2093 1036 quidam
2134 967 2262 1021 laici
2322 967 2382 1022 in
2425 968 2687 1022 domibus
2736 970 2986 1041 propriis
3034 972 3376 1042 praecipiant
3423 990 3560 1043 pre-

1858 1055 2101 1124 sbyteris
2150 1056 2268 1109 suis
2317 1056 2507 1111 Missas
2554 1057 2860 1126 celebrare,
2903 1063 2959 1113 et
2998 1060 3148 1114 inter
3193 1076 3396 1116 cauum
3442 1063 3558 1117 dis-

1858 1158 2078 1209 cursus,
2130 1148 2186 1198 et
2237 1148 2553 1199 scortorum
2613 1162 2837 1217 greges,
2913 1148 3228 1202 sanctitatis
3285 1151 3557 1219 mysteria

1858 1232 2198 1299 polluuntur
2270 1234 2453 1304 magis
2511 1250 2685 1305 quam
2736 1240 3161 1291 consecrentur.
3197 1237 3559 1309 Quapropter

1857 1320 2221 1389 praecipimus
2284 1326 2347 1375 ut
2401 1323 2593 1376 nullus
2661 1323 2962 1393 presbyter
3036 1330 3193 1379 extra
3263 1327 3557 1381 ecclesiam

1858 1413 2172 1478 praesumat
2222 1410 2442 1464 Missam
2501 1415 2749 1479 cantare,
2815 1412 2926 1465 nisi
2984 1413 3130 1467 forte
3179 1414 3403 1469 itineris
3457 1432 3552 1470 ne-

1859 1498 2087 1550 cessitas
2140 1502 2428 1568 exposcat,
2460 1498 2519 1552 in
2577 1500 2829 1553 tentorio
2896 1505 2993 1554 aut
3041 1502 3145 1555 sub
3198 1502 3310 1568 dio,
3346 1503 3403 1555 iu
3436 1504 3560 1558 loco

1860 1584 2062 1651 nitido,
2091 1590 2145 1639 et
2177 1586 2348 1653 longe
2392 1588 2462 1641 ab
2520 1587 2679 1641 omni
2735 1588 3104 1643 immunditia
3144 1595 3383 1656 remoto,
3430 1592 3561 1645 Mis-

1861 1688 1948 1725 sas
2001 1672 2288 1727 celebrare
2339 1673 2749 1743 permittimus,
2804 1678 2860 1727 et
2916 1675 3024 1728 hoc
3078 1677 3407 1730 nullatenus
3437 1677 3561 1732 sine

1862 1760 2055 1813 tabula
2086 1766 2429 1823 consecrata,

2126 1867 2255 1921 CAP.
2279 1867 2436 1922 LXII.
2469 1898 2536 1906 —-
2561 1870 2631 1922 De
2656 1871 2999 1937 reparatione
3025 1869 3291 1925 Ecclesiae.

1932 1955 2040 2022 (Ea:
2069 1957 2226 2023 epist.
2278 1957 2474 2023 Vigilii
2528 1957 2734 2025 papa.)
2799 1959 2872 2011 De
2926 1957 3141 2011 fabrica
3188 1975 3322 2012 vero
3377 1960 3563 2029 cujus-

1862 2042 2001 2097 libet
2035 2043 2315 2111 Ecclesias,
2374 2044 2421 2096 si
2472 2044 2701 2114 dirupta
2759 2045 2933 2099 fuerit
2982 2046 3374 2113 instauranda,
3433 2052 3489 2099 et
3518 2047 3564 2100 si

1862 2130 1921 2184 iu
1963 2147 2029 2185 eo
2068 2132 2192 2185 loco
2227 2132 2663 2187 consecrationis
2696 2134 3026 2187 solemnitas
3076 2135 3281 2189 debeat
3343 2135 3562 2203 iterari,

1863 2219 1923 2272 in
1984 2236 2096 2290 quo
2151 2220 2474 2275 sanctuaria
2548 2237 2663 2274 non
2748 2222 2979 2286 fuerint,
3041 2223 3186 2276 nihil
3240 2223 3563 2292 judicamus

1865 2307 2115 2374 ofﬁcere,
2159 2308 2204 2362 si
2251 2325 2354 2380 per
2392 2326 2519 2363 eam
2568 2310 2812 2364 minima
2856 2326 3003 2381 aqua
3036 2311 3354 2364 exorcizata
3380 2312 3562 2381 jacte-

1861 2400 1978 2463 tur,
2033 2398 2168 2467 quia
2223 2398 2712 2452 consecrationem
2772 2399 3078 2469 cujuslibet
3156 2400 3435 2465 Ecclesiae,
3502 2400 3563 2454 in

1864 2500 1977 2555 qua
2005 2485 2251 2554 Spiritus
2306 2487 2484 2540 sancti
2540 2503 2637 2539 ara
2694 2503 2808 2540 non
2866 2487 3117 2557 ponitur,
3172 2488 3564 2542 celebritatem

1862 2575 2087 2626 tantum
2118 2574 2329 2627 scimus
2383 2590 2504 2628 esse
2552 2575 2865 2629 Missurum.
2903 2577 2967 2629 Et
3022 2575 3152 2628 ideo
3185 2576 3233 2628 si
3281 2592 3395 2646 qua
3442 2592 3567 2629 san-

1864 2666 2087 2715 ctorum
2137 2662 2433 2716 basilicaa
2488 2663 2878 2717 fundamentis
2941 2664 3113 2717 etiam
3168 2664 3343 2718 fuerit
3394 2664 3562 2717 iuno-

1863 2755 2011 2815 vata,
2041 2750 2162 2804 sine
2213 2751 2404 2820 aliqua
2455 2751 2831 2817 dubitatione,
2868 2767 3000 2804 cum
3040 2752 3100 2804 in
3158 2768 3224 2804 ea
3267 2751 3563 2806 Missarum

1863 2839 2037 2894 fuerit
2072 2839 2353 2893 celebrata
2384 2839 2739 2907 solemnitas,
2788 2841 2963 2893 totius
3015 2840 3383 2894 sanctiﬁcatio
3421 2856 3563 2894 con-

1865 2928 2193 2983 secrationis
2248 2928 2597 2997 implebitur.
2663 2928 2720 2982 Si
2750 2944 2883 2982 vero
2940 2928 3264 2982 sanctuaria
3302 2945 3430 2999 quas
3461 2929 3564 2983 ha-

58 2996 315 3088 ἒηοίὲῐιγίίι
351 2996 777 3088 Ηίθτρεομγωίε,
827 3000 885 3088 9t
931 2996 1116 3088 Ῑιξθφδ
1160 3001 1297 3088 "ab
1334 3002 1397 3088 ‘3":
1424 2997 1754 3088 am_b“13bat
1786 3004 1826 3059 Ο
1864 3017 2054 3084 bebat,
2114 3016 2303 3069 ablata
2334 2996 2507 3082 sunt,
2562 3032 2760 3070 rursus
2818 3032 3020 3070 eorum
3084 2996 3450 3088 repositione,
3509 3023 3568 3073 et.

57 3087 215 3139 Iesus
248 3087 307 3139 in
336 3086 549 3155 templo
583 3085 644 3138 in
705 3085 929 3155 porticu
977 3084 1316 3140 Salomonis.
1367 3084 1528 3149 Quod
1560 3090 1752 3140 autem

60 3180 185 3228 octo
236 3174 460 3228 dierum
509 3173 623 3227 sint
664 3173 919 3228 encmnia
968 3173 1327 3228 celebranda.
1372 3174 1434 3227 in
1472 3174 1617 3229 libro
1644 3176 1753 3230 Re-

59 3280 195 3332 gum
246 3270 473 3334 peracta
516 3263 871 3317 dedicatione
912 3262 1110 3333 templi
1159 3262 1473 3333 reperietis.
1527 3266 1602 3318 De
1656 3281 1754 3318 ec-

56 3351 363 3406 clesiarum
421 3367 554 3405 vero
585 3351 1007 3405 consecratione
1056 3352 1284 3422 quoties
1328 3351 1647 3419 dubitatur,
1697 3358 1756 3408 et

56 3457 159 3493 nec
207 3445 364 3494 certa
412 3439 710 3511 scriptura,
746 3456 849 3494 nec
882 3440 1021 3494 certi
1065 3445 1236 3494 testes
1268 3440 1536 3508 existunt,
1571 3457 1602 3494 a
1632 3440 1757 3512 qui-

55 3529 162 3583 bus
238 3530 588 3583 consecratio
643 3528 874 3596 sciatur,
958 3528 1170 3599 absque
1230 3529 1343 3583 ulla
1398 3528 1755 3584 dubitatione

55 3618 263 3672 scitote
294 3633 389 3672 eas
420 3633 541 3671 esse
584 3617 908 3683 sacrandus,
952 3633 1024 3671 ne
1073 3617 1203 3671 talis
1251 3616 1559 3687 trepidatio
1588 3617 1758 3671 faciat

52 3706 587 3773 deteriorationem,
661 3705 937 3777 quoniam
1009 3721 1123 3759 non
1198 3710 1554 3759 monstratur
1631 3722 1753 3761 esse

52 3795 351 3854 iteratum.
405 3794 563 3864 quod
623 3793 876 3848 nescitur
923 3795 1156 3848 factum.
1214 3794 1312 3849 His
1354 3794 1558 3848 fratres
1596 3794 1753 3848 testi-

54 3882 272 3936 moniis
300 3882 737 3953 scripturarum,
785 3882 854 3935 ab
904 3882 1212 3953 apostolica
1249 3883 1589 3936 auctoritate
1620 3899 1757 3937 cou-

53 3971 225 4024 sultis
280 3970 479 4025 vestris
534 3969 783 4024 breviter
841 3969 1201 4040 respondisse
1258 3970 1539 4024 sufﬁciat:
1600 3970 1758 4025 vobis

55 4065 253 4128 tamen
294 4059 728 4130 praevidendum
773 4063 876 4123 est,
911 4064 968 4113 et
998 4058 1267 4113 omnibus
1304 4059 1756 4129 praedicandum,

40 4154 117 4207 _ut
147 4147 352 4202 illicita
378 4164 495 4202 non
526 4152 787 4218 agantur.

55 4293 187 4346 Car.
244 4290 371 4345 LIX.
414 4319 486 4331 —
530 4290 682 4357 Quod
716 4305 823 4344 non
868 4291 1029 4343 liceat
1078 4290 1275 4344 Missas
1321 4289 1605 4356 celebrare,
1649 4290 1760 4343 nisi
1786 4286 1827 4338 D

290 4364 352 4415 in
385 4363 511 4416 locis
541 4362 609 4415 ab
638 4363 884 4429 episcopo
916 4362 1158 4415 civitatis
1179 4362 1519 4415 consecratis.

122 4503 252 4571 (Ea:
283 4501 427 4556 decr.
477 4501 763 4558 Clenientis
808 4516 984 4570 papa,
1016 4516 1135 4569 cap.
1172 4502 1286 4567 22.)
1317 4500 1422 4555 Hic
1452 4515 1608 4570 ergo,
1651 4499 1759 4554 hoc

56 4598 160 4649 est,
197 4590 262 4644 in
310 4591 582 4660 praesenti
630 4590 743 4643 vita
775 4589 992 4660 positos
1044 4594 1269 4660 oportet
1312 4605 1407 4643 vos
1452 4604 1759 4659 agnoscere

55 4680 419 4733 voluntatem
471 4682 527 4732 et
574 4683 930 4749 praceptum
994 4678 1115 4745 Dei,
1174 4678 1273 4732 ubi
1332 4682 1388 4731 et
1438 4676 1647 4747 agendi
1707 4680 1763 4730 et

56 4766 426 4821 sacriﬁcandi
470 4767 543 4821 sit
582 4768 762 4833 locus,
814 4766 1085 4838 quoniam
1134 4766 1196 4820 in
1243 4765 1367 4820 aliis
1406 4765 1544 4819 locis
1586 4765 1759 4819 sacri-

56 4858 233 4910 ﬁcare
266 4862 325 4910 et
377 4854 577 4909 missas
625 4855 913 4912 celebrare
957 4871 1071 4910 non
1125 4854 1276 4918 licet,
1333 4853 1444 4908 nisi
1491 4854 1549 4907 in
1589 4854 1762 4907 hisin

56 4946 275 5015 quibus
322 4945 626 5015 episcopus
666 4944 937 5015 proprius
961 4943 1215 5014 jusserit,
1251 4947 1350 4997 aut
1379 4943 1449 4997 ab
1495 4943 1763 5013 episcopo

56 5034 409 5105 regulariter
483 5033 774 5102 ordinato,
852 5038 1084 5087 tenente
1136 5031 1400 5087 videlicet
1452 5031 1761 5097 civitatem,

54 5120 385 5175 consecrati
404 5120 639 5174 fuerint.
674 5120 855 5174 Aliter
875 5120 1030 5173 enim
1058 5134 1174 5173 non
1207 5123 1341 5173 sunt
1369 5119 1492 5173 haec
1519 5118 1763 5189 agenda,

54 5226 161 5265 nec
197 5210 309 5263 rite
360 5208 721 5274 celebranda,
763 5208 1001 5263 docente
1034 5223 1140 5261 nos
1170 5208 1326 5261 Novo
1362 5212 1419 5261 et
1448 5207 1633 5260 Veteri
1662 5208 1765 5261 Te-

52 5303 376 5352 stamento.
436 5299 564 5351 Haec
612 5313 643 5351 a
700 5297 940 5351 Domino
998 5296 1251 5366 Apostoli
1303 5300 1666 5365 acceperunt,
1713 5298 1771 5349 et

50 5388 229 5441 nobis
280 5384 683 5441 tradiderunt:
731 5386 855 5439 haec
901 5401 1007 5439 nos
1051 5385 1342 5452 docemus,
1390 5384 1667 5453 vobisque
1715 5386 1771 5437 et

52 5475 342 5531 omnibus
391 5474 603 5546 absque
672 5473 1121 5545 reprehensione
1178 5478 1398 5541 tenere,
1456 5476 1513 5526 et
1569 5472 1771 5527 docere

54 5566 277 5638 quibus
300 5563 595 5634 agendum
617 5568 725 5635 est,
748 5563 1111 5621 mandamus.

1865 3105 2161 3159 Missarum
2219 3104 2583 3158 solemnitate
2659 3104 3043 3159 reverentiam
3099 3105 3565 3161 sanctiﬁcationis

1864 3192 2122 3263 accipiet.

1864 3280 1991 3336 CAP.
2046 3279 2229 3336 LXIII.
2280 3309 2349 3319 —
2392 3281 2458 3334 Ut
2503 3284 2628 3333 ante
2671 3281 2865 3335 horam
2900 3281 3011 3335 diei
3055 3284 3271 3336 tertiam
3306 3297 3414 3337 non
3455 3285 3567 3336 sint

2446 3353 2505 3405 Μ
2506 3354 2625 3405 issa.v
2646 3352 2993 3406 celebrandae.

1936 3440 2046 3506 (Ea:
2104 3440 2260 3507 epist.
2326 3440 2633 3507 Telesphori
2685 3454 2863 3507 paper,
2935 3455 3060 3509 cap.
3128 3441 3208 3508 6.)
3269 3440 3585 3495 Missurum.

1866 3526 2275 3580 celebrationes
2320 3530 2450 3579 ante
2499 3527 2698 3581 horam
2736 3526 2850 3579 diei
2889 3527 3116 3581 tertiam
3161 3526 3399 3580 minime
3432 3531 3568 3580 sunt

1866 3614 2240 3680 celebrandas,
2289 3614 2424 3680 quia
2481 3614 2683 3667 eadem
2735 3616 2879 3668 hora
2942 3619 2997 3668 et
3047 3614 3327 3668 Dominus
3380 3614 3563 3667 cruci-

1865 3703 2034 3769 ﬁxus,
2078 3708 2134 3758 et
2178 3718 2349 3771 super
2394 3703 2681 3771 apostolos
2735 3702 2980 3772 Spiritus
3047 3708 3273 3756 sanctus
3332 3703 3564 3757 descen-

1868 3793 2017 3847 disse
2048 3791 2280 3861 legitur,
2323 3796 2553 3860 excepta
2585 3795 2749 3844 nocte
2777 3794 2983 3843 sanctae
3016 3790 3349 3844 nativitatis.

1975 3899 2102 3952 CAP.
2132 3898 2304 3952 LXIV.
2329 3927 2398 3938 -—
2428 3899 2493 3951 Ut
2514 3912 2617 3965 pro
2645 3896 2894 3965 ﬁdelibus
2925 3897 3194 3962 defanctis
3223 3896 3457 3964 singulis

2259 3968 2446 4023 diebus
2477 3970 2673 4022 Missas
2704 3968 2969 4021 celebrare
2991 3969 3167 4021 liceat.

1938 4057 2047 4126 (Ea:
2098 4058 2285 4110 concil.
2350 4057 2638 4123 Cabillon.,
2695 4072 2817 4124 cap.
2870 4056 2981 4126 39.)
3033 4056 3229 4110 Visum
3283 4058 3564 4126 praeterea

1867 4145 2036 4199 nobis
2064 4150 2149 4198 est
2197 4149 2260 4197 ut
2298 4145 2359 4198 in
2398 4144 2665 4198 omnibus
2711 4144 3008 4198 Missarum
3058 4144 3410 4198 solemnibus
3456 4159 3564 4213 pro

1868 4233 2269 4289 defunctorum
2299 4233 2592 4304 spiritibus
2632 4234 2753 4286 loco
2783 4234 3130 4304 competenti
3163 4232 3441 4287 Dominus
3473 4232 3569 4286 de-

1867 4327 2148 4394 precetur.
2182 4322 2337 4377 Sicut
2376 4322 2530 4376 enim
2589 4323 2747 4376 nulla
2800 4323 2921 4377 dies
2978 4322 3276 4392 excipitur,
3309 4338 3423 4392 qua
3451 4337 3568 4375 non

1868 4428 1971 4483 pro
2002 4409 2323 4464 viventibus
2358 4417 2415 4465 et
2452 4427 2557 4480 pro
2589 4411 2939 4481 quibuslibet
2988 4410 3423 4465 necessitatibus
3465 4410 3567 4464 do-

1870 4500 2061 4555 minus
2121 4499 2478 4569 deprecetur,
2542 4499 2621 4552 ita
2684 4499 2963 4552 nimirum
3014 4499 3171 4552 nulla
3222 4498 3343 4553 dies
3382 4498 3568 4569 excipi

1869 4587 2055 4650 debet,
2089 4587 2227 4657 quin
2258 4602 2364 4657 pro
2400 4586 2697 4640 animabus
2720 4586 2977 4640 ﬁdelium
3005 4601 3202 4656 preces
3234 4587 3476 4640 Domino
3505 4586 3567 4639 in

1872 4676 2164 4731 Missarum
2218 4675 2574 4730 solemnibus
2633 4674 2968 4728 fundantur.
3022 4674 3353 4745 Antiquitus
3390 4674 3568 4745 igitur

1870 4764 2024 4818 hunc
2053 4780 2272 4818 morem
2321 4768 2516 4817 sancta
2567 4766 2725 4816 tenet
2768 4762 3033 4829 Ecclesia,
3085 4767 3151 4817 ut
3193 4767 3251 4816 et
3280 4762 3341 4815 in
3371 4762 3565 4816 Missa-

1872 4869 2001 4907 rum
2032 4853 2383 4907 solemnibus
2441 4855 2497 4905 et
2548 4850 2673 4904 aliis
2723 4850 2988 4921 precibus
3038 4849 3280 4904 Domino
3332 4849 3567 4919 spiritus

1873 4940 2289 5012 quiescentium
2334 4939 2828 5004 commendentur,
2887 4938 3109 4992 dicente
3154 4937 3320 4991 beato
3344 4940 3571 5005 Augus-

1873 5030 2187 5084 tinozNon
2216 5032 2349 5081 sunt
2411 5026 2921 5097 praetermittenda
2970 5024 3417 5096 supplicationes
3468 5041 3570 5095 pro

1875 5115 2171 5188 spiritibus
2210 5120 2594 5182 mortuorum,
2639 5132 2779 5185 quas
2824 5114 3113 5168 faciendas
3164 5130 3269 5184 pro
3308 5114 3573 5169 omnibus

1876 5208 1938 5261 in
1969 5204 2291 5261 Christiana
2347 5209 2403 5258 et
2450 5203 2727 5258 catholica
2784 5203 3049 5258 societate
3092 5203 3413 5258 laudamus.
3471 5204 3576 5257 De-

1876 5295 2102 5349 functos
2131 5292 2305 5346 etiam
2337 5293 2522 5346 tacitis
2580 5292 2911 5346 nominibus
2944 5307 3140 5345 eorum
3175 5291 3278 5345 sub
3325 5292 3580 5362 generali

1879 5380 2424 5437 commemoratione
2455 5380 2703 5451 suscepit
2734 5379 2998 5446 Ecclesia,
3040 5384 3106 5434 ut
3134 5380 3344 5450 quibus
3376 5381 3443 5436 ad
3473 5379 3582 5434 ista

1881 5471 2089 5526 desunt
2118 5474 2405 5541 parentes,
2438 5472 2536 5525 aut
2564 5468 2689 5536 ﬁlii,
2723 5473 2822 5522 aut
2860 5468 3209 5540 quicumque
3240 5468 3464 5540 cognati
3493 5468 3585 5521 vel

1882 5557 2073 5627 amici,
2097 5559 2168 5615 ab
2219 5575 2333 5614 una
2380 5559 2461 5613 eis
2512 5557 2846 5612 exliibeatur
2904 5557 2999 5629 pia
3045 5562 3227 5613 matre
3266 5554 3581 5612 communi.
