4028 6190
439 325 541 376 687

563 445 689 498 CAP.
716 440 862 495 LXV.
892 469 960 478 —
994 440 1059 493 Ut
1082 438 1253 491 Missa
1280 438 1615 489 mortuorum
1637 446 1741 501 pro
1786 431 2032 485 omnibus

910 510 1239 567 Christianis
1269 511 1342 559 sit
1372 503 1666 557 cantanda.

510 603 622 672 (Ea:
651 602 809 655 dictis
848 599 1099 665 Dionysii
1127 600 1333 664 Areop.
1360 598 1411 646 et
1452 591 1802 660 Augustini.)
1837 588 2137 659 Dionysius

437 689 783 761 Areopagita
816 687 952 740 dicit
981 682 1365 755 blasphemias
1400 681 1515 734 Deo
1545 680 1751 744 facere,
1794 679 1895 749 qui
1943 677 2137 732 Missas

437 779 603 835 oﬁ'ert
634 794 737 848 pro
784 775 936 830 malo
966 773 1219 827 homine.
1246 769 1603 838 Augustinus
1634 767 1766 822 dicit
1802 782 1906 837 pro
1946 764 2139 819 omni-

435 868 542 922 bus
583 862 920 921 Christianis
959 876 1079 915 esse
1130 858 1454 913 faciendum
1486 856 1622 928 quia
1645 856 1733 910 vel
1776 854 1858 908 eis
1885 851 2134 925 proﬁcit,

435 961 536 1008 aut
565 950 956 1016 olferentibus,
990 952 1088 1001 aut
1118 946 1441 1018 petentibus
1472 943 1746 1015 proderit.

439 1061 565 1115 CAP.
624 1059 798 1112 LXVI.
849 1085 916 1095 —
989 1056 1056 1108 Ut
1102 1052 1473 1107 institutiones
1527 1052 1820 1106 Missurum
1882 1049 2029 1100 sicut
2079 1048 2139 1099 in

506 1130 791 1255 gaioli-eli
824 1127 987 1197 ﬁunt,
1037 1127 1115 1178 sic
1160 1129 1209 1177 et
1239 1126 1298 1177 in
1326 1122 1561 1191 reliquis
1589 1117 2138 1189 comprovincialibus

557 1216 611 1253 cc
636 1214 783 1255 esus.

557 1214 783 1255 σοιεδιιε.

510 1289 620 1359 (Ea:
678 1287 863 1341 concil.
918 1282 1252 1347 Gerunden,
1306 1282 1451 1348 cap.)
1506 1282 1580 1345 6.)
1631 1279 1703 1333 Ut
1753 1276 2139 1331 institutiones

441 1377 738 1431 Missarum
772 1375 919 1427 sicut
966 1372 1027 1425 in
1080 1368 1522 1439 metropolitana
1572 1366 1818 1420 Ecclesia
1863 1365 2028 1430 ﬁunt,
2061 1364 2140 1416 ita

436 1464 497 1517 in
547 1465 661 1517 Deo
694 1462 926 1514 nomine.
958 1460 1016 1511 in
1046 1458 1313 1511 omnibus
1342 1453 1915 1523 comprovincialibus
1952 1451 2140 1504 Eccle-

437 1553 557 1617 siis,
616 1556 731 1604 tam
784 1549 963 1619 ipsius
1018 1546 1215 1611 Missa},
1270 1544 1429 1602 ordo,
1488 1558 1663 1612 quam
1721 1540 2005 1610 psallenti,
2052 1538 2139 1591 vel

438 1636 804 1693 ministrandi
830 1633 1183 1689 consuetudo
1216 1636 1490 1685 servetur.

440 1744 578 1798 CAP.
611 1742 808 1797 LXVII.
852 1770 920 1778 —
971 1741 1037 1793 Ut
1064 1751 1245 1806 preces
1275 1740 1324 1788 et
1352 1736 1702 1806 prwfationes
1734 1748 1853 1801 quae
1884 1735 1942 1785 in
1966 1732 2143 1786 conci-

666 1816 737 1867 lio
764 1812 1010 1881 probatae
1035 1805 1139 1863 non
1167 1810 1397 1874 fuerint,
1430 1821 1536 1859 non
1561 1805 1909 1857 celebrentur.

514 1919 629 1986 (Ea:
670 1917 859 1972 concil.
892 1915 1188 1981 Africano,
1219 1928 1340 1981 cap.
1395 1910 1509 1978 64.)
1544 1907 1762 1963 Placuit
1790 1908 1965 1961 etiam
2015 1907 2144 1971 hoc,

445 2013 511 2061 ut
543 2022 741 2077 preces
774 2020 904 2075 quae
936 2002 1190 2074 probatae
1224 1999 1438 2053 fuerint
1467 1999 1526 2051 in
1561 1997 1821 2061 consilio,
1852 1996 1970 2048 sive
2000 2011 2147 2064 pras-

442 2096 704 2160 fationes,
783 2092 898 2146 sive
984 2088 1529 2154 commendationes,
1602 2101 1703 2139 seu
1750 2084 2150 2154 impositiones

446 2201 652 2240 manus
692 2183 760 2237 ab
817 2178 1083 2235 Omnibus
1136 2177 1515 2232 celebrentur.
1581 2175 1693 2228 Nec
1738 2174 1867 2227 alia:
1915 2172 2150 2225 omnino

446 2279 642 2329 contra
674 2271 849 2325 ﬁdem
878 2268 1269 2339 proferantur,
1305 2264 1402 2318 sed
1438 2277 1800 2333 quaecunque
1847 2276 1976 2314 cum
2009 2276 2148 2330 pru-

445 2359 803 2416 dentioribus
830 2356 1046 2411 fuerint
1076 2354 1301 2408 collatas
1334 2352 1620 2406 dicantur.

448 2468 577 2523 CAP.
635 2464 858 2520 LXVIII.
907 2491 976 2502 —
1038 2463 1101 2515 Ut
1162 2460 1343 2513 nullus
1386 2458 1675 2526 presbyter
1724 2455 1867 2510 solus
1926 2456 2152 2508 Missam

1016 2536 1238 2586 cantare
1265 2538 1580 2598 praesumat.

523 2627 638 2695 (Ea:
694 2624 881 2679 concil.
954 2620 1302 2685 Nannetensi,
1366 2633 1485 2687 cap.
1543 2615 1653 2683 30.)
1712 2612 1980 2668 Deﬁnivit
2030 2628 2153 2665 san-

455 2721 610 2770 ctum
666 2712 970 2767 concilium
1003 2714 1067 2763 ut
1096 2708 1288 2762 nullus
1331 2706 1633 2776 presbyter
1660 2704 1814 2756 solus
1843 2706 2155 2772 praesumat

454 2804 676 2859 Missam
692 2807 941 2855 cantare.
969 2797 1071 2851 Cui
1089 2796 1241 2850 enim
1266 2794 1422 2859 dicit,
1442 2816 1461 2841 α
1492 2791 1768 2847 Dominus
1790 2789 2101 2855 vobiscum,
2119 2810 2148 2837 »

452 2896 550 2945 aut
618 2909 646 2941 α
704 2904 930 2942 sursum
984 2884 1153 2938 corda
1202 2904 1255 2949 n,
1319 2882 1528 2953 gratias
1607 2895 1844 2950 agamus
1912 2877 2153 2932 Domino

453 2978 568 3032 Deo
591 2980 813 3039 nostro,
834 2995 855 3021 ι
880 2987 1012 3025 cum
1031 2971 1220 3024 nullus
1233 2969 1306 3022 sit
1325 2968 1423 3039 qui
1450 2966 1833 3036 respondeat?
1855 2967 1968 3019 Aut
1988 2965 2045 3018 in
2061 2981 2152 3018 ea-
2183 2994 2223 3047 ρ

455 3081 626 3131 none,
661 3067 717 3116 et
745 3061 1007 3116 omnium
1038 3056 1629 3121 circumadstantium,
1662 3070 1791 3108 cum
1826 3069 1995 3107 nemo
2028 3053 2154 3107 sit?

454 3157 567 3208 Aut
581 3167 753 3223 quem
778 3149 982 3204 invitat
1003 3148 1068 3202 ad
1083 3147 1423 3212 orationem,
1447 3161 1576 3199 cum
1600 3143 1739 3198 dicit
1761 3158 1775 3195 :
1794 3161 1821 3193 α
1844 3143 2148 3208 Oremus,»

456 3258 585 3296 cum
625 3240 817 3293 nullus
847 3238 921 3292 sit
953 3237 1052 3308 qui
1092 3251 1283 3289 secum
1316 3234 1489 3287 oret?
1526 3235 1637 3287 Aut
1668 3247 1806 3301 ergo
1850 3229 1959 3283 ista
1986 3228 2154 3300 peni-

456 3336 549 3385 tus
581 3328 873 3383 reticeuda
904 3330 1056 3386 sunt,
1099 3328 1154 3377 et
1182 3338 1300 3376 non
1326 3321 1510 3374 solum
1537 3335 1653 3373 non
1693 3319 1803 3372 erit
1839 3317 2154 3388 perfectum

458 3416 819 3481 sacriﬁcium,
861 3429 1062 3468 verum
1113 3411 1287 3465 etiam
1338 3409 1595 3462 incurret
1624 3406 1883 3479 quisquis
1937 3406 2034 3461 ille
2072 3412 2157 3459 est

460 3507 617 3561 illam
644 3504 962 3559 terribilem
1014 3498 1394 3554 sententiam:
1430 3497 1483 3551 Si
1520 3496 1648 3567 quis
1702 3495 1897 3549 tulerit
1926 3495 1996 3548 de
2028 3495 2153 3562 hoc,

460 3595 621 3648 tollat
657 3594 802 3646 Deus
852 3594 1076 3663 partem
1127 3587 1251 3656 ejus
1304 3586 1373 3639 de
1430 3584 1578 3637 libro
1629 3583 1791 3651 vitae;
1826 3586 1925 3635 aut
1957 3582 2004 3635 si
2032 3582 2157 3636 haec

460 3680 641 3735 muris
689 3684 744 3733 et
785 3677 1103 3750 parietibus
1130 3670 1599 3740 insusurraverit,
1622 3670 1996 3724 ridiculosum
2026 3668 2155 3733 erit,

460 3770 825 3838 Quapropter
880 3765 980 3818 illa
1043 3760 1364 3832 periculosa
1439 3758 1768 3829 superstitio
1828 3757 2072 3810 maxime
2125 3773 2159 3810 a

462 3855 824 3912 monasteriis
881 3852 1298 3906 monachorum
1354 3846 1787 3902 exterminanda
1822 3851 1922 3900 est.
1957 3846 2160 3899 Praevi-

463 3948 636 4002 deant
665 3949 854 3997 autem
912 3939 1134 4012 praelati
1165 3943 1227 3993 ut
1256 3938 1569 4010 presbyteri
1602 3936 1660 3989 in
1706 3935 1977 3989 coenobiis
2010 3940 2067 3988 et
2098 3934 2159 3987 in

463 4035 589 4089 aliis
631 4030 889 4087 Ecclesiis
936 4033 1335 4098 cooperatores
1397 4025 1643 4079 habeant
1672 4024 1733 4077 in
1783 4022 2158 4077 celebratione

464 4125 777 4179 Missurum.
814 4120 871 4173 Si
901 4119 1027 4189 quis
1072 4119 1193 4171 haec
1232 4121 1616 4185 transgressus
1648 4112 1841 4180 fuerit,
1872 4112 1942 4165 ab
1972 4110 2159 4165 ofﬁcio

464 4210 863 4282 suspendatur.

468 4330 809 4374 INCIPIUNT
879 4326 1162 4367 DECRETA
1243 4323 1514 4364 SECUNDI
1608 4322 1863 4363 PELAGII
1954 4320 2154 4373 PAPE,

539 4416 964 4462 SUCCESSORIS
1063 4412 1430 4463 BENEDICTI,
1522 4413 1593 4452 ET
1680 4409 2156 4451 ANTECESSORIS

540 4501 849 4546 GREGORII
884 4499 1081 4539 ΡΑΡΑΕ.

468 4599 597 4653 CAP.
626 4595 801 4649 LXIX.
842 4622 911 4631 —
945 4592 1025 4644 De
1049 4588 1467 4658 praefationibus
1513 4602 1649 4657 quas
1693 4591 1883 4641 sancta
1926 4588 2164 4641 Romana

710 4664 947 4718 Ecclesia
971 4666 1020 4714 et
1050 4660 1401 4724 collaudavit,
1433 4664 1481 4712 et
1502 4660 1743 4728 ﬁrmiter
1767 4662 1923 4711 tenet.

538 4756 649 4823 (Ea:
700 4752 899 4807 decret.
986 4750 1200 4814 Pelagii
1276 4747 1479 4818 papae.)
1550 4745 1815 4814 Pelagius
1890 4744 2164 4799 Romanae

468 4842 727 4898 Ecclesia:
788 4847 842 4895 et
892 4838 1216 4909 apostolicae
1280 4835 1431 4889 sedis
1498 4834 1817 4904 episcopus,
1880 4831 2164 4885 universis

467 4929 901 4988 Germaniarum
951 4933 1121 4996 atque
1152 4923 1463 4979 Galliarum
1502 4920 1805 4990 regionum
1856 4919 2159 4990 episcopis.

467 5022 609 5076 Cum
640 5021 699 5073 in
752 5015 852 5071 Dei
891 5016 1127 5069 nomine
1175 5012 1234 5065 in
1284 5010 1539 5064 Romana
1591 5007 1837 5061 Ecclesia
1883 5008 2164 5078 synodum

467 5110 867 5179 episcoporum
929 5103 1046 5156 sive
1113 5105 1452 5154 caeterorum
1514 5096 1986 5151 consacerdotum
2065 5095 2165 5150 Dei

467 5198 721 5250 ﬁdelium
779 5194 1182 5262 congregatam
1229 5184 1646 5251 habuissemus,
1696 5189 1752 5239 et
1790 5186 1857 5239 de
1891 5183 2163 5238 Ecclesia-

469 5284 619 5338 sticis
650 5282 896 5348 statutis,
930 5284 994 5333 ut
1021 5282 1153 5330 sunt
1195 5275 1263 5329 ab
1296 5274 1570 5345 apostolis
1593 5279 1649 5327 et
1675 5290 1708 5327 a
1740 5273 1948 5328 sanctis
1980 5272 2166 5328 Patri-

467 5373 574 5427 bus
637 5373 865 5436 tradita,
931 5366 1265 5436 diligentius
1330 5368 1723 5431 tractaremus,
1781 5378 2164 5434 supervenere

466 5462 691 5526 litterae,
741 5463 961 5522 vestrae,
1029 5462 1085 5509 et
1135 5460 1195 5509 ut
1249 5452 1434 5524 magis
1497 5457 1686 5507 essent
1732 5451 2161 5519 auctoritativze,

468 5553 643 5608 etiam
672 5549 815 5604 vivae
851 5560 1014 5601 voces
1052 5547 1471 5615 processerunt,
1506 5544 1771 5613 rogantes
1801 5544 1864 5594 ut
1901 5540 2163 5596 ordinem

1520 308 1930 366 BURCHARIH
1969 305 2503 363 WORMACIENSIS
2543 302 2879 360 EPISCOPI.
3791 310 3878 361 688

2168 432 2215 484 A
2252 428 2662 499 praefationum
2694 443 2863 497 quem
2892 436 3082 480 sancta
3109 428 3364 481 Romana
3394 426 3621 480 Ecclesia
3648 428 3881 484 hactenus

2250 516 2506 581 haberet,
2560 515 2768 569 nostris
2813 515 3014 568 litteris
3060 514 3221 569 vobis
3266 515 3727 571 remandaremus.
3754 518 3884 573 Tunc

2250 590 2321 657 de
2364 610 2552 658 vestra
2610 603 2901 657 voluntate
2954 609 3012 656 et
3059 604 3245 658 studio
3314 608 3431 656 tam
3490 603 3632 656 bono
3679 606 3883 660 multum

2250 692 2431 761 gavisi
2471 708 2690 758 sumus,
2751 707 2976 746 sacrum
3042 692 3304 746 ordinem
3361 691 3687 755 Romanum,
3733 709 3887 748 sacra-

2250 795 2363 850 que
2393 780 2703 833 constituta
2732 785 3057 834 nostrorum
3085 785 3505 833 antecessorum
3537 780 3751 834 solerter
3770 782 3888 836 rele-

2251 874 2470 938 gentes,
2487 868 2811 923 invenimus
2833 868 2935 921 has
2948 884 3152 921 novem
3174 867 3531 937 praefationes
3545 867 3599 920 in
3618 875 3889 923 sacrocata-

2250 936 2382 1026 logo
2415 956 2818 1011 tantummodo
2851 936 3227 1026 recipiendas,
3278 970 3423 1025 quas
3461 956 3624 1024 longe
3666 959 3800 1007 retro
3824 969 3890 1006 ve-

2250 1049 2450 1110 tustas,
2496 1044 2556 1098 in
2613 1046 2871 1100 Romana
2926 1043 3177 1097 Ecclesia
3230 1044 3506 1096 hactenus
3568 1043 3801 1095 servavit.
3844 1042 3888 1095 ld

2252 1138 2356 1197 est,
2390 1148 2564 1186 unam
2595 1133 2655 1186 in
2696 1133 2841 1187 albis
2872 1132 3253 1186 Paschalibus.
3288 1132 3473 1185 Aliam
3503 1130 3571 1183 de
3598 1130 3891 1183 Ascensione

2254 1220 2502 1275 Domini.
2534 1221 2786 1274 Tertiam
2831 1220 2898 1273 de
2944 1221 3293 1274 Pentecoste.
3346 1219 3611 1283 Quartam
3641 1218 3703 1271 de
3744 1218 3891 1271 Natali

2255 1309 2501 1363 Domini.
2557 1308 2827 1373 Quintam
2876 1308 2946 1362 de
2992 1308 3361 1378 Apparitione
3427 1307 3663 1360 Domini.
3709 1306 3893 1361 Sextam

2253 1398 2322 1452 de
2349 1397 2651 1466 Apostolis.
2679 1396 2992 1466 Septimam
3026 1397 3095 1449 de
3139 1401 3334 1449 sancta
3361 1395 3647 1448 Trinitate.
3675 1394 3892 1449 Octavam

2252 1486 2321 1539 de
2350 1488 2550 1539 Cruce.
2585 1486 2804 1538 Nonam
2836 1486 2904 1538 de
2947 1485 3171 1554 jejunio
3220 1483 3281 1537 in
3329 1481 3758 1552 Quadragasima
3795 1488 3890 1535 tan-

2250 1573 2552 1627 tummodo
2585 1573 2900 1627 dicendam.
2934 1573 3047 1625 Has
3085 1570 3453 1642 praefationes
3495 1575 3646 1624 tenet
3671 1576 3721 1623 et
3746 1576 3891 1622 custo-

2254 1662 2336 1717 dit
2366 1666 2555 1716 sancta
2587 1662 2843 1716 Romana
2888 1661 3151 1715 Ecclesia.
3186 1662 3296 1715 Has
3326 1659 3604 1713 tenendas
3640 1674 3748 1713 esse
3772 1658 3893 1712 vobis

2257 1751 2616 1805 mandamus.

2258 1870 2387 1923 CAP.
2436 1869 2581 1923 LXX.
2632 1897 2703 1906 —
2753 1868 2833 1921 De
2873 1866 3241 1922 sacerdotibus
3286 1868 3583 1921 Missurum
3628 1870 3825 1933 tempore
3859 1865 3897 1919 si

2529 1938 2880 2007 aegritudinis
2907 1940 3111 2006 aliquis
3139 1942 3355 1991 eventus
3380 1938 3676 1990 accesserit.

2331 2042 2449 2112 (Ea:
2470 2044 2655 2096 concil.
2694 2043 2932 2096 Toletan.
2976 2044 3027 2095 8.
3082 2056 3202 2110 cap.
3254 2043 3328 2106 2.)
3363 2040 3519 2094 Nihil
3567 2043 3749 2092 contra
3771 2036 3894 2091 ordi-

2258 2146 2360 2183 nes
2402 2135 2676 2185 statutum
2736 2128 3073 2183 temeritatis
3120 2145 3264 2182 ausu
3311 2135 3706 2199 praesumetur,
3751 2141 3895 2194 neque

2258 2217 2356 2271 illa
2385 2234 2514 2288 quas
2543 2233 2766 2271 summa
2795 2217 3160 2271 veneratione
3208 2224 3537 2281 censentur,
3586 2217 3668 2268 vel
3709 2214 3897 2267 minimo

2257 2306 2726 2377 praesumptionis
2765 2310 2917 2359 tactu
2959 2306 3275 2370 solvantur,
3324 2321 3459 2358 cum
3509 2304 3687 2358 adhuc
3724 2307 3898 2355 tantum

2262 2395 2387 2448 ﬁeri
2429 2394 2590 2464 jussa
2638 2400 2792 2459 sunt,
2844 2410 2949 2447 nec
2990 2394 3309 2464 interrupta
3360 2400 3692 2457 noscuntur,
3720 2406 3780 2443 ne
3806 2390 3900 2442 lan-
3990 2410 3991 2421 π

2260 2483 2457 2552 guoris
2488 2489 2790 2553 proventu,
2825 2482 3025 2536 robore
3052 2483 3253 2535 salutis
3285 2488 3492 2534 natura
3525 2481 3777 2550 privetur.
3808 2478 3905 2531 Non

2259 2587 2398 2641 ergo
2424 2571 2608 2624 solum
2639 2570 2933 2640 fragilitati
2971 2570 3291 2623 consulitur
3338 2570 3626 2634 humanae,
3656 2568 3744 2621 sed
3766 2565 3901 2620 etiam

2261 2659 2435 2713 sacris
2467 2660 2868 2729 mysteriorum
2921 2660 3040 2722 Dei,
3075 2658 3459 2728 providentur
3510 2658 3708 2711 habere
3744 2653 3908 2708 sollici-

2262 2748 2545 2802 tudinem.
2600 2747 2939 2802 Censuimus
3000 2747 3180 2816 igitur
3233 2747 3544 2800 convenire
3598 2750 3675 2809 ut,
3742 2758 3851 2797 cum
3884 2758 3909 2792 a

2263 2836 2650 2891 sacerdotibus
2711 2836 3000 2890 Missarum
3068 2841 3331 2905 tempore
3414 2839 3608 2888 sancta
3690 2822 3912 2902 mysteria

2263 2930 2684 2993 consecrantur,
2723 2925 2768 2977 si
2801 2924 3162 2995 aegritudinis
3189 2924 3405 2977 accidat
3434 2924 3675 2993 quilibet
3700 2926 3909 2985 eventus,

2261 3028 2377 3083 quo
2416 3017 2664 3083 coeptum
2713 3017 2960 3084 nequeat
3000 3011 3444 3065 consecrationis
3494 3010 3701 3081 expleri
3744 3013 3910 3080 myste-

2264 3102 2441 3163 rium,
2488 3102 2561 3154 sit
2609 3101 2851 3154 Iiberum
2894 3100 3159 3171 episcopo
3200 3100 3286 3153 vel
3335 3100 3687 3170 presbytero,
3725 3104 3778 3151 ut
3803 3098 3912 3150 alter

2262 3189 2748 3244 consecrationem
2779 3190 3005 3259 expleat
3039 3188 3210 3243 ofﬁcii
3241 3189 3429 3258 ccepti.
3472 3190 3590 3243 Non
3623 3187 3761 3239 enim
3791 3181 3907 3237 aliud

2264 3280 2335 3332 ad
2357 3280 2823 3349 supplementum
2854 3277 3094 3331 initiatis
3122 3277 3405 3348 mysteriis
3454 3277 3735 3347 competit,
3775 3286 3908 3343 quam

2264 3372 2364 3420 aut
2402 3366 2728 3437 incipientis
2793 3371 2895 3419 aut
2937 3366 3333 3436 subsequentis
3401 3363 3737 3435 complenda
3779 3362 3907 3414 bene-

2266 3456 2520 3510 dictione
2572 3454 2902 3521 saeerdotis,
2945 3455 3080 3525 quia
3141 3470 3247 3508 nec
3293 3454 3551 3524 perfecta
3612 3450 3776 3505 videri
3817 3463 3909 3519 pos-

2266 3549 2419 3607 sunt,
2469 3544 2578 3598 nisi
2635 3543 3003 3613 perfectionis
3073 3543 3278 3596 ordine
3340 3543 3750 3613 compleantur.
3806 3539 3908 3590 Cum

2266 3634 2421 3687 enim
2442 3633 2619 3687 simus
2648 3647 2849 3686 omnes
2867 3647 3049 3686 unum
3076 3632 3135 3685 in
3166 3632 3413 3697 Christo,
3447 3631 3593 3685 nihil
3616 3626 3909 3684 contrarium

2267 3722 2563 3776 diversitas
2595 3720 2822 3789 format,
2857 3720 2953 3774 ubi
2984 3719 3294 3773 efﬁcaciam
3332 3717 3728 3790 prosperitatis
3766 3714 3908 3768 unitas

2265 3809 2400 3864 tidei
2467 3814 2858 3881 repraesentat.
2926 3809 3086 3872 Quod
3146 3808 3320 3862 etiam
3381 3809 3709 3861 consultum
3767 3798 3908 3857 cuncti

2267 3898 2486 3953 ordinis
2533 3897 2726 3951 clerici
2775 3896 3021 3951 inditum
3066 3897 3150 3950 vel
3201 3896 3493 3951 indultum
3545 3912 3664 3949 esse
3699 3893 3790 3947 sibi
3827 3902 3905 3943 non

2267 3987 2585 4057 ambigant,
2633 3986 2753 4052 sed,
2803 3990 2888 4053 ut,
2944 3986 3302 4055 praemissum
3351 3990 3458 4049 est,
3512 3979 3905 4055 praecedentibus

2272 4076 2462 4130 statim
2513 4076 2611 4129 alii
2661 4091 2766 4145 pro
2811 4075 3235 4143 complemento
3284 4075 3612 4128 succedant.
3664 4074 3735 4126 Ne
3767 4076 3907 4123 tamen

2269 4164 2423 4235 quod
2484 4169 2703 4217 natura:
2760 4162 3051 4233 languoris
3102 4177 3271 4215 causa
3322 4161 3667 4226 consulitur,
3707 4159 3760 4212 in
3803 4168 3907 4226 pm.

2189 4267 2232 4320 ι)
2272 4252 2618 4322 sumptionie
2648 4252 2957 4321 perniciem
2986 4255 3370 4316 convertatur,
3394 4251 3593 4305 nullus
3619 4254 3745 4320 post
3768 4245 3913 4299 cibum

2269 4342 2586 4409 potumque
2614 4337 2728 4391 sive
2758 4338 3049 4407 quodlibet
3089 4338 3395 4392 minimum
3433 4344 3726 4409 sumptum
3769 4333 3915 4388 Missas

2269 4426 2475 4491 facere,
2508 4427 2817 4497 nullusque
2857 4427 3072 4496 absque
3095 4428 3344 4496 patentis
3377 4433 3661 4496 proventu
3693 4419 3918 4479 molestia

2269 4514 2533 4568 minister
2557 4515 2647 4567 vel
2677 4514 2936 4568 sacerdos
2964 4529 3096 4568 cum
3129 4515 3383 4586 coeperit,
3417 4514 3748 4586 imperfecta
3773 4506 3920 4562 ofﬁcia

2270 4607 2582 4672 praesumat
2610 4602 2846 4656 omnino
2888 4602 3236 4673 relinquere.
3282 4603 3337 4657 Si
3369 4604 3503 4673 quis
3533 4604 3656 4657 hac
3690 4607 3924 4654 temerare

2270 4690 2722 4761 praesumpserit,
2770 4691 3378 4745 excommunicationis
3411 4691 3748 4746 sententiam
3793 4681 3925 4739 susti-

2274 4778 2453 4834 nebit.

2689 4904 2817 4959 CAP.
2844 4904 3015 4960 LXXI.
3052 4935 3121 4943 —
3150 4908 3224 4959 De
3260 4904 3443 4959 eadem
3471 4920 3551 4959 re.

2346 5011 2452 5075 (Ex
2481 5010 2677 5065 decret.
2722 5012 2979 5066 Anacleti
3022 5012 3224 5083 papae.)
3255 5012 3590 5067 Sacerdotes
3628 5006 3839 5080 quando
3864 5016 3927 5054 δι’

2272 5098 2549 5164 criﬁrant,
2610 5115 2725 5153 non
2784 5099 2891 5153 soli
2952 5100 3062 5153 hoc
3113 5115 3283 5169 agere
3356 5100 3592 5165 debent,
3655 5096 3747 5151 sed
3790 5095 3925 5145 testes

2273 5202 2466 5241 secum
2501 5188 2769 5253 habeant,
2806 5193 2866 5241 ut
2909 5189 3021 5242 Deo
3050 5186 3299 5258 perfecte
3330 5187 3390 5241 in
3443 5185 3678 5240 sacratis
3730 5179 3923 5237 Domino

2274 5275 2414 5329 locis
2470 5277 2788 5330 sacriﬁcare
2846 5276 3184 5346 probentur.
3238 5276 3329 5330 Ait
3368 5291 3619 5345 namque
3667 5268 3921 5326 auctoritas

2273 5363 2415 5433 legis
2468 5364 2713 5419 divinae:
2789 5365 2927 5418 Vide
2985 5381 3055 5418 ne
3113 5364 3319 5418 offeras
3378 5364 3708 5418 holocausta
3754 5365 3837 5412 tua
3878 5351 3919 5404 in

2272 5454 2431 5509 omni
2459 5454 2584 5509 loco
2640 5470 2811 5527 quem
2861 5453 3085 5521 videris,
3130 5454 3233 5509 sed
3259 5454 3473 5509 inloco
3504 5466 3681 5522 quem
3727 5439 3921 5516 elegerit

2273 5542 2553 5597 Dominus
2581 5542 2734 5598 Deus
2757 5547 2908 5597 tuus.
