4028 6190
143 303 250 354 689

1133 292 1612 352 DECRETORUM
1659 291 1850 348 LIBRI
1885 293 1999 350 XX.
2035 326 2106 336 —
2139 297 2350 354 LIBER
2389 297 2702 354 TERTIUS.

3579 311 3684 363 690

147 427 270 480 Car.
317 421 513 478 LXXII.
559 451 630 495 -τ
665 421 748 474 De
773 421 1106 490 presbyteris
1150 422 1247 495 qui
1276 416 1608 495 (temonibus
1637 417 1858 495 _variis-
1892 423 1939 470 A
1981 419 2298 488 spiritalem
2331 425 2499 490 atque
2534 423 2841 474 carnalem.
2889 423 3050 486 Quod
3091 431 3370 495 quantum
3403 429 3474 482 sit
3526 433 3687 485 omni

215 511 315 564 que
357 493 711 560 pussionibus
743 499 1038 552 vexantur,
1091 493 1232 562 quod
1281 492 1395 542 illis
1435 503 1594 540 sacra
1628 492 1868 540 tractare

211 581 314 618 non
347 567 525 616 liceat.

217 653 332 720 (Ea:
375 651 575 704 decret.
619 653 708 706 l'ii
734 667 920 721 papae,
960 667 1080 720 cap.
1116 652 1194 720 6.)
1238 652 1386 704 Bene
1422 644 1706 714 siquidem
1743 659 1865 697 ma-

141 743 328 812 jorum
381 741 602 810 regulis
658 741 966 794 deﬁnitum
1018 748 1214 805 estut,
1275 735 1575 791 daemoniis
1623 733 1865 802 aliisque

149 830 505 901 passionibus
571 829 842 894 irrctitis,
903 831 1176 900 mysteria
1234 843 1392 880 sacra
1445 829 1688 876 tractare
1747 838 1865 876 non

147 922 332 974 liceat.
395 917 498 972 Cui
531 924 850 988 [‘ireecvpto,
904 935 1182 971 consensu
1229 913 1465 969 rationis
1495 910 1774 975 adhibito,
1807 911 1864 964 id

149 1008 530 1062 communiter
564 1007 960 1070 detinivimus,
1011 1009 1076 1059 ut
1106 1007 1294 1058 nullus
1328 1005 1397 1057 de
1431 1001 1516 1054 his
1550 1000 1650 1070 qui
1679 1007 1778 1052 aut
1807 1001 1868 1053 in

149 1105 350 1150 terram
405 1096 630 1164 arrepti
675 1113 708 1148 a
763 1096 1126 1148 dazmonibu+
1177 1095 1488 1158 eliduntur,
1546 1093 1646 1142 aut
1685 1089 1870 1158 quoli-

151 1187 238 1240 bet
263 1185 438 1239 modo
487 1183 824 1236 vexationis
875 1183 1198 1236 incursibus
1242 1182 1584 1246 efferuntur,
1639 1179 1724 1232 vel
1772 1195 1867 1231 sa-

150 1275 250 1328 cris
296 1273 548 1326 audeant
601 1272 939 1325 ministrare
989 1272 1282 1338 altaribus,
1328 1271 1416 1323 vel
1459 1266 1763 1322 iudiscussi
1810 1284 1868 1321 se

151 1361 348 1416 divinis
379 1361 664 1428 ingerent
711 1359 1108 1426 sacramentis,
1156 1357 1408 1427 exceptis
1437 1355 1552 1408 illis
1599 1355 1697 1424 qui
1744 1371 1866 1408 cor-

151 1465 347 1520 porum
409 1447 1006 1502 incommoditatibus
1069 1446 1264 1512 dediti,
1337 1445 1459 1497 sine
1531 1444 1869 1514 bujusmodi

151 1537 510 1608 passionibus
539 1535 604 1588 in
638 1540 860 1588 terram
911 1535 1311 1604 approbantur
1355 1531 1500 1585 elisi.
1535 1532 1643 1595 Qui
1673 1537 1868 1585 tamen

151 1631 208 1678 et
245 1625 357 1696 ipsi
388 1625 602 1678 tandiu
658 1629 828 1676 erant
873 1623 941 1675 ab
987 1623 1160 1675 ofﬁcii
1203 1622 1290 1675 sui
1325 1626 1380 1673 et
1411 1620 1610 1674 ordine
1641 1625 1698 1673 et
1743 1621 1866 1674 loco

153 1713 425 1783 suspensi,
473 1728 796 1782 quousque
847 1712 1020 1764 unius
1066 1710 1200 1763 anni
1251 1709 1458 1780 spatio,
1510 1725 1612 1779 per
1660 1709 1866 1762 discre-
1903 1706 1941 1758 Β

155 1804 360 1856 tionem
411 1800 678 1872 episcopi
725 1799 1097 1852 inveniantur
1143 1799 1212 1852 ab
1251 1799 1487 1851 incursu
1537 1798 1866 1852 damonum

155 1891 334 1946 alieni.

581 1977 716 2030 CAP.
757 1975 990 2030 LXXIII.
1030 1978 1104 2030 De
1141 1975 1330 2028 eadem
1359 1989 1433 2028 re.

223 2067 337 2136 (Ea:
368 2067 570 2121 decret.
625 2066 873 2120 Sotheris
911 2079 1094 2132 papa,
1127 2079 1246 2132 cap.
1297 2065 1370 2124 8.)
1407 2062 1476 2116 Ut
1504 2061 1644 2116 illud
1689 2061 1869 2114 divini

158 2156 364 2210 oraculi
409 2154 714 2208 monentis
753 2151 969 2222 singuli
1001 2154 1361 2220 praecaveant
1391 2165 1506 2220 quo
1553 2150 1818 2204 scribitur
1853 2167 1864 2202 :

155 2247 246 2300 Va:
275 2243 396 2310 soli,
449 2243 610 2314 quia,
661 2257 796 2294 cum
847 2240 1134 2304 ceciderit,
1183 2255 1300 2292 non
1348 2238 1522 2291 habet
1567 2239 1866 2291 sublevan-

155 2339 266 2387 tem
297 2350 309 2386 :
342 2345 722 2400 summopere
761 2331 1079 2381 verendum
1112 2331 1196 2380 est
1229 2327 1392 2380 nobis
1427 2331 1483 2378 et
1528 2327 1866 2392 cavendum,

154 2438 224 2476 ne
288 2421 443 2476 horis
509 2420 624 2472 illis
693 2423 868 2486 atque
933 2415 1292 2485 temporibus
1360 2415 1572 2485 quibus
1623 2415 1868 2468 Domino

153 2511 430 2582 psallitur,
475 2509 564 2561 vel
619 2506 994 2570 sacriﬁcatur,
1053 2504 1364 2573 unicuique
1412 2503 1624 2556 divinis
1681 2504 1872 2572 singu-

153 2600 346 2654 lariter
393 2597 597 2652 ofﬁciis
655 2594 966 2660 insistenti,
1019 2593 1342 2662 perniciosa
1391 2593 1582 2662 passio
1614 2593 1702 2646 vel
1737 2608 1870 2645 cor—

153 2685 309 2758 poris
360 2685 632 2757 quzelibet
680 2681 946 2734 valetudo
995 2687 1272 2747 occurrat,
1330 2696 1464 2751 quas
1518 2685 1620 2734 aut
1662 2695 1868 2748 corpus

157 2775 341 2830 subito
392 2774 590 2828 subrui
645 2771 840 2838 faciat,
896 2774 992 2821 aut
1054 2773 1312 2824 mentem
1375 2767 1728 2822 alienatione
1781 2767 1870 2820 vel

155 2871 372 2918 terrore
396 2861 730 2916 confundat.
760 2860 867 2912 Pro
899 2857 1230 2927 bujusmodi
1270 2873 1414 2926 ergo
1448 2859 1689 2912 ausibus
1721 2871 1872 2926 pra:-

159 2958 434 3016 caventes,
493 2947 885 3004 necessarium
943 2945 1206 2998 duximus
1263 2947 1568 3000 instituere
1637 2950 1716 3012 ut,
1773 2943 1869 2996 ubi

158 3040 436 3111 temporis
479 3039 564 3091 vel
599 3036 732 3100 loci,
791 3033 906 3086 sive
955 3032 1090 3086 clcri
1137 3034 1302 3104 copia
1342 3034 1715 3105 suffragatur,
1763 3033 1871 3086 ha-

163 3131 292 3184 beat
320 3127 579 3199 quisquis
625 3125 724 3178 ille
755 3138 966 3176 canens
1015 3123 1128 3174 Deo
1159 3127 1333 3193 atque
1361 3124 1694 3176 sacriﬁcans
1745 3127 1872 3190 post

163 3236 220 3272 se
251 3217 420 3270 vicini
449 3213 751 3268 solaminis
803 3211 1123 3280 adjutorem
1153 3224 1166 3262 :
1201 3215 1266 3262 ut
1298 3211 1342 3263 si
1374 3211 1568 3280 aliquo
1602 3223 1740 3261 casu
1775 3207 1870 3258 ille

165 3305 264 3376 qui
291 3303 476 3358 ofﬁcia
507 3301 854 3370 impleturus
885 3296 1098 3350 accedit
1141 3298 1404 3352 turbatus
1433 3297 1630 3362 fuerit,
1664 3295 1750 3347 vel
1800 3295 1870 3348 ad

166 3399 376 3448 terram
407 3392 602 3454 elisus,
639 3405 672 3440 a
708 3393 872 3456 tergo
905 3401 1131 3454 semper
1161 3387 1370 3438 habeat
1401 3387 1498 3456 qui
1535 3385 1660 3454 ejus
1693 3382 1866 3435 vicem

169 3487 512 3552 exsequatur
577 3475 925 3546 intrepidus,
993 3479 1050 3527 et
1102 3473 1354 3528 ofﬁcium
1409 3476 1706 3542 inceptum
1773 3471 1868 3524 ad-

167 3572 423 3640 impleat.

169 3661 295 3715 CAP.
335 3657 556 3713 LXXIV.
589 3685 658 3693 —
695 3656 771 3708 De
817 3651 1147 3775 preslbgteris
1182 3652 1277 3720 qui
1315 3650 1418 3704 soli
1461 3651 1662 3703 Missas
1704 3645 1874 3698 solent

874 3738 928 3775 ce
953 3739 978 3774 e
1015 3737 1156 3774 rare.

874 3737 1156 3776 celebrare.

243 3819 354 3878 (Ea:
396 3815 596 3880 eodem,
657 3791 781 3880 cap.
843 3808 954 3880 10.)
1001 3811 1112 3863 Hoc
1163 3823 1395 3879 quoque
1455 3809 1736 3859 statutum
1789 3809 1876 3856 est

173 3909 241 3960 ut
285 3905 479 3958 nullus
523 3901 990 3971 presbyterorum
1037 3897 1330 3950 Missarum
1387 3893 1667 3948 solemnia
1721 3893 1873 3945 cele-

175 3997 344 4049 brare
395 3994 728 4062 praesumat,
782 3986 892 4040 nisi
948 3986 1167 4040 duobus
1221 3984 1594 4052 praesentibus
1648 3981 1874 4052 sibique

177 4080 658 4152 respondentibus
723 4076 844 4145 ipse
911 4074 1113 4127 tertius
1175 4073 1472 4136 habeatur,
1539 4071 1677 4142 quia
1743 4087 1874 4123 cum

177 4167 479 4239 pluraliter
518 4166 586 4219 ab
626 4181 693 4217 eo
744 4161 948 4215 dicitur
980 4177 992 4214 :
1030 4179 1057 4210 «
1089 4161 1362 4213 Dominus
1409 4159 1724 4222 vobiscum,
1759 4177 1785 4208 »
1821 4162 1876 4210 et

173 4257 316 4310 illud
351 4255 409 4308 in
455 4252 696 4308 Secretis
731 4267 745 4304 :
786 4267 812 4300 α
847 4249 1010 4303 Orate
1045 4263 1146 4317 pro
1197 4262 1306 4310 me,
1343 4265 1367 4296 η
1402 4246 1697 4316 aptissime
1729 4261 1870 4298 con-
1903 4263 1946 4318 ι)

177 4345 356 4408 venit,
391 4348 456 4394 ut
485 4348 541 4394 et
567 4340 745 4410 ipsius
775 4337 1190 4407 respondeatur
1221 4335 1572 4388 salutationi.

177 4435 308 4488 CAP.
345 4431 534 4486 LXXV.
567 4457 639 4468 —
672 4426 752 4479 De
783 4427 892 4478 illis
941 4425 1036 4491 qui
1076 4422 1358 4488 conjugati
1395 4422 1702 4492 presbyteri
1731 4421 1876 4474 obla-

769 4499 934 4549 tiones
962 4495 1282 4563 spreverint.

252 4592 368 4660 (Ea:
423 4587 608 4642 concil.
669 4585 920 4650 Agathen
952 4624 967 4651 ,
1025 4597 1144 4650 cap.
1199 4581 1278 4648 8.)
1334 4577 1392 4632 Si
1444 4575 1571 4647 quis
1623 4577 1877 4631 decernit

177 4677 576 4750 presbyterum
620 4675 987 4742 conjugatum
1019 4675 1292 4738 tanquam
1329 4665 1621 4720 occasione
1653 4666 1876 4736 nuptia-

179 4782 310 4821 rum
357 4763 509 4834 quod
540 4762 744 4815 oﬁ‘erre
795 4775 905 4812 non
955 4758 1176 4822 debeat,
1211 4761 1267 4809 et
1323 4755 1392 4808 ab
1433 4755 1556 4824 ejus
1591 4753 1876 4807 oblatione

177 4856 308 4908 ideo
343 4869 401 4904 se
433 4853 697 4910 abstinet,
733 4849 1039 4900 anathema
1073 4845 1164 4897 sit.

179 4944 307 4998 CAP.
351 4939 561 4994 LXXVI.
615 4969 683 4976 —
728 4939 794 4992 Ut
855 4935 1157 5003 presbyteri
1217 4931 1602 4986 communicent
1645 4932 1876 5000 quoties-

599 5023 806 5076 cunque
835 5008 1032 5060 Missas
1057 5004 1461 5057 celebraverint.

257 5103 368 5166 (Ea:
395 5097 581 5152 concil.
629 5096 970 5161 Rothomag.,
1023 5108 1145 5159 cap.
1194 5091 1276 5157 2.)
1311 5091 1534 5144 Dictum
1584 5095 1670 5140 est
1713 5085 1880 5140 nobis

185 5188 342 5258 quod
375 5185 606 5256 quidam
640 5181 956 5253 presbyteri
993 5179 1274 5232 celebrata
1309 5177 1472 5231 Missa
1503 5177 1881 5230 detrectantes

185 5276 299 5345 ipsi
331 5289 553 5328 sumere
599 5272 794 5325 divina
822 5267 1094 5340 myste'ria
1141 5283 1272 5336 quas
1302 5270 1726 5330 consecrarunt,
1759 5264 1883 5317 cali-

185 5379 313 5418 cem
346 5361 570 5416 Domini
602 5359 952 5414 mulierculis
983 5372 1110 5426 quae
1145 5355 1213 5408 ad
1248 5354 1441 5408 Missas
1482 5353 1730 5406 offerunt
1759 5357 1882 5404 tra—

187 5454 348 5514 dant,
403 5451 490 5503 vel
543 5447 888 5518 quibusdam
951 5444 1109 5498 laicis
1162 5442 1260 5513 qui
1317 5441 1627 5511 dijudicare
1679 5456 1884 5509 corpus

189 5539 428 5596 Domini
489 5537 770 5602 nesciunt,
823 5535 880 5589 id
939 5539 1044 5600 est,
1101 5533 1420 5586 discernere
1481 5531 1629 5583 inter
1691 5529 1882 5583 cibum

1981 507 2390 561 Ecclesiasticas
2439 509 2700 577 religioni
2758 513 3128 575 contrarium,
3193 515 3372 583 pietas
3423 517 3682 574 ﬁdelium

1981 595 2157 648 novit.
2223 597 2390 651 Unde.
2437 597 2704 649 omnibus
2763 600 3108 670 presbyteris
3167 603 3566 657 interdicimus
3623 611 3686 660 ut

1979 685 2174 736 nullus
2205 683 2261 735 in
2305 689 2594 751 posterum
2629 685 2736 736 hoc
2785 686 2967 739 facere
2997 697 3332 758 praesumat,
3385 693 3482 745 sed
3541 695 3681 763 ipse,

1980 785 2112 823 cum
2162 772 2480 824 reverentia
2528 780 2735 856 sumat,
2792 781 2846 826 et
2892 776 3132 830 diacono
3181 785 3279 831 aut
3333 781 3682 834 subdiacono

1981 859 2082 927 qui
2143 860 2392 912 ministri
2457 866 2590 912 sunt
2649 863 2842 914 altaris
2898 866 3216 934 colligenda
3275 870 3474 922 tradat.
3539 870 3680 922 Illud

1981 947 2159 1000 etiam
2206 949 2460 1000 attendat
2511 953 2574 1000 ut
2619 966 2716 1002 eos
2762 953 2994 1020 propria
3047 957 3222 1006 manu
3272 961 3677 1010 communiret.

1983 1034 2136 1087 Nulli
2167 1043 2356 1089 autem
2391 1038 2532 1089 laico
2562 1043 2660 1090 aut
2693 1039 2920 1093 feminae
2953 1041 3367 1097 Eucharistiam
3403 1046 3456 1096 in
3494 1047 3680 1098 mani—

1981 1123 2088 1176 bus
2122 1131 2316 1192 ponat,
2355 1125 2451 1177 sed
2483 1131 2706 1177 tantum
2739 1127 2796 1177 in
2835 1145 2895 1179 os
2927 1131 3048 1197 ejus
3080 1145 3208 1182 cum
3239 1131 3324 1183 his
3355 1133 3543 1184 verbis
3579 1150 3680 1201 po-

1983 1217 2082 1264 nat
2116 1227 2128 1264 :
2167 1213 2382 1281 Corpus
2421 1213 2643 1265 Domini
2677 1219 2732 1266 et
2761 1217 2992 1284 sanguis
3025 1217 3205 1286 prosit
3241 1219 3345 1272 tibi
3379 1220 3445 1272 ad
3478 1221 3680 1272 remis-

1982 1301 2207 1352 sionem
2257 1305 2624 1369 peccatorum
2681 1307 2737 1354 et
2782 1303 2851 1355 ad
2883 1303 3052 1356 vitam
3106 1311 3398 1359 zeternam.
3453 1308 3512 1360 Si
3553 1308 3681 1377 quis

1983 1389 2108 1441 haec
2151 1393 2540 1458 transgressus
2581 1389 2772 1454 fuerit,
2823 1391 2957 1460 quia
3004 1392 3184 1444 Deum
3227 1394 3681 1463 omnipotentem

1982 1477 2321 1542 contemnit,
2383 1482 2436 1529 et
2475 1483 2756 1546 quantum
2807 1479 2862 1530 in
2921 1480 3044 1548 ipso
3100 1487 3182 1534 est
3227 1481 3552 1550 inhonorat,
3610 1484 3680 1538 ab

1983 1565 2151 1618 altari
2182 1571 2558 1618 removeatur.

2361 1654 2485 1707 CAP.
2523 1655 2769 1708 LXXVII.
2811 1685 2880 1693 —
2911 1658 2983 1708 De
3011 1655 3192 1708 eadem
3225 1673 3299 1710 re.

2053 1741 2162 1813 (Ea:
2189 1745 2347 1811 epist.
2385 1745 2642 1797 Anacleti
2687 1759 2864 1812 papae,
2898 1759 3018 1811 cap.
3056 1747 3162 1808 12.)
3217 1746 3442 1797 Peracta
3485 1750 3678 1801 autem

1980 1832 2408 1884 consecratione
2474 1847 2675 1884 omnes
2741 1831 3172 1884 communicent
3229 1833 3328 1901 qui
3387 1834 3680 1889 noluerint

1980 1919 2372 1972 ecclesiasticis
2419 1935 2612 1972 carere
2663 1919 2978 1972 liminibus.
3013 1919 3101 1973 Sic
3148 1921 3301 1972 enim
3343 1926 3397 1974 et
3423 1923 3680 1991 Apostoli

1980 2012 2322 2072 statuerunt,
2373 2011 2430 2060 et
2457 2012 2650 2060 sancta
2701 2008 2961 2061 Romana
3008 2012 3169 2062 tenet
3213 2009 3474 2062 Ecclesia.
3529 2011 3594 2064 Et
3629 2012 3678 2064 si

1977 2097 2086 2151 hoc
2115 2096 2491 2166 neglexerint,
2519 2096 2927 2160 degradentur.

2335 2185 2462 2238 Cap.
2499 2183 2788 2238 LXXVIII.
2821 2213 2890 2222 —
2925 2186 3002 2238 De
3025 2183 3208 2237 eadem
3237 2201 3315 2238 re.

2053 2273 2156 2342 (Ea:
2185 2273 2374 2326 concil.
2423 2273 2740 2336 Aureliam,
2796 2285 2915 2339 cap.
2973 2270 3077 2340 10.)
3125 2271 3403 2326 Auditum
3451 2277 3535 2326 est
3566 2275 3679 2328 ali-

1980 2377 2125 2431 quos
2170 2360 2531 2430 presbyteros
2581 2359 2804 2412 Missam
2855 2359 3142 2412 celebrare
3173 2365 3228 2412 et
3259 2377 3371 2414 non
3417 2377 3676 2416 commu-

1979 2449 2189 2516 nicare,
2251 2447 2406 2518 quod
2475 2447 2714 2500 omnino
2786 2447 2845 2499 in
2912 2446 3226 2500 canonibus
3286 2450 3676 2518 apostolorum

1977 2538 2343 2591 interdictum
2388 2553 2509 2589 esse
2542 2535 2770 2604 legitur.
2821 2535 2918 2588 Vel
2952 2535 3239 2604 quomodo
3288 2535 3476 2591 dicere
3525 2543 3678 2594 recte

1977 2630 2164 2696 potest
2210 2625 2256 2678 si
2310 2640 2426 2677 non
2472 2623 2978 2677 communicaverit
3010 2639 3022 2677 :
3059 2643 3087 2672 α
3134 2624 3513 2694 Sumpsimus,
3565 2628 3676 2682 Do-

1981 2715 2153 2780 mine,
2191 2713 2643 2766 sacramenta?»
2675 2716 2784 2765 etc.

2371 2800 2498 2853 CAP.
2535 2800 2756 2854 LXXIX.
2787 2830 2855 2838 —
2884 2800 2966 2852 De
2995 2799 3177 2852 eadem
3207 2815 3282 2853 re.

2051 2889 2168 2960 (Ea:
2198 2887 2396 2952 eodem,
2428 2903 2548 2956 cap.
2585 2887 2694 2954 ll.)
2729 2885 2786 2941 Si
2810 2887 2938 2957 quis
2971 2887 3288 2956 episcopus.
3321 2891 3419 2940 aut
3448 2890 3680 2959 presby-

1904 2983 1944 3038 C
1985 2983 2084 3040 ter,
2126 2981 2226 3031 aut
2281 2976 2572 3035 diaconus.
2607 2975 2695 3027 vel
2745 2975 2987 3046 quilibet
3034 2992 3097 3028 ex
3147 2977 3480 3030 sacerdotali
3532 2981 3680 3032 cata-

1981 3069 2114 3136 logo
2145 3066 2291 3119 facta
2318 3063 2604 3117 oblatione
2627 3079 2743 3115 non
2775 3063 3300 3126 communicaverit,
3329 3070 3425 3117 aut
3445 3081 3678 3120 causam

1978 3158 2126 3211 dicat
2157 3173 2169 3208 :
2204 3159 2262 3206 et
2303 3143 2356 3206 sI
2382 3153 2735 3206 rationabilis
2764 3153 2957 3218 fuerit,
3007 3154 3232 3207 veniam
3271 3160 3675 3225 consequatur,

1980 3247 2079 3312 aut
2110 3241 2155 3294 si
2187 3257 2303 3294 non
2351 3241 2576 3305 dixerit,
2614 3240 3022 3294 communione
3073 3242 3348 3312 privetur,
3399 3249 3678 3314 tanquam

1980 3330 2077 3401 qui
2107 3329 2321 3400 populo
2349 3343 2516 3382 causa
2544 3329 2791 3382 laesionis
2824 3329 3124 3384 exstiterit.

1980 3437 2108 3502 CAP.
2145 3436 2335 3490 LXXX.
2365 3466 2432 3473 —
2469 3437 2534 3489 Ut
2565 3437 2622 3486 in
2669 3435 2913 3488 Ecclesia
2959 3436 3103 3488 nihil
3132 3437 3290 3490 aliud
3327 3441 3528 3502 agatur
3569 3441 3680 3493 nisi

2501 3505 2562 3557 id
2591 3505 2666 3557 ad
2696 3506 2839 3572 quod
2868 3507 3022 3570 facta
3059 3513 3156 3560 est.

2053 3593 2164 3661 (Ea:
2193 3593 2357 3646 dictis
2405 3591 2672 3659 August.)
2715 3593 2776 3644 In
2827 3594 3079 3646 oratorio
3121 3599 3330 3662 praeter
3367 3597 3572 3649 orandi
3623 3601 3680 3650 et

1979 3680 2260 3753 psallendi
2295 3682 2406 3733 Deo
2439 3681 2652 3732 cultum
2689 3680 2913 3748 penitus
2945 3680 3088 3734 nihil
3111 3687 3331 3750 agatur,
3367 3687 3431 3734 ut
3457 3686 3678 3738 nomini

1982 3769 2114 3824 huic
2144 3773 2202 3821 et.
2229 3781 2403 3837 opera
2425 3766 2642 3836 jugiter
2670 3767 2932 3836 impensa
2956 3769 3324 3822 concordent.

2369 3855 2496 3909 CAP.
2531 3855 2748 3911 LXXXI.
2790 3885 2860 3894 —
2893 3858 2964 3909 De
2992 3857 3175 3910 eadem
3207 3873 3282 3911 re.

2053 3945 2160 4016 (Ea:
2191 3945 2350 3998 dictis
2401 3943 2722 4012 Benedicti.)
2772 3945 3095 3998 Oratorium
3139 3945 3246 3998 hoc
3278 3945 3349 3998 sit
3388 3947 3538 4016 quod
3591 3948 3676 4001 di-

1982 4033 2150 4098 citur,
2179 4047 2282 4084 nec
2325 4031 2405 4082 ibi
2436 4029 2754 4100 quidquam
2794 4031 2946 4084 aliud
2979 4040 3214 4102 geratur
3239 4038 3338 4086 aut
3373 4035 3674 4101 condatur,

1983 4137 2156 4192 quam
2189 4119 2396 4174 divinis
2430 4118 2718 4188 mysteriis
2749 4119 3070 4173 conveniat.

2363 4210 2489 4261 CAP.
2525 4207 2771 4262 LXXXII.
2806 4238 2872 4247 —
2896 4211 2970 4262 De
3002 4209 3186 4262 eadem
3214 4224 3290 4263 re.

2055 4300 2166 4368 (Ea:
2195 4297 2380 4351 concil.
2429 4295 2738 4362 Laodicen.,
2771 4312 2892 4365 cap.
2924 4296 3037 4367 '28.)
3083 4297 3239 4360 Quod
3275 4313 3391 4350 non
3419 4305 3680 4366 oporteat

1983 4387 2041 4439 in
2094 4384 2403 4440 domiciliis
2459 4383 2686 4448 divinis,
2751 4385 2808 4437 id
2867 4390 2968 4449 est,
3037 4385 3096 4438 in
3147 4385 3403 4439 Ecclesiis
3457 4404 3678 4458 agapen

1983 4475 2131 4538 ﬁeri,
2163 4489 2268 4528 nec
2300 4473 2450 4525 intra
2487 4471 2726 4526 domum
2779 4473 2875 4525 Dei
2905 4474 3219 4540 comedere,
3273 4478 3355 4528 vel
3388 4476 3678 4530 accubitus

1984 4569 2258 4616 sternere.

2055 4651 2184 4705 CAP.
2221 4648 2488 4702 LXXXIII.
2524 4677 2588 4687 —
2625 4651 2692 4704 Ut
2718 4649 2900 4702 nullus
2923 4651 2979 4702 in
3008 4649 3250 4704 Ecclesia
3279 4653 3603 4705 convivetur.

2059 4741 2162 4806 (Ea:
2213 4738 2399 4791 concil.
2453 4737 2735 4804 Carthag..
2800 4753 2920 4807 cap.
2963 4739 3070 4805 28.)
3131 4739 3199 4793 Ut
3247 4739 3390 4791 nulli
3430 4738 3680 4808 episcopi

1985 4827 2071 4879 vel
2103 4827 2294 4880 clerici
2345 4826 2404 4877 in
2439 4824 2685 4877 Ecclesia
2724 4827 3114 4892 conviventur,
3156 4825 3264 4880 nisi
3297 4827 3440 4880 forte
3487 4831 3678 4879 trans-

1987 4919 2188 4968 euntes
2243 4912 2472 4982 hospitii
2529 4913 2862 4967 necessitate
2909 4915 3025 4968 illic
3072 4915 3420 4970 reﬁciantur.
3475 4915 3679 4984 Populi

1988 5004 2158 5055 etiam
2191 5002 2262 5054 ab
2305 5001 2636 5070 bujusmodi
2679 5003 2970 5065 conviviis,
3006 5011 3283 5076 quantum
3313 5003 3438 5058 ﬁeri
3467 5007 3675 5074 potest,

1987 5091 2403 5161 prohibeantur
2416 5130 2429 5143 .

1991 5199 2116 5252 CAP.
2189 5197 2450 5251 LXXXIV.
2519 5226 2588 5234 —
2643 5197 2710 5250 Ut
2773 5197 2954 5250 nullus
3021 5202 3080 5253 in
3123 5203 3364 5256 Ecclesia
3431 5199 3680 5254 tabernas

2676 5269 2988 5320 constituat.

2676 5281 2798 5320 cons
2805 5281 2970 5320 ῑιιιιαι
2978 5310 2988 5320 .

2062 5358 2166 5424 (Ea:
2207 5355 2393 5432 concil.
2467 5355 2752 5420 Turonen.,
2821 5370 2940 5423 cap.
3008 5355 3086 5424 2.)
3135 5358 3426 5412 Perlatum
3483 5363 3571 5411 est
3611 5356 3680 5410 ad

1991 5447 2242 5514 sanctam
2321 5440 2601 5510 synodum
2677 5441 2830 5509 quod
2906 5441 3143 5510 quidam
3219 5447 3540 5515 presbyteri
3621 5444 3678 5496 in

1993 5527 2250 5583 Ecclesiis
2331 5526 2434 5582 sibi
2503 5527 2820 5580 commissis
2901 5527 3206 5596 tabernas,
3297 5533 3450 5601 quod
3525 5529 3682 5584 nefas
