4028 6190
365 181 461 234 691

1443 180 1854 237 BURCHARDI
1895 177 2432 236 WOBMACIENSIS
2470 180 2805 239 EPISCOPI.

3738 193 3832 244 69‘).

367 310 472 376 est,
513 305 884 374 constituant,
934 305 1130 378 ibique
1176 321 1280 376 per
1327 321 1615 377 caupones
1672 304 1874 359 vinum
1923 319 2057 358 ven-
2088 305 2130 358 A
2173 303 2607 375 transmigrare,
2678 309 2960 376 quatenus
3009 309 3065 361 et
3121 305 3190 360 ab
3252 305 3574 361 hostilitatis
3626 309 3836 364 incursu

368 395 522 456 dant,
572 399 671 448 aut
718 395 964 449 vendere
1011 394 1367 464 permittant,
1409 399 1466 448 et
1513 391 1610 446 ubi
1662 392 2064 447 tantummodo

369 483 657 537 orationes
699 487 755 535 et
783 483 1024 536 verbum
1072 481 1353 546 divinum,
1390 481 1604 552 Deique
1635 480 1760 534 laus
1801 479 2068 534 debuerit

368 587 658 636 resonare,
703 570 785 624 ibi
833 569 1271 624 comessationes
1301 573 1358 623 et
1413 569 1719 624 ebrietates
1773 569 1932 636 tiant,
1987 566 2069 621 ibi

370 660 518 713 risus
555 664 611 712 et
669 659 901 728 plausus
950 662 1006 711 et
1036 658 1206 711 verba
1258 657 1470 726 turpia,
1529 656 1610 710 ibi
1657 656 1797 710 rixa
1829 661 1886 710 et
1931 672 2066 710 con-

370 745 660 800 tentiones
696 745 993 798 resultent.
1028 743 1186 807 Quod
1233 760 1407 814 quam
1453 743 1525 797 sit
1559 745 1673 797 Deo
1719 743 2069 797 contrarium

372 833 655 890 Dominus
701 833 863 886 Jesus
911 832 1286 886 demonstrat.
1337 831 1445 896 Qui
1487 848 1616 886 cum
1662 831 1973 885 invenisset
2009 832 2070 884 in

371 923 586 992 templo
635 921 948 975 vendentes
986 926 1041 973 et
1088 927 1365 987 ementes,
1408 924 1467 973 et
1516 920 1937 974 nummularios
1983 936 2070 972 se-

372 1012 570 1066 dentes
611 1011 758 1064 facto
787 1009 1044 1063 funiculo
1091 1009 1160 1061 de
1210 1008 1508 1073 resticulis,
1551 1024 1751 1062 omnes
1799 1009 1970 1079 ejecit
1999 1009 2071 1062 de

374 1099 612 1170 templo.
648 1098 705 1154 Si
756 1098 913 1151 enim
942 1114 1007 1151 ea
1053 1113 1182 1168 qua
1229 1097 1378 1150 licite
1409 1097 1575 1150 vendi
1623 1097 1963 1151 videbantur
2010 1097 2073 1150 in

373 1188 614 1258 templo,
668 1191 724 1240 et
754 1187 823 1240 ad
853 1187 960 1239 hoc
1005 1184 1367 1254 emebantur,
1411 1185 1562 1239 utin
1609 1185 1811 1239 eodem
1855 1185 2073 1255 templo

376 1277 719 1331 oﬂ‘errentur
752 1274 1014 1339 Domino,
1050 1273 1174 1343 ipse
1207 1273 1358 1326 foras
1405 1272 1589 1342 ejecit,
1623 1273 1759 1343 quid
1809 1278 1974 1342 putas
2003 1273 2074 1326 de

375 1368 493 1417 tam
537 1362 809 1432 pestifera
852 1361 1300 1432 prasumptione
1347 1367 1404 1413 et
1438 1361 1535 1413 Dei
1567 1366 1900 1432 contemptu
1929 1361 2075 1415 ﬁet?

378 1453 448 1506 Et
491 1451 536 1504 si
587 1467 704 1504 non
765 1451 948 1503 solum
1006 1449 1393 1502 sacerdotibus
1441 1450 1538 1503 sed
1587 1449 1757 1502 etiam
1807 1449 2074 1502 omnibus

383 1538 604 1593 clericis
647 1536 1002 1608 pracipitur,
1036 1552 1106 1589 ne
1153 1537 1421 1589 tabernas
1468 1535 1867 1604 ingrediantur
1899 1553 1912 1590 :
1947 1536 2075 1607 quis

379 1625 580 1681 audire
611 1630 802 1694 potest
847 1629 912 1677 ut
937 1624 1200 1677 Ecclesia
1233 1623 1332 1676 Dei
1379 1624 1631 1677 taberna
1661 1623 1846 1677 ﬁant?
1877 1625 2075 1694 Itaque

379 1713 671 1768 interdicit
725 1729 829 1782 per
875 1712 1067 1766 omnia
1124 1713 1372 1782 synodus
1419 1729 1490 1766 ne
1523 1713 1630 1767 hoc
1675 1713 1735 1767 in
1779 1717 2075 1783 posterum

379 1803 666 1857 ullatenus
701 1799 817 1854 ﬁat.
854 1800 1017 1863 Quod
1065 1800 1114 1853 si
1142 1800 1356 1853 factum
1403 1800 1593 1866 fuerit,
1626 1801 1924 1872 presbyter
1973 1802 2072 1856 de-

379 1893 646 1960 ponatur,
676 1887 805 1941 laici
831 1887 1236 1942 communione
1266 1887 1472 1956 privati
1500 1888 1570 1942 ab
1595 1889 1866 1957 Ecclesia,
1901 1906 2076 1961 quam

380 1979 922 2046 dehonestaverunt,
953 1977 1327 2045 expellantur.

764 2066 890 2120 CAP.
931 2066 1165 2119 LXXXV.
1197 2096 1264 2103 —
1303 2066 1382 2118 De
1413 2065 1596 2119 eadem
1624 2083 1701 2120 re.

452 2158 558 2225 (Ea:
585 2155 785 2220 eodem,
835 2169 956 2223 cap.
1011 2153 1082 2220 3.)
1116 2153 1176 2207 Si
1224 2154 1376 2207 enim
1411 2154 1618 2208 domus
1662 2155 1761 2208 Dei
1805 2155 2078 2210 orationis

381 2246 586 2300 domus
639 2247 894 2308 vocatur,
939 2241 1048 2295 hoc
1096 2242 1260 2297 debet
1317 2258 1437 2296 esse
1485 2242 1638 2312 quod
1689 2242 1941 2298 dicitur:
1973 2260 2080 2300 nec

383 2334 461 2388 ibi
507 2331 661 2386 aliud
707 2329 874 2384 debet
921 2329 1042 2399 geri
1073 2333 1172 2383 aut
1217 2329 1471 2383 recondi.
1513 2328 1616 2382 Ubi
1654 2328 1810 2382 enim
1875 2345 2080 2400 corpus

385 2420 612 2476 Domini
658 2422 1039 2484 consecratur,
1086 2417 1168 2470 ibi
1216 2418 1558 2487 angelorum
1606 2417 1912 2487 prasentia
1963 2435 2081 2474 non

387 2509 679 2564 dubitatur
721 2507 942 2562 adesse.
982 2506 1087 2560 Ubi
1119 2512 1449 2560 sanctorum
1479 2505 1742 2577 reliquia
1771 2507 2081 2563 recondita

387 2601 752 2663 venerantur,
818 2611 887 2648 ne
943 2595 1082 2665 quid
1138 2594 1508 2648 inhonestum
1569 2599 1863 2664 appareat,
1925 2596 2081 2666 quod

387 2688 578 2742 oculos
611 2686 684 2739 ad
734 2684 1053 2738 orationem
1101 2683 1460 2736 venientium
1505 2681 1778 2749 offendat,
1835 2699 1904 2736 ne
1943 2681 2081 2753 quid

388 2773 469 2826 ibi
502 2773 764 2827 videatur
812 2771 964 2842 quod
997 2772 1068 2826 ad
1117 2773 1338 2825 lucrum
1386 2773 1706 2842 temporale
1750 2772 2078 2842 pertineat:

390 2861 489 2915 sed
519 2861 715 2915 omnia
743 2867 958 2928 sancta,
993 2860 1185 2914 omnia
1226 2861 1460 2927 munda,
1493 2865 1550 2914 et
1584 2861 1984 2916 tantummodo
2014 2861 2084 2915 ad

395 2949 843 3004 Ecclesiasticum
870 2949 1254 3004 ministerium
1286 2949 1654 3019 pertinentia.

395 3057 522 3111 CAP.
585 3057 842 3111 LXXXVI.
894 3085 967 3098 —
1025 3059 1093 3112 Ut
1137 3059 1430 3180 illiricutique
1474 3058 1535 3110 in
1579 3055 1733 3110 domo
1778 3069 1881 3110 sua
1929 3071 2085 3110 orare

1165 3142 1282 3180 icea
1314 3167 1327 3180 .

1165 3142 1327 3181 meat.

462 3218 570 3283 (Ea:
598 3217 790 3270 concil.
822 3215 1142 3280 Aureliano,
1187 3229 1307 3283 cap.
1361 3213 1437 3284 3.)
1470 3211 1790 3283 Unicuique
1821 3212 2084 3268 ﬁdelium

394 3303 454 3358 in
495 3304 666 3358 domo
702 3320 804 3357 sua
851 3302 1170 3356 oratorium
1217 3302 1352 3356 licet
1401 3301 1631 3366 habere,
1680 3305 1738 3354 et
1788 3300 1869 3356 ibi
1899 3318 2083 3371 orare,

395 3390 585 3446 Missas
614 3394 806 3445 autem
839 3389 919 3444 ibi
945 3389 1230 3443 celebrare
1253 3405 1370 3443 non
1401 3389 1550 3443 licet.

395 3497 521 3552 CAP.
573 3497 866 3552 LXXXVII.
896 3523 968 3536 —
1017 3497 1085 3550 Ut
1130 3498 1399 3635 cantgcutm
1430 3501 1589 3565 turpe
1633 3497 1780 3550 circa
1807 3495 2086 3550 Ecclesias

1111 3581 1217 3619 non
1291 3582 1324 3619 a
1355 3605 1368 3618 .

1111 3581 1217 3619 non
1248 3581 1368 3619 nat.

466 3657 576 3723 (Ea:
609 3656 797 3710 concil.
839 3652 1132 3725 Carthag.)
1167 3653 1460 3709 Canticum
1508 3658 1676 3724 turpe
1723 3657 1892 3724 atque
1927 3654 2089 3709 luxu-

392 3743 611 3799 riosum
641 3743 788 3797 circa
837 3743 1108 3797 Ecclesias
1138 3747 1309 3814 atque
1348 3743 1407 3796 in
1439 3742 1600 3797 atriis
1630 3742 1889 3796 Ecclesia
1919 3758 2089 3814 agere

393 3833 629 3887 omnino
657 3831 1120 3898 contradicimus,
1153 3832 1306 3902 quod
1334 3831 1547 3902 ubique
1575 3831 1878 3886 vitandum
1909 3836 2011 3886 est.

394 3938 525 3994 CAP.
571 3939 880 3993 LXXXVIII.
929 3968 999 3978 —
1051 3939 1117 3991 Ut
1165 3942 1474 3991 sanctorum
1519 3935 1766 4004 reliquiae
1811 3940 1869 3990 in
1902 3941 2090 3991 orato—

804 4011 906 4064 riis
934 4008 1220 4063 villaribus
1245 4022 1350 4061 non
1375 4011 1670 4075 ponantur.

467 4100 579 4168 (Ea:
619 4099 807 4154 concil.
855 4097 1184 4166 Epaonensi,
1236 4111 1356 4165 cap.
1403 4097 1514 4160 25.)
1564 4095 1896 4150 Sanctorum
1946 4094 2089 4150 reli-

395 4189 551 4259 quia
580 4187 638 4241 in
683 4185 946 4240 oratoriis
977 4183 1274 4238 villaribus
1319 4199 1437 4237 non
1468 4189 1778 4253 ponantur,
1811 4183 1926 4237 nisi
1973 4183 2086 4237 for-

397 4276 547 4330 sitan
604 4273 845 4328 clericus
901 4272 1294 4343 cujuscunque
1350 4271 1640 4341 parochia
1696 4271 1914 4326 vicinus
1969 4287 2089 4325 esse

398 4363 710 4432 contingat,
743 4361 844 4432 qui
877 4361 1048 4415 sacris
1078 4359 1416 4431 pignoribus
1451 4359 1732 4431 psallendi
1773 4359 2091 4430 frequentis

397 4450 729 4505 famulatur.

402 4539 529 4595 CAP.
600 4539 858 4595 LXXXIX.
928 4567 996 4578 —
1065 4539 1132 4592 Ut
1168 4538 1319 4593 sedes
1375 4537 1714 4607 episcopalis,
1776 4538 1827 4591 si
1888 4551 2094 4592 necesse

694 4612 885 4678 fuerit,
913 4612 973 4664 in
1003 4610 1173 4663 alium
1202 4611 1372 4664 locum
1405 4609 1794 4674 transferatur.

471 4717 594 4787 (Ea:
629 4731 744 4785 reg.
777 4717 961 4789 Greg.,
995 4716 1070 4770 ad
1111 4715 1370 4770 Joannem
1421 4715 1698 4769 Billitran.
1747 4712 2094 4784 episcopum.)

400 4805 698 4877 Temporis
721 4804 964 4876 qualitas
994 4805 1265 4858 admonet
1304 4801 1702 4872 episcoporum
1744 4801 1907 4856 sedes
1945 4801 2091 4855 anti-

403 4894 594 4966 quitus
623 4893 791 4948 certis
811 4892 1132 4947 civitatibus
1161 4890 1521 4955 constitutas,
1544 4889 1614 4944 ad
1641 4888 1752 4944 alia
1781 4905 1911 4961 qua
1931 4905 2093 4944 secu-

401 4983 555 5037 riora
585 4985 856 5053 putamus
896 4981 1154 5052 ejusdem
1181 4980 1486 5034 dioeceseos
1531 4979 1652 5032 loca
1694 4982 2092 5049 transponere,

404 5087 517 5143 quo
548 5075 605 5126 et
633 5070 981 5125 habitatores
1009 5085 1162 5123 nunc
1182 5068 1410 5138 degere,
1443 5071 1500 5121 et
1529 5065 1896 5121 Barbaricum
1919 5067 2099 5139 possit

402 5159 718 5230 periculum
771 5158 993 5212 facilius
1029 5155 1322 5210 declinari.
1372 5156 1680 5226 Propterea
1715 5159 1771 5208 te
1817 5155 2096 5210 Joannem

402 5246 638 5301 fratrem
666 5246 1185 5316 coepiscopumque
1216 5247 1474 5298 nostrum
1503 5242 1920 5299 Billitranensis
1953 5243 2096 5298 civi-

401 5331 551 5396 tatis,
586 5333 917 5404 sedemque,
938 5337 1097 5387 tuam
1127 5332 1190 5386 in
1235 5333 1358 5386 loco
1389 5332 1489 5403 qui
1537 5332 1864 5402 appellatur
1893 5330 2098 5386 Renati

403 5421 474 5476 ad
505 5426 764 5478 sanctum
791 5421 1079 5476 Andream
1118 5421 1442 5493 apostolum
1484 5419 1855 5492 praecipimus
1889 5418 2095 5474 exinde

2177 393 2410 447 liberior
2456 393 2694 447 existere
2741 394 2953 458 valeas,
2984 395 3054 464 :et
3086 394 3203 448 illic
3251 395 3707 451 consuetudinem
3752 414 3836 453 so-

2177 482 2457 536 lemnium
2487 482 2766 535 festorum
2793 482 3079 554 disponas.

2427 571 2552 626 CAP.
2592 571 2694 625 XC.
2729 601 2791 611 —
2827 572 2909 626 De
2936 571 3213 626 mutandis
3243 575 3443 627 sanctis
3471 573 3618 628 locis.

2253 659 2511 728 (August.
2577 660 2751 727 dicit.)
2827 660 3028 714 Tribus
3092 660 3276 714 causis
3349 661 3472 714 loca
3546 668 3840 717 sanctorum

2178 749 2619 802 trausmutanda
2648 758 2799 802 sunt.
2858 749 3069 815 Primo,
3119 765 3299 819 quum
3332 750 3632 803 necessitas
3676 767 3841 820 perse-

2181 841 2443 890 cutorum
2518 837 2644 890 loca
2721 853 2924 891 eorum
3003 837 3273 907 gravavit.
3351 837 3632 903 Secundo,
3687 855 3842 908 quum

2181 924 2486 979 difﬁcultas
2541 925 2798 979 locorum
2850 925 3040 980 fuerit.
3097 926 3307 994 Tertio,
3360 942 3539 996 quum
3592 926 3841 980 malorum

2181 1013 2451 1067 societate
2480 1019 2812 1082 gravantur.

2185 1119 2313 1190 CAP.
2347 1118 2487 1173 XCI.
2517 1149 2585 1158 —
2617 1119 2768 1184 Quod
2797 1121 3081 1174 translatis
3111 1121 3472 1190 martyribus,
3521 1121 3681 1174 honor
3708 1123 3844 1175 inter-

2254 1189 2383 1243 dum
2412 1205 2531 1243 cum
2560 1191 2672 1245 illis
2699 1193 2916 1259 migret,
2949 1191 3220 1245 interdum
3251 1189 3308 1244 in
3333 1192 3442 1245 loco
3471 1198 3782 1260 permaneat.

2257 1277 2366 1346 (Ea:
2437 1277 2601 1332 dictis
2685 1278 2928 1346 Hieron.)
3000 1278 3324 1332 Notandum
3389 1295 3522 1332 cum
3602 1285 3844 1333 transmu-

2183 1366 2381 1417 tantur
2427 1364 2526 1418 alii
2559 1364 2657 1435 qui
2688 1364 2757 1418 de
2789 1364 3158 1435 martyribus,
3193 1381 3323 1418 cum
3355 1365 3444 1418 his
3492 1366 3671 1419 honor
3714 1382 3845 1420 com-

2185 1452 2398 1522 migrat
2453 1469 2465 1505 :
2523 1453 2651 1506 aliis
2702 1468 2838 1506 vero
2902 1453 3297 1506 transmutatis
3371 1454 3556 1507 honor
3617 1454 3672 1507 in
3731 1455 3844 1508 locis

2108 1585 2148 1638 Β
2187 1557 2388 1594 eorum
2423 1557 2543 1595 esse
2573 1557 2691 1595 non
2721 1546 2912 1596 cessat.

2294 1647 2422 1702 CAP.
2453 1647 2611 1702 XCII.
2643 1677 2712 1686 —
2743 1647 2895 1714 Quod
2923 1649 3146 1714 sanguis
3178 1652 3488 1715 martyrum
3520 1654 3762 1703 consecret

2603 1719 2791 1782 locum,
2824 1733 2930 1772 non
2961 1719 3101 1772 locus
3129 1723 3472 1788 sanguinem.

2258 1806 2369 1874 (Ea:
2411 1805 2571 1861 dictis
2624 1807 2888 1877 August.)
2937 1807 3180 1878 Sanguis
3228 1813 3552 1878 martyrum
3595 1814 3843 1862 consecrat

2185 1893 2398 1962 locum,
2434 1910 2550 1947 non
2582 1895 2739 1948 locus
2781 1895 3139 1965 sanguinem.
3173 1895 3232 1949 Si
3265 1895 3474 1966 aliquis
3505 1896 3842 1949 dixeritzllea

2189 1986 2276 2034 est
2303 1982 2568 2048 Ecclesia,
2597 1982 2751 2036 dices
2792 1983 2897 2049 illi,
2933 1983 3090 2054 quod
3117 1983 3176 2036 in
3209 1984 3444 2037 Cantico
3477 1983 3680 2054 legitur
3707 2000 3719 2037 :
3748 1984 3840 2037 Una

2188 2068 2272 2118 est
2296 2066 2561 2120 columba
2592 2082 2737 2134 mea,
2767 2071 2824 2120 et
2851 2083 3000 2120 unus
3025 2072 3106 2120 est
3136 2067 3378 2121 dilectus
3408 2083 3592 2120 meus.
3639 2069 3696 2120 Et
3723 2066 3840 2120 dices

2190 2151 2275 2205 illi
2309 2155 2563 2224 :Aptum
2596 2159 2682 2208 est
2726 2154 2909 2208 tilium
2949 2154 3126 2208 occidi
3157 2155 3219 2208 in
3267 2155 3393 2208 sinu
3429 2155 3627 2209 matris
3668 2161 3717 2209 et
3755 2170 3840 2208 nu-

2189 2240 2346 2294 tricis
2379 2258 2495 2296 sua
2518 2242 2546 2297 7
2575 2243 2788 2296 Tamen
2815 2243 2957 2296 scias
3000 2243 3286 2297 nutricem
3329 2248 3556 2298 tantum
3586 2245 3841 2314 pollutam,

2190 2333 2248 2383 et
2298 2345 2402 2399 pro
2448 2330 2553 2384 hac
2605 2331 2928 2400 pollutione
2984 2336 3397 2398 consecratam,
3455 2333 3636 2387 tilium
3688 2337 3846 2386 autem

2190 2423 2482 2472 mortuum
2513 2435 2651 2474 esse.

2547 2507 2675 2562 CAP.
2707 2507 2889 2562 XCIII.
2916 2538 2984 2547 —
3003 2508 3149 2574 Quid
3177 2511 3248 2563 sit
3279 2508 3534 2565 basilica.

2263 2593 2378 2663 (Ea:
2445 2593 2610 2649 dictis
2667 2596 2723 2651 S.
2795 2595 3015 2663 Isidor.)
3087 2597 3336 2650 Basilion
3397 2598 3714 2652 Gracorum
3771 2611 3850 2650 rex

2192 2687 2332 2736 erat.
2381 2683 2522 2738 Hinc
2554 2689 2610 2738 et
2649 2684 2881 2738 basilica
2927 2685 3158 2756 regalis,
3209 2685 3344 2756 quia
3390 2686 3452 2739 in
3501 2686 3692 2756 primis
3725 2690 3850 2738 tem-

2190 2771 2429 2841 poribus
2471 2788 2635 2841 reges
2664 2777 2888 2828 tantum
2937 2773 3364 2843 sepeliebantur
3401 2774 3466 2828 in
3497 2791 3580 2839 ea,
3629 2773 3744 2828 ideo
3770 2789 3852 2827 no-

2116 2867 2156 2922 C
2194 2876 2329 2914 men
2378 2860 2579 2914 sortita
2623 2866 2724 2915 est.
2765 2863 2906 2915 Nam
2957 2877 3109 2916 nunc
3159 2862 3437 2933 temporis
3482 2862 3666 2917 cateri
3701 2860 3853 2915 homi-

2192 2963 2309 3012 nes,
2343 2949 2459 3002 sive
2499 2948 2620 3020 igni
2655 2949 2961 3014 combusti,
2994 2950 3113 3004 sive
3143 2965 3342 3004 acervo
3392 2951 3646 3021 lapidum
3676 2947 3852 3020 sepulti

2194 3039 2353 3090 sunt.

2193 3142 2322 3197 CAP.
2373 3143 2546 3197 XCIV.
2595 3174 2660 3182 -—
2709 3146 2784 3198 De
2829 3145 2942 3198 illis
2985 3147 3081 3212 qui
3129 3144 3344 3198 domum
3385 3147 3484 3199 Dei
3523 3143 3849 3213 contemptibi-

2867 3215 2968 3268 lem
2986 3217 3219 3281 faciunt.

2266 3299 2375 3369 (Ea:
2401 3299 2592 3356 concil.
2620 3301 2916 3369 Gangren.,
2945 3317 3063 3370 cap.
3099 3303 3176 3367 5.)
3208 3301 3264 3358 Si
3303 3301 3432 3372 quis
3464 3303 3626 3357 docet
3651 3302 3849 3357 domum

2195 3387 2299 3442 Dei
2329 3388 2820 3458 contemptibilem
2868 3405 3007 3456 esse,
3039 3393 3094 3443 et
3122 3395 3434 3444 conventus
3467 3390 3565 3462 qui
3608 3391 3666 3444 in
3695 3405 3752 3441 ea
3781 3403 3849 3440 ce-

2195 3475 2512 3543 lebrantur,
2547 3476 2852 3531 anathema
2874 3478 2966 3532 sit.

2624 3565 2752 3620 CAP.
2784 3566 2932 3621 XCV.
2965 3597 3032 3606 —
3074 3570 3151 3622 De
3180 3567 3363 3621 eadem
3391 3583 3471 3621 re.

2270 3653 2390 3723 (Ea:
2418 3654 2618 3720 eodem,
2674 3670 2795 3724 cap.
2848 3657 2926 3720 6.)
2984 3655 3040 3710 Si
3078 3655 3208 3725 quis
3255 3660 3410 3708 extra
3459 3654 3748 3708 Ecclesiam
3791 3667 3850 3704 se-

2198 3756 2395 3795 orsum
2442 3747 2755 3796 conventns
2802 3743 3070 3811 celebrat,
3117 3749 3173 3796 et
3209 3743 3531 3813 despiciens
3572 3741 3849 3802 Ecclesiam,

2199 3844 2268 3882 ea
2317 3846 2445 3901 qua
2477 3835 2609 3884 sunt
2655 3831 2914 3886 Ecclesia
2961 3832 3204 3885 voluerit
3251 3847 3552 3902 usurpare,
3599 3846 3708 3885 non
3749 3843 3851 3881 con-

2196 3917 2462 3972 veniente
2519 3918 2852 3989 presbytero
2894 3919 3058 3990 juxta
3096 3919 3388 3974 decretum
3437 3919 3705 3990 episcopi,
3743 3931 3850 3970 ana-

2197 4005 2395 4060 thema
2421 4007 2512 4060 sit.

2117 4144 2160 4198 D
2199 4111 2330 4168 CAP.
2379 4113 2555 4168 XCVI.
2595 4143 2662 4154 --
2711 4116 2779 4169 Ut
2807 4115 2952 4168 calix
2982 4118 3032 4198 et
3074 4117 3274 4198 patenti
3305 4130 3370 4169 ea:
3400 4130 3536 4169 auro
3583 4118 3673 4168 aut
3699 4127 3756 4166 ea:
3780 4125 3849 4163 ar-

2874 4189 3025 4252 gento
3067 4188 3222 4253 ﬁant.

2272 4271 2384 4341 (Em
2440 4274 2626 4327 concil.
2685 4275 2948 4340 Remensi,
3011 4288 3134 4342 cap.
3205 4272 3277 4339 5.)
3333 4274 3404 4328 Ut
3470 4273 3607 4328 calix
3664 4266 3850 4326 Domini

2201 4376 2329 4414 cum
2379 4366 2607 4430 patena,
2640 4361 2687 4415 si
2715 4377 2833 4414 non
2863 4377 2928 4415 ex
2971 4377 3112 4415 auro
3152 4361 3521 4425 omnimodis,
3568 4377 3629 4415 ex
3653 4361 3849 4429 argento

2201 4448 2320 4503 ﬁat.
2370 4449 2479 4503 Nec
2533 4453 2839 4503 causentur
2881 4448 3200 4519 presbyteri
3241 4449 3479 4503 avaritia
3524 4448 3772 4503 suadente
3797 4443 3851 4495 de

2200 4541 2539 4606 paupertate
2584 4537 2675 4591 vel
2719 4536 3204 4608 impossibilitate,
3245 4553 3375 4592 cum
3427 4542 3627 4608 quarta
3661 4549 3774 4606 pars
3799 4545 3850 4582 ex

2203 4625 2472 4680 omnibus
2525 4641 2654 4696 qua
2703 4625 2775 4680 ad
2824 4625 3134 4680 Ecclesiam
3183 4626 3496 4696 pertinent,
3555 4625 3612 4678 in
3664 4616 3855 4677 fabricis

2203 4714 2385 4784 ipsius
2444 4713 2700 4767 Ecclesia
2759 4714 2829 4768 sit
2885 4714 3290 4785 impendenda.
3351 4711 3742 4768 Admonendus
3789 4709 3856 4759 est

2205 4801 2379 4856 etiam
2408 4801 2656 4872 populus
2685 4805 2750 4855 ut
2778 4801 2994 4872 aliquid
3030 4801 3092 4854 in
3123 4801 3377 4855 donariis
3421 4799 3642 4855 Domini
3668 4796 3852 4853 offerat.

2206 4889 2352 4943 sicut
2386 4889 2483 4945 ille
2515 4889 2788 4960 antiquus
2819 4890 3070 4960 populus
3099 4890 3206 4944 sub
3250 4891 3399 4944 Mose
3429 4889 3488 4943 in
3533 4881 3853 4943 tabernaculo

2207 4977 2437 5032 Domini
2485 4977 2684 5032 fecisse
2732 4977 2959 5048 legitur.
3010 4977 3067 5033 Si
3108 4978 3238 5049 quis
3283 4983 3473 5032 autem
3515 4983 3628 5030 tam
3671 4981 3853 5044 pauper

2205 5070 2308 5128 est,
2361 5067 2561 5121 saltem
2615 5066 2705 5120 vel
2749 5071 3053 5120 stanneum
3103 5066 3340 5120 calicem
3383 5065 3604 5120 habeat.
3653 5064 3724 5116 De
3763 5069 3850 5111 are

2206 5158 2400 5208 autem
2431 5171 2496 5209 ex
2525 5155 2849 5209 aurichalco
2891 5171 3006 5208 non
3034 5153 3135 5208 ﬂat
3166 5155 3332 5220 calix,
3367 5153 3498 5225 quia
3530 5153 3599 5206 ob
3621 5148 3727 5203 vini
3753 5148 3844 5197 νίτ-

2204 5246 2388 5296 tntem
2421 5243 2719 5315 eruginem
2750 5243 2920 5314 parit,
2952 5258 3081 5313 qua
3127 5244 3411 5298 vomitum
3440 5243 3708 5312 provocat.
3736 5232 3845 5289 Nul-

2208 5329 2294 5382 lus
2349 5335 2540 5386 autem
2596 5331 2657 5386 in
2717 5331 2906 5403 ligneo
2961 5329 3152 5396 calice,
3211 5334 3310 5384 aut
3361 5329 3533 5383 vitreo
3582 5321 3846 5397 praesumat

2206 5422 2455 5474 cantare.
