  <div class='ocr_page' id='page_1' title='image "/cluster/home/n/w/nwhite01/storage/ocr_20150623/140/hvd.32044054760004/352.png"; bbox 0 0 4028 6190; ppageno 0'>
   <div class='ocr_carea' id='block_1_1' title="bbox 176 313 2745 379">
    <p class='ocr_par' dir='ltr' id='par_1_1' title="bbox 176 313 2745 379">
     <span class='ocr_line' id='line_1_1' title="bbox 176 313 2745 379; baseline 0.004 -13"><span class='ocrx_word' id='word_1_1' title='bbox 176 318 279 368; x_wconf 77' lang='lat'>693</span> <span class='ocrx_word' id='word_1_2' title='bbox 1168 313 1643 372; x_wconf 79' lang='lat' dir='ltr'>DECRETORUM</span> <span class='ocrx_word' id='word_1_3' title='bbox 1688 313 1876 370; x_wconf 82' lang='lat' dir='ltr'><strong>LIBRI</strong></span> <span class='ocrx_word' id='word_1_4' title='bbox 1914 317 2028 374; x_wconf 82' lang='lat' dir='ltr'>XX.</span> <span class='ocrx_word' id='word_1_5' title='bbox 2064 350 2132 360; x_wconf 89' lang='lat'>——</span> <span class='ocrx_word' id='word_1_6' title='bbox 2173 322 2389 378; x_wconf 82' lang='lat' dir='ltr'><strong>LIBER</strong></span> <span class='ocrx_word' id='word_1_7' title='bbox 2428 323 2745 379; x_wconf 82' lang='lat' dir='ltr'>TERTIUS.</span> 
     </span>
    </p>
   </div>
   <div class='ocr_carea' id='block_1_2' title="bbox 316 434 1751 491">
    <p class='ocr_par' dir='ltr' id='par_1_2' title="bbox 316 434 1751 491">
     <span class='ocr_line' id='line_1_2' title="bbox 316 434 1751 491; baseline -0.003 -1"><span class='ocrx_word' id='word_1_8' title='bbox 316 436 439 490; x_wconf 61' lang='lat' dir='ltr'>Car.</span> <span class='ocrx_word' id='word_1_9' title='bbox 468 436 683 491; x_wconf 81' lang='lat' dir='ltr'><strong>XCVII.</strong></span> <span class='ocrx_word' id='word_1_10' title='bbox 718 465 790 476; x_wconf 95' lang='lat'>—</span> <span class='ocrx_word' id='word_1_11' title='bbox 824 438 893 490; x_wconf 84' lang='lat' dir='ltr'>De</span> <span class='ocrx_word' id='word_1_12' title='bbox 926 438 1265 491; x_wconf 85' lang='lat' dir='ltr'>observanda</span> <span class='ocrx_word' id='word_1_13' title='bbox 1303 449 1488 489; x_wconf 86' lang='lat' dir='ltr'>mensa</span> <span class='ocrx_word' id='word_1_14' title='bbox 1519 434 1751 489; x_wconf 51' lang='lat' dir='ltr'>Christ-&#39;3.</span> 
     </span>
    </p>
   </div>
   <div class='ocr_carea' id='block_1_3' title="bbox 244 523 1898 593">
    <p class='ocr_par' dir='ltr' id='par_1_3' title="bbox 244 523 1898 593">
     <span class='ocr_line' id='line_1_3' title="bbox 244 523 1898 593; baseline -0.002 -14"><span class='ocrx_word' id='word_1_15' title='bbox 244 524 350 593; x_wconf 77' lang='lat' dir='ltr'>(Ea:</span> <span class='ocrx_word' id='word_1_16' title='bbox 400 524 585 577; x_wconf 87' lang='lat' dir='ltr'>eodem</span> <span class='ocrx_word' id='word_1_17' title='bbox 641 526 863 591; x_wconf 86' lang='lat' dir='ltr'>concil.,</span> <span class='ocrx_word' id='word_1_18' title='bbox 906 541 1026 593; x_wconf 87' lang='lat' dir='ltr'>cap.</span> <span class='ocrx_word' id='word_1_19' title='bbox 1091 529 1162 593; x_wconf 81' lang='lat'>5.)</span> <span class='ocrx_word' id='word_1_20' title='bbox 1216 523 1651 581; x_wconf 84' lang='lat' dir='ltr'>Observandum</span> <span class='ocrx_word' id='word_1_21' title='bbox 1697 527 1782 575; x_wconf 90' lang='lat' dir='ltr'>est</span> <span class='ocrx_word' id='word_1_22' title='bbox 1838 528 1898 577; x_wconf 90' lang='lat' dir='ltr'>ut</span> 
     </span>
    </p>
   </div>
   <div class='ocr_carea' id='block_1_4' title="bbox 170 610 1894 681">
    <p class='ocr_par' dir='ltr' id='par_1_4' title="bbox 170 610 1894 681">
     <span class='ocr_line' id='line_1_4' title="bbox 170 610 1894 681; baseline -0.001 -14"><span class='ocrx_word' id='word_1_23' title='bbox 170 628 365 667; x_wconf 90' lang='lat' dir='ltr'>mensa</span> <span class='ocrx_word' id='word_1_24' title='bbox 392 612 627 677; x_wconf 83' lang='lat' dir='ltr'>Christi,</span> <span class='ocrx_word' id='word_1_25' title='bbox 668 613 724 665; x_wconf 88' lang='lat' dir='ltr'>id</span> <span class='ocrx_word' id='word_1_26' title='bbox 775 618 881 679; x_wconf 89' lang='lat' dir='ltr'>est,</span> <span class='ocrx_word' id='word_1_27' title='bbox 913 615 1091 667; x_wconf 89' lang='lat' dir='ltr'>altare</span> <span class='ocrx_word' id='word_1_28' title='bbox 1121 615 1218 668; x_wconf 89' lang='lat' dir='ltr'>ubi</span> <span class='ocrx_word' id='word_1_29' title='bbox 1262 628 1469 681; x_wconf 89' lang='lat' dir='ltr'>corpus</span> <span class='ocrx_word' id='word_1_30' title='bbox 1532 610 1894 665; x_wconf 90' lang='lat' dir='ltr'>Dominicum</span> 
     </span>
    </p>
   </div>
   <div class='ocr_carea' id='block_1_5' title="bbox 172 699 1896 771">
    <p class='ocr_par' dir='ltr' id='par_1_5' title="bbox 172 699 1896 771">
     <span class='ocr_line' id='line_1_5' title="bbox 172 699 1896 771; baseline -0.002 -16"><span class='ocrx_word' id='word_1_31' title='bbox 172 706 556 765; x_wconf 88' lang='lat' dir='ltr'>consecratur,</span> <span class='ocrx_word' id='word_1_32' title='bbox 583 701 690 753; x_wconf 91' lang='lat' dir='ltr'>ubi</span> <span class='ocrx_word' id='word_1_33' title='bbox 722 701 961 769; x_wconf 80' lang='lat' dir='ltr'>sanguis</span> <span class='ocrx_word' id='word_1_34' title='bbox 1021 702 1145 771; x_wconf 88' lang='lat' dir='ltr'>ejus</span> <span class='ocrx_word' id='word_1_35' title='bbox 1193 701 1475 765; x_wconf 78' lang='lat' dir='ltr'>hauritur,</span> <span class='ocrx_word' id='word_1_36' title='bbox 1519 699 1619 752; x_wconf 92' lang='lat' dir='ltr'>ubi</span> <span class='ocrx_word' id='word_1_37' title='bbox 1670 705 1896 752; x_wconf 88' lang='lat' dir='ltr'>sancto-</span> 
     </span>
    </p>
   </div>
   <div class='ocr_carea' id='block_1_6' title="bbox 171 787 1895 858">
    <p class='ocr_par' dir='ltr' id='par_1_6' title="bbox 171 787 1895 858">
     <span class='ocr_line' id='line_1_6' title="bbox 171 787 1895 858; baseline -0.001 -16"><span class='ocrx_word' id='word_1_38' title='bbox 171 805 294 842; x_wconf 85' lang='lat' dir='ltr'>rum</span> <span class='ocrx_word' id='word_1_39' title='bbox 334 787 606 857; x_wconf 81' lang='lat' dir='ltr'>reliquiae</span> <span class='ocrx_word' id='word_1_40' title='bbox 666 790 1083 853; x_wconf 90' lang='lat' dir='ltr'>reconduntur,</span> <span class='ocrx_word' id='word_1_41' title='bbox 1127 789 1226 842; x_wconf 89' lang='lat' dir='ltr'>ubi</span> <span class='ocrx_word' id='word_1_42' title='bbox 1272 803 1469 858; x_wconf 86' lang='lat' dir='ltr'>preces</span> <span class='ocrx_word' id='word_1_43' title='bbox 1513 791 1570 839; x_wconf 89' lang='lat' dir='ltr'>et</span> <span class='ocrx_word' id='word_1_44' title='bbox 1610 790 1739 838; x_wconf 90' lang='lat' dir='ltr'>vota</span> <span class='ocrx_word' id='word_1_45' title='bbox 1791 804 1895 856; x_wconf 90' lang='lat' dir='ltr'>po-</span> 
     </span>
    </p>
   </div>
   <div class='ocr_carea' id='block_1_7' title="bbox 171 875 1896 948">
    <p class='ocr_par' dir='ltr' id='par_1_7' title="bbox 171 875 1896 948">
     <span class='ocr_line' id='line_1_7' title="bbox 171 875 1896 948; baseline 0 -19"><span class='ocrx_word' id='word_1_46' title='bbox 171 877 286 948; x_wconf 85' lang='lat' dir='ltr'>puli</span> <span class='ocrx_word' id='word_1_47' title='bbox 316 876 376 929; x_wconf 90' lang='lat' dir='ltr'>in</span> <span class='ocrx_word' id='word_1_48' title='bbox 418 881 743 946; x_wconf 90' lang='lat' dir='ltr'>conspectu</span> <span class='ocrx_word' id='word_1_49' title='bbox 797 877 897 929; x_wconf 85' lang='lat' dir='ltr'>Dei</span> <span class='ocrx_word' id='word_1_50' title='bbox 947 893 980 929; x_wconf 88' lang='lat' dir='ltr'>a</span> <span class='ocrx_word' id='word_1_51' title='bbox 1027 877 1318 931; x_wconf 83' lang='lat' dir='ltr'>sacerdote</span> <span class='ocrx_word' id='word_1_52' title='bbox 1370 875 1713 938; x_wconf 79' lang='lat' dir='ltr'>offeruntur,</span> <span class='ocrx_word' id='word_1_53' title='bbox 1763 891 1896 929; x_wconf 90' lang='lat' dir='ltr'>cum</span> 
     </span>
    </p>
   </div>
   <div class='ocr_carea' id='block_1_8' title="bbox 172 962 1896 1031">
    <p class='ocr_par' dir='ltr' id='par_1_8' title="bbox 172 962 1896 1031">
     <span class='ocr_line' id='line_1_8' title="bbox 172 962 1896 1031; baseline -0.001 -12"><span class='ocrx_word' id='word_1_54' title='bbox 172 965 326 1019; x_wconf 90' lang='lat' dir='ltr'>omni</span> <span class='ocrx_word' id='word_1_55' title='bbox 354 964 745 1017; x_wconf 76' lang='lat' dir='ltr'>veneratione</span> <span class='ocrx_word' id='word_1_56' title='bbox 794 966 1134 1031; x_wconf 90' lang='lat' dir='ltr'>honoretur,</span> <span class='ocrx_word' id='word_1_57' title='bbox 1171 970 1226 1019; x_wconf 91' lang='lat' dir='ltr'>et</span> <span class='ocrx_word' id='word_1_58' title='bbox 1274 962 1666 1018; x_wconf 87' lang='lat' dir='ltr'>mundissimis</span> <span class='ocrx_word' id='word_1_59' title='bbox 1704 963 1896 1018; x_wconf 80' lang='lat' dir='ltr'>linteis</span> 
     </span>
    </p>
   </div>
   <div class='ocr_carea' id='block_1_9' title="bbox 170 1052 1897 1123">
    <p class='ocr_par' dir='ltr' id='par_1_9' title="bbox 170 1052 1897 1123">
     <span class='ocr_line' id='line_1_9' title="bbox 170 1052 1897 1123; baseline 0 -17"><span class='ocrx_word' id='word_1_60' title='bbox 170 1058 223 1107; x_wconf 89' lang='lat' dir='ltr'>et</span> <span class='ocrx_word' id='word_1_61' title='bbox 251 1052 440 1123; x_wconf 81' lang='lat' dir='ltr'>palliis</span> <span class='ocrx_word' id='word_1_62' title='bbox 476 1052 931 1122; x_wconf 83' lang='lat' dir='ltr'>diligentissime</span> <span class='ocrx_word' id='word_1_63' title='bbox 978 1055 1361 1123; x_wconf 87' lang='lat' dir='ltr'>cooperiatur,</span> <span class='ocrx_word' id='word_1_64' title='bbox 1413 1052 1675 1121; x_wconf 87' lang='lat' dir='ltr'>nihilque</span> <span class='ocrx_word' id='word_1_65' title='bbox 1721 1068 1897 1122; x_wconf 89' lang='lat' dir='ltr'>super</span> 
     </span>
    </p>
   </div>
   <div class='ocr_carea' id='block_1_10' title="bbox 175 1138 1897 1210">
    <p class='ocr_par' dir='ltr' id='par_1_10' title="bbox 175 1138 1897 1210">
     <span class='ocr_line' id='line_1_10' title="bbox 175 1138 1897 1210; baseline 0.001 -17"><span class='ocrx_word' id='word_1_66' title='bbox 175 1158 238 1194; x_wconf 90' lang='lat' dir='ltr'>eo</span> <span class='ocrx_word' id='word_1_67' title='bbox 281 1144 565 1210; x_wconf 87' lang='lat' dir='ltr'>ponatur,</span> <span class='ocrx_word' id='word_1_68' title='bbox 619 1141 738 1193; x_wconf 87' lang='lat' dir='ltr'>nisi</span> <span class='ocrx_word' id='word_1_69' title='bbox 778 1157 963 1210; x_wconf 65' lang='lat' dir='ltr'>capsae</span> <span class='ocrx_word' id='word_1_70' title='bbox 1010 1158 1138 1195; x_wconf 92' lang='lat' dir='ltr'>cum</span> <span class='ocrx_word' id='word_1_71' title='bbox 1173 1147 1503 1195; x_wconf 88' lang='lat' dir='ltr'>sanctorum</span> <span class='ocrx_word' id='word_1_72' title='bbox 1537 1138 1795 1208; x_wconf 90' lang='lat' dir='ltr'>reliquiis</span> <span class='ocrx_word' id='word_1_73' title='bbox 1841 1144 1897 1194; x_wconf 87' lang='lat' dir='ltr'>et</span> 
     </span>
    </p>
   </div>
   <div class='ocr_carea' id='block_1_11' title="bbox 170 1229 1891 1300">
    <p class='ocr_par' dir='ltr' id='par_1_11' title="bbox 170 1229 1891 1300">
     <span class='ocr_line' id='line_1_11' title="bbox 170 1229 1891 1300; baseline -0.001 -18"><span class='ocrx_word' id='word_1_74' title='bbox 170 1234 411 1298; x_wconf 84' lang='lat' dir='ltr'>quatuor</span> <span class='ocrx_word' id='word_1_75' title='bbox 443 1230 793 1300; x_wconf 82' lang='lat' dir='ltr'>Evangelia,</span> <span class='ocrx_word' id='word_1_76' title='bbox 836 1231 1068 1299; x_wconf 86' lang='lat' dir='ltr'>Expleta</span> <span class='ocrx_word' id='word_1_77' title='bbox 1103 1230 1266 1283; x_wconf 81' lang='lat' dir='ltr'>Missa</span> <span class='ocrx_word' id='word_1_78' title='bbox 1314 1229 1455 1282; x_wconf 79' lang='lat' dir='ltr'>calix</span> <span class='ocrx_word' id='word_1_79' title='bbox 1488 1244 1616 1280; x_wconf 91' lang='lat' dir='ltr'>cum</span> <span class='ocrx_word' id='word_1_80' title='bbox 1660 1234 1891 1295; x_wconf 88' lang='lat' dir='ltr'>pateua,</span> 
     </span>
    </p>
   </div>
   <div class='ocr_carea' id='block_1_12' title="bbox 170 1317 1889 1382">
    <p class='ocr_par' dir='ltr' id='par_1_12' title="bbox 170 1317 1889 1382">
     <span class='ocr_line' id='line_1_12' title="bbox 170 1317 1889 1382; baseline 0.001 -13"><span class='ocrx_word' id='word_1_81' title='bbox 170 1322 223 1370; x_wconf 91' lang='lat' dir='ltr'>et</span> <span class='ocrx_word' id='word_1_82' title='bbox 276 1322 792 1371; x_wconf 86' lang='lat' dir='ltr'>sacramentorum</span> <span class='ocrx_word' id='word_1_83' title='bbox 845 1318 1009 1382; x_wconf 92' lang='lat' dir='ltr'>liber,</span> <span class='ocrx_word' id='word_1_84' title='bbox 1073 1335 1204 1372; x_wconf 93' lang='lat' dir='ltr'>cum</span> <span class='ocrx_word' id='word_1_85' title='bbox 1252 1317 1505 1371; x_wconf 84' lang='lat' dir='ltr'>vestibus</span> <span class='ocrx_word' id='word_1_86' title='bbox 1563 1318 1889 1371; x_wconf 88' lang='lat' dir='ltr'>sacerdota-</span> 
     </span>
    </p>
   </div>
   <div class='ocr_carea' id='block_1_13' title="bbox 168 1404 1529 1459">
    <p class='ocr_par' dir='ltr' id='par_1_13' title="bbox 168 1404 1529 1459">
     <span class='ocr_line' id='line_1_13' title="bbox 168 1404 1529 1459; baseline 0.001 -1"><span class='ocrx_word' id='word_1_87' title='bbox 168 1404 312 1458; x_wconf 90' lang='lat' dir='ltr'>libus</span> <span class='ocrx_word' id='word_1_88' title='bbox 344 1405 402 1458; x_wconf 89' lang='lat' dir='ltr'>in</span> <span class='ocrx_word' id='word_1_89' title='bbox 432 1406 661 1458; x_wconf 91' lang='lat' dir='ltr'>mundo</span> <span class='ocrx_word' id='word_1_90' title='bbox 696 1407 823 1458; x_wconf 92' lang='lat' dir='ltr'>loco</span> <span class='ocrx_word' id='word_1_91' title='bbox 846 1406 949 1458; x_wconf 88' lang='lat' dir='ltr'>sub</span> <span class='ocrx_word' id='word_1_92' title='bbox 974 1422 1101 1459; x_wconf 90' lang='lat' dir='ltr'>sera</span> <span class='ocrx_word' id='word_1_93' title='bbox 1130 1406 1529 1459; x_wconf 84' lang='lat' dir='ltr'>recondantur.</span> 
     </span>
    </p>
   </div>
   <div class='ocr_carea' id='block_1_14' title="bbox 170 1494 1891 1575">
    <p class='ocr_par' dir='ltr' id='par_1_14' title="bbox 170 1494 1891 1575">
     <span class='ocr_line' id='line_1_14' title="bbox 170 1494 1891 1575; baseline 0.001 -28"><span class='ocrx_word' id='word_1_94' title='bbox 170 1494 298 1547; x_wconf 74' lang='lat' dir='ltr'>CAP.</span> <span class='ocrx_word' id='word_1_95' title='bbox 340 1494 577 1548; x_wconf 79' lang='lat' dir='ltr'><strong>XCVIII.</strong></span> <span class='ocrx_word' id='word_1_96' title='bbox 634 1496 704 1547; x_wconf 88' lang='lat' dir='ltr'>Ut</span> <span class='ocrx_word' id='word_1_97' title='bbox 736 1495 1014 1575; x_wconf 80' lang='lat' dir='ltr'>corporale</span> <span class='ocrx_word' id='word_1_98' title='bbox 1061 1510 1127 1575; x_wconf 51' lang='lat' dir='ltr'>ese</span> <span class='ocrx_word' id='word_1_99' title='bbox 1171 1496 1467 1575; x_wconf 76' lang='lat' dir='ltr'>purissimo</span> <span class='ocrx_word' id='word_1_100' title='bbox 1506 1495 1665 1547; x_wconf 83' lang='lat' dir='ltr'>linteo</span> <span class='ocrx_word' id='word_1_101' title='bbox 1709 1497 1799 1559; x_wconf 85' lang='lat' dir='ltr'>sit,</span> <span class='ocrx_word' id='word_1_102' title='bbox 1841 1500 1891 1549; x_wconf 90' lang='lat' dir='ltr'>et</span> 
     </span>
    </p>
   </div>
   <div class='ocr_carea' id='block_1_15' title="bbox 804 1568 1262 1619">
    <p class='ocr_par' dir='ltr' id='par_1_15' title="bbox 804 1568 1262 1619">
     <span class='ocr_line' id='line_1_15' title="bbox 804 1568 1262 1619; baseline 0.002 -2"><span class='ocrx_word' id='word_1_103' title='bbox 804 1568 968 1618; x_wconf 85' lang='lat' dir='ltr'>unius</span> <span class='ocrx_word' id='word_1_104' title='bbox 998 1568 1262 1619; x_wconf 78' lang='lat' dir='ltr'>materiei.</span> 
     </span>
    </p>
   </div>
   <div class='ocr_carea' id='block_1_16' title="bbox 236 1652 1886 1723">
    <p class='ocr_par' dir='ltr' id='par_1_16' title="bbox 236 1652 1886 1723">
     <span class='ocr_line' id='line_1_16' title="bbox 236 1652 1886 1723; baseline -0.001 -17"><span class='ocrx_word' id='word_1_105' title='bbox 236 1654 342 1719; x_wconf 73' lang='lat' dir='ltr'>(Ex</span> <span class='ocrx_word' id='word_1_106' title='bbox 374 1652 584 1720; x_wconf 87' lang='lat' dir='ltr'>eodem,</span> <span class='ocrx_word' id='word_1_107' title='bbox 628 1668 757 1721; x_wconf 95' lang='lat' dir='ltr'>cap.</span> <span class='ocrx_word' id='word_1_108' title='bbox 820 1653 896 1723; x_wconf 83' lang='lat'>3.)</span> <span class='ocrx_word' id='word_1_109' title='bbox 943 1654 1247 1722; x_wconf 88' lang='lat' dir='ltr'>Corporale</span> <span class='ocrx_word' id='word_1_110' title='bbox 1297 1669 1469 1723; x_wconf 87' lang='lat' dir='ltr'>super</span> <span class='ocrx_word' id='word_1_111' title='bbox 1517 1653 1671 1722; x_wconf 90' lang='lat' dir='ltr'>quod</span> <span class='ocrx_word' id='word_1_112' title='bbox 1728 1670 1886 1707; x_wconf 89' lang='lat' dir='ltr'>sacra</span> 
     </span>
    </p>
   </div>
   <div class='ocr_carea' id='block_1_17' title="bbox 168 1740 1889 1811">
    <p class='ocr_par' dir='ltr' id='par_1_17' title="bbox 168 1740 1889 1811">
     <span class='ocr_line' id='line_1_17' title="bbox 168 1740 1889 1811; baseline 0.001 -18"><span class='ocrx_word' id='word_1_113' title='bbox 168 1740 373 1793; x_wconf 87' lang='lat' dir='ltr'>oblatio</span> <span class='ocrx_word' id='word_1_114' title='bbox 405 1740 778 1806; x_wconf 88' lang='lat' dir='ltr'>immolatur,</span> <span class='ocrx_word' id='word_1_115' title='bbox 815 1757 879 1794; x_wconf 86' lang='lat' dir='ltr'>ex</span> <span class='ocrx_word' id='word_1_116' title='bbox 913 1741 1294 1795; x_wconf 88' lang='lat' dir='ltr'>mundissimo</span> <span class='ocrx_word' id='word_1_117' title='bbox 1335 1748 1391 1794; x_wconf 89' lang='lat' dir='ltr'>et</span> <span class='ocrx_word' id='word_1_118' title='bbox 1424 1741 1729 1811; x_wconf 91' lang='lat' dir='ltr'>purissimo</span> <span class='ocrx_word' id='word_1_119' title='bbox 1769 1743 1889 1795; x_wconf 91' lang='lat' dir='ltr'>lin-</span> 
     </span>
    </p>
   </div>
   <div class='ocr_carea' id='block_1_18' title="bbox 168 1828 1890 1900">
    <p class='ocr_par' dir='ltr' id='par_1_18' title="bbox 168 1828 1890 1900">
     <span class='ocr_line' id='line_1_18' title="bbox 168 1828 1890 1900; baseline 0.002 -20"><span class='ocrx_word' id='word_1_120' title='bbox 168 1832 254 1881; x_wconf 91' lang='lat' dir='ltr'>teo</span> <span class='ocrx_word' id='word_1_121' title='bbox 286 1829 376 1893; x_wconf 85' lang='lat' dir='ltr'>sit,</span> <span class='ocrx_word' id='word_1_122' title='bbox 414 1845 522 1881; x_wconf 89' lang='lat' dir='ltr'>nec</span> <span class='ocrx_word' id='word_1_123' title='bbox 549 1828 614 1882; x_wconf 92' lang='lat' dir='ltr'>in</span> <span class='ocrx_word' id='word_1_124' title='bbox 647 1845 717 1882; x_wconf 90' lang='lat' dir='ltr'>eo</span> <span class='ocrx_word' id='word_1_125' title='bbox 755 1829 992 1883; x_wconf 88' lang='lat' dir='ltr'>alterius</span> <span class='ocrx_word' id='word_1_126' title='bbox 1043 1831 1268 1899; x_wconf 89' lang='lat' dir='ltr'>generis</span> <span class='ocrx_word' id='word_1_127' title='bbox 1301 1829 1541 1883; x_wconf 86' lang='lat' dir='ltr'>materia</span> <span class='ocrx_word' id='word_1_128' title='bbox 1586 1830 1890 1900; x_wconf 89' lang='lat' dir='ltr'>pretiosior</span> 
     </span>
    </p>
   </div>
   <div class='ocr_carea' id='block_1_19' title="bbox 170 1916 1886 1987">
    <p class='ocr_par' dir='ltr' id='par_1_19' title="bbox 170 1916 1886 1987">
     <span class='ocr_line' id='line_1_19' title="bbox 170 1916 1886 1987; baseline 0.001 -17"><span class='ocrx_word' id='word_1_129' title='bbox 170 1923 261 1971; x_wconf 91' lang='lat' dir='ltr'>aut</span> <span class='ocrx_word' id='word_1_130' title='bbox 286 1916 457 1971; x_wconf 86' lang='lat' dir='ltr'>vilior</span> <span class='ocrx_word' id='word_1_131' title='bbox 488 1917 831 1982; x_wconf 88' lang='lat' dir='ltr'>misceatur,</span> <span class='ocrx_word' id='word_1_132' title='bbox 865 1922 921 1969; x_wconf 91' lang='lat' dir='ltr'>et</span> <span class='ocrx_word' id='word_1_133' title='bbox 954 1933 1255 1987; x_wconf 80' lang='lat' dir='ltr'>nunquam</span> <span class='ocrx_word' id='word_1_134' title='bbox 1288 1934 1461 1987; x_wconf 91' lang='lat' dir='ltr'>super</span> <span class='ocrx_word' id='word_1_135' title='bbox 1491 1918 1667 1971; x_wconf 91' lang='lat' dir='ltr'>altare</span> <span class='ocrx_word' id='word_1_136' title='bbox 1699 1935 1886 1972; x_wconf 89' lang='lat' dir='ltr'>rema-</span> 
     </span>
    </p>
   </div>
   <div class='ocr_carea' id='block_1_20' title="bbox 170 2005 1883 2075">
    <p class='ocr_par' dir='ltr' id='par_1_20' title="bbox 170 2005 1883 2075">
     <span class='ocr_line' id='line_1_20' title="bbox 170 2005 1883 2075; baseline 0.001 -17"><span class='ocrx_word' id='word_1_137' title='bbox 170 2011 296 2059; x_wconf 88' lang='lat' dir='ltr'>neat</span> <span class='ocrx_word' id='word_1_138' title='bbox 340 2005 449 2058; x_wconf 88' lang='lat' dir='ltr'>nisi</span> <span class='ocrx_word' id='word_1_139' title='bbox 510 2006 571 2058; x_wconf 88' lang='lat' dir='ltr'>in</span> <span class='ocrx_word' id='word_1_140' title='bbox 624 2011 891 2075; x_wconf 89' lang='lat' dir='ltr'>tempore</span> <span class='ocrx_word' id='word_1_141' title='bbox 940 2006 1151 2072; x_wconf 67' lang='lat' dir='ltr'>missae,</span> <span class='ocrx_word' id='word_1_142' title='bbox 1198 2007 1296 2060; x_wconf 91' lang='lat' dir='ltr'>sed</span> <span class='ocrx_word' id='word_1_143' title='bbox 1326 2012 1426 2059; x_wconf 87' lang='lat' dir='ltr'>aut</span> <span class='ocrx_word' id='word_1_144' title='bbox 1473 2005 1532 2059; x_wconf 88' lang='lat' dir='ltr'>in</span> <span class='ocrx_word' id='word_1_145' title='bbox 1563 2023 1883 2060; x_wconf 91' lang='lat' dir='ltr'>sacramen-</span> 
     </span>
    </p>
   </div>
   <div class='ocr_carea' id='block_1_21' title="bbox 170 2094 1887 2165">
    <p class='ocr_par' dir='ltr' id='par_1_21' title="bbox 170 2094 1887 2165">
     <span class='ocr_line' id='line_1_21' title="bbox 170 2094 1887 2165; baseline -0.001 -17"><span class='ocrx_word' id='word_1_146' title='bbox 170 2099 353 2148; x_wconf 87' lang='lat' dir='ltr'>torum</span> <span class='ocrx_word' id='word_1_147' title='bbox 393 2094 545 2148; x_wconf 91' lang='lat' dir='ltr'>libro</span> <span class='ocrx_word' id='word_1_148' title='bbox 598 2100 875 2163; x_wconf 89' lang='lat' dir='ltr'>ponatur,</span> <span class='ocrx_word' id='word_1_149' title='bbox 927 2100 1027 2147; x_wconf 91' lang='lat' dir='ltr'>aut</span> <span class='ocrx_word' id='word_1_150' title='bbox 1074 2111 1204 2148; x_wconf 92' lang='lat' dir='ltr'>cum</span> <span class='ocrx_word' id='word_1_151' title='bbox 1250 2094 1425 2147; x_wconf 90' lang='lat' dir='ltr'>calice</span> <span class='ocrx_word' id='word_1_152' title='bbox 1474 2099 1530 2148; x_wconf 90' lang='lat' dir='ltr'>et</span> <span class='ocrx_word' id='word_1_153' title='bbox 1569 2100 1775 2165; x_wconf 89' lang='lat' dir='ltr'>patena</span> <span class='ocrx_word' id='word_1_154' title='bbox 1826 2094 1887 2148; x_wconf 88' lang='lat' dir='ltr'>in</span> 
     </span>
    </p>
   </div>
   <div class='ocr_carea' id='block_1_22' title="bbox 169 2182 1888 2252">
    <p class='ocr_par' dir='ltr' id='par_1_22' title="bbox 169 2182 1888 2252">
     <span class='ocr_line' id='line_1_22' title="bbox 169 2182 1888 2252; baseline -0.001 -16"><span class='ocrx_word' id='word_1_155' title='bbox 169 2182 551 2236; x_wconf 90' lang='lat' dir='ltr'>mundissimo</span> <span class='ocrx_word' id='word_1_156' title='bbox 607 2184 738 2235; x_wconf 92' lang='lat' dir='ltr'>loco</span> <span class='ocrx_word' id='word_1_157' title='bbox 791 2183 1180 2236; x_wconf 86' lang='lat' dir='ltr'>recondatur:</span> <span class='ocrx_word' id='word_1_158' title='bbox 1230 2188 1317 2236; x_wconf 87' lang='lat' dir='ltr'>vel</span> <span class='ocrx_word' id='word_1_159' title='bbox 1361 2183 1592 2252; x_wconf 90' lang='lat' dir='ltr'>quando</span> <span class='ocrx_word' id='word_1_160' title='bbox 1636 2183 1888 2237; x_wconf 88' lang='lat' dir='ltr'>abluitur</span> 
     </span>
    </p>
   </div>
   <div class='ocr_carea' id='block_1_23' title="bbox 168 2268 1888 2337">
    <p class='ocr_par' dir='ltr' id='par_1_23' title="bbox 168 2268 1888 2337">
     <span class='ocr_line' id='line_1_23' title="bbox 168 2268 1888 2337; baseline -0.001 -14"><span class='ocrx_word' id='word_1_161' title='bbox 168 2286 200 2323; x_wconf 87' lang='lat' dir='ltr'>a</span> <span class='ocrx_word' id='word_1_162' title='bbox 234 2270 551 2333; x_wconf 86' lang='lat' dir='ltr'>sacerdote,</span> <span class='ocrx_word' id='word_1_163' title='bbox 603 2269 850 2322; x_wconf 91' lang='lat' dir='ltr'>diacono</span> <span class='ocrx_word' id='word_1_164' title='bbox 896 2270 980 2320; x_wconf 92' lang='lat' dir='ltr'>vel</span> <span class='ocrx_word' id='word_1_165' title='bbox 1032 2268 1403 2334; x_wconf 90' lang='lat' dir='ltr'>subdiacono,</span> <span class='ocrx_word' id='word_1_166' title='bbox 1444 2269 1634 2337; x_wconf 90' lang='lat' dir='ltr'>primo</span> <span class='ocrx_word' id='word_1_167' title='bbox 1694 2272 1752 2322; x_wconf 90' lang='lat' dir='ltr'>in</span> <span class='ocrx_word' id='word_1_168' title='bbox 1804 2285 1888 2322; x_wconf 88' lang='lat' dir='ltr'>er-</span> 
     </span>
    </p>
   </div>
   <div class='ocr_carea' id='block_1_24' title="bbox 168 2356 1883 2426">
    <p class='ocr_par' dir='ltr' id='par_1_24' title="bbox 168 2356 1883 2426">
     <span class='ocr_line' id='line_1_24' title="bbox 168 2356 1883 2426; baseline -0.001 -15"><span class='ocrx_word' id='word_1_169' title='bbox 168 2358 335 2411; x_wconf 87' lang='lat' dir='ltr'>clesia</span> <span class='ocrx_word' id='word_1_170' title='bbox 387 2357 445 2410; x_wconf 92' lang='lat' dir='ltr'>in</span> <span class='ocrx_word' id='word_1_171' title='bbox 477 2358 604 2410; x_wconf 92' lang='lat' dir='ltr'>loco</span> <span class='ocrx_word' id='word_1_172' title='bbox 662 2362 722 2409; x_wconf 89' lang='lat' dir='ltr'>et</span> <span class='ocrx_word' id='word_1_173' title='bbox 761 2372 891 2408; x_wconf 81' lang='lat' dir='ltr'>Vase</span> <span class='ocrx_word' id='word_1_174' title='bbox 926 2356 994 2409; x_wconf 90' lang='lat' dir='ltr'>ad</span> <span class='ocrx_word' id='word_1_175' title='bbox 1057 2357 1163 2409; x_wconf 85' lang='lat' dir='ltr'>hoc</span> <span class='ocrx_word' id='word_1_176' title='bbox 1220 2361 1546 2426; x_wconf 64' lang='lat' dir='ltr'>praeparato</span> <span class='ocrx_word' id='word_1_177' title='bbox 1596 2358 1883 2421; x_wconf 87' lang='lat' dir='ltr'>abluatur,</span> 
     </span>
    </p>
   </div>
   <div class='ocr_carea' id='block_1_25' title="bbox 166 2444 1885 2517">
    <p class='ocr_par' dir='ltr' id='par_1_25' title="bbox 166 2444 1885 2517">
     <span class='ocr_line' id='line_1_25' title="bbox 166 2444 1885 2517; baseline 0 -18"><span class='ocrx_word' id='word_1_178' title='bbox 166 2462 231 2499; x_wconf 91' lang='lat' dir='ltr'>eo</span> <span class='ocrx_word' id='word_1_179' title='bbox 266 2446 416 2517; x_wconf 87' lang='lat' dir='ltr'>quod</span> <span class='ocrx_word' id='word_1_180' title='bbox 450 2462 519 2499; x_wconf 84' lang='lat' dir='ltr'>ex</span> <span class='ocrx_word' id='word_1_181' title='bbox 565 2444 868 2498; x_wconf 90' lang='lat' dir='ltr'>Dominico</span> <span class='ocrx_word' id='word_1_182' title='bbox 914 2461 1152 2514; x_wconf 90' lang='lat' dir='ltr'>corpore</span> <span class='ocrx_word' id='word_1_183' title='bbox 1184 2452 1241 2499; x_wconf 90' lang='lat' dir='ltr'>et</span> <span class='ocrx_word' id='word_1_184' title='bbox 1274 2448 1562 2514; x_wconf 86' lang='lat' dir='ltr'>sanguine</span> <span class='ocrx_word' id='word_1_185' title='bbox 1608 2446 1885 2499; x_wconf 91' lang='lat' dir='ltr'>infectum</span> 
     </span>
    </p>
   </div>
   <div class='ocr_carea' id='block_1_26' title="bbox 164 2533 1737 2604">
    <p class='ocr_par' dir='ltr' id='par_1_26' title="bbox 164 2533 1737 2604">
     <span class='ocr_line' id='line_1_26' title="bbox 164 2533 1737 2604; baseline 0.001 -17"><span class='ocrx_word' id='word_1_186' title='bbox 164 2536 253 2589; x_wconf 87' lang='lat' dir='ltr'>sit.</span> <span class='ocrx_word' id='word_1_187' title='bbox 290 2536 419 2589; x_wconf 88' lang='lat' dir='ltr'>Post</span> <span class='ocrx_word' id='word_1_188' title='bbox 448 2535 572 2588; x_wconf 65' lang='lat' dir='ltr'>haec</span> <span class='ocrx_word' id='word_1_189' title='bbox 594 2550 627 2586; x_wconf 93' lang='lat' dir='ltr'>a</span> <span class='ocrx_word' id='word_1_190' title='bbox 662 2533 999 2586; x_wconf 87' lang='lat' dir='ltr'>lavandario</span> <span class='ocrx_word' id='word_1_191' title='bbox 1024 2533 1081 2586; x_wconf 89' lang='lat' dir='ltr'>in</span> <span class='ocrx_word' id='word_1_192' title='bbox 1126 2533 1306 2587; x_wconf 91' lang='lat' dir='ltr'>nitido</span> <span class='ocrx_word' id='word_1_193' title='bbox 1336 2535 1459 2587; x_wconf 91' lang='lat' dir='ltr'>loco</span> <span class='ocrx_word' id='word_1_194' title='bbox 1482 2541 1737 2604; x_wconf 87' lang='lat' dir='ltr'>paretur.</span> 
     </span>
    </p>
   </div>
   <div class='ocr_carea' id='block_1_27' title="bbox 162 2621 1884 2688">
    <p class='ocr_par' dir='ltr' id='par_1_27' title="bbox 162 2621 1884 2688">
     <span class='ocr_line' id='line_1_27' title="bbox 162 2621 1884 2688; baseline -0.002 -8"><span class='ocrx_word' id='word_1_195' title='bbox 162 2623 297 2680; x_wconf 79' lang='lat' dir='ltr'>CAP.</span> <span class='ocrx_word' id='word_1_196' title='bbox 326 2623 498 2678; x_wconf 81' lang='lat' dir='ltr'><strong>XCIX.</strong></span> <span class='ocrx_word' id='word_1_197' title='bbox 533 2653 603 2661; x_wconf 91' lang='lat'>—</span> <span class='ocrx_word' id='word_1_198' title='bbox 661 2624 730 2675; x_wconf 88' lang='lat' dir='ltr'>Ut</span> <span class='ocrx_word' id='word_1_199' title='bbox 768 2623 1097 2688; x_wconf 77' lang='lat' dir='ltr'>sacri/icium</span> <span class='ocrx_word' id='word_1_200' title='bbox 1147 2624 1351 2677; x_wconf 85' lang='lat' dir='ltr'>altaris</span> <span class='ocrx_word' id='word_1_201' title='bbox 1414 2638 1521 2676; x_wconf 89' lang='lat' dir='ltr'>non</span> <span class='ocrx_word' id='word_1_202' title='bbox 1587 2627 1647 2678; x_wconf 82' lang='lat' dir='ltr'>in</span> <span class='ocrx_word' id='word_1_203' title='bbox 1717 2621 1884 2678; x_wconf 83' lang='lat' dir='ltr'>serico</span> 
     </span>
    </p>
   </div>
   <div class='ocr_carea' id='block_1_28' title="bbox 583 2693 1450 2762">
    <p class='ocr_par' dir='ltr' id='par_1_28' title="bbox 583 2693 1450 2762">
     <span class='ocr_line' id='line_1_28' title="bbox 583 2693 1450 2762; baseline 0.005 -18"><span class='ocrx_word' id='word_1_204' title='bbox 583 2708 771 2762; x_wconf 87' lang='lat' dir='ltr'>panno</span> <span class='ocrx_word' id='word_1_205' title='bbox 811 2696 907 2744; x_wconf 87' lang='lat' dir='ltr'>aut</span> <span class='ocrx_word' id='word_1_206' title='bbox 939 2693 1102 2745; x_wconf 83' lang='lat' dir='ltr'>tincto</span> <span class='ocrx_word' id='word_1_207' title='bbox 1131 2695 1450 2749; x_wconf 82' lang='lat' dir='ltr'>celebretur.</span> 
     </span>
    </p>
   </div>
   <div class='ocr_carea' id='block_1_29' title="bbox 236 2781 1882 2855">
    <p class='ocr_par' dir='ltr' id='par_1_29' title="bbox 236 2781 1882 2855">
     <span class='ocr_line' id='line_1_29' title="bbox 236 2781 1882 2855; baseline -0.001 -18"><span class='ocrx_word' id='word_1_208' title='bbox 236 2785 343 2855; x_wconf 75' lang='lat' dir='ltr'>(Ea:</span> <span class='ocrx_word' id='word_1_209' title='bbox 363 2784 518 2852; x_wconf 82' lang='lat' dir='ltr'>epist.</span> <span class='ocrx_word' id='word_1_210' title='bbox 553 2781 790 2835; x_wconf 80' lang='lat' dir='ltr'>Eusebii</span> <span class='ocrx_word' id='word_1_211' title='bbox 822 2795 999 2849; x_wconf 73' lang='lat' dir='ltr'>papae,</span> <span class='ocrx_word' id='word_1_212' title='bbox 1029 2796 1149 2849; x_wconf 88' lang='lat' dir='ltr'>cap.</span> <span class='ocrx_word' id='word_1_213' title='bbox 1196 2784 1313 2854; x_wconf 71' lang='lat' dir='ltr'>Si.)</span> <span class='ocrx_word' id='word_1_214' title='bbox 1350 2782 1449 2837; x_wconf 88' lang='lat' dir='ltr'>Hic</span> <span class='ocrx_word' id='word_1_215' title='bbox 1494 2783 1653 2837; x_wconf 92' lang='lat' dir='ltr'>inter</span> <span class='ocrx_word' id='word_1_216' title='bbox 1681 2788 1882 2836; x_wconf 68' lang='lat' dir='ltr'>caetera</span> 
     </span>
    </p>
   </div>
   <div class='ocr_carea' id='block_1_30' title="bbox 164 2869 1881 2943">
    <p class='ocr_par' dir='ltr' id='par_1_30' title="bbox 164 2869 1881 2943">
     <span class='ocr_line' id='line_1_30' title="bbox 164 2869 1881 2943; baseline -0.001 -18"><span class='ocrx_word' id='word_1_217' title='bbox 164 2871 439 2943; x_wconf 62' lang='lat' dir='ltr'>praedicta</span> <span class='ocrx_word' id='word_1_218' title='bbox 483 2870 752 2923; x_wconf 91' lang='lat' dir='ltr'>consultu</span> <span class='ocrx_word' id='word_1_219' title='bbox 799 2869 1057 2921; x_wconf 89' lang='lat' dir='ltr'>omnium</span> <span class='ocrx_word' id='word_1_220' title='bbox 1105 2870 1517 2925; x_wconf 88' lang='lat' dir='ltr'>constituimus</span> <span class='ocrx_word' id='word_1_221' title='bbox 1562 2878 1629 2926; x_wconf 92' lang='lat' dir='ltr'>ut</span> <span class='ocrx_word' id='word_1_222' title='bbox 1661 2871 1881 2924; x_wconf 79' lang='lat' dir='ltr'>sacrili-</span> 
     </span>
    </p>
   </div>
   <div class='ocr_carea' id='block_1_31' title="bbox 172 2957 1881 3029">
    <p class='ocr_par' dir='ltr' id='par_1_31' title="bbox 172 2957 1881 3029">
     <span class='ocr_line' id='line_1_31' title="bbox 172 2957 1881 3029; baseline -0.002 -13"><span class='ocrx_word' id='word_1_223' title='bbox 172 2962 324 3016; x_wconf 90' lang='lat' dir='ltr'>cium</span> <span class='ocrx_word' id='word_1_224' title='bbox 356 2960 548 3015; x_wconf 89' lang='lat' dir='ltr'>altaris</span> <span class='ocrx_word' id='word_1_225' title='bbox 580 2975 699 3012; x_wconf 89' lang='lat' dir='ltr'>non</span> <span class='ocrx_word' id='word_1_226' title='bbox 730 2958 791 3011; x_wconf 88' lang='lat' dir='ltr'>in</span> <span class='ocrx_word' id='word_1_227' title='bbox 839 2957 1013 3011; x_wconf 89' lang='lat' dir='ltr'>serico</span> <span class='ocrx_word' id='word_1_228' title='bbox 1058 2975 1270 3029; x_wconf 88' lang='lat' dir='ltr'>panno,</span> <span class='ocrx_word' id='word_1_229' title='bbox 1335 2966 1435 3013; x_wconf 88' lang='lat' dir='ltr'>aut</span> <span class='ocrx_word' id='word_1_230' title='bbox 1487 2961 1671 3015; x_wconf 90' lang='lat' dir='ltr'>tincto</span> <span class='ocrx_word' id='word_1_231' title='bbox 1726 2960 1881 3029; x_wconf 89' lang='lat' dir='ltr'>quis-</span> 
     </span>
    </p>
   </div>
   <div class='ocr_carea' id='block_1_32' title="bbox 170 3049 1880 3122">
    <p class='ocr_par' dir='ltr' id='par_1_32' title="bbox 170 3049 1880 3122">
     <span class='ocr_line' id='line_1_32' title="bbox 170 3049 1880 3122; baseline -0.002 -18"><span class='ocrx_word' id='word_1_232' title='bbox 170 3066 347 3122; x_wconf 83' lang='lat' dir='ltr'>quam</span> <span class='ocrx_word' id='word_1_233' title='bbox 395 3049 683 3103; x_wconf 86' lang='lat' dir='ltr'>celebrare</span> <span class='ocrx_word' id='word_1_234' title='bbox 726 3053 1121 3117; x_wconf 84' lang='lat' dir='ltr'>praesumeret,</span> <span class='ocrx_word' id='word_1_235' title='bbox 1165 3049 1266 3103; x_wconf 91' lang='lat' dir='ltr'>sed</span> <span class='ocrx_word' id='word_1_236' title='bbox 1311 3050 1369 3102; x_wconf 89' lang='lat' dir='ltr'>in</span> <span class='ocrx_word' id='word_1_237' title='bbox 1414 3066 1559 3119; x_wconf 88' lang='lat' dir='ltr'>puro</span> <span class='ocrx_word' id='word_1_238' title='bbox 1609 3049 1762 3103; x_wconf 92' lang='lat' dir='ltr'>lineo</span> <span class='ocrx_word' id='word_1_239' title='bbox 1813 3049 1880 3101; x_wconf 89' lang='lat' dir='ltr'>ab</span> 
     </span>
    </p>
   </div>
   <div class='ocr_carea' id='block_1_33' title="bbox 172 3138 1881 3209">
    <p class='ocr_par' dir='ltr' id='par_1_33' title="bbox 172 3138 1881 3209">
     <span class='ocr_line' id='line_1_33' title="bbox 172 3138 1881 3209; baseline -0.002 -16"><span class='ocrx_word' id='word_1_240' title='bbox 172 3140 443 3209; x_wconf 90' lang='lat' dir='ltr'>episcopo</span> <span class='ocrx_word' id='word_1_241' title='bbox 494 3140 851 3200; x_wconf 90' lang='lat' dir='ltr'>consecrato,</span> <span class='ocrx_word' id='word_1_242' title='bbox 898 3140 1125 3190; x_wconf 89' lang='lat' dir='ltr'>terreno</span> <span class='ocrx_word' id='word_1_243' title='bbox 1170 3138 1383 3193; x_wconf 87' lang='lat' dir='ltr'>scilicet</span> <span class='ocrx_word' id='word_1_244' title='bbox 1414 3140 1528 3193; x_wconf 89' lang='lat' dir='ltr'>lino</span> <span class='ocrx_word' id='word_1_245' title='bbox 1581 3143 1881 3209; x_wconf 89' lang='lat' dir='ltr'>procreato</span> 
     </span>
    </p>
   </div>
   <div class='ocr_carea' id='block_1_34' title="bbox 175 3224 1880 3298">
    <p class='ocr_par' dir='ltr' id='par_1_34' title="bbox 175 3224 1880 3298">
     <span class='ocr_line' id='line_1_34' title="bbox 175 3224 1880 3298; baseline -0.001 -17"><span class='ocrx_word' id='word_1_246' title='bbox 175 3234 349 3298; x_wconf 88' lang='lat' dir='ltr'>atque</span> <span class='ocrx_word' id='word_1_247' title='bbox 380 3231 665 3291; x_wconf 82' lang='lat' dir='ltr'>contexto,</span> <span class='ocrx_word' id='word_1_248' title='bbox 704 3224 849 3277; x_wconf 87' lang='lat' dir='ltr'>sicut</span> <span class='ocrx_word' id='word_1_249' title='bbox 879 3240 1083 3293; x_wconf 90' lang='lat' dir='ltr'>corpus</span> <span class='ocrx_word' id='word_1_250' title='bbox 1116 3227 1344 3281; x_wconf 92' lang='lat' dir='ltr'>Domini</span> <span class='ocrx_word' id='word_1_251' title='bbox 1368 3229 1545 3281; x_wconf 90' lang='lat' dir='ltr'>nostri</span> <span class='ocrx_word' id='word_1_252' title='bbox 1561 3230 1695 3282; x_wconf 88' lang='lat' dir='ltr'>Jesu</span> <span class='ocrx_word' id='word_1_253' title='bbox 1722 3227 1880 3281; x_wconf 87' lang='lat' dir='ltr'>Chri-</span> 
     </span>
    </p>
   </div>
   <div class='ocr_carea' id='block_1_35' title="bbox 175 3314 1531 3385">
    <p class='ocr_par' dir='ltr' id='par_1_35' title="bbox 175 3314 1531 3385">
     <span class='ocr_line' id='line_1_35' title="bbox 175 3314 1531 3385; baseline 0.001 -15"><span class='ocrx_word' id='word_1_254' title='bbox 175 3317 245 3370; x_wconf 90' lang='lat' dir='ltr'>sti</span> <span class='ocrx_word' id='word_1_255' title='bbox 277 3316 337 3369; x_wconf 90' lang='lat' dir='ltr'>in</span> <span class='ocrx_word' id='word_1_256' title='bbox 368 3315 627 3385; x_wconf 87' lang='lat' dir='ltr'>syndone</span> <span class='ocrx_word' id='word_1_257' title='bbox 656 3314 808 3367; x_wconf 88' lang='lat' dir='ltr'>linea</span> <span class='ocrx_word' id='word_1_258' title='bbox 840 3314 1052 3366; x_wconf 90' lang='lat' dir='ltr'>munda</span> <span class='ocrx_word' id='word_1_259' title='bbox 1082 3316 1373 3384; x_wconf 88' lang='lat' dir='ltr'>sepultum</span> <span class='ocrx_word' id='word_1_260' title='bbox 1402 3317 1531 3372; x_wconf 86' lang='lat' dir='ltr'>fuit.</span> 
     </span>
    </p>
   </div>
   <div class='ocr_carea' id='block_1_36' title="bbox 177 3402 1883 3469">
    <p class='ocr_par' dir='ltr' id='par_1_36' title="bbox 177 3402 1883 3469">
     <span class='ocr_line' id='line_1_36' title="bbox 177 3402 1883 3469; baseline -0.002 -8"><span class='ocrx_word' id='word_1_261' title='bbox 177 3406 303 3461; x_wconf 76' lang='lat' dir='ltr'><strong>CAP.</strong></span> <span class='ocrx_word' id='word_1_262' title='bbox 338 3405 396 3459; x_wconf 91' lang='lat' dir='ltr'>C.</span> <span class='ocrx_word' id='word_1_263' title='bbox 430 3434 497 3443; x_wconf 96' lang='lat'><strong>—</strong></span> <span class='ocrx_word' id='word_1_264' title='bbox 533 3406 599 3459; x_wconf 91' lang='lat' dir='ltr'>Ut</span> <span class='ocrx_word' id='word_1_265' title='bbox 656 3403 911 3456; x_wconf 79' lang='lat' dir='ltr'>mulieres</span> <span class='ocrx_word' id='word_1_266' title='bbox 966 3402 1041 3455; x_wconf 85' lang='lat' dir='ltr'>ad</span> <span class='ocrx_word' id='word_1_267' title='bbox 1093 3405 1265 3456; x_wconf 89' lang='lat' dir='ltr'>altare</span> <span class='ocrx_word' id='word_1_268' title='bbox 1332 3421 1437 3457; x_wconf 86' lang='lat' dir='ltr'>non</span> <span class='ocrx_word' id='word_1_269' title='bbox 1504 3404 1780 3469; x_wconf 85' lang='lat' dir='ltr'>accedant,</span> <span class='ocrx_word' id='word_1_270' title='bbox 1834 3409 1883 3457; x_wconf 86' lang='lat' dir='ltr'>et</span> 
     </span>
    </p>
   </div>
   <div class='ocr_carea' id='block_1_37' title="bbox 478 3475 1579 3543">
    <p class='ocr_par' dir='ltr' id='par_1_37' title="bbox 478 3475 1579 3543">
     <span class='ocr_line' id='line_1_37' title="bbox 478 3475 1579 3543; baseline 0 -15"><span class='ocrx_word' id='word_1_271' title='bbox 478 3476 665 3543; x_wconf 72' lang='lat' dir='ltr'>ofﬁciis</span> <span class='ocrx_word' id='word_1_272' title='bbox 694 3475 935 3526; x_wconf 82' lang='lat' dir='ltr'>virorum</span> <span class='ocrx_word' id='word_1_273' title='bbox 963 3488 1017 3527; x_wconf 87' lang='lat' dir='ltr'>se</span> <span class='ocrx_word' id='word_1_274' title='bbox 1045 3489 1151 3527; x_wconf 89' lang='lat' dir='ltr'>non</span> <span class='ocrx_word' id='word_1_275' title='bbox 1188 3475 1579 3529; x_wconf 86' lang='lat' dir='ltr'>intromittant.</span> 
     </span>
    </p>
   </div>
   <div class='ocr_carea' id='block_1_38' title="bbox 247 3561 1883 3634">
    <p class='ocr_par' dir='ltr' id='par_1_38' title="bbox 247 3561 1883 3634">
     <span class='ocr_line' id='line_1_38' title="bbox 247 3561 1883 3634; baseline -0.011 -14"><span class='ocrx_word' id='word_1_276' title='bbox 247 3566 565 3634; x_wconf 68' lang='lat' dir='ltr'>(Exconcil.</span> <span class='ocrx_word' id='word_1_277' title='bbox 609 3561 956 3626; x_wconf 84' lang='lat' dir='ltr'>Laodicensi,</span> <span class='ocrx_word' id='word_1_278' title='bbox 1002 3577 1121 3630; x_wconf 87' lang='lat' dir='ltr'>cap.</span> <span class='ocrx_word' id='word_1_279' title='bbox 1181 3563 1293 3627; x_wconf 84' lang='grc'>43.)</span> <span class='ocrx_word' id='word_1_280' title='bbox 1340 3563 1502 3626; x_wconf 89' lang='lat' dir='ltr'>Quod</span> <span class='ocrx_word' id='word_1_281' title='bbox 1547 3577 1663 3614; x_wconf 88' lang='lat' dir='ltr'>non</span> <span class='ocrx_word' id='word_1_282' title='bbox 1709 3576 1883 3630; x_wconf 70' lang='grc' dir='ltr'>οροιο-</span> 
     </span>
    </p>
   </div>
   <div class='ocr_carea' id='block_1_39' title="bbox 176 3649 1884 3719">
    <p class='ocr_par' dir='ltr' id='par_1_39' title="bbox 176 3649 1884 3719">
     <span class='ocr_line' id='line_1_39' title="bbox 176 3649 1884 3719; baseline -0.002 -13"><span class='ocrx_word' id='word_1_283' title='bbox 176 3658 292 3706; x_wconf 89' lang='lat' dir='ltr'>teat</span> <span class='ocrx_word' id='word_1_284' title='bbox 316 3652 587 3705; x_wconf 82' lang='lat' dir='ltr'>mulieres</span> <span class='ocrx_word' id='word_1_285' title='bbox 619 3649 847 3718; x_wconf 87' lang='lat' dir='ltr'>ingredi</span> <span class='ocrx_word' id='word_1_286' title='bbox 879 3650 948 3703; x_wconf 89' lang='lat' dir='ltr'>ad</span> <span class='ocrx_word' id='word_1_287' title='bbox 980 3650 1173 3716; x_wconf 90' lang='lat' dir='ltr'>altare,</span> <span class='ocrx_word' id='word_1_288' title='bbox 1210 3655 1265 3703; x_wconf 91' lang='lat' dir='ltr'>et</span> <span class='ocrx_word' id='word_1_289' title='bbox 1295 3667 1360 3704; x_wconf 91' lang='lat' dir='ltr'>ea</span> <span class='ocrx_word' id='word_1_290' title='bbox 1381 3650 1715 3719; x_wconf 89' lang='lat' dir='ltr'>contingere</span> <span class='ocrx_word' id='word_1_291' title='bbox 1755 3664 1884 3719; x_wconf 66' lang='lat' dir='ltr'>quas</span> 
     </span>
    </p>
   </div>
   <div class='ocr_carea' id='block_1_40' title="bbox 173 3738 1150 3806">
    <p class='ocr_par' dir='ltr' id='par_1_40' title="bbox 173 3738 1150 3806">
     <span class='ocr_line' id='line_1_40' title="bbox 173 3738 1150 3806; baseline -0.004 -12"><span class='ocrx_word' id='word_1_292' title='bbox 173 3741 430 3795; x_wconf 84' lang='lat' dir='ltr'>virorum</span> <span class='ocrx_word' id='word_1_293' title='bbox 461 3739 665 3793; x_wconf 85' lang='lat' dir='ltr'>ofﬁciis</span> <span class='ocrx_word' id='word_1_294' title='bbox 695 3738 963 3806; x_wconf 84' lang='lat' dir='ltr'>deputata</span> <span class='ocrx_word' id='word_1_295' title='bbox 1000 3742 1150 3791; x_wconf 88' lang='lat' dir='ltr'>sunt.</span> 
     </span>
    </p>
   </div>
   <div class='ocr_carea' id='block_1_41' title="bbox 640 3825 1413 3881">
    <p class='ocr_par' dir='ltr' id='par_1_41' title="bbox 640 3825 1413 3881">
     <span class='ocr_line' id='line_1_41' title="bbox 640 3825 1413 3881; baseline -0.004 0"><span class='ocrx_word' id='word_1_296' title='bbox 640 3827 768 3881; x_wconf 77' lang='lat' dir='ltr'>CAP.</span> <span class='ocrx_word' id='word_1_297' title='bbox 804 3826 889 3880; x_wconf 91' lang='lat' dir='ltr'>Cl.</span> <span class='ocrx_word' id='word_1_298' title='bbox 925 3855 995 3867; x_wconf 95' lang='lat'><em>—</em></span> <span class='ocrx_word' id='word_1_299' title='bbox 1026 3830 1096 3880; x_wconf 89' lang='lat' dir='ltr'>De</span> <span class='ocrx_word' id='word_1_300' title='bbox 1126 3825 1310 3879; x_wconf 85' lang='lat' dir='ltr'>eadem</span> <span class='ocrx_word' id='word_1_301' title='bbox 1338 3842 1413 3879; x_wconf 87' lang='lat' dir='ltr'>re.</span> 
     </span>
    </p>
   </div>
   <div class='ocr_carea' id='block_1_42' title="bbox 250 3911 1883 3985">
    <p class='ocr_par' dir='ltr' id='par_1_42' title="bbox 250 3911 1883 3985">
     <span class='ocr_line' id='line_1_42' title="bbox 250 3911 1883 3985; baseline -0.002 -15"><span class='ocrx_word' id='word_1_302' title='bbox 250 3919 353 3985; x_wconf 77' lang='lat' dir='ltr'>(Ea:</span> <span class='ocrx_word' id='word_1_303' title='bbox 403 3917 544 3970; x_wconf 87' lang='lat' dir='ltr'>decr.</span> <span class='ocrx_word' id='word_1_304' title='bbox 579 3916 787 3971; x_wconf 82' lang='lat' dir='ltr'>Gelasii</span> <span class='ocrx_word' id='word_1_305' title='bbox 806 3929 986 3983; x_wconf 68' lang='lat' dir='ltr'>papae,</span> <span class='ocrx_word' id='word_1_306' title='bbox 1018 3930 1138 3983; x_wconf 87' lang='lat' dir='ltr'>cap.</span> <span class='ocrx_word' id='word_1_307' title='bbox 1180 3914 1283 3981; x_wconf 79' lang='grc'><strong>16.)</strong></span> <span class='ocrx_word' id='word_1_308' title='bbox 1334 3911 1721 3967; x_wconf 88' lang='lat' dir='ltr'>Nihilominus</span> <span class='ocrx_word' id='word_1_309' title='bbox 1766 3911 1883 3966; x_wconf 91' lang='lat' dir='ltr'>im-</span> 
     </span>
    </p>
   </div>
   <div class='ocr_carea' id='block_1_43' title="bbox 176 4001 1884 4075">
    <p class='ocr_par' dir='ltr' id='par_1_43' title="bbox 176 4001 1884 4075">
     <span class='ocr_line' id='line_1_43' title="bbox 176 4001 1884 4075; baseline -0.002 -17"><span class='ocrx_word' id='word_1_310' title='bbox 176 4006 463 4075; x_wconf 88' lang='lat' dir='ltr'>patienter</span> <span class='ocrx_word' id='word_1_311' title='bbox 492 4002 835 4067; x_wconf 88' lang='lat' dir='ltr'>audivimus,</span> <span class='ocrx_word' id='word_1_312' title='bbox 872 4006 1095 4054; x_wconf 89' lang='lat' dir='ltr'>tantum</span> <span class='ocrx_word' id='word_1_313' title='bbox 1145 4001 1471 4055; x_wconf 88' lang='lat' dir='ltr'>divinarum</span> <span class='ocrx_word' id='word_1_314' title='bbox 1514 4015 1705 4052; x_wconf 89' lang='lat' dir='ltr'>rerum</span> <span class='ocrx_word' id='word_1_315' title='bbox 1754 4002 1884 4054; x_wconf 86' lang='lat' dir='ltr'>sub-</span> 
     </span>
    </p>
   </div>
   <div class='ocr_carea' id='block_1_44' title="bbox 176 4089 1880 4162">
    <p class='ocr_par' dir='ltr' id='par_1_44' title="bbox 176 4089 1880 4162">
     <span class='ocr_line' id='line_1_44' title="bbox 176 4089 1880 4162; baseline -0.002 -17"><span class='ocrx_word' id='word_1_316' title='bbox 176 4093 310 4145; x_wconf 90' lang='lat' dir='ltr'>iisse</span> <span class='ocrx_word' id='word_1_317' title='bbox 362 4092 720 4162; x_wconf 88' lang='lat' dir='ltr'>despectum,</span> <span class='ocrx_word' id='word_1_318' title='bbox 770 4096 831 4143; x_wconf 87' lang='lat' dir='ltr'>ut</span> <span class='ocrx_word' id='word_1_319' title='bbox 879 4090 1095 4144; x_wconf 85' lang='lat' dir='ltr'>femina</span> <span class='ocrx_word' id='word_1_320' title='bbox 1148 4090 1319 4142; x_wconf 88' lang='lat' dir='ltr'>sacris</span> <span class='ocrx_word' id='word_1_321' title='bbox 1372 4089 1647 4142; x_wconf 86' lang='lat' dir='ltr'>altaribus</span> <span class='ocrx_word' id='word_1_322' title='bbox 1703 4090 1880 4143; x_wconf 91' lang='lat' dir='ltr'>mini-</span> 
     </span>
    </p>
   </div>
   <div class='ocr_carea' id='block_1_45' title="bbox 177 4177 1878 4250">
    <p class='ocr_par' dir='ltr' id='par_1_45' title="bbox 177 4177 1878 4250">
     <span class='ocr_line' id='line_1_45' title="bbox 177 4177 1878 4250; baseline -0.002 -15"><span class='ocrx_word' id='word_1_323' title='bbox 177 4189 359 4235; x_wconf 87' lang='lat' dir='ltr'>strare</span> <span class='ocrx_word' id='word_1_324' title='bbox 380 4180 702 4243; x_wconf 84' lang='lat' dir='ltr'>ﬁrmentur,</span> <span class='ocrx_word' id='word_1_325' title='bbox 737 4184 1054 4250; x_wconf 89' lang='lat' dir='ltr'>cunctaque</span> <span class='ocrx_word' id='word_1_326' title='bbox 1088 4194 1207 4231; x_wconf 89' lang='lat' dir='ltr'>non</span> <span class='ocrx_word' id='word_1_327' title='bbox 1237 4178 1347 4231; x_wconf 90' lang='lat' dir='ltr'>nisi</span> <span class='ocrx_word' id='word_1_328' title='bbox 1399 4178 1651 4230; x_wconf 90' lang='lat' dir='ltr'>virorum</span> <span class='ocrx_word' id='word_1_329' title='bbox 1688 4177 1878 4232; x_wconf 87' lang='lat' dir='ltr'>famu-</span> 
     </span>
    </p>
   </div>
   <div class='ocr_carea' id='block_1_46' title="bbox 174 4266 1563 4338">
    <p class='ocr_par' dir='ltr' id='par_1_46' title="bbox 174 4266 1563 4338">
     <span class='ocr_line' id='line_1_46' title="bbox 174 4266 1563 4338; baseline -0.005 -15"><span class='ocrx_word' id='word_1_330' title='bbox 174 4269 320 4323; x_wconf 88' lang='lat' dir='ltr'>latui</span> <span class='ocrx_word' id='word_1_331' title='bbox 343 4268 615 4338; x_wconf 86' lang='lat' dir='ltr'>deputata</span> <span class='ocrx_word' id='word_1_332' title='bbox 635 4268 796 4321; x_wconf 83' lang='lat' dir='ltr'>sexui</span> <span class='ocrx_word' id='word_1_333' title='bbox 827 4284 944 4320; x_wconf 91' lang='lat' dir='ltr'>non</span> <span class='ocrx_word' id='word_1_334' title='bbox 977 4266 1249 4336; x_wconf 89' lang='lat' dir='ltr'>competit</span> <span class='ocrx_word' id='word_1_335' title='bbox 1280 4266 1563 4319; x_wconf 86' lang='lat' dir='ltr'>exhibere.</span> 
     </span>
    </p>
   </div>
   <div class='ocr_carea' id='block_1_47' title="bbox 322 4352 1735 4423">
    <p class='ocr_par' dir='ltr' id='par_1_47' title="bbox 322 4352 1735 4423">
     <span class='ocr_line' id='line_1_47' title="bbox 322 4352 1735 4423; baseline -0.001 -14"><span class='ocrx_word' id='word_1_336' title='bbox 322 4358 448 4410; x_wconf 77' lang='lat' dir='ltr'>CAP.</span> <span class='ocrx_word' id='word_1_337' title='bbox 483 4357 595 4410; x_wconf 89' lang='lat' dir='ltr'><strong>CII.</strong></span> <span class='ocrx_word' id='word_1_338' title='bbox 624 4386 692 4394; x_wconf 89' lang='lat'><strong>—</strong></span> <span class='ocrx_word' id='word_1_339' title='bbox 728 4358 793 4409; x_wconf 86' lang='lat' dir='ltr'>Ut</span> <span class='ocrx_word' id='word_1_340' title='bbox 813 4357 941 4409; x_wconf 86' lang='lat' dir='ltr'>laici</span> <span class='ocrx_word' id='word_1_341' title='bbox 962 4356 1133 4423; x_wconf 66' lang='lat' dir='ltr'>juxta</span> <span class='ocrx_word' id='word_1_342' title='bbox 1161 4356 1336 4408; x_wconf 90' lang='lat' dir='ltr'>altare</span> <span class='ocrx_word' id='word_1_343' title='bbox 1363 4369 1468 4406; x_wconf 87' lang='lat' dir='ltr'>non</span> <span class='ocrx_word' id='word_1_344' title='bbox 1497 4352 1735 4407; x_wconf 86' lang='lat' dir='ltr'>sedeant.</span> 
     </span>
    </p>
   </div>
   <div class='ocr_carea' id='block_1_48' title="bbox 278 4441 1878 4515">
    <p class='ocr_par' dir='ltr' id='par_1_48' title="bbox 278 4441 1878 4515">
     <span class='ocr_line' id='line_1_48' title="bbox 278 4441 1878 4515; baseline -0.003 -16"><span class='ocrx_word' id='word_1_345' title='bbox 278 4444 383 4515; x_wconf 73' lang='lat' dir='ltr'>(Ea:</span> <span class='ocrx_word' id='word_1_346' title='bbox 414 4446 601 4498; x_wconf 88' lang='lat' dir='ltr'>concil.</span> <span class='ocrx_word' id='word_1_347' title='bbox 660 4446 925 4510; x_wconf 83' lang='lat' dir='ltr'>Mogunl.,</span> <span class='ocrx_word' id='word_1_348' title='bbox 969 4460 1087 4512; x_wconf 91' lang='lat' dir='ltr'>cap.</span> <span class='ocrx_word' id='word_1_349' title='bbox 1145 4442 1253 4512; x_wconf 87' lang='lat' dir='ltr'>l3.)</span> <span class='ocrx_word' id='word_1_350' title='bbox 1301 4444 1369 4495; x_wconf 95' lang='lat' dir='ltr'>Ut</span> <span class='ocrx_word' id='word_1_351' title='bbox 1416 4441 1549 4495; x_wconf 84' lang='lat' dir='ltr'>laici</span> <span class='ocrx_word' id='word_1_352' title='bbox 1596 4458 1756 4494; x_wconf 90' lang='lat' dir='ltr'>secus</span> <span class='ocrx_word' id='word_1_353' title='bbox 1799 4443 1878 4494; x_wconf 89' lang='lat' dir='ltr'>al-</span> 
     </span>
    </p>
   </div>
   <div class='ocr_carea' id='block_1_49' title="bbox 174 4529 1874 4603">
    <p class='ocr_par' dir='ltr' id='par_1_49' title="bbox 174 4529 1874 4603">
     <span class='ocr_line' id='line_1_49' title="bbox 174 4529 1874 4603; baseline -0.004 -16"><span class='ocrx_word' id='word_1_354' title='bbox 174 4539 299 4588; x_wconf 88' lang='lat' dir='ltr'>tare</span> <span class='ocrx_word' id='word_1_355' title='bbox 334 4548 449 4603; x_wconf 91' lang='lat' dir='ltr'>quo</span> <span class='ocrx_word' id='word_1_356' title='bbox 506 4536 698 4585; x_wconf 89' lang='lat' dir='ltr'>sancta</span> <span class='ocrx_word' id='word_1_357' title='bbox 755 4532 1024 4602; x_wconf 87' lang='lat' dir='ltr'>mysteria</span> <span class='ocrx_word' id='word_1_358' title='bbox 1078 4531 1462 4596; x_wconf 89' lang='lat' dir='ltr'>celebrantur,</span> <span class='ocrx_word' id='word_1_359' title='bbox 1508 4529 1569 4581; x_wconf 93' lang='lat' dir='ltr'>in</span> <span class='ocrx_word' id='word_1_360' title='bbox 1623 4530 1874 4595; x_wconf 88' lang='lat' dir='ltr'>clericos,</span> 
     </span>
    </p>
   </div>
   <div class='ocr_carea' id='block_1_50' title="bbox 175 4617 1877 4690">
    <p class='ocr_par' dir='ltr' id='par_1_50' title="bbox 175 4617 1877 4690">
     <span class='ocr_line' id='line_1_50' title="bbox 175 4617 1877 4690; baseline -0.004 -14"><span class='ocrx_word' id='word_1_361' title='bbox 175 4627 295 4676; x_wconf 84' lang='lat' dir='ltr'>tam</span> <span class='ocrx_word' id='word_1_362' title='bbox 346 4622 418 4673; x_wconf 90' lang='lat' dir='ltr'>ad</span> <span class='ocrx_word' id='word_1_363' title='bbox 478 4620 697 4690; x_wconf 89' lang='lat' dir='ltr'>vigilias</span> <span class='ocrx_word' id='word_1_364' title='bbox 750 4636 924 4690; x_wconf 89' lang='lat' dir='ltr'>quam</span> <span class='ocrx_word' id='word_1_365' title='bbox 979 4621 1049 4673; x_wconf 89' lang='lat' dir='ltr'>ad</span> <span class='ocrx_word' id='word_1_366' title='bbox 1100 4619 1294 4674; x_wconf 84' lang='lat' dir='ltr'>Missas</span> <span class='ocrx_word' id='word_1_367' title='bbox 1342 4623 1488 4671; x_wconf 87' lang='lat' dir='ltr'>stare</span> <span class='ocrx_word' id='word_1_368' title='bbox 1545 4617 1630 4669; x_wconf 87' lang='lat' dir='ltr'>vel</span> <span class='ocrx_word' id='word_1_369' title='bbox 1683 4618 1877 4671; x_wconf 89' lang='lat' dir='ltr'>sedere</span> 
     </span>
    </p>
   </div>
   <div class='ocr_carea' id='block_1_51' title="bbox 176 4706 1878 4781">
    <p class='ocr_par' dir='ltr' id='par_1_51' title="bbox 176 4706 1878 4781">
     <span class='ocr_line' id='line_1_51' title="bbox 176 4706 1878 4781; baseline -0.004 -17"><span class='ocrx_word' id='word_1_370' title='bbox 176 4710 411 4781; x_wconf 87' lang='lat' dir='ltr'>penitus</span> <span class='ocrx_word' id='word_1_371' title='bbox 441 4724 558 4761; x_wconf 88' lang='lat' dir='ltr'>non</span> <span class='ocrx_word' id='word_1_372' title='bbox 594 4714 964 4778; x_wconf 60' lang='lat' dir='ltr'>praesumant,</span> <span class='ocrx_word' id='word_1_373' title='bbox 995 4708 1092 4762; x_wconf 90' lang='lat' dir='ltr'>sed</span> <span class='ocrx_word' id='word_1_374' title='bbox 1131 4723 1260 4777; x_wconf 90' lang='lat' dir='ltr'>pars</span> <span class='ocrx_word' id='word_1_375' title='bbox 1305 4707 1400 4760; x_wconf 85' lang='lat' dir='ltr'>illa</span> <span class='ocrx_word' id='word_1_376' title='bbox 1439 4721 1567 4776; x_wconf 66' lang='lat' dir='ltr'>qua:</span> <span class='ocrx_word' id='word_1_377' title='bbox 1613 4706 1878 4759; x_wconf 89' lang='lat' dir='ltr'>cancellis</span> 
     </span>
    </p>
   </div>
   <div class='ocr_carea' id='block_1_52' title="bbox 176 4795 1877 4865">
    <p class='ocr_par' dir='ltr' id='par_1_52' title="bbox 176 4795 1877 4865">
     <span class='ocr_line' id='line_1_52' title="bbox 176 4795 1877 4865; baseline -0.002 -14"><span class='ocrx_word' id='word_1_378' title='bbox 176 4798 249 4851; x_wconf 86' lang='lat' dir='ltr'>ab</span> <span class='ocrx_word' id='word_1_379' title='bbox 287 4797 452 4850; x_wconf 87' lang='lat' dir='ltr'>altari</span> <span class='ocrx_word' id='word_1_380' title='bbox 503 4796 791 4862; x_wconf 88' lang='lat' dir='ltr'>dividitur,</span> <span class='ocrx_word' id='word_1_381' title='bbox 828 4801 1052 4850; x_wconf 91' lang='lat' dir='ltr'>tantum</span> <span class='ocrx_word' id='word_1_382' title='bbox 1092 4795 1468 4865; x_wconf 86' lang='lat' dir='ltr'>psallentibus</span> <span class='ocrx_word' id='word_1_383' title='bbox 1531 4796 1720 4863; x_wconf 85' lang='lat' dir='ltr'>pateat</span> <span class='ocrx_word' id='word_1_384' title='bbox 1769 4796 1877 4847; x_wconf 89' lang='lat' dir='ltr'>cle-</span> 
     </span>
    </p>
   </div>
   <div class='ocr_carea' id='block_1_53' title="bbox 176 4883 1876 4940">
    <p class='ocr_par' dir='ltr' id='par_1_53' title="bbox 176 4883 1876 4940">
     <span class='ocr_line' id='line_1_53' title="bbox 176 4883 1876 4940; baseline -0.003 0"><span class='ocrx_word' id='word_1_385' title='bbox 176 4887 329 4940; x_wconf 91' lang='lat' dir='ltr'>ricis.</span> <span class='ocrx_word' id='word_1_386' title='bbox 364 4886 449 4938; x_wconf 82' lang='lat' dir='ltr'>Ad</span> <span class='ocrx_word' id='word_1_387' title='bbox 498 4885 775 4938; x_wconf 90' lang='lat' dir='ltr'>orandum</span> <span class='ocrx_word' id='word_1_388' title='bbox 837 4902 965 4938; x_wconf 89' lang='lat' dir='ltr'>vero</span> <span class='ocrx_word' id='word_1_389' title='bbox 1024 4890 1079 4937; x_wconf 91' lang='lat' dir='ltr'>et</span> <span class='ocrx_word' id='word_1_390' title='bbox 1124 4884 1669 4937; x_wconf 89' lang='lat' dir='ltr'>communicandum</span> <span class='ocrx_word' id='word_1_391' title='bbox 1720 4883 1876 4935; x_wconf 89' lang='lat' dir='ltr'>laicis</span> 
     </span>
    </p>
   </div>
   <div class='ocr_carea' id='block_1_54' title="bbox 177 4973 1871 5042">
    <p class='ocr_par' dir='ltr' id='par_1_54' title="bbox 177 4973 1871 5042">
     <span class='ocr_line' id='line_1_54' title="bbox 177 4973 1871 5042; baseline -0.003 -13"><span class='ocrx_word' id='word_1_392' title='bbox 177 4980 234 5029; x_wconf 89' lang='lat' dir='ltr'>et</span> <span class='ocrx_word' id='word_1_393' title='bbox 264 4973 510 5039; x_wconf 88' lang='lat' dir='ltr'>feminis,</span> <span class='ocrx_word' id='word_1_394' title='bbox 545 4973 687 5026; x_wconf 87' lang='lat' dir='ltr'>sicut</span> <span class='ocrx_word' id='word_1_395' title='bbox 716 4990 841 5027; x_wconf 92' lang='lat' dir='ltr'>mos</span> <span class='ocrx_word' id='word_1_396' title='bbox 879 4979 985 5039; x_wconf 90' lang='lat' dir='ltr'>est,</span> <span class='ocrx_word' id='word_1_397' title='bbox 1029 4978 1263 5042; x_wconf 87' lang='lat' dir='ltr'>pateant</span> <span class='ocrx_word' id='word_1_398' title='bbox 1303 4976 1497 5025; x_wconf 91' lang='lat' dir='ltr'>sancta</span> <span class='ocrx_word' id='word_1_399' title='bbox 1528 4975 1871 5024; x_wconf 90' lang='lat' dir='ltr'>sanctorum.</span> 
     </span>
    </p>
   </div>
   <div class='ocr_carea' id='block_1_55' title="bbox 177 5058 1874 5129">
    <p class='ocr_par' dir='ltr' id='par_1_55' title="bbox 177 5058 1874 5129">
     <span class='ocr_line' id='line_1_55' title="bbox 177 5058 1874 5129; baseline -0.003 -13"><span class='ocrx_word' id='word_1_400' title='bbox 177 5063 307 5116; x_wconf 76' lang='lat' dir='ltr'>CAP.</span> <span class='ocrx_word' id='word_1_401' title='bbox 342 5061 480 5115; x_wconf 91' lang='lat' dir='ltr'><strong>CIII.</strong></span> <span class='ocrx_word' id='word_1_402' title='bbox 509 5090 575 5099; x_wconf 93' lang='lat'><strong><em>—</em></strong></span> <span class='ocrx_word' id='word_1_403' title='bbox 608 5063 677 5113; x_wconf 91' lang='lat' dir='ltr'>De</span> <span class='ocrx_word' id='word_1_404' title='bbox 704 5062 817 5114; x_wconf 86' lang='lat' dir='ltr'>illis</span> <span class='ocrx_word' id='word_1_405' title='bbox 847 5060 1214 5114; x_wconf 81' lang='lat' dir='ltr'>sacerdotibus</span> <span class='ocrx_word' id='word_1_406' title='bbox 1246 5062 1342 5129; x_wconf 84' lang='lat' dir='ltr'>qui</span> <span class='ocrx_word' id='word_1_407' title='bbox 1372 5062 1431 5112; x_wconf 89' lang='lat' dir='ltr'>in</span> <span class='ocrx_word' id='word_1_408' title='bbox 1472 5060 1718 5112; x_wconf 88' lang='lat' dir='ltr'>Ecclesia</span> <span class='ocrx_word' id='word_1_409' title='bbox 1747 5058 1874 5112; x_wconf 84' lang='lat' dir='ltr'>dum</span> 
     </span>
    </p>
   </div>
   <div class='ocr_carea' id='block_1_56' title="bbox 428 5131 1628 5198">
    <p class='ocr_par' dir='ltr' id='par_1_56' title="bbox 428 5131 1628 5198">
     <span class='ocr_line' id='line_1_56' title="bbox 428 5131 1628 5198; baseline -0.003 -13"><span class='ocrx_word' id='word_1_410' title='bbox 428 5132 727 5197; x_wconf 81' lang='lat' dir='ltr'>Evangelia</span> <span class='ocrx_word' id='word_1_411' title='bbox 757 5133 1028 5196; x_wconf 82' lang='lat' dir='ltr'>leguntur,</span> <span class='ocrx_word' id='word_1_412' title='bbox 1063 5131 1245 5184; x_wconf 85' lang='lat' dir='ltr'>sedere</span> <span class='ocrx_word' id='word_1_413' title='bbox 1274 5135 1628 5198; x_wconf 63' lang='lat' dir='ltr'>przsumunt.</span> 
     </span>
    </p>
   </div>
   <div class='ocr_carea' id='block_1_57' title="bbox 253 5201 1874 5271">
    <p class='ocr_par' dir='ltr' id='par_1_57' title="bbox 253 5201 1874 5271">
     <span class='ocr_line' id='line_1_57' title="bbox 253 5201 1874 5271; baseline 0 -17"><span class='ocrx_word' id='word_1_414' title='bbox 253 5201 535 5271; x_wconf 84' lang='lat' dir='ltr'>(Anastas.</span> <span class='ocrx_word' id='word_1_415' title='bbox 584 5204 615 5255; x_wconf 93' lang='grc' dir='ltr'><em>Ι</em></span> <span class='ocrx_word' id='word_1_416' title='bbox 672 5218 832 5271; x_wconf 72' lang='lat' dir='ltr'>papas</span> <span class='ocrx_word' id='word_1_417' title='bbox 878 5203 1105 5271; x_wconf 77' lang='lat' dir='ltr'>cpistola</span> <span class='ocrx_word' id='word_1_418' title='bbox 1152 5203 1416 5270; x_wconf 76' lang='lat' dir='ltr'>episcopis</span> <span class='ocrx_word' id='word_1_419' title='bbox 1467 5201 1768 5255; x_wconf 73' lang='lat' dir='ltr'>Germaniae</span> <span class='ocrx_word' id='word_1_420' title='bbox 1813 5217 1874 5254; x_wconf 90' lang='lat' dir='ltr'>ac</span> 
     </span>
    </p>
   </div>
   <div class='ocr_carea' id='block_1_58' title="bbox 180 5282 1875 5360">
    <p class='ocr_par' dir='ltr' id='par_1_58' title="bbox 180 5282 1875 5360">
     <span class='ocr_line' id='line_1_58' title="bbox 180 5282 1875 5360; baseline -0.001 -17"><span class='ocrx_word' id='word_1_421' title='bbox 180 5290 477 5355; x_wconf 82' lang='lat' dir='ltr'>Burgund.</span> <span class='ocrx_word' id='word_1_422' title='bbox 551 5284 827 5358; x_wconf 76' lang='lat' dir='ltr'>directa.)</span> <span class='ocrx_word' id='word_1_423' title='bbox 896 5282 1228 5345; x_wconf 75' lang='lat' dir='ltr'>Anastasius</span> <span class='ocrx_word' id='word_1_424' title='bbox 1285 5289 1585 5360; x_wconf 90' lang='lat' dir='ltr'>episcopus</span> <span class='ocrx_word' id='word_1_425' title='bbox 1660 5290 1875 5342; x_wconf 90' lang='lat' dir='ltr'>cunctis</span> 
     </span>
    </p>
   </div>
   <div class='ocr_carea' id='block_1_59' title="bbox 178 5377 1873 5449">
    <p class='ocr_par' dir='ltr' id='par_1_59' title="bbox 178 5377 1873 5449">
     <span class='ocr_line' id='line_1_59' title="bbox 178 5377 1873 5449; baseline -0.002 -16"><span class='ocrx_word' id='word_1_426' title='bbox 178 5378 529 5433; x_wconf 82' lang='lat' dir='ltr'>Germanicis</span> <span class='ocrx_word' id='word_1_427' title='bbox 561 5383 616 5431; x_wconf 92' lang='lat' dir='ltr'>et</span> <span class='ocrx_word' id='word_1_428' title='bbox 656 5380 999 5448; x_wconf 71' lang='lat' dir='ltr'>Burgundiaa</span> <span class='ocrx_word' id='word_1_429' title='bbox 1041 5379 1291 5449; x_wconf 86' lang='lat' dir='ltr'>regionis</span> <span class='ocrx_word' id='word_1_430' title='bbox 1340 5377 1622 5449; x_wconf 88' lang='lat' dir='ltr'>episcopis</span> <span class='ocrx_word' id='word_1_431' title='bbox 1654 5377 1712 5430; x_wconf 91' lang='lat' dir='ltr'>in</span> <span class='ocrx_word' id='word_1_432' title='bbox 1764 5378 1873 5431; x_wconf 88' lang='lat' dir='ltr'>Do-</span> 
     </span>
    </p>
   </div>
   <div class='ocr_carea' id='block_1_60' title="bbox 181 5466 1876 5537">
    <p class='ocr_par' dir='ltr' id='par_1_60' title="bbox 181 5466 1876 5537">
     <span class='ocr_line' id='line_1_60' title="bbox 181 5466 1876 5537; baseline 0 -18"><span class='ocrx_word' id='word_1_433' title='bbox 181 5466 341 5519; x_wconf 91' lang='lat' dir='ltr'>mino</span> <span class='ocrx_word' id='word_1_434' title='bbox 377 5467 636 5521; x_wconf 88' lang='lat' dir='ltr'>salutem.</span> <span class='ocrx_word' id='word_1_435' title='bbox 674 5466 868 5537; x_wconf 78' lang='lat' dir='ltr'>Exegit</span> <span class='ocrx_word' id='word_1_436' title='bbox 904 5468 1132 5522; x_wconf 88' lang='lat' dir='ltr'>dilectio</span> <span class='ocrx_word' id='word_1_437' title='bbox 1162 5472 1367 5532; x_wconf 83' lang='lat' dir='ltr'>vestra,</span> <span class='ocrx_word' id='word_1_438' title='bbox 1420 5466 1761 5533; x_wconf 88' lang='lat' dir='ltr'>charissimi,</span> <span class='ocrx_word' id='word_1_439' title='bbox 1811 5472 1876 5519; x_wconf 88' lang='lat' dir='ltr'>ut</span> 
     </span>
    </p>
   </div>
   <div class='ocr_carea' id='block_1_61' title="bbox 180 5555 1875 5628">
    <p class='ocr_par' dir='ltr' id='par_1_61' title="bbox 180 5555 1875 5628">
     <span class='ocr_line' id='line_1_61' title="bbox 180 5555 1875 5628; baseline 0 -20"><span class='ocrx_word' id='word_1_440' title='bbox 180 5571 250 5608; x_wconf 87' lang='lat' dir='ltr'>ex</span> <span class='ocrx_word' id='word_1_441' title='bbox 302 5555 632 5610; x_wconf 86' lang='lat' dir='ltr'>auctoritate</span> <span class='ocrx_word' id='word_1_442' title='bbox 686 5556 834 5615; x_wconf 81' lang='lat' dir='ltr'>sedis</span> <span class='ocrx_word' id='word_1_443' title='bbox 876 5557 1222 5628; x_wconf 69' lang='lat' dir='ltr'>apostolicae,</span> <span class='ocrx_word' id='word_1_444' title='bbox 1279 5555 1479 5611; x_wconf 85' lang='lat' dir='ltr'>vestris</span> <span class='ocrx_word' id='word_1_445' title='bbox 1535 5556 1875 5611; x_wconf 86' lang='lat' dir='ltr'>deberemus</span> 
     </span>
    </p>
   </div>
   <div class='ocr_carea' id='block_1_62' title="bbox 3625 335 3729 389">
    <p class='ocr_par' dir='ltr' id='par_1_62' title="bbox 3625 335 3729 389">
     <span class='ocr_line' id='line_1_62' title="bbox 3625 335 3729 389; baseline 0.019 -2"><span class='ocrx_word' id='word_1_446' title='bbox 3625 335 3729 389; x_wconf 82' lang='grc'>694</span> 
     </span>
    </p>
   </div>
   <div class='ocr_carea' id='block_1_63' title="bbox 1934 441 3722 520">
    <p class='ocr_par' dir='ltr' id='par_1_63' title="bbox 1934 441 3722 520">
     <span class='ocr_line' id='line_1_63' title="bbox 1934 441 3722 520; baseline 0.01 -28"><span class='ocrx_word' id='word_1_447' title='bbox 1934 441 1983 492; x_wconf 87' lang='grc' dir='ltr'><strong>Α</strong></span> <span class='ocrx_word' id='word_1_448' title='bbox 2012 443 2294 497; x_wconf 90' lang='lat' dir='ltr'>consultis</span> <span class='ocrx_word' id='word_1_449' title='bbox 2354 444 2722 514; x_wconf 90' lang='lat' dir='ltr'>respondere.</span> <span class='ocrx_word' id='word_1_450' title='bbox 2762 447 2825 499; x_wconf 90' lang='lat' dir='ltr'>Et</span> <span class='ocrx_word' id='word_1_451' title='bbox 2873 447 3136 517; x_wconf 86' lang='lat' dir='ltr'>quamvis</span> <span class='ocrx_word' id='word_1_452' title='bbox 3182 465 3295 503; x_wconf 89' lang='lat' dir='ltr'>non</span> <span class='ocrx_word' id='word_1_453' title='bbox 3342 451 3585 520; x_wconf 86' lang='lat' dir='ltr'>prolixe,</span> <span class='ocrx_word' id='word_1_454' title='bbox 3627 456 3722 510; x_wconf 89' lang='lat' dir='ltr'>sed</span> 
     </span>
    </p>
   </div>
   <div class='ocr_carea' id='block_1_64' title="bbox 2011 531 3715 611">
    <p class='ocr_par' dir='ltr' id='par_1_64' title="bbox 2011 531 3715 611">
     <span class='ocr_line' id='line_1_64' title="bbox 2011 531 3715 611; baseline 0.008 -30"><span class='ocrx_word' id='word_1_455' title='bbox 2011 532 2301 585; x_wconf 87' lang='lat' dir='ltr'>succincte</span> <span class='ocrx_word' id='word_1_456' title='bbox 2333 531 2436 584; x_wconf 90' lang='lat' dir='ltr'>hoc</span> <span class='ocrx_word' id='word_1_457' title='bbox 2485 547 2655 601; x_wconf 82' lang='lat' dir='ltr'>agere</span> <span class='ocrx_word' id='word_1_458' title='bbox 2710 540 2949 603; x_wconf 86' lang='lat' dir='ltr'>prepter</span> <span class='ocrx_word' id='word_1_459' title='bbox 2980 537 3255 606; x_wconf 84' lang='lat' dir='ltr'>quasdam</span> <span class='ocrx_word' id='word_1_460' title='bbox 3288 538 3425 591; x_wconf 87' lang='lat' dir='ltr'>alias</span> <span class='ocrx_word' id='word_1_461' title='bbox 3473 556 3715 611; x_wconf 83' lang='lat' dir='ltr'>occupa-</span> 
     </span>
    </p>
   </div>
   <div class='ocr_carea' id='block_1_65' title="bbox 2011 618 3719 683">
    <p class='ocr_par' dir='ltr' id='par_1_65' title="bbox 2011 618 3719 683">
     <span class='ocr_line' id='line_1_65' title="bbox 2011 618 3719 683; baseline 0.008 -13"><span class='ocrx_word' id='word_1_462' title='bbox 2011 618 2199 673; x_wconf 87' lang='lat' dir='ltr'>tiones</span> <span class='ocrx_word' id='word_1_463' title='bbox 2244 620 2643 674; x_wconf 85' lang='lat' dir='ltr'>festinaremus</span> <span class='ocrx_word' id='word_1_464' title='bbox 2676 638 2687 674; x_wconf 92' lang='lat'><strong>:</strong></span> <span class='ocrx_word' id='word_1_465' title='bbox 2723 622 2913 677; x_wconf 91' lang='lat' dir='ltr'>denuo</span> <span class='ocrx_word' id='word_1_466' title='bbox 2946 629 3133 678; x_wconf 89' lang='lat' dir='ltr'>tamen</span> <span class='ocrx_word' id='word_1_467' title='bbox 3175 626 3219 678; x_wconf 90' lang='lat' dir='ltr'>si</span> <span class='ocrx_word' id='word_1_468' title='bbox 3271 643 3500 681; x_wconf 88' lang='lat' dir='ltr'>necesse</span> <span class='ocrx_word' id='word_1_469' title='bbox 3546 629 3719 683; x_wconf 88' lang='lat' dir='ltr'>fuerit</span> 
     </span>
    </p>
   </div>
   <div class='ocr_carea' id='block_1_66' title="bbox 2009 706 3718 785">
    <p class='ocr_par' dir='ltr' id='par_1_66' title="bbox 2009 706 3718 785">
     <span class='ocr_line' id='line_1_66' title="bbox 2009 706 3718 785; baseline 0.008 -27"><span class='ocrx_word' id='word_1_470' title='bbox 2009 706 2082 760; x_wconf 92' lang='lat' dir='ltr'>ob</span> <span class='ocrx_word' id='word_1_471' title='bbox 2114 708 2215 761; x_wconf 89' lang='lat' dir='ltr'>has</span> <span class='ocrx_word' id='word_1_472' title='bbox 2268 710 2353 761; x_wconf 89' lang='lat' dir='ltr'>vel</span> <span class='ocrx_word' id='word_1_473' title='bbox 2395 708 2535 761; x_wconf 91' lang='lat' dir='ltr'>alias</span> <span class='ocrx_word' id='word_1_474' title='bbox 2566 710 2928 765; x_wconf 88' lang='lat' dir='ltr'>necessitates</span> <span class='ocrx_word' id='word_1_475' title='bbox 2969 714 3130 782; x_wconf 76' lang='lat' dir='ltr'>quasi</span> <span class='ocrx_word' id='word_1_476' title='bbox 3182 714 3251 767; x_wconf 91' lang='lat' dir='ltr'>ad</span> <span class='ocrx_word' id='word_1_477' title='bbox 3283 722 3452 785; x_wconf 89' lang='lat' dir='ltr'>caput</span> <span class='ocrx_word' id='word_1_478' title='bbox 3491 718 3718 773; x_wconf 88' lang='lat' dir='ltr'>mittere</span> 
     </span>
    </p>
   </div>
   <div class='ocr_carea' id='block_1_67' title="bbox 2009 796 3719 874">
    <p class='ocr_par' dir='ltr' id='par_1_67' title="bbox 2009 796 3719 874">
     <span class='ocr_line' id='line_1_67' title="bbox 2009 796 3719 874; baseline 0.009 -26"><span class='ocrx_word' id='word_1_479' title='bbox 2009 796 2345 851; x_wconf 90' lang='lat' dir='ltr'>charitative</span> <span class='ocrx_word' id='word_1_480' title='bbox 2401 814 2514 850; x_wconf 89' lang='lat' dir='ltr'>non</span> <span class='ocrx_word' id='word_1_481' title='bbox 2572 798 2862 861; x_wconf 87' lang='lat' dir='ltr'>dubitetis,</span> <span class='ocrx_word' id='word_1_482' title='bbox 2925 803 3061 871; x_wconf 89' lang='lat' dir='ltr'>quia</span> <span class='ocrx_word' id='word_1_483' title='bbox 3136 808 3351 856; x_wconf 87' lang='lat' dir='ltr'>vestras</span> <span class='ocrx_word' id='word_1_484' title='bbox 3412 822 3609 874; x_wconf 85' lang='lat' dir='ltr'>preces</span> <span class='ocrx_word' id='word_1_485' title='bbox 3662 814 3719 863; x_wconf 88' lang='lat' dir='ltr'>et</span> 
     </span>
    </p>
   </div>
   <div class='ocr_carea' id='block_1_68' title="bbox 2009 888 3714 963">
    <p class='ocr_par' dir='ltr' id='par_1_68' title="bbox 2009 888 3714 963">
     <span class='ocr_line' id='line_1_68' title="bbox 2009 888 3714 963; baseline 0.008 -28"><span class='ocrx_word' id='word_1_486' title='bbox 2009 898 2165 937; x_wconf 89' lang='lat' dir='ltr'>nunc</span> <span class='ocrx_word' id='word_1_487' title='bbox 2224 891 2281 939; x_wconf 90' lang='lat' dir='ltr'>et</span> <span class='ocrx_word' id='word_1_488' title='bbox 2350 890 2486 939; x_wconf 89' lang='lat' dir='ltr'>tunc</span> <span class='ocrx_word' id='word_1_489' title='bbox 2544 888 2922 957; x_wconf 87' lang='lat' dir='ltr'>acceptabiles</span> <span class='ocrx_word' id='word_1_490' title='bbox 2985 890 3281 944; x_wconf 89' lang='lat' dir='ltr'>habemus.</span> <span class='ocrx_word' id='word_1_491' title='bbox 3337 892 3714 963; x_wconf 84' lang='lat' dir='ltr'>Signiﬁcastis</span> 
     </span>
    </p>
   </div>
   <div class='ocr_carea' id='block_1_69' title="bbox 2008 972 3713 1049">
    <p class='ocr_par' dir='ltr' id='par_1_69' title="bbox 2008 972 3713 1049">
     <span class='ocr_line' id='line_1_69' title="bbox 2008 972 3713 1049; baseline 0.009 -26"><span class='ocrx_word' id='word_1_492' title='bbox 2008 972 2165 1024; x_wconf 91' lang='lat' dir='ltr'>enim</span> <span class='ocrx_word' id='word_1_493' title='bbox 2203 973 2482 1042; x_wconf 89' lang='lat' dir='ltr'>quosdam</span> <span class='ocrx_word' id='word_1_494' title='bbox 2532 976 2851 1029; x_wconf 83' lang='lat' dir='ltr'>sacerdotes</span> <span class='ocrx_word' id='word_1_495' title='bbox 2892 978 2949 1030; x_wconf 92' lang='lat' dir='ltr'>in</span> <span class='ocrx_word' id='word_1_496' title='bbox 2999 980 3241 1032; x_wconf 88' lang='lat' dir='ltr'>Ecclesia</span> <span class='ocrx_word' id='word_1_497' title='bbox 3267 984 3498 1049; x_wconf 88' lang='lat' dir='ltr'>quando</span> <span class='ocrx_word' id='word_1_498' title='bbox 3524 985 3713 1037; x_wconf 90' lang='lat' dir='ltr'>Evan-</span> 
     </span>
    </p>
   </div>
   <div class='ocr_carea' id='block_1_70' title="bbox 2007 1060 3712 1130">
    <p class='ocr_par' dir='ltr' id='par_1_70' title="bbox 2007 1060 3712 1130">
     <span class='ocr_line' id='line_1_70' title="bbox 2007 1060 3712 1130; baseline 0.008 -18"><span class='ocrx_word' id='word_1_499' title='bbox 2007 1060 2160 1128; x_wconf 88' lang='lat' dir='ltr'>gelia</span> <span class='ocrx_word' id='word_1_500' title='bbox 2210 1061 2484 1130; x_wconf 82' lang='lat' dir='ltr'>leguntur</span> <span class='ocrx_word' id='word_1_501' title='bbox 2531 1062 2749 1129; x_wconf 87' lang='lat' dir='ltr'>sedere,</span> <span class='ocrx_word' id='word_1_502' title='bbox 2807 1070 2863 1118; x_wconf 91' lang='lat' dir='ltr'>et</span> <span class='ocrx_word' id='word_1_503' title='bbox 2911 1066 3133 1119; x_wconf 89' lang='lat' dir='ltr'>Domini</span> <span class='ocrx_word' id='word_1_504' title='bbox 3183 1068 3479 1121; x_wconf 79' lang='lat' dir='ltr'>salvatoris</span> <span class='ocrx_word' id='word_1_505' title='bbox 3542 1072 3712 1125; x_wconf 89' lang='lat' dir='ltr'>verba</span> 
     </span>
    </p>
   </div>
   <div class='ocr_carea' id='block_1_71' title="bbox 2008 1151 3711 1228">
    <p class='ocr_par' dir='ltr' id='par_1_71' title="bbox 2008 1151 3711 1228">
     <span class='ocr_line' id='line_1_71' title="bbox 2008 1151 3711 1228; baseline 0.007 -28"><span class='ocrx_word' id='word_1_506' title='bbox 2008 1163 2126 1200; x_wconf 90' lang='lat' dir='ltr'>non</span> <span class='ocrx_word' id='word_1_507' title='bbox 2162 1154 2373 1203; x_wconf 88' lang='lat' dir='ltr'>stantes</span> <span class='ocrx_word' id='word_1_508' title='bbox 2427 1151 2526 1203; x_wconf 91' lang='lat' dir='ltr'>sed</span> <span class='ocrx_word' id='word_1_509' title='bbox 2558 1151 2818 1205; x_wconf 88' lang='lat' dir='ltr'>sedentes</span> <span class='ocrx_word' id='word_1_510' title='bbox 2852 1154 3070 1217; x_wconf 90' lang='lat' dir='ltr'>audire,</span> <span class='ocrx_word' id='word_1_511' title='bbox 3107 1160 3163 1207; x_wconf 93' lang='lat' dir='ltr'>et</span> <span class='ocrx_word' id='word_1_512' title='bbox 3193 1155 3300 1207; x_wconf 88' lang='lat' dir='ltr'>hoc</span> <span class='ocrx_word' id='word_1_513' title='bbox 3321 1172 3385 1209; x_wconf 85' lang='lat' dir='ltr'>ex</span> <span class='ocrx_word' id='word_1_514' title='bbox 3420 1159 3711 1228; x_wconf 86' lang='lat' dir='ltr'>majorum</span> 
     </span>
    </p>
   </div>
   <div class='ocr_carea' id='block_1_72' title="bbox 2004 1236 3709 1306">
    <p class='ocr_par' dir='ltr' id='par_1_72' title="bbox 2004 1236 3709 1306">
     <span class='ocr_line' id='line_1_72' title="bbox 2004 1236 3709 1306; baseline 0.008 -19"><span class='ocrx_word' id='word_1_515' title='bbox 2004 1236 2313 1290; x_wconf 86' lang='lat' dir='ltr'>traditione</span> <span class='ocrx_word' id='word_1_516' title='bbox 2374 1254 2431 1290; x_wconf 88' lang='lat' dir='ltr'>se</span> <span class='ocrx_word' id='word_1_517' title='bbox 2481 1239 2767 1306; x_wconf 89' lang='lat' dir='ltr'>accepisse</span> <span class='ocrx_word' id='word_1_518' title='bbox 2822 1246 3148 1294; x_wconf 87' lang='lat' dir='ltr'>narrantur.</span> <span class='ocrx_word' id='word_1_519' title='bbox 3175 1244 3333 1306; x_wconf 88' lang='lat' dir='ltr'>Quod</span> <span class='ocrx_word' id='word_1_520' title='bbox 3382 1246 3709 1301; x_wconf 89' lang='lat' dir='ltr'>nullatenus</span> 
     </span>
    </p>
   </div>
   <div class='ocr_carea' id='block_1_73' title="bbox 2006 1323 3709 1396">
    <p class='ocr_par' dir='ltr' id='par_1_73' title="bbox 2006 1323 3709 1396">
     <span class='ocr_line' id='line_1_73' title="bbox 2006 1323 3709 1396; baseline 0.008 -21"><span class='ocrx_word' id='word_1_521' title='bbox 2006 1323 2278 1393; x_wconf 91' lang='lat' dir='ltr'>deinceps</span> <span class='ocrx_word' id='word_1_522' title='bbox 2328 1325 2450 1377; x_wconf 78' lang='lat' dir='ltr'>fieri</span> <span class='ocrx_word' id='word_1_523' title='bbox 2494 1326 2691 1379; x_wconf 86' lang='lat' dir='ltr'>sinatis</span> <span class='ocrx_word' id='word_1_524' title='bbox 2722 1328 3036 1396; x_wconf 89' lang='lat' dir='ltr'>apostolica</span> <span class='ocrx_word' id='word_1_525' title='bbox 3081 1331 3416 1385; x_wconf 89' lang='lat' dir='ltr'>auctoritate</span> <span class='ocrx_word' id='word_1_526' title='bbox 3461 1335 3709 1388; x_wconf 89' lang='lat' dir='ltr'>manda-</span> 
     </span>
    </p>
   </div>
   <div class='ocr_carea' id='block_1_74' title="bbox 2005 1412 3705 1484">
    <p class='ocr_par' dir='ltr' id='par_1_74' title="bbox 2005 1412 3705 1484">
     <span class='ocr_line' id='line_1_74' title="bbox 2005 1412 3705 1484; baseline 0.008 -23"><span class='ocrx_word' id='word_1_527' title='bbox 2005 1426 2135 1462; x_wconf 85' lang='lat' dir='ltr'>mus</span> <span class='ocrx_word' id='word_1_528' title='bbox 2171 1427 2182 1463; x_wconf 93' lang='lat'><strong>:</strong></span> <span class='ocrx_word' id='word_1_529' title='bbox 2244 1412 2339 1464; x_wconf 92' lang='lat' dir='ltr'>sed</span> <span class='ocrx_word' id='word_1_530' title='bbox 2374 1412 2509 1466; x_wconf 91' lang='lat' dir='ltr'>dum</span> <span class='ocrx_word' id='word_1_531' title='bbox 2539 1418 2732 1482; x_wconf 73' lang='lat' dir='ltr'>sancta</span> <span class='ocrx_word' id='word_1_532' title='bbox 2784 1415 3088 1484; x_wconf 83' lang='lat' dir='ltr'>Evangelia</span> <span class='ocrx_word' id='word_1_533' title='bbox 3115 1416 3171 1469; x_wconf 88' lang='lat' dir='ltr'>in</span> <span class='ocrx_word' id='word_1_534' title='bbox 3222 1419 3500 1473; x_wconf 88' lang='lat' dir='ltr'>Eecclcsia</span> <span class='ocrx_word' id='word_1_535' title='bbox 3558 1423 3705 1475; x_wconf 90' lang='lat' dir='ltr'>reci-</span> 
     </span>
    </p>
   </div>
   <div class='ocr_carea' id='block_1_75' title="bbox 2004 1501 3704 1575">
    <p class='ocr_par' dir='ltr' id='par_1_75' title="bbox 2004 1501 3704 1575">
     <span class='ocr_line' id='line_1_75' title="bbox 2004 1501 3704 1575; baseline 0.005 -24"><span class='ocrx_word' id='word_1_536' title='bbox 2004 1502 2221 1563; x_wconf 90' lang='lat' dir='ltr'>tantur,</span> <span class='ocrx_word' id='word_1_537' title='bbox 2281 1501 2599 1553; x_wconf 87' lang='lat' dir='ltr'>sacerdotes</span> <span class='ocrx_word' id='word_1_538' title='bbox 2652 1506 2707 1553; x_wconf 88' lang='lat' dir='ltr'>et</span> <span class='ocrx_word' id='word_1_539' title='bbox 2753 1503 2944 1555; x_wconf 59' lang='lat' dir='ltr'>caeteri</span> <span class='ocrx_word' id='word_1_540' title='bbox 2997 1520 3195 1557; x_wconf 89' lang='lat' dir='ltr'>omnes</span> <span class='ocrx_word' id='word_1_541' title='bbox 3245 1522 3361 1559; x_wconf 89' lang='lat' dir='ltr'>non</span> <span class='ocrx_word' id='word_1_542' title='bbox 3422 1508 3704 1575; x_wconf 84' lang='lat' dir='ltr'>sedentes,</span> 
     </span>
    </p>
   </div>
   <div class='ocr_carea' id='block_1_76' title="bbox 2003 1587 3704 1662">
    <p class='ocr_par' dir='ltr' id='par_1_76' title="bbox 2003 1587 3704 1662">
     <span class='ocr_line' id='line_1_76' title="bbox 2003 1587 3704 1662; baseline 0.005 -23"><span class='ocrx_word' id='word_1_543' title='bbox 2003 1587 2102 1639; x_wconf 91' lang='lat' dir='ltr'>sed</span> <span class='ocrx_word' id='word_1_544' title='bbox 2166 1587 2565 1641; x_wconf 87' lang='lat' dir='ltr'>venerabiliter</span> <span class='ocrx_word' id='word_1_545' title='bbox 2622 1589 2682 1642; x_wconf 89' lang='lat' dir='ltr'>in</span> <span class='ocrx_word' id='word_1_546' title='bbox 2755 1597 3064 1659; x_wconf 87' lang='lat' dir='ltr'>conspectu</span> <span class='ocrx_word' id='word_1_547' title='bbox 3129 1594 3417 1662; x_wconf 80' lang='lat' dir='ltr'>Evangelii</span> <span class='ocrx_word' id='word_1_548' title='bbox 3467 1601 3704 1661; x_wconf 83' lang='lat' dir='ltr'>stantes,</span> 
     </span>
    </p>
   </div>
   <div class='ocr_carea' id='block_1_77' title="bbox 2003 1675 3702 1738">
    <p class='ocr_par' dir='ltr' id='par_1_77' title="bbox 2003 1675 3702 1738">
     <span class='ocr_line' id='line_1_77' title="bbox 2003 1675 3702 1738; baseline 0.006 -12"><span class='ocrx_word' id='word_1_549' title='bbox 2003 1675 2299 1727; x_wconf 90' lang='lat' dir='ltr'>Dominica</span> <span class='ocrx_word' id='word_1_550' title='bbox 2330 1677 2501 1729; x_wconf 81' lang='lat' dir='ltr'>verba</span> <span class='ocrx_word' id='word_1_551' title='bbox 2536 1678 2753 1730; x_wconf 88' lang='lat' dir='ltr'>intente</span> <span class='ocrx_word' id='word_1_552' title='bbox 2785 1678 3020 1731; x_wconf 90' lang='lat' dir='ltr'>audiant</span> <span class='ocrx_word' id='word_1_553' title='bbox 3066 1684 3123 1732; x_wconf 92' lang='lat' dir='ltr'>et</span> <span class='ocrx_word' id='word_1_554' title='bbox 3163 1682 3405 1734; x_wconf 87' lang='lat' dir='ltr'>lideliter</span> <span class='ocrx_word' id='word_1_555' title='bbox 3444 1685 3702 1738; x_wconf 86' lang='lat' dir='ltr'>adorent.</span> 
     </span>
    </p>
   </div>
   <div class='ocr_carea' id='block_1_78' title="bbox 2004 1763 3705 1835">
    <p class='ocr_par' dir='ltr' id='par_1_78' title="bbox 2004 1763 3705 1835">
     <span class='ocr_line' id='line_1_78' title="bbox 2004 1763 3705 1835; baseline 0.005 -18"><span class='ocrx_word' id='word_1_556' title='bbox 2004 1763 2130 1817; x_wconf 81' lang='lat' dir='ltr'>CAP.</span> <span class='ocrx_word' id='word_1_557' title='bbox 2158 1764 2264 1817; x_wconf 88' lang='lat' dir='ltr'>ClV</span> <span class='ocrx_word' id='word_1_558' title='bbox 2296 1794 2360 1801; x_wconf 91' lang='lat'>—</span> <span class='ocrx_word' id='word_1_559' title='bbox 2418 1766 2483 1818; x_wconf 90' lang='lat' dir='ltr'>Ut</span> <span class='ocrx_word' id='word_1_560' title='bbox 2530 1766 2711 1819; x_wconf 86' lang='lat' dir='ltr'>nullus</span> <span class='ocrx_word' id='word_1_561' title='bbox 2778 1767 3015 1833; x_wconf 86' lang='lat' dir='ltr'>calicem,</span> <span class='ocrx_word' id='word_1_562' title='bbox 3072 1774 3345 1835; x_wconf 85' lang='lat' dir='ltr'>patenam,</span> <span class='ocrx_word' id='word_1_563' title='bbox 3403 1773 3486 1824; x_wconf 82' lang='lat' dir='ltr'>vel</span> <span class='ocrx_word' id='word_1_564' title='bbox 3542 1775 3705 1825; x_wconf 81' lang='lat' dir='ltr'>vesti-</span> 
     </span>
    </p>
   </div>
   <div class='ocr_carea' id='block_1_79' title="bbox 2070 1835 3707 1958">
    <p class='ocr_par' dir='ltr' id='par_1_79' title="bbox 2070 1835 3707 1958">
     <span class='ocr_line' id='line_1_79' title="bbox 2070 1835 3707 1958; baseline 0.007 -73"><span class='ocrx_word' id='word_1_565' title='bbox 2070 1838 2307 1887; x_wconf 86' lang='lat' dir='ltr'>mentum</span> <span class='ocrx_word' id='word_1_566' title='bbox 2338 1835 2676 1958; x_wconf 60' lang='lat' dir='ltr'>stacerdotale</span> <span class='ocrx_word' id='word_1_567' title='bbox 2706 1838 2762 1889; x_wconf 81' lang='lat' dir='ltr'>in</span> <span class='ocrx_word' id='word_1_568' title='bbox 2812 1836 3038 1890; x_wconf 74' lang='lat' dir='ltr'>vadium</span> <span class='ocrx_word' id='word_1_569' title='bbox 3093 1839 3403 1893; x_wconf 86' lang='lat' dir='ltr'>tabernario</span> <span class='ocrx_word' id='word_1_570' title='bbox 3442 1847 3707 1910; x_wconf 72' lang='lat' dir='ltr'>praestare</span> 
     </span>
     <span class='ocr_line' id='line_1_80' title="bbox 2070 1920 2385 1958; baseline -0.003 0"><span class='ocrx_word' id='word_1_571' title='bbox 2070 1920 2339 1958; x_wconf 77' lang='lat' dir='ltr'>praesumo</span> <span class='ocrx_word' id='word_1_572' title='bbox 2373 1945 2385 1957; x_wconf 96' lang='lat'>.</span> 
     </span>
    </p>
   </div>
   <div class='ocr_carea' id='block_1_80' title="bbox 2069 1920 2385 1972">
    <p class='ocr_par' dir='ltr' id='par_1_80' title="bbox 2069 1920 2385 1972">
     <span class='ocr_line' id='line_1_81' title="bbox 2069 1920 2385 1972; baseline 0.003 -16"><span class='ocrx_word' id='word_1_573' title='bbox 2069 1920 2385 1972; x_wconf 75' lang='lat' dir='ltr'>praesumat.</span> 
     </span>
    </p>
   </div>
   <div class='ocr_carea' id='block_1_81' title="bbox 2070 1993 3705 2069">
    <p class='ocr_par' dir='ltr' id='par_1_81' title="bbox 2070 1993 3705 2069">
     <span class='ocr_line' id='line_1_82' title="bbox 2070 1993 3705 2069; baseline 0.006 -24"><span class='ocrx_word' id='word_1_574' title='bbox 2070 1993 2187 2056; x_wconf 77' lang='lat' dir='ltr'>(Ea:</span> <span class='ocrx_word' id='word_1_575' title='bbox 2216 1994 2403 2047; x_wconf 85' lang='lat' dir='ltr'>concil.</span> <span class='ocrx_word' id='word_1_576' title='bbox 2437 1996 2703 2058; x_wconf 82' lang='lat' dir='ltr'>Remensi,</span> <span class='ocrx_word' id='word_1_577' title='bbox 2745 2010 2865 2062; x_wconf 85' lang='lat' dir='ltr'>cap.</span> <span class='ocrx_word' id='word_1_578' title='bbox 2906 1996 3019 2064; x_wconf 83' lang='grc' dir='ltr'>Η.)</span> <span class='ocrx_word' id='word_1_579' title='bbox 3054 1997 3122 2049; x_wconf 90' lang='lat' dir='ltr'>Ut</span> <span class='ocrx_word' id='word_1_580' title='bbox 3167 1998 3357 2050; x_wconf 90' lang='lat' dir='ltr'>nullus</span> <span class='ocrx_word' id='word_1_581' title='bbox 3405 2000 3705 2069; x_wconf 86' lang='lat' dir='ltr'>presbyter</span> 
     </span>
    </p>
   </div>
   <div class='ocr_carea' id='block_1_82' title="bbox 1997 2081 3702 2155">
    <p class='ocr_par' dir='ltr' id='par_1_82' title="bbox 1997 2081 3702 2155">
     <span class='ocr_line' id='line_1_83' title="bbox 1997 2081 3702 2155; baseline 0.006 -23"><span class='ocrx_word' id='word_1_582' title='bbox 1997 2086 2310 2150; x_wconf 70' lang='lat' dir='ltr'>praesumat</span> <span class='ocrx_word' id='word_1_583' title='bbox 2338 2081 2597 2145; x_wconf 85' lang='lat' dir='ltr'>calicem,</span> <span class='ocrx_word' id='word_1_584' title='bbox 2648 2083 2733 2135; x_wconf 85' lang='lat' dir='ltr'>vel</span> <span class='ocrx_word' id='word_1_585' title='bbox 2766 2086 3056 2151; x_wconf 89' lang='lat' dir='ltr'>patenam,</span> <span class='ocrx_word' id='word_1_586' title='bbox 3088 2085 3170 2136; x_wconf 88' lang='lat' dir='ltr'>vel</span> <span class='ocrx_word' id='word_1_587' title='bbox 3205 2086 3443 2153; x_wconf 89' lang='lat' dir='ltr'>pallium</span> <span class='ocrx_word' id='word_1_588' title='bbox 3484 2088 3702 2155; x_wconf 89' lang='lat' dir='ltr'>altaris,</span> 
     </span>
    </p>
   </div>
   <div class='ocr_carea' id='block_1_83' title="bbox 1996 2168 3704 2235">
    <p class='ocr_par' dir='ltr' id='par_1_83' title="bbox 1996 2168 3704 2235">
     <span class='ocr_line' id='line_1_84' title="bbox 1996 2168 3704 2235; baseline 0.004 -16"><span class='ocrx_word' id='word_1_589' title='bbox 1996 2168 2084 2219; x_wconf 88' lang='lat' dir='ltr'>vel</span> <span class='ocrx_word' id='word_1_590' title='bbox 2133 2168 2536 2220; x_wconf 90' lang='lat' dir='ltr'>vestimentum</span> <span class='ocrx_word' id='word_1_591' title='bbox 2594 2169 2961 2235; x_wconf 88' lang='lat' dir='ltr'>sacerdotale,</span> <span class='ocrx_word' id='word_1_592' title='bbox 3024 2174 3121 2222; x_wconf 90' lang='lat' dir='ltr'>aut</span> <span class='ocrx_word' id='word_1_593' title='bbox 3173 2170 3385 2223; x_wconf 89' lang='lat' dir='ltr'>librum</span> <span class='ocrx_word' id='word_1_594' title='bbox 3436 2174 3704 2227; x_wconf 90' lang='lat' dir='ltr'>ecclesia-</span> 
     </span>
    </p>
   </div>
   <div class='ocr_carea' id='block_1_84' title="bbox 1996 2253 3701 2324">
    <p class='ocr_par' dir='ltr' id='par_1_84' title="bbox 1996 2253 3701 2324">
     <span class='ocr_line' id='line_1_85' title="bbox 1996 2253 3701 2324; baseline 0.005 -19"><span class='ocrx_word' id='word_1_595' title='bbox 1996 2253 2202 2306; x_wconf 90' lang='lat' dir='ltr'>sticum</span> <span class='ocrx_word' id='word_1_596' title='bbox 2234 2254 2579 2319; x_wconf 87' lang='lat' dir='ltr'>tabernario,</span> <span class='ocrx_word' id='word_1_597' title='bbox 2610 2254 2697 2307; x_wconf 93' lang='lat' dir='ltr'>vel</span> <span class='ocrx_word' id='word_1_598' title='bbox 2730 2254 3097 2324; x_wconf 86' lang='lat' dir='ltr'>negociatori,</span> <span class='ocrx_word' id='word_1_599' title='bbox 3152 2261 3249 2307; x_wconf 87' lang='lat' dir='ltr'>aut</span> <span class='ocrx_word' id='word_1_600' title='bbox 3280 2257 3516 2310; x_wconf 86' lang='lat' dir='ltr'>cuilibet</span> <span class='ocrx_word' id='word_1_601' title='bbox 3555 2260 3701 2313; x_wconf 92' lang='lat' dir='ltr'>laico</span> 
     </span>
    </p>
   </div>
   <div class='ocr_carea' id='block_1_85' title="bbox 1995 2341 3703 2411">
    <p class='ocr_par' dir='ltr' id='par_1_85' title="bbox 1995 2341 3703 2411">
     <span class='ocr_line' id='line_1_86' title="bbox 1995 2341 3703 2411; baseline 0.004 -18"><span class='ocrx_word' id='word_1_602' title='bbox 1995 2343 2081 2394; x_wconf 92' lang='lat' dir='ltr'>vel</span> <span class='ocrx_word' id='word_1_603' title='bbox 2111 2341 2343 2395; x_wconf 77' lang='lat' dir='ltr'>feminae</span> <span class='ocrx_word' id='word_1_604' title='bbox 2382 2342 2440 2393; x_wconf 88' lang='lat' dir='ltr'>in</span> <span class='ocrx_word' id='word_1_605' title='bbox 2487 2342 2719 2394; x_wconf 89' lang='lat' dir='ltr'>vadium</span> <span class='ocrx_word' id='word_1_606' title='bbox 2776 2343 2930 2409; x_wconf 89' lang='lat' dir='ltr'>dare,</span> <span class='ocrx_word' id='word_1_607' title='bbox 2985 2342 3096 2394; x_wconf 90' lang='lat' dir='ltr'>nisi</span> <span class='ocrx_word' id='word_1_608' title='bbox 3144 2344 3461 2411; x_wconf 87' lang='lat' dir='ltr'>justissima</span> <span class='ocrx_word' id='word_1_609' title='bbox 3512 2362 3703 2400; x_wconf 88' lang='lat' dir='ltr'>neces-</span> 
     </span>
    </p>
   </div>
   <div class='ocr_carea' id='block_1_86' title="bbox 1995 2430 3702 2500">
    <p class='ocr_par' dir='ltr' id='par_1_86' title="bbox 1995 2430 3702 2500">
     <span class='ocr_line' id='line_1_87' title="bbox 1995 2430 3702 2500; baseline 0.003 -17"><span class='ocrx_word' id='word_1_610' title='bbox 1995 2431 2160 2483; x_wconf 88' lang='lat' dir='ltr'>sitate</span> <span class='ocrx_word' id='word_1_611' title='bbox 2191 2435 2457 2499; x_wconf 90' lang='lat' dir='ltr'>urgente,</span> <span class='ocrx_word' id='word_1_612' title='bbox 2492 2430 2626 2500; x_wconf 89' lang='lat' dir='ltr'>quia</span> <span class='ocrx_word' id='word_1_613' title='bbox 2661 2434 2819 2483; x_wconf 90' lang='lat' dir='ltr'>tanta</span> <span class='ocrx_word' id='word_1_614' title='bbox 2862 2435 2942 2483; x_wconf 91' lang='lat' dir='ltr'>est</span> <span class='ocrx_word' id='word_1_615' title='bbox 2996 2431 3261 2483; x_wconf 86' lang='lat' dir='ltr'>sanctitas</span> <span class='ocrx_word' id='word_1_616' title='bbox 3319 2433 3463 2486; x_wconf 92' lang='lat' dir='ltr'>sacri</span> <span class='ocrx_word' id='word_1_617' title='bbox 3523 2435 3702 2488; x_wconf 86' lang='lat' dir='ltr'>mini-</span> 
     </span>
    </p>
   </div>
   <div class='ocr_carea' id='block_1_87' title="bbox 1994 2518 3760 2589">
    <p class='ocr_par' dir='ltr' id='par_1_87' title="bbox 1994 2518 3760 2589">
     <span class='ocr_line' id='line_1_88' title="bbox 1994 2518 3760 2589; baseline 0.003 -17"><span class='ocrx_word' id='word_1_618' title='bbox 1994 2520 2171 2585; x_wconf 84' lang='lat' dir='ltr'>sterii,</span> <span class='ocrx_word' id='word_1_619' title='bbox 2208 2524 2271 2571; x_wconf 91' lang='lat' dir='ltr'>ut</span> <span class='ocrx_word' id='word_1_620' title='bbox 2324 2519 2475 2571; x_wconf 89' lang='lat' dir='ltr'>salva</span> <span class='ocrx_word' id='word_1_621' title='bbox 2507 2518 2723 2572; x_wconf 90' lang='lat' dir='ltr'>altioris</span> <span class='ocrx_word' id='word_1_622' title='bbox 2758 2518 3014 2589; x_wconf 85' lang='lat' dir='ltr'>mysterii</span> <span class='ocrx_word' id='word_1_623' title='bbox 3065 2519 3462 2589; x_wconf 90' lang='lat' dir='ltr'>intelligentia,</span> <span class='ocrx_word' id='word_1_624' title='bbox 3525 2523 3701 2578; x_wconf 88' lang='lat' dir='ltr'>etiam</span> <span class='ocrx_word' id='word_1_625' title='bbox 3752 2532 3760 2539; x_wconf 92' lang='lat'>&#39;</span> 
     </span>
    </p>
   </div>
   <div class='ocr_carea' id='block_1_88' title="bbox 1995 2607 3700 2679">
    <p class='ocr_par' dir='ltr' id='par_1_88' title="bbox 1995 2607 3700 2679">
     <span class='ocr_line' id='line_1_89' title="bbox 1995 2607 3700 2679; baseline -0.001 -18"><span class='ocrx_word' id='word_1_626' title='bbox 1995 2624 2097 2679; x_wconf 89' lang='lat' dir='ltr'>per</span> <span class='ocrx_word' id='word_1_627' title='bbox 2127 2609 2467 2677; x_wconf 89' lang='lat' dir='ltr'>prophetam</span> <span class='ocrx_word' id='word_1_628' title='bbox 2494 2607 2769 2661; x_wconf 90' lang='lat' dir='ltr'>Dominus</span> <span class='ocrx_word' id='word_1_629' title='bbox 2800 2607 3182 2677; x_wconf 88' lang='lat' dir='ltr'>prohibuerit,</span> <span class='ocrx_word' id='word_1_630' title='bbox 3216 2623 3287 2659; x_wconf 90' lang='lat' dir='ltr'>ne</span> <span class='ocrx_word' id='word_1_631' title='bbox 3319 2623 3449 2660; x_wconf 92' lang='lat' dir='ltr'>cum</span> <span class='ocrx_word' id='word_1_632' title='bbox 3489 2609 3700 2661; x_wconf 90' lang='lat' dir='ltr'>sanctis</span> 
     </span>
    </p>
   </div>
   <div class='ocr_carea' id='block_1_89' title="bbox 1994 2695 3702 2765">
    <p class='ocr_par' dir='ltr' id='par_1_89' title="bbox 1994 2695 3702 2765">
     <span class='ocr_line' id='line_1_90' title="bbox 1994 2695 3702 2765; baseline 0.001 -16"><span class='ocrx_word' id='word_1_633' title='bbox 1994 2695 2349 2750; x_wconf 87' lang='lat' dir='ltr'>vestimentis</span> <span class='ocrx_word' id='word_1_634' title='bbox 2391 2695 2654 2748; x_wconf 87' lang='lat' dir='ltr'>sacerdos</span> <span class='ocrx_word' id='word_1_635' title='bbox 2701 2696 2972 2765; x_wconf 89' lang='lat' dir='ltr'>procedat</span> <span class='ocrx_word' id='word_1_636' title='bbox 3006 2695 3075 2748; x_wconf 92' lang='lat' dir='ltr'>ad</span> <span class='ocrx_word' id='word_1_637' title='bbox 3120 2696 3420 2764; x_wconf 89' lang='lat' dir='ltr'>populum,</span> <span class='ocrx_word' id='word_1_638' title='bbox 3453 2696 3553 2749; x_wconf 92' lang='lat' dir='ltr'>sed</span> <span class='ocrx_word' id='word_1_639' title='bbox 3601 2697 3702 2750; x_wconf 87' lang='lat' dir='ltr'>illa</span> 
     </span>
    </p>
   </div>
   <div class='ocr_carea' id='block_1_90' title="bbox 1994 2782 3699 2853">
    <p class='ocr_par' dir='ltr' id='par_1_90' title="bbox 1994 2782 3699 2853">
     <span class='ocr_line' id='line_1_91' title="bbox 1994 2782 3699 2853; baseline 0.001 -17"><span class='ocrx_word' id='word_1_640' title='bbox 1994 2783 2145 2837; x_wconf 89' lang='lat' dir='ltr'>intra</span> <span class='ocrx_word' id='word_1_641' title='bbox 2176 2786 2371 2836; x_wconf 89' lang='lat' dir='ltr'>sancta</span> <span class='ocrx_word' id='word_1_642' title='bbox 2399 2782 2673 2850; x_wconf 89' lang='lat' dir='ltr'>dimittat,</span> <span class='ocrx_word' id='word_1_643' title='bbox 2698 2800 2729 2835; x_wconf 94' lang='lat' dir='ltr'>a</span> <span class='ocrx_word' id='word_1_644' title='bbox 2776 2782 3064 2853; x_wconf 90' lang='lat' dir='ltr'>colloquio</span> <span class='ocrx_word' id='word_1_645' title='bbox 3115 2783 3310 2836; x_wconf 85' lang='lat' dir='ltr'>divino</span> <span class='ocrx_word' id='word_1_646' title='bbox 3342 2783 3591 2837; x_wconf 87' lang='lat' dir='ltr'>rediens.</span> <span class='ocrx_word' id='word_1_647' title='bbox 3627 2785 3699 2838; x_wconf 87' lang='lat' dir='ltr'>Et</span> 
     </span>
    </p>
   </div>
   <div class='ocr_carea' id='block_1_91' title="bbox 1993 2870 3695 2925">
    <p class='ocr_par' dir='ltr' id='par_1_91' title="bbox 1993 2870 3695 2925">
     <span class='ocr_line' id='line_1_92' title="bbox 1993 2870 3695 2925; baseline 0.001 -1"><span class='ocrx_word' id='word_1_648' title='bbox 1993 2872 2085 2925; x_wconf 92' lang='lat' dir='ltr'>cui</span> <span class='ocrx_word' id='word_1_649' title='bbox 2108 2872 2166 2924; x_wconf 91' lang='lat' dir='ltr'>in</span> <span class='ocrx_word' id='word_1_650' title='bbox 2199 2871 2463 2924; x_wconf 88' lang='lat' dir='ltr'>tabernas</span> <span class='ocrx_word' id='word_1_651' title='bbox 2506 2871 2573 2923; x_wconf 91' lang='lat' dir='ltr'>ad</span> <span class='ocrx_word' id='word_1_652' title='bbox 2621 2870 2937 2924; x_wconf 89' lang='lat' dir='ltr'>bibendum</span> <span class='ocrx_word' id='word_1_653' title='bbox 2970 2887 3002 2923; x_wconf 92' lang='lat' dir='ltr'>a</span> <span class='ocrx_word' id='word_1_654' title='bbox 3044 2871 3214 2923; x_wconf 90' lang='lat' dir='ltr'>sacris</span> <span class='ocrx_word' id='word_1_655' title='bbox 3256 2871 3573 2924; x_wconf 88' lang='lat' dir='ltr'>canonibus</span> <span class='ocrx_word' id='word_1_656' title='bbox 3605 2873 3695 2925; x_wconf 91' lang='lat' dir='ltr'>in-</span> 
     </span>
    </p>
   </div>
   <div class='ocr_carea' id='block_1_92' title="bbox 1915 2958 3696 3052">
    <p class='ocr_par' dir='ltr' id='par_1_92' title="bbox 1915 2958 3696 3052">
     <span class='ocr_line' id='line_1_93' title="bbox 1915 2958 3696 3052; baseline 0.002 -41"><span class='ocrx_word' id='word_1_657' title='bbox 1915 2997 1955 3052; x_wconf 74' lang='lat' dir='ltr'>C</span> <span class='ocrx_word' id='word_1_658' title='bbox 1993 2960 2155 3030; x_wconf 91' lang='lat' dir='ltr'>gredi</span> <span class='ocrx_word' id='word_1_659' title='bbox 2188 2958 2548 3029; x_wconf 89' lang='lat' dir='ltr'>prohibetur,</span> <span class='ocrx_word' id='word_1_660' title='bbox 2598 2960 2949 3012; x_wconf 87' lang='lat' dir='ltr'>sanctilicata</span> <span class='ocrx_word' id='word_1_661' title='bbox 2994 2976 3153 3012; x_wconf 85' lang='lat' dir='ltr'>sacro</span> <span class='ocrx_word' id='word_1_662' title='bbox 3214 2960 3532 3012; x_wconf 89' lang='lat' dir='ltr'>ministerio</span> <span class='ocrx_word' id='word_1_663' title='bbox 3590 2977 3696 3015; x_wconf 90' lang='lat' dir='ltr'>nec</span> 
     </span>
    </p>
   </div>
   <div class='ocr_carea' id='block_1_93' title="bbox 1993 3047 3697 3117">
    <p class='ocr_par' dir='ltr' id='par_1_93' title="bbox 1993 3047 3697 3117">
     <span class='ocr_line' id='line_1_94' title="bbox 1993 3047 3697 3117; baseline -0.001 -14"><span class='ocrx_word' id='word_1_664' title='bbox 1993 3049 2063 3104; x_wconf 87' lang='lat' dir='ltr'>ad</span> <span class='ocrx_word' id='word_1_665' title='bbox 2094 3047 2550 3115; x_wconf 89' lang='lat' dir='ltr'>contingendum</span> <span class='ocrx_word' id='word_1_666' title='bbox 2600 3047 2915 3101; x_wconf 90' lang='lat' dir='ltr'>immundis</span> <span class='ocrx_word' id='word_1_667' title='bbox 2950 3063 2962 3101; x_wconf 88' lang='lat'><strong>:</strong></span> <span class='ocrx_word' id='word_1_668' title='bbox 3015 3054 3231 3117; x_wconf 91' lang='lat' dir='ltr'>quanto</span> <span class='ocrx_word' id='word_1_669' title='bbox 3280 3048 3469 3101; x_wconf 89' lang='lat' dir='ltr'>minus</span> <span class='ocrx_word' id='word_1_670' title='bbox 3506 3048 3567 3101; x_wconf 89' lang='lat' dir='ltr'>in</span> <span class='ocrx_word' id='word_1_671' title='bbox 3594 3065 3697 3101; x_wconf 92' lang='lat' dir='ltr'>va-</span> 
     </span>
    </p>
   </div>
   <div class='ocr_carea' id='block_1_94' title="bbox 1992 3134 3699 3205">
    <p class='ocr_par' dir='ltr' id='par_1_94' title="bbox 1992 3134 3699 3205">
     <span class='ocr_line' id='line_1_95' title="bbox 1992 3134 3699 3205; baseline -0.001 -15"><span class='ocrx_word' id='word_1_672' title='bbox 1992 3136 2149 3191; x_wconf 92' lang='lat' dir='ltr'>dium</span> <span class='ocrx_word' id='word_1_673' title='bbox 2185 3135 2451 3188; x_wconf 85' lang='lat' dir='ltr'>exhibere</span> <span class='ocrx_word' id='word_1_674' title='bbox 2486 3134 2695 3187; x_wconf 81' lang='lat' dir='ltr'>debet?</span> <span class='ocrx_word' id='word_1_675' title='bbox 2722 3135 2877 3188; x_wconf 90' lang='lat' dir='ltr'>Sicut</span> <span class='ocrx_word' id='word_1_676' title='bbox 2926 3135 3252 3203; x_wconf 88' lang='lat' dir='ltr'>Stephanus</span> <span class='ocrx_word' id='word_1_677' title='bbox 3291 3142 3516 3187; x_wconf 90' lang='lat' dir='ltr'>sanctus</span> <span class='ocrx_word' id='word_1_678' title='bbox 3551 3152 3699 3205; x_wconf 89' lang='lat' dir='ltr'>papa</span> 
     </span>
    </p>
   </div>
   <div class='ocr_carea' id='block_1_95' title="bbox 1993 3220 3696 3290">
    <p class='ocr_par' dir='ltr' id='par_1_95' title="bbox 1993 3220 3696 3290">
     <span class='ocr_line' id='line_1_96' title="bbox 1993 3220 3696 3290; baseline 0.001 -16"><span class='ocrx_word' id='word_1_679' title='bbox 1993 3227 2049 3274; x_wconf 91' lang='lat' dir='ltr'>et</span> <span class='ocrx_word' id='word_1_680' title='bbox 2104 3226 2322 3290; x_wconf 78' lang='lat' dir='ltr'>martyr</span> <span class='ocrx_word' id='word_1_681' title='bbox 2370 3226 2629 3273; x_wconf 87' lang='lat' dir='ltr'>sanctum</span> <span class='ocrx_word' id='word_1_682' title='bbox 2680 3220 2959 3275; x_wconf 89' lang='lat' dir='ltr'>Hilarium</span> <span class='ocrx_word' id='word_1_683' title='bbox 3019 3221 3079 3274; x_wconf 89' lang='lat' dir='ltr'>in</span> <span class='ocrx_word' id='word_1_684' title='bbox 3147 3222 3262 3275; x_wconf 87' lang='lat' dir='ltr'>suis</span> <span class='ocrx_word' id='word_1_685' title='bbox 3315 3223 3696 3277; x_wconf 89' lang='lat' dir='ltr'>decretalibus</span> 
     </span>
    </p>
   </div>
   <div class='ocr_carea' id='block_1_96' title="bbox 1994 3310 2205 3364">
    <p class='ocr_par' dir='ltr' id='par_1_96' title="bbox 1994 3310 2205 3364">
     <span class='ocr_line' id='line_1_97' title="bbox 1994 3310 2205 3364; baseline -0.019 0"><span class='ocrx_word' id='word_1_686' title='bbox 1994 3310 2205 3364; x_wconf 91' lang='lat' dir='ltr'>docuit.</span> 
     </span>
    </p>
   </div>
   <div class='ocr_carea' id='block_1_97' title="bbox 1993 3398 3697 3470">
    <p class='ocr_par' dir='ltr' id='par_1_97' title="bbox 1993 3398 3697 3470">
     <span class='ocr_line' id='line_1_98' title="bbox 1993 3398 3697 3470; baseline 0.001 -17"><span class='ocrx_word' id='word_1_687' title='bbox 1993 3399 2119 3453; x_wconf 81' lang='lat' dir='ltr'>CAP.</span> <span class='ocrx_word' id='word_1_688' title='bbox 2155 3398 2264 3453; x_wconf 90' lang='lat' dir='ltr'>CV.</span> <span class='ocrx_word' id='word_1_689' title='bbox 2295 3428 2362 3436; x_wconf 65' lang='grc' dir='ltr'>κ-</span> <span class='ocrx_word' id='word_1_690' title='bbox 2415 3400 2479 3452; x_wconf 87' lang='lat' dir='ltr'>Ut</span> <span class='ocrx_word' id='word_1_691' title='bbox 2524 3399 2706 3452; x_wconf 87' lang='lat' dir='ltr'>nullus</span> <span class='ocrx_word' id='word_1_692' title='bbox 2744 3401 2981 3465; x_wconf 88' lang='lat' dir='ltr'>calicem,</span> <span class='ocrx_word' id='word_1_693' title='bbox 3038 3405 3314 3468; x_wconf 85' lang='lat' dir='ltr'>patenam,</span> <span class='ocrx_word' id='word_1_694' title='bbox 3360 3403 3455 3452; x_wconf 87' lang='lat' dir='ltr'>aut</span> <span class='ocrx_word' id='word_1_695' title='bbox 3505 3400 3697 3470; x_wconf 79' lang='lat' dir='ltr'>aliqua</span> 
     </span>
    </p>
   </div>
   <div class='ocr_carea' id='block_1_98' title="bbox 2201 3487 3476 3556">
    <p class='ocr_par' dir='ltr' id='par_1_98' title="bbox 2201 3487 3476 3556">
     <span class='ocr_line' id='line_1_99' title="bbox 2201 3487 3476 3556; baseline 0.001 -17"><span class='ocrx_word' id='word_1_696' title='bbox 2201 3502 2337 3539; x_wconf 80' lang='lat' dir='ltr'>vasa</span> <span class='ocrx_word' id='word_1_697' title='bbox 2365 3502 2523 3540; x_wconf 81' lang='lat' dir='ltr'>sacra</span> <span class='ocrx_word' id='word_1_698' title='bbox 2552 3487 2625 3539; x_wconf 83' lang='lat' dir='ltr'>ad</span> <span class='ocrx_word' id='word_1_699' title='bbox 2637 3488 2772 3540; x_wconf 87' lang='lat' dir='ltr'>alios</span> <span class='ocrx_word' id='word_1_700' title='bbox 2795 3502 2923 3540; x_wconf 91' lang='lat' dir='ltr'>usus</span> <span class='ocrx_word' id='word_1_701' title='bbox 2952 3489 3134 3552; x_wconf 86' lang='lat' dir='ltr'>facere</span> <span class='ocrx_word' id='word_1_702' title='bbox 3162 3493 3476 3556; x_wconf 64' lang='lat' dir='ltr'>prwsumat.</span> 
     </span>
    </p>
   </div>
   <div class='ocr_carea' id='block_1_99' title="bbox 2062 3574 3695 3643">
    <p class='ocr_par' dir='ltr' id='par_1_99' title="bbox 2062 3574 3695 3643">
     <span class='ocr_line' id='line_1_100' title="bbox 2062 3574 3695 3643; baseline 0.004 -18"><span class='ocrx_word' id='word_1_703' title='bbox 2062 3576 2171 3639; x_wconf 76' lang='lat' dir='ltr'>(Ea:</span> <span class='ocrx_word' id='word_1_704' title='bbox 2216 3574 2404 3626; x_wconf 89' lang='lat' dir='ltr'>concil.</span> <span class='ocrx_word' id='word_1_705' title='bbox 2446 3574 2850 3640; x_wconf 81' lang='lat' dir='ltr'>Aurelianensi,</span> <span class='ocrx_word' id='word_1_706' title='bbox 2878 3591 2999 3643; x_wconf 91' lang='lat' dir='ltr'>cap.</span> <span class='ocrx_word' id='word_1_707' title='bbox 3051 3578 3123 3637; x_wconf 88' lang='lat'>9.)</span> <span class='ocrx_word' id='word_1_708' title='bbox 3179 3577 3376 3629; x_wconf 88' lang='lat' dir='ltr'>Nullus</span> <span class='ocrx_word' id='word_1_709' title='bbox 3436 3579 3695 3631; x_wconf 89' lang='lat' dir='ltr'>sacerdos</span> 
     </span>
    </p>
   </div>
   <div class='ocr_carea' id='block_1_100' title="bbox 1992 3659 3696 3733">
    <p class='ocr_par' dir='ltr' id='par_1_100' title="bbox 1992 3659 3696 3733">
     <span class='ocr_line' id='line_1_101' title="bbox 1992 3659 3696 3733; baseline 0.003 -19"><span class='ocrx_word' id='word_1_710' title='bbox 1992 3677 2088 3714; x_wconf 91' lang='lat' dir='ltr'>seu</span> <span class='ocrx_word' id='word_1_711' title='bbox 2121 3660 2297 3714; x_wconf 90' lang='lat' dir='ltr'>laicus</span> <span class='ocrx_word' id='word_1_712' title='bbox 2329 3659 2585 3723; x_wconf 88' lang='lat' dir='ltr'>calicem,</span> <span class='ocrx_word' id='word_1_713' title='bbox 2639 3666 2733 3713; x_wconf 90' lang='lat' dir='ltr'>aut</span> <span class='ocrx_word' id='word_1_714' title='bbox 2767 3665 3056 3731; x_wconf 90' lang='lat' dir='ltr'>patenam,</span> <span class='ocrx_word' id='word_1_715' title='bbox 3099 3668 3198 3715; x_wconf 90' lang='lat' dir='ltr'>aut</span> <span class='ocrx_word' id='word_1_716' title='bbox 3244 3662 3517 3733; x_wconf 78' lang='lat' dir='ltr'>quaelibet</span> <span class='ocrx_word' id='word_1_717' title='bbox 3563 3682 3696 3719; x_wconf 90' lang='lat' dir='ltr'>vasa</span> 
     </span>
    </p>
   </div>
   <div class='ocr_carea' id='block_1_101' title="bbox 1991 3746 3695 3818">
    <p class='ocr_par' dir='ltr' id='par_1_101' title="bbox 1991 3746 3695 3818">
     <span class='ocr_line' id='line_1_102' title="bbox 1991 3746 3695 3818; baseline 0.003 -17"><span class='ocrx_word' id='word_1_718' title='bbox 1991 3765 2149 3801; x_wconf 89' lang='lat' dir='ltr'>sacra</span> <span class='ocrx_word' id='word_1_719' title='bbox 2169 3752 2223 3801; x_wconf 90' lang='lat' dir='ltr'>et</span> <span class='ocrx_word' id='word_1_720' title='bbox 2246 3746 2438 3801; x_wconf 83' lang='lat' dir='ltr'>divino</span> <span class='ocrx_word' id='word_1_721' title='bbox 2470 3748 2625 3799; x_wconf 90' lang='lat' dir='ltr'>cultu</span> <span class='ocrx_word' id='word_1_722' title='bbox 2686 3748 3028 3818; x_wconf 90' lang='lat' dir='ltr'>mancipata,</span> <span class='ocrx_word' id='word_1_723' title='bbox 3063 3751 3129 3803; x_wconf 89' lang='lat' dir='ltr'>ad</span> <span class='ocrx_word' id='word_1_724' title='bbox 3174 3750 3313 3802; x_wconf 89' lang='lat' dir='ltr'>alios</span> <span class='ocrx_word' id='word_1_725' title='bbox 3372 3767 3510 3804; x_wconf 88' lang='lat' dir='ltr'>usus</span> <span class='ocrx_word' id='word_1_726' title='bbox 3565 3770 3695 3806; x_wconf 92' lang='lat' dir='ltr'>suos</span> 
     </span>
    </p>
   </div>
   <div class='ocr_carea' id='block_1_102' title="bbox 1989 3837 3694 3908">
    <p class='ocr_par' dir='ltr' id='par_1_102' title="bbox 1989 3837 3694 3908">
     <span class='ocr_line' id='line_1_103' title="bbox 1989 3837 3694 3908; baseline 0.003 -18"><span class='ocrx_word' id='word_1_727' title='bbox 1989 3841 2323 3908; x_wconf 89' lang='lat' dir='ltr'>retorquere</span> <span class='ocrx_word' id='word_1_728' title='bbox 2392 3840 2719 3906; x_wconf 70' lang='lat' dir='ltr'>prazsumat.</span> <span class='ocrx_word' id='word_1_729' title='bbox 2800 3837 2940 3889; x_wconf 88' lang='lat' dir='ltr'>Nam</span> <span class='ocrx_word' id='word_1_730' title='bbox 2993 3838 3321 3908; x_wconf 88' lang='lat' dir='ltr'>quicunque</span> <span class='ocrx_word' id='word_1_731' title='bbox 3390 3838 3459 3891; x_wconf 91' lang='lat' dir='ltr'>de</span> <span class='ocrx_word' id='word_1_732' title='bbox 3522 3841 3694 3895; x_wconf 89' lang='lat' dir='ltr'>calice</span> 
     </span>
    </p>
   </div>
   <div class='ocr_carea' id='block_1_103' title="bbox 1992 3924 3695 3998">
    <p class='ocr_par' dir='ltr' id='par_1_103' title="bbox 1992 3924 3695 3998">
     <span class='ocr_line' id='line_1_104' title="bbox 1992 3924 3695 3998; baseline 0.002 -19"><span class='ocrx_word' id='word_1_733' title='bbox 1992 3941 2150 3979; x_wconf 89' lang='lat' dir='ltr'>sacro</span> <span class='ocrx_word' id='word_1_734' title='bbox 2184 3925 2338 3977; x_wconf 87' lang='lat' dir='ltr'>aliud</span> <span class='ocrx_word' id='word_1_735' title='bbox 2372 3924 2517 3978; x_wconf 91' lang='lat' dir='ltr'>bibit</span> <span class='ocrx_word' id='word_1_736' title='bbox 2566 3930 2779 3993; x_wconf 75' lang='lat' dir='ltr'>praeter</span> <span class='ocrx_word' id='word_1_737' title='bbox 2836 3925 3045 3979; x_wconf 87' lang='lat' dir='ltr'>Christi</span> <span class='ocrx_word' id='word_1_738' title='bbox 3091 3927 3426 3996; x_wconf 87' lang='lat' dir='ltr'>sanguinem</span> <span class='ocrx_word' id='word_1_739' title='bbox 3489 3929 3588 3998; x_wconf 91' lang='lat' dir='ltr'>qui</span> <span class='ocrx_word' id='word_1_740' title='bbox 3636 3930 3695 3983; x_wconf 90' lang='lat' dir='ltr'>in</span> 
     </span>
    </p>
   </div>
   <div class='ocr_carea' id='block_1_104' title="bbox 1991 4012 3693 4083">
    <p class='ocr_par' dir='ltr' id='par_1_104' title="bbox 1991 4012 3693 4083">
     <span class='ocr_line' id='line_1_105' title="bbox 1991 4012 3693 4083; baseline 0.002 -15"><span class='ocrx_word' id='word_1_741' title='bbox 1991 4018 2342 4069; x_wconf 89' lang='lat' dir='ltr'>sacramento</span> <span class='ocrx_word' id='word_1_742' title='bbox 2375 4012 2667 4082; x_wconf 87' lang='lat' dir='ltr'>accipitur,</span> <span class='ocrx_word' id='word_1_743' title='bbox 2705 4019 2761 4067; x_wconf 91' lang='lat' dir='ltr'>et</span> <span class='ocrx_word' id='word_1_744' title='bbox 2810 4020 3085 4083; x_wconf 85' lang='lat' dir='ltr'>patenam</span> <span class='ocrx_word' id='word_1_745' title='bbox 3130 4016 3196 4067; x_wconf 92' lang='lat' dir='ltr'>ad</span> <span class='ocrx_word' id='word_1_746' title='bbox 3235 4015 3386 4068; x_wconf 91' lang='lat' dir='ltr'>aliud</span> <span class='ocrx_word' id='word_1_747' title='bbox 3438 4016 3693 4071; x_wconf 85' lang='lat' dir='ltr'>ofﬁcium</span> 
     </span>
    </p>
   </div>
   <div class='ocr_carea' id='block_1_105' title="bbox 1990 4102 3693 4172">
    <p class='ocr_par' dir='ltr' id='par_1_105' title="bbox 1990 4102 3693 4172">
     <span class='ocr_line' id='line_1_106' title="bbox 1990 4102 3693 4172; baseline 0.001 -16"><span class='ocrx_word' id='word_1_748' title='bbox 1990 4104 2161 4156; x_wconf 90' lang='lat' dir='ltr'>habet</span> <span class='ocrx_word' id='word_1_749' title='bbox 2214 4118 2383 4172; x_wconf 87' lang='lat' dir='ltr'>quam</span> <span class='ocrx_word' id='word_1_750' title='bbox 2441 4102 2634 4155; x_wconf 88' lang='lat' dir='ltr'>altaris</span> <span class='ocrx_word' id='word_1_751' title='bbox 2687 4103 3089 4163; x_wconf 84' lang='lat' dir='ltr'>ministerium.</span> <span class='ocrx_word' id='word_1_752' title='bbox 3150 4103 3524 4157; x_wconf 89' lang='lat' dir='ltr'>deterrendus</span> <span class='ocrx_word' id='word_1_753' title='bbox 3588 4110 3693 4159; x_wconf 89' lang='lat' dir='ltr'>est-</span> 
     </span>
    </p>
   </div>
   <div class='ocr_carea' id='block_1_106' title="bbox 1991 4191 3693 4261">
    <p class='ocr_par' dir='ltr' id='par_1_106' title="bbox 1991 4191 3693 4261">
     <span class='ocr_line' id='line_1_107' title="bbox 1991 4191 3693 4261; baseline 0.001 -17"><span class='ocrx_word' id='word_1_754' title='bbox 1991 4192 2250 4261; x_wconf 83' lang='lat' dir='ltr'>exemplo</span> <span class='ocrx_word' id='word_1_755' title='bbox 2291 4191 2609 4255; x_wconf 88' lang='lat' dir='ltr'>Balthazar,</span> <span class='ocrx_word' id='word_1_756' title='bbox 2658 4192 2758 4261; x_wconf 92' lang='lat' dir='ltr'>qui</span> <span class='ocrx_word' id='word_1_757' title='bbox 2815 4191 2952 4244; x_wconf 94' lang='lat' dir='ltr'>dum</span> <span class='ocrx_word' id='word_1_758' title='bbox 3008 4209 3140 4245; x_wconf 90' lang='lat' dir='ltr'>vasa</span> <span class='ocrx_word' id='word_1_759' title='bbox 3192 4191 3418 4245; x_wconf 91' lang='lat' dir='ltr'>Domini</span> <span class='ocrx_word' id='word_1_760' title='bbox 3466 4191 3525 4245; x_wconf 91' lang='lat' dir='ltr'>in</span> <span class='ocrx_word' id='word_1_761' title='bbox 3559 4209 3693 4245; x_wconf 89' lang='lat' dir='ltr'>usus</span> 
     </span>
    </p>
   </div>
   <div class='ocr_carea' id='block_1_107' title="bbox 1988 4278 3691 4351">
    <p class='ocr_par' dir='ltr' id='par_1_107' title="bbox 1988 4278 3691 4351">
     <span class='ocr_line' id='line_1_108' title="bbox 1988 4278 3691 4351; baseline 0.001 -18"><span class='ocrx_word' id='word_1_762' title='bbox 1988 4295 2318 4333; x_wconf 91' lang='lat' dir='ltr'>communes</span> <span class='ocrx_word' id='word_1_763' title='bbox 2373 4278 2713 4348; x_wconf 90' lang='lat' dir='ltr'>adsumpsit,</span> <span class='ocrx_word' id='word_1_764' title='bbox 2787 4280 2961 4333; x_wconf 85' lang='lat' dir='ltr'>vitam</span> <span class='ocrx_word' id='word_1_765' title='bbox 3029 4281 3246 4351; x_wconf 87' lang='lat' dir='ltr'>pariter</span> <span class='ocrx_word' id='word_1_766' title='bbox 3312 4297 3439 4333; x_wconf 91' lang='lat' dir='ltr'>cum</span> <span class='ocrx_word' id='word_1_767' title='bbox 3513 4296 3691 4351; x_wconf 86' lang='lat' dir='ltr'>regno</span> 
     </span>
    </p>
   </div>
   <div class='ocr_carea' id='block_1_108' title="bbox 1991 4368 2201 4421">
    <p class='ocr_par' dir='ltr' id='par_1_108' title="bbox 1991 4368 2201 4421">
     <span class='ocr_line' id='line_1_109' title="bbox 1991 4368 2201 4421; baseline -0.01 0"><span class='ocrx_word' id='word_1_768' title='bbox 1991 4368 2201 4421; x_wconf 89' lang='lat' dir='ltr'>amisit.</span> 
     </span>
    </p>
   </div>
   <div class='ocr_carea' id='block_1_109' title="bbox 1991 4454 3692 4525">
    <p class='ocr_par' dir='ltr' id='par_1_109' title="bbox 1991 4454 3692 4525">
     <span class='ocr_line' id='line_1_110' title="bbox 1991 4454 3692 4525; baseline 0.002 -16"><span class='ocrx_word' id='word_1_769' title='bbox 1991 4458 2114 4510; x_wconf 78' lang='lat' dir='ltr'><strong>CAP.</strong></span> <span class='ocrx_word' id='word_1_770' title='bbox 2151 4455 2283 4509; x_wconf 91' lang='lat' dir='ltr'><strong>CVI.</strong></span> <span class='ocrx_word' id='word_1_771' title='bbox 2322 4484 2385 4493; x_wconf 94' lang='lat'>—</span> <span class='ocrx_word' id='word_1_772' title='bbox 2418 4454 2579 4518; x_wconf 90' lang='lat' dir='ltr'>Quod</span> <span class='ocrx_word' id='word_1_773' title='bbox 2628 4456 2835 4509; x_wconf 86' lang='lat' dir='ltr'>licitum</span> <span class='ocrx_word' id='word_1_774' title='bbox 2880 4458 2952 4509; x_wconf 90' lang='lat' dir='ltr'>sit</span> <span class='ocrx_word' id='word_1_775' title='bbox 3000 4457 3263 4525; x_wconf 84' lang='lat' dir='ltr'>episcOpis</span> <span class='ocrx_word' id='word_1_776' title='bbox 3303 4472 3421 4510; x_wconf 89' lang='lat' dir='ltr'>cum</span> <span class='ocrx_word' id='word_1_777' title='bbox 3472 4459 3692 4512; x_wconf 84' lang='lat' dir='ltr'>consilio</span> 
     </span>
    </p>
   </div>
   <div class='ocr_carea' id='block_1_110' title="bbox 2060 4525 3689 4593">
    <p class='ocr_par' dir='ltr' id='par_1_110' title="bbox 2060 4525 3689 4593">
     <span class='ocr_line' id='line_1_111' title="bbox 2060 4525 3689 4593; baseline 0.001 -13"><span class='ocrx_word' id='word_1_778' title='bbox 2060 4528 2189 4580; x_wconf 88' lang='lat' dir='ltr'>cleri</span> <span class='ocrx_word' id='word_1_779' title='bbox 2218 4525 2283 4578; x_wconf 88' lang='lat' dir='ltr'>de</span> <span class='ocrx_word' id='word_1_780' title='bbox 2341 4526 2591 4579; x_wconf 84' lang='lat' dir='ltr'>thesauro</span> <span class='ocrx_word' id='word_1_781' title='bbox 2635 4529 2882 4581; x_wconf 76' lang='lat' dir='ltr'>Ecclesiae</span> <span class='ocrx_word' id='word_1_782' title='bbox 2934 4542 3043 4581; x_wconf 57' lang='lat' dir='ltr'>sum</span> <span class='ocrx_word' id='word_1_783' title='bbox 3065 4529 3296 4593; x_wconf 60' lang='lat' dir='ltr'>familia</span> <span class='ocrx_word' id='word_1_784' title='bbox 3345 4530 3402 4581; x_wconf 83' lang='lat' dir='ltr'>in</span> <span class='ocrx_word' id='word_1_785' title='bbox 3459 4531 3689 4582; x_wconf 84' lang='lat' dir='ltr'>necessi-</span> 
     </span>
    </p>
   </div>
   <div class='ocr_carea' id='block_1_111' title="bbox 2060 4602 2525 4651">
    <p class='ocr_par' dir='ltr' id='par_1_111' title="bbox 2060 4602 2525 4651">
     <span class='ocr_line' id='line_1_112' title="bbox 2060 4602 2525 4651; baseline -0.002 0"><span class='ocrx_word' id='word_1_786' title='bbox 2060 4602 2167 4651; x_wconf 83' lang='lat' dir='ltr'>tate</span> <span class='ocrx_word' id='word_1_787' title='bbox 2196 4612 2525 4650; x_wconf 85' lang='lat' dir='ltr'>succurrere.</span> 
     </span>
    </p>
   </div>
   <div class='ocr_carea' id='block_1_112' title="bbox 2058 4683 3690 4756">
    <p class='ocr_par' dir='ltr' id='par_1_112' title="bbox 2058 4683 3690 4756">
     <span class='ocr_line' id='line_1_113' title="bbox 2058 4683 3690 4756; baseline 0.001 -16"><span class='ocrx_word' id='word_1_788' title='bbox 2058 4688 2161 4753; x_wconf 78' lang='lat' dir='ltr'>(Ea:</span> <span class='ocrx_word' id='word_1_789' title='bbox 2191 4687 2374 4739; x_wconf 83' lang='lat' dir='ltr'>concil.</span> <span class='ocrx_word' id='word_1_790' title='bbox 2412 4687 2733 4753; x_wconf 80' lang='lat' dir='ltr'>Arvernen.,</span> <span class='ocrx_word' id='word_1_791' title='bbox 2781 4701 2899 4754; x_wconf 88' lang='lat' dir='ltr'>cap.</span> <span class='ocrx_word' id='word_1_792' title='bbox 2948 4683 3021 4754; x_wconf 84' lang='grc'><strong>5.)</strong></span> <span class='ocrx_word' id='word_1_793' title='bbox 3064 4685 3305 4739; x_wconf 86' lang='lat' dir='ltr'>Licitum</span> <span class='ocrx_word' id='word_1_794' title='bbox 3344 4686 3416 4738; x_wconf 90' lang='lat' dir='ltr'>sit</span> <span class='ocrx_word' id='word_1_795' title='bbox 3472 4687 3690 4756; x_wconf 91' lang='lat' dir='ltr'>episco-</span> 
     </span>
    </p>
   </div>
   <div class='ocr_carea' id='block_1_113' title="bbox 1986 4772 3688 4842">
    <p class='ocr_par' dir='ltr' id='par_1_113' title="bbox 1986 4772 3688 4842">
     <span class='ocr_line' id='line_1_114' title="bbox 1986 4772 3688 4842; baseline 0.003 -17"><span class='ocrx_word' id='word_1_796' title='bbox 1986 4773 2075 4842; x_wconf 91' lang='lat' dir='ltr'>pis</span> <span class='ocrx_word' id='word_1_797' title='bbox 2120 4773 2497 4842; x_wconf 64' lang='lat' dir='ltr'>praesentibus</span> <span class='ocrx_word' id='word_1_798' title='bbox 2546 4772 2895 4841; x_wconf 88' lang='lat' dir='ltr'>presbyteris</span> <span class='ocrx_word' id='word_1_799' title='bbox 2939 4777 2995 4826; x_wconf 85' lang='lat' dir='ltr'>et</span> <span class='ocrx_word' id='word_1_800' title='bbox 3050 4773 3383 4827; x_wconf 89' lang='lat' dir='ltr'>diaconibus</span> <span class='ocrx_word' id='word_1_801' title='bbox 3438 4774 3506 4827; x_wconf 92' lang='lat' dir='ltr'>de</span> <span class='ocrx_word' id='word_1_802' title='bbox 3555 4776 3688 4830; x_wconf 90' lang='lat' dir='ltr'>the-</span> 
     </span>
    </p>
   </div>
   <div class='ocr_carea' id='block_1_114' title="bbox 1985 4860 3689 4930">
    <p class='ocr_par' dir='ltr' id='par_1_114' title="bbox 1985 4860 3689 4930">
     <span class='ocr_line' id='line_1_115' title="bbox 1985 4860 3689 4930; baseline 0.002 -17"><span class='ocrx_word' id='word_1_803' title='bbox 1985 4877 2151 4913; x_wconf 86' lang='lat' dir='ltr'>sauro</span> <span class='ocrx_word' id='word_1_804' title='bbox 2188 4861 2452 4914; x_wconf 65' lang='lat' dir='ltr'>Ecclesiae</span> <span class='ocrx_word' id='word_1_805' title='bbox 2490 4860 2721 4913; x_wconf 70' lang='lat' dir='ltr'>familia:</span> <span class='ocrx_word' id='word_1_806' title='bbox 2767 4866 2823 4913; x_wconf 88' lang='lat' dir='ltr'>et</span> <span class='ocrx_word' id='word_1_807' title='bbox 2874 4861 3223 4930; x_wconf 90' lang='lat' dir='ltr'>pauperibus</span> <span class='ocrx_word' id='word_1_808' title='bbox 3278 4861 3533 4930; x_wconf 87' lang='lat' dir='ltr'>ejusdem</span> <span class='ocrx_word' id='word_1_809' title='bbox 3583 4864 3689 4917; x_wconf 87' lang='lat' dir='ltr'>Ec-</span> 
     </span>
    </p>
   </div>
   <div class='ocr_carea' id='block_1_115' title="bbox 1984 4947 3688 5017">
    <p class='ocr_par' dir='ltr' id='par_1_115' title="bbox 1984 4947 3688 5017">
     <span class='ocr_line' id='line_1_116' title="bbox 1984 4947 3688 5017; baseline 0.002 -16"><span class='ocrx_word' id='word_1_810' title='bbox 1984 4948 2191 5014; x_wconf 73' lang='lat' dir='ltr'>clesize,</span> <span class='ocrx_word' id='word_1_811' title='bbox 2249 4948 2565 5001; x_wconf 90' lang='lat' dir='ltr'>secundum</span> <span class='ocrx_word' id='word_1_812' title='bbox 2635 4947 2968 5001; x_wconf 84' lang='lat' dir='ltr'>canonicam</span> <span class='ocrx_word' id='word_1_813' title='bbox 3024 4947 3461 5013; x_wconf 88' lang='lat' dir='ltr'>institutionem,</span> <span class='ocrx_word' id='word_1_814' title='bbox 3525 4949 3688 5017; x_wconf 86' lang='lat' dir='ltr'>juxta</span> 
     </span>
    </p>
   </div>
   <div class='ocr_carea' id='block_1_116' title="bbox 1985 5035 2823 5107">
    <p class='ocr_par' dir='ltr' id='par_1_116' title="bbox 1985 5035 2823 5107">
     <span class='ocr_line' id='line_1_117' title="bbox 1985 5035 2823 5107; baseline -0.001 -17"><span class='ocrx_word' id='word_1_815' title='bbox 1985 5037 2137 5107; x_wconf 88' lang='lat' dir='ltr'>quod</span> <span class='ocrx_word' id='word_1_816' title='bbox 2172 5035 2528 5105; x_wconf 90' lang='lat' dir='ltr'>indiguerint</span> <span class='ocrx_word' id='word_1_817' title='bbox 2568 5051 2823 5107; x_wconf 90' lang='lat' dir='ltr'>erogare.</span> 
     </span>
    </p>
   </div>
   <div class='ocr_carea' id='block_1_117' title="bbox 2054 5132 3685 5256">
    <p class='ocr_par' dir='ltr' id='par_1_117' title="bbox 2054 5132 3685 5256">
     <span class='ocr_line' id='line_1_118' title="bbox 2054 5132 3685 5256; baseline -0.002 -69"><span class='ocrx_word' id='word_1_818' title='bbox 2054 5134 2179 5187; x_wconf 64' lang='lat' dir='ltr'>Car.</span> <span class='ocrx_word' id='word_1_819' title='bbox 2214 5134 2373 5187; x_wconf 91' lang='lat' dir='ltr'><strong>CVII.</strong></span> <span class='ocrx_word' id='word_1_820' title='bbox 2409 5162 2476 5170; x_wconf 93' lang='lat'><strong>—</strong></span> <span class='ocrx_word' id='word_1_821' title='bbox 2528 5134 2603 5188; x_wconf 89' lang='lat' dir='ltr'>Ne</span> <span class='ocrx_word' id='word_1_822' title='bbox 2688 5132 2958 5256; x_wconf 61' lang='lat' dir='ltr'>caaavtera</span> <span class='ocrx_word' id='word_1_823' title='bbox 3014 5133 3189 5199; x_wconf 89' lang='lat' dir='ltr'>pallio</span> <span class='ocrx_word' id='word_1_824' title='bbox 3232 5132 3426 5184; x_wconf 89' lang='lat' dir='ltr'>altaris</span> <span class='ocrx_word' id='word_1_825' title='bbox 3503 5146 3685 5199; x_wconf 77' lang='lat' dir='ltr'>coope-</span> 
     </span>
     <span class='ocr_line' id='line_1_119' title="bbox 2718 5218 3154 5256; baseline 0.002 -1"><span class='ocrx_word' id='word_1_826' title='bbox 2718 5219 2845 5256; x_wconf 79' lang='lat' dir='ltr'>rian</span> <span class='ocrx_word' id='word_1_827' title='bbox 2874 5218 2959 5256; x_wconf 86' lang='lat' dir='ltr'>ur.</span> <span class='ocrx_word' id='word_1_828' title='bbox 3144 5252 3154 5256; x_wconf 84' lang='lat'>_</span> 
     </span>
    </p>
   </div>
   <div class='ocr_carea' id='block_1_118' title="bbox 2718 5218 2959 5257">
    <p class='ocr_par' dir='ltr' id='par_1_118' title="bbox 2718 5218 2959 5257">
     <span class='ocr_line' id='line_1_120' title="bbox 2718 5218 2959 5257; baseline 0.004 -2"><span class='ocrx_word' id='word_1_829' title='bbox 2718 5218 2959 5257; x_wconf 78' lang='lat' dir='ltr'>riantur.</span> 
     </span>
    </p>
   </div>
   <div class='ocr_carea' id='block_1_119' title="bbox 2056 5288 3686 5362">
    <p class='ocr_par' dir='ltr' id='par_1_119' title="bbox 2056 5288 3686 5362">
     <span class='ocr_line' id='line_1_121' title="bbox 2056 5288 3686 5362; baseline -0.002 -16"><span class='ocrx_word' id='word_1_830' title='bbox 2056 5292 2163 5362; x_wconf 82' lang='lat' dir='ltr'>(Ea:</span> <span class='ocrx_word' id='word_1_831' title='bbox 2202 5291 2400 5352; x_wconf 84' lang='lat' dir='ltr'>eodem,</span> <span class='ocrx_word' id='word_1_832' title='bbox 2439 5307 2558 5359; x_wconf 91' lang='lat' dir='ltr'>cap.</span> <span class='ocrx_word' id='word_1_833' title='bbox 2595 5293 2680 5347; x_wconf 81' lang='lat'>39.</span> <span class='ocrx_word' id='word_1_834' title='bbox 2714 5291 2811 5359; x_wconf 85' lang='lat' dir='ltr'>(Ne</span> <span class='ocrx_word' id='word_1_835' title='bbox 2843 5290 3136 5358; x_wconf 88' lang='lat' dir='ltr'>opertorio</span> <span class='ocrx_word' id='word_1_836' title='bbox 3180 5288 3461 5342; x_wconf 90' lang='lat' dir='ltr'>Dominici</span> <span class='ocrx_word' id='word_1_837' title='bbox 3510 5306 3686 5360; x_wconf 90' lang='lat' dir='ltr'>corpo</span> 
     </span>
    </p>
   </div>
   <div class='ocr_carea' id='block_1_120' title="bbox 1984 5378 3692 5447">
    <p class='ocr_par' dir='ltr' id='par_1_120' title="bbox 1984 5378 3692 5447">
     <span class='ocr_line' id='line_1_122' title="bbox 1984 5378 3692 5447; baseline -0.001 -14"><span class='ocrx_word' id='word_1_838' title='bbox 1984 5380 2082 5444; x_wconf 91' lang='lat' dir='ltr'>ris,</span> <span class='ocrx_word' id='word_1_839' title='bbox 2111 5381 2194 5433; x_wconf 86' lang='lat' dir='ltr'>vel</span> <span class='ocrx_word' id='word_1_840' title='bbox 2227 5379 2419 5432; x_wconf 88' lang='lat' dir='ltr'>altaris</span> <span class='ocrx_word' id='word_1_841' title='bbox 2452 5395 2567 5432; x_wconf 90' lang='lat' dir='ltr'>non</span> <span class='ocrx_word' id='word_1_842' title='bbox 2602 5393 2856 5447; x_wconf 86' lang='lat' dir='ltr'>unquam</span> <span class='ocrx_word' id='word_1_843' title='bbox 2890 5393 3098 5446; x_wconf 90' lang='lat' dir='ltr'>corpus</span> <span class='ocrx_word' id='word_1_844' title='bbox 3121 5378 3259 5431; x_wconf 91' lang='lat' dir='ltr'>dum</span> <span class='ocrx_word' id='word_1_845' title='bbox 3291 5379 3359 5432; x_wconf 89' lang='lat' dir='ltr'>ad</span> <span class='ocrx_word' id='word_1_846' title='bbox 3398 5378 3692 5431; x_wconf 91' lang='lat' dir='ltr'>tumulum</span> 
     </span>
    </p>
   </div>
   <div class='ocr_carea' id='block_1_121' title="bbox 1984 5464 3690 5534">
    <p class='ocr_par' dir='ltr' id='par_1_121' title="bbox 1984 5464 3690 5534">
     <span class='ocr_line' id='line_1_123' title="bbox 1984 5464 3690 5534; baseline -0.002 -14"><span class='ocrx_word' id='word_1_847' title='bbox 1984 5467 2247 5521; x_wconf 87' lang='lat' dir='ltr'>evehitur</span> <span class='ocrx_word' id='word_1_848' title='bbox 2284 5466 2608 5534; x_wconf 87' lang='lat' dir='ltr'>obtegatur,</span> <span class='ocrx_word' id='word_1_849' title='bbox 2640 5481 2711 5517; x_wconf 91' lang='lat' dir='ltr'>ne</span> <span class='ocrx_word' id='word_1_850' title='bbox 2772 5479 2930 5517; x_wconf 90' lang='lat' dir='ltr'>sacro</span> <span class='ocrx_word' id='word_1_851' title='bbox 2982 5464 3264 5517; x_wconf 87' lang='lat' dir='ltr'>velamine</span> <span class='ocrx_word' id='word_1_852' title='bbox 3319 5465 3456 5519; x_wconf 92' lang='lat' dir='ltr'>dum</span> <span class='ocrx_word' id='word_1_853' title='bbox 3509 5466 3690 5519; x_wconf 91' lang='lat' dir='ltr'>hono-</span> 
     </span>
    </p>
   </div>
   <div class='ocr_carea' id='block_1_122' title="bbox 1988 5550 3103 5625">
    <p class='ocr_par' dir='ltr' id='par_1_122' title="bbox 1988 5550 3103 5625">
     <span class='ocr_line' id='line_1_124' title="bbox 1988 5550 3103 5625; baseline -0.004 -16"><span class='ocrx_word' id='word_1_854' title='bbox 1988 5559 2194 5609; x_wconf 90' lang='lat' dir='ltr'>rantur</span> <span class='ocrx_word' id='word_1_855' title='bbox 2233 5570 2494 5625; x_wconf 88' lang='lat' dir='ltr'>corpora,</span> <span class='ocrx_word' id='word_1_856' title='bbox 2526 5550 2725 5606; x_wconf 89' lang='lat' dir='ltr'>altaria</span> <span class='ocrx_word' id='word_1_857' title='bbox 2750 5551 3103 5622; x_wconf 83' lang='lat' dir='ltr'>polluantur.</span> 
     </span>
    </p>
   </div>
  </div>
